2056 3130
186 202 1808 231 ῌΞ-ᾑ-ῌῄ-Ξ

817 282 929 308 SANCTI
949 282 1061 307 PATRIS
1079 283 1192 308 NOSTRI

419 400 475 477 J
479 398 672 476 OAN
675 402 738 476 N
741 399 829 477 IS
893 399 1577 479 CHRYSOSTOMI

693 551 925 573 ARCHIEPISCOPI
949 551 1306 574 CONSTANTINUPOIJTANI

502 662 860 725 HOMILUE
900 664 979 724 IN
1025 662 1506 727 MATTHIEVM

458 792 598 816 TEITVM
615 793 659 816 AD
676 792 782 816 FIDE."
803 793 954 818 CODH‘VJI
974 793 1047 817 MSS.
1066 793 1107 818 ET
1128 793 1329 817 VERSIOXFJI
1347 793 1551 818 EllENDAI’IT

561 836 781 861 PMCIPYAM‘
798 837 980 862 LECTIOXIS
1000 837 1219 861 VARIETATEJ!
1239 837 1441 862 ADSCIUPSIT

677 879 989 904 ADNOTATIONIBVS
1008 879 1069 903 YBI
1098 879 1187 903 OPI’S
1207 880 1289 902 ERAT
1309 880 1348 902 ET

755 921 862 946 NOVIS
882 921 1066 946 INDICIBVS
1086 921 1277 945 INSTRVIIT

196 1016 444 1048 FBIDERICVS
467 1019 579 1049 FIELD
597 1020 656 1049 AA.
682 1020 721 1048 Μ.
745 1019 917 1049 COLLEGII
938 1020 989 1049 SS.
1010 1020 1228 1058 TRIXI’I‘AIlS
1251 1023 1272 1050 Λ
1293 1021 1393 1051 REGE
1415 1022 1503 1052 IIEN.
1529 1023 1594 1052 VIII
1613 1023 1778 1055 FVNDATI

810 1072 912 1103 UNUS
934 1074 955 1103 Ε
977 1073 1181 1104 ΒΟΒᾹΙᾸΤΙΟ.

506 1166 669 1198 Cantabriam
683 1166 708 1191 in
726 1165 826 1191 Ollicina
843 1166 1004 1196 Academica,
1022 1167 1140 1193 svmtibvs
1155 1167 1258 1193 editoris
1286 1167 1492 1194 MDCCCXXXIX.

818 1354 1176 1407 PBIEFATIO.

203 1563 295 1599 Quod
313 1561 553 1601 Chrysostomo
567 1563 639 1602 ipsi,
650 1563 726 1593 dum
740 1563 773 1593 in
785 1563 861 1592 vivis
872 1566 948 1598 erat,
965 1570 983 1593 a
997 1562 1191 1594 lividioribus
1206 1564 1411 1604 objiciebatur
1422 1566 1557 1606 (a),eum
1576 1566 1706 1608 prolixis
1719 1573 1811 1596 exor-

170 1613 227 1644 diis
242 1613 408 1644 auditores
423 1614 557 1650 morari,
578 1613 609 1644 id
624 1621 663 1643 ne
681 1612 758 1643 mihi
781 1621 908 1652 quoque
936 1612 1059 1644 crimini
1076 1613 1178 1650 detur,
1197 1613 1349 1653 praefandi
1372 1617 1500 1654 negotio
1525 1617 1605 1648 intra
1623 1616 1811 1648 arctissimOS

170 1662 284 1694 limites
299 1663 473 1699 concluso,
488 1663 530 1693 ad
555 1662 793 1693 disertissimum
817 1662 939 1692 Patrem
970 1663 1133 1693 Lectorem
1157 1662 1323 1693 remittam.
1347 1665 1522 1704 Antequam
1552 1674 1627 1696 vero
1655 1665 1694 1696 ad
1722 1673 1811 1696 novae

171 1712 319 1743 editionis
332 1712 521 1743 institutum
535 1713 751 1752 rationemque
767 1711 1006 1742 describendam
1024 1712 1182 1750 accingor,
1198 1720 1304 1752 operae
1324 1713 1460 1752 pretium
1478 1714 1547 1752 erit,
1559 1714 1635 1755 quid
1653 1717 1724 1745 ante
1754 1722 1811 1744 nos

170 1762 200 1793 in
221 1763 279 1794 hac
296 1767 386 1803 parte
407 1764 575 1794 immensae
594 1763 781 1803 scriptorum
794 1761 1118 1801 Chrysostomicorum
1133 1762 1228 1801 sylvas
1248 1763 1420 1794 excolenda
1435 1764 1571 1796 editores
1594 1763 1809 1804 priestiterint,

169 1811 309 1843 breviter
322 1822 507 1844 recensere.
517 1813 595 1843 Nam
610 1815 641 1844 et
656 1821 721 1843 non
735 1811 843 1843 leviter
859 1812 981 1850 erravit,
999 1812 1054 1852 qui
1066 1812 1149 1843 idem
1165 1813 1326 1851 negotium
1339 1813 1371 1845 in
1385 1813 1571 1845 Prmfatione
1584 1823 1640 1845 sua
1662 1813 1810 1853 suscepit,

172 1865 458 1903 Montefalconius,
489 1868 522 1896 et
549 1865 588 1896 de
612 1865 693 1896 veris
720 1864 819 1895 nostri
836 1864 935 1895 Patris
963 1865 1137 1896 editionum
1151 1868 1217 1896 tum
1233 1864 1372 1896 fontibus
1399 1869 1465 1896 tum
1483 1865 1603 1897 meritis
1622 1865 1704 1896 viros
1719 1863 1810 1895 etiam

172 1915 378 1948 doctissimos
393 1917 426 1948 in
443 1925 567 1947 summa
584 1916 760 1955 ignorantia
778 1914 893 1945 versari
906 1914 1010 1946 video.

216 1967 240 1996 1.
264 1967 375 1998 Statim
394 1967 428 1998 in
451 1967 609 2007 principio
639 1966 733 2006 hujus
759 1965 946 2005 argumenti,
963 1967 1100 1998 notanda
1117 1970 1164 1997 est
1184 1967 1262 1998 mira
1280 1966 1514 1999 Montefalconii
1527 1966 1740 2003 hallucinatio,
1756 1965 1809 2005 qui

177 2017 318 2049 editione
339 2018 506 2055 Saviliana,
517 2026 600 2048 anno
613 2017 688 2048 1612
705 2017 839 2058 vulgata,
854 2017 957 2057 primo
971 2016 1042 2047 loco
1058 2018 1170 2057 posita,
1186 2017 1448 2049 Commelinianae
1467 2016 1642 2048 secundum
1656 2015 1810 2051 tribuerit,

179 2067 227 2098 his
249 2069 355 2099 verbis
381 2078 387 2098 :
411 2081 424 2096 «
446 2071 536 2100 Anno
563 2068 635 2099 1617
656 2068 752 2100 altera
783 2068 900 2108 prodiit
931 2068 1030 2099 editio
1045 2069 1279 2100 Graeco—Latina
1304 2068 1510 2099 Homiliarum
1538 2067 1750 2107 Chrysostomi
1778 2066 1809 2096 in

179 2118 358 2149 Slatthaaum
375 2122 470 2158 atque
482 2119 515 2149 in
535 2119 687 2149 Joannem
711 2127 750 2148 ex
764 2117 888 2148 ofﬁcina
901 2117 1143 2149 Commeliniana
1163 2117 1390 2157 Heidelbergze.
1407 2117 1463 2155 Qui
1484 2122 1586 2150 autem
1607 2118 1690 2149 illam
1704 2116 1810 2157 publi-

181 2169 310 2199 candam
327 2173 489 2205 curarunt,
505 2169 688 2200 Savilianam
698 2168 762 2208 jam
790 2168 931 2208 quinque
945 2172 1018 2198 ante
1040 2169 1130 2199 annis
1151 2169 1294 2199 emissam
1310 2176 1350 2198 ne
1369 2169 1494 2200 novisse
1505 2168 1633 2208 quidem
1648 2168 1809 2210 videntur;

182 2218 230 2250 illa
244 2223 329 2251 certe
346 2228 413 2250 non
427 2221 474 2250 usi
487 2224 570 2256 sunt,
589 2227 648 2250 nec
659 2218 726 2258 ejus
739 2219 863 2259 uspiam
876 2218 1098 2250 meminerunt.
1117 2228 1131 2245 »
1143 2218 1206 2248 Nec
1219 2217 1344 2248 mirum.
1362 2218 1439 2248 Nam
1452 2217 1622 2248 editionem
1643 2225 1731 2247 suam
1745 2224 1808 2247 non

188 2270 312 2310 quinque
332 2270 519 2308 annfspost,
540 2269 593 2299 sed
613 2269 717 2299 decem
744 2269 835 2299 armis
856 2273 927 2299 ante
946 2267 1101 2306 vulgatam
1116 2268 1311 2305 Savilianam,
1327 2268 1471 2299 videlicet
1483 2277 1568 2299 anno
1585 2267 1670 2305 1602,
1691 2266 1808 2307 publici

186 2319 254 2358 juris
264 2320 434 2356 fecerunt;
453 2328 585 2358 eamque
595 2319 706 2359 ipsam,
719 2322 753 2350 ut
768 2327 843 2350 mox
865 2318 1050 2355 videbimus,
1066 2317 1195 2348 Savilius
1213 2318 1384 2358 typothetze
1403 2327 1460 2350 suo
1473 2318 1707 2359 exprimendam
1718 2318 1810 2348 tradi-

192 2369 243 2400 dit.
255 2371 312 2400 Res
325 2375 435 2402 autem
451 2374 498 2400 est
510 2370 576 2401 haec
589 2379 596 2400 :
611 2370 738 2405 Prodito
754 2369 925 2409 exemplari
935 2368 1117 2407 Anglicano,
1133 2368 1425 2408 Heidelbergenses,
1441 2377 1481 2400 ne
1497 2378 1553 2400 sua
1574 2369 1670 2400 editio
1682 2377 1809 2409 prorsus

189 2423 404 2459 obsolesceret,
421 2422 520 2453 libros
535 2430 617 2453 novo
641 2421 742 2459 titulo,
753 2430 870 2452 annum
884 2421 1090 2461 posteriorem
1100 2420 1178 2451 falso
1194 2420 1325 2457 ferente,
1345 2421 1512 2452 instructos
1528 2421 1714 2457 emiserunt;
1728 2431 1808 2461 quo-

185 2482 248 2504 rum
264 2481 359 2504 unum
378 2472 505 2502 incaute
519 2471 683 2511 descripsit
699 2470 969 2502 Montei‘alconius.
985 2471 1043 2506 Qui
1055 2473 1160 2500 tamen
1175 2478 1215 2500 ne
1236 2469 1279 2500 sic
1298 2470 1426 2510 quidem
1449 2471 1647 2502 excusandus
1657 2476 1715 2502 est.
1733 2471 1808 2502 Nam

185 2524 309 2555 Savilius
320 2523 391 2564 ipse
413 2523 448 2553 in
463 2523 547 2554 notis
561 2524 599 2554 ad
614 2522 807 2554 Homiliasin
821 2522 1000 2552 Matthaeum
1015 2522 1058 2553 sic
1072 2522 1220 2562 praefatus
1235 2526 1300 2553 erat
1317 2531 1323 2552 :
1343 2535 1359 2550 σο
1373 2523 1466 2553 Hisce
1477 2522 1660 2563 (codicibus)
1676 2524 1809 2554 accessit

185 2576 272 2607 editio
292 2576 424 2615 vulgata
442 2573 770 2613 Heidelbergensis,de
785 2581 846 2612 qua
863 2573 1004 2612 quamvis
1016 2572 1191 2604 innumeris
1205 2576 1320 2604 scateat
1334 2573 1504 2609 erroribus,
1516 2581 1651 2613 quorum
1663 2582 1809 2612 magnam

184 2627 211 2655 et
226 2629 306 2656 certe
326 2625 499 2656 maximam
514 2626 633 2662 partem
649 2629 706 2653 nos
730 2622 981 2662 expurgavimus,
996 2625 1100 2652 tamen
1120 2622 1216 2661 gratia
1230 2622 1362 2653 debetur
1383 2623 1474 2653 bonis
1495 2623 1556 2653 illis
1574 2623 1664 2660 viris,
1686 2624 1759 2663 quia
1781 2628 1808 2654 el

182 2676 263 2716 prius
278 2677 399 2707 inedita
418 2675 515 2706 edere
532 2676 707 2712 voluerunt,
725 2675 820 2716 idque
836 2676 922 2707 libris
936 2684 1000 2706 non
1014 2676 1280 2715 negligentissime
1295 2676 1455 2716 inspectis.
1474 2688 1488 2704 ιι
1503 2678 1623 2716 Itaque,
1638 2679 1673 2707 ut
1687 2676 1727 2707 ad
1741 2685 1806 2707 rem

182 2727 351 2766 redeamus,
368 2726 588 2766 Chrysostomi
598 2725 749 2757 Homilias
758 2726 790 2757 in
802 2727 978 2758 Matthzeum
991 2727 1032 2769 (ὁ)
1044 2727 1162 2766 primus
1177 2727 1280 2758 ercc
1300 2726 1397 2757 edidit
1417 2726 1499 2768 (nam
1514 2726 1553 2757 de
1566 2726 1683 2758 Latinis
1691 2726 1806 2758 editio-

209 2822 314 2891 ἰώνίὼ
327 2823 399 2859 Opp.
418 2828 487 2862 tom_.
498 2820 544 2852 IlI.
565 2829 593 2856 p.
610 2822 669 2848 115.
1123 2857 1128 2862 '

219 2857 242 2891 ό)
258 2858 359 2886 Harum
375 2858 560 2885 Homiliarum
573 2865 626 2884 una
642 2857 760 2885 ctaltern
774 2865 896 2886 seorsum
906 2858 962 2891 jam
977 2861 1039 2884 ante
1051 2857 1128 2891 prodi

219 2857 242 2891 ό)
258 2857 360 2886 Harum
371 2857 560 2885 'Homiliarum
573 2865 626 2884 una
642 2857 760 2885 ctaltern
774 2865 896 2886 seorsum
906 2858 962 2893 jam
977 2861 1039 2884 ante
1051 2857 1220 2892 prodierant.

328 2907 476 2937 Pn‘nOL.
493 2905 554 2935 Gn.
570 2905 667 2935 LVII.
1470 2949 1472 2951 p
1623 2905 1636 2934 ι

995 2989 1246 3071 42614
