2056 3130
254 146 273 165 ιι
860 136 948 164 FRlD.
971 135 1072 164 FIELD
1090 132 1286 164 PBEFATIO.

253 188 347 220 nibus
365 197 449 220 nunc
463 197 528 219 non
551 187 662 228 dicam)
681 187 891 218 Commelinus
906 185 1120 226 typogreplius
1136 184 1418 224 Heidelbergensis;
1436 186 1469 216 in
1489 185 1645 217 volumine
1659 183 1748 224 cujus
1762 182 1876 214 insen-

253 240 320 279 ptio
335 238 403 270 haec
418 242 465 270 est
481 248 488 270 ί
504 243 558 270 Τοῦ
566 244 595 270 ὲν
609 243 696 278 ἁγίοις
710 243 816 279 Πατρὸς
831 243 907 279 ἡμῶν
928 243 1050 270 Ἰωάννου
1064 242 1111 269 τοῦ
1129 242 1322 278 Χρυσοπόμου
1336 230 1550 277 ἀρχιέπισκόπου
1567 239 1875 270 Κωνσταντινουπόλεως

260 294 408 329 Ἐρμηνεία
424 295 464 328 εἰς
481 295 512 322 τὸ
526 295 597 322 κατὰ
608 295 746 322 Ματοαῖτλν
761 295 837 329 ἅγιον
857 294 1032 329 Εὗαγγέλιον.
1053 290 1072 320 .S

1063 290 1164 320 Sancti
1184 290 1291 320 Patris
1313 290 1415 320 nostri
1429 289 1560 320 Joannis
1589 287 1800 327 Chrysostomi
1822 294 1875 315 ar-

254 340 443 381 chiepiscopi
458 341 770 381 Constantinopoleos
801 341 968 381 Expositio
988 341 1022 370 in
1049 339 1256 380 anngelium
1277 340 1445 370 secundum
1465 338 1655 371 Matthwum.
1676 338 1777 369 erce
1795 343 1877 366 nunc

255 391 389 430 primum
412 393 600 432 producitur
620 403 634 423 e
652 402 724 423 mss.
747 393 906 423 illustriss.
924 391 965 432 (ιι)
983 391 1067 423 ὀίὺιὶι

1064 392 1240 422 othecarum
1263 391 1427 428 Palatinae,
1443 391 1584 427 Bavaree,
1598 390 1796 428 Augustanw,
1812 395 1876 417 cum

256 441 515 480 interpretatione
530 442 663 473 Anioni.
678 442 805 473 Accedit
817 442 1063 474 Commentarius
1080 451 1162 473 mere
1177 443 1307 473 Latinus
1330 443 1364 473 in
1385 441 1579 477 Matthwum,
1595 439 1686 478 vulgo
1710 437 1879 468 attributus

255 491 355 523 eidem
367 493 405 523 D.
423 492 716 532 Chrysostomo.E:c
729 495 858 535 ofﬁcina
873 494 1129 526 Commeliniana.
1140 494 1215 525 Cum
1233 494 1422 534 privilegiis.
1433 493 1548 523 MDCI'I.
1559 490 1647 527 Quod
1662 489 1712 520 hic
1723 489 1762 520 de
1770 487 1879 519 Aniaui

258 542 516 583 interpretatione
542 545 700 583 esseritur,
719 546 751 576 id
765 546 893 577 nonnisi
908 546 948 577 de
970 549 1040 578 octo
1070 546 1227 586 prioribus
1249 545 1385 576 homiliis
1408 542 1646 582 intelligendum
1666 543 1712 571 est
1729 549 1735 570 :
1754 548 1824 570 nam
1848 539 1880 569 in

259 592 362 624 fronte
376 593 462 625 hom.
487 603 523 625 Ix
548 595 663 627 diserte
689 596 813 635 legitur,
831 597 964 636 Georgio
986 597 1193 637 Trapezuntio
1220 596 1399 635 interprete.
1415 591 1662 625 Commentarius
1685 593 1788 621 autem
1801 598 1882 618 mare

260 645 389 676 Latinus
406 646 432 676 is
444 649 502 683 est,
515 647 570 687 qui
594 647 686 686 vulgo
706 648 919 687 Chryeostomi
936 660 951 676 «
974 648 1058 688 Opus
1076 648 1289 688 imperfectum
1318 647 1352 677 in
1371 645 1553 678 Matthtzum
1574 655 1589 672 »
1614 644 1825 681 nuncupatur,
1845 640 1883 671 de

260 703 323 735 quo
353 700 468 736 praeter
484 697 564 728 alios
587 698 650 737 egit
675 698 799 736 Millius,
814 699 991 739 Prolegom.
1008 707 1094 730 num.
1112 698 1198 729 1037.
1217 698 1260 729 De
1284 698 1393 728 Graeco
1420 696 1514 736 hujus
1540 693 1686 725 editionis
1715 689 1885 730 exemplari

260 749 374 786 praeter
385 746 489 777 Saw'lii
502 748 714 779 testimonium
728 757 823 789 supra
847 749 974 781 allatum
993 757 1093 790 pauca
1106 748 1262 780 mouenda
1279 751 1361 779 sunt.
1374 747 1522 778 Codicum
1535 743 1739 776 dissensionis
1762 742 1794 772 in
1819 743 1886 772 toto

261 804 358 836 opere
381 796 466 828 nulla
492 798 622 829 mentio.
642 799 751 830 Plures
765 802 869 831 autem
883 800 979 831 libros
992 800 1025 830 in
1039 799 1154 830 Graecis
1168 797 1396 830 constituendis
1415 796 1558 828 evolutos
1571 802 1656 830 esse,
1674 791 1809 824 dubitari
1821 799 1886 822 non

264 851 384 888 potest;
399 848 433 879 in
445 849 559 889 quibus
571 851 738 882 tractandis
749 851 850 883 editor
867 851 948 883 hanc
969 852 1072 890 legem
1092 851 1152 882 sibi
1181 850 1370 890 imposuisse
1385 848 1516 886 videtur,
1535 850 1569 878 ut
1591 846 1734 886 pleniore
1752 844 1888 876 lectione

264 899 294 930 in
313 901 430 930 textum
447 899 712 935 relate.vocebula
723 911 793 942 quea
807 903 840 934 in
853 912 918 934 uno
933 907 986 934 aut
996 903 1137 944 pluribus
1160 902 1321 934 codicibus
1335 910 1400 932 non
1416 898 1679 936 exstarent,uncis
1694 897 1886 928 includeret:

264 959 358 990 quem
383 950 510 991 quidem
539 952 678 992 regulam
699 961 738 984 eo
759 963 859 994 usque
885 953 1080 991 observavit,
1112 957 1147 985 ut
1169 953 1439 985 manifestissimos
1458 955 1588 992 propter
1618 948 1887 981 homoeoteleuton

265 1000 404 1033 defectus
416 1002 526 1034 iisdem
541 1004 622 1034 netis
644 1004 858 1043 distingueret.
873 1004 917 1035 De
930 1004 978 1035 his
992 1005 1075 1035 notis
1089 1005 1171 1036 aliud
1189 1012 1284 1044 porro
1300 1003 1495 1035 monendum
1515 1006 1571 1040 est,
1596 1001 1741 1033 videlicet
1751 1009 1809 1040 per
1821 1000 1888 1030 Ηο-

266 1051 366 1083 milies
380 1062 431 1089 χι,
446 1062 500 1084 xu
515 1056 545 1085 et
558 1062 622 1085 xm
635 1063 687 1085 eas
704 1054 828 1094 parcius
843 1055 1053 1093 disseminari;
1081 1055 1113 1086 in
1143 1054 1243 1084 tribus
1270 1056 1374 1085 autem
1400 1053 1604 1094 sequentibus
1622 1051 1724 1082 nullas
1748 1053 1889 1081 exstare:

265 1102 351 1134 unde
366 1102 516 1134 Homilies
530 1104 603 1135 istas
614 1113 652 1135 ex
670 1104 765 1136 unico
785 1104 895 1136 codice
908 1104 1080 1145 descriptas
1100 1113 1180 1141 esse,
1196 1104 1301 1143 colligi
1316 1107 1429 1144 potest.
1445 1104 1517 1134 Post
1529 1101 1690 1133 homiliam
1708 1109 1769 1131 XLV
1785 1109 1891 1131 rursus

267 1157 415 1185 notantur
438 1154 582 1186 codicum
610 1155 762 1192 defectus,
778 1155 833 1186 sed
853 1155 1025 1195 aliquanto,
1042 1155 1073 1186 ni
1097 1155 1199 1192 fallor,
1216 1154 1392 1194 pauciores.
1411 1155 1571 1185 Postremo
1586 1153 1625 1184 ab
1641 1152 1770 1183 lromilia
1785 1159 1891 1181 Lxxxv

267 1203 306 1234 ad
321 1202 461 1234 ultimam
475 1206 578 1235 textus
593 1203 774 1244 hujusmodi
787 1204 885 1242 signis
902 1204 1032 1235 omnino
1058 1213 1171 1245 expers
1204 1207 1262 1235 est.
1279 1204 1370 1243 Cujus
1390 1203 1447 1241 rei,
1476 1212 1548 1235 cum
1563 1203 1602 1234 de
1625 1202 1787 1234 codicibus
1799 1210 1894 1232 manu

269 1253 392 1294 scriptis
404 1253 574 1284 dicendum
594 1252 698 1289 fuerit,
718 1253 797 1284 ratio
811 1253 974 1285 constabit.
992 1255 1094 1285 Unum
1113 1254 1236 1292 addam,
1254 1253 1432 1294 exemplum
1444 1253 1538 1294 hujus
1552 1253 1709 1290 editionis,
1720 1253 1804 1293 quod
1820 1253 1894 1283 olim

270 1303 366 1335 lsaaci
381 1303 553 1335 Casauboni
572 1303 645 1341 fuit,
660 1303 795 1334 Londini
817 1304 851 1335 in
865 1305 972 1336 Museo
988 1305 1167 1336 Britannico
1192 1307 1325 1342 exstare,
1347 1304 1437 1344 cujus
1449 1304 1481 1334 in
1496 1303 1604 1334 limine
1621 1312 1719 1343 pauca
1739 1303 1896 1343 quaedam,

270 1356 310 1388 ad
323 1365 373 1388 res
386 1356 419 1387 in
436 1356 545 1396 primis
560 1357 762 1396 pertinentia,
779 1358 897 1388 notavit
912 1358 960 1388 vir
973 1367 1115 1397 magnus,
1131 1357 1242 1388 harum
1264 1357 1476 1395 homilierum,
1493 1360 1527 1388 ut
1537 1365 1575 1387 ex
1590 1356 1815 1388 commentario
1831 1355 1896 1395 ejus

271 1405 311 1438 ad
325 1406 424 1437 Persii
436 1409 555 1445 satyras
567 1406 649 1437 facto
662 1410 802 1446 apparet,
818 1407 918 1438 lector
937 1407 1194 1438 studiosissimus.

312 1457 351 1487 II.
373 1456 585 1496 Chrysostomi
600 1457 701 1497 Opera
724 1457 831 1488 omnia
847 1458 955 1495 Greece
974 1457 1071 1488 edidit
1091 1457 1246 1489 Henricus
1277 1457 1418 1494 Savilius,
1442 1458 1550 1488 Etonee
1577 1465 1660 1488 anno
1677 1455 1763 1493 1612,
1779 1456 1814 1486 in
1828 1458 1899 1486 octo

274 1510 378 1539 tomos
391 1507 565 1546 distributa,
582 1517 718 1548 quorum
743 1508 901 1540 secundus
920 1509 1073 1541 Homilies
1095 1509 1129 1540 in
1144 1509 1323 1540 Matthaaum
1338 1513 1369 1540 et
1383 1510 1534 1540 Joannem
1558 1508 1786 1548 complectitur.
1802 1507 1900 1547 Hujus

274 1555 393 1587 ultimas
420 1557 542 1597 paginae
562 1557 733 1597 ascriptum
756 1562 813 1596 est,
830 1559 940 1589 Etonw
960 1568 1105 1590 exe-usum
1125 1560 1160 1589 in
1179 1558 1316 1598 Collegio
1332 1558 1442 1598 Reguli
1470 1559 1602 1590 MDCX.
1614 1558 1856 1599 Typographus,
1870 1562 1901 1588 ut

275 1615 370 1647 supra
382 1607 528 1643 diximus,
548 1607 720 1647 exemplari
734 1608 982 1639 Commeliniano
1000 1601 1076 1640 usus
1094 1612 1151 1646 est,
1168 1610 1207 1641 ab
1220 1609 1320 1650 ipsius
1334 1609 1437 1640 Savilii
1448 1618 1543 1640 manu
1562 1609 1799 1647 diligentissime
1814 1617 1902 1639 reco-

276 1658 376 1698 gnito,
392 1659 476 1698 quod
491 1660 596 1699 ipsum
613 1659 715 1690 adhuc
727 1660 839 1690 Oxonii
851 1660 884 1691 in
898 1660 1088 1693 bibliotheca
1102 1662 1272 1694 Bodleiena
1286 1661 1432 1701 religiose
1443 1664 1592 1693 servatur.
1605 1661 1662 1692 Hic
1672 1660 1747 1699 illic,
1757 1661 1791 1691 in
1803 1664 1902 1701 poste-

276 1710 360 1741 riore
374 1711 558 1750 praesertim,
576 1711 602 1741 si
617 1711 698 1742 bene
710 1711 850 1749 memini,
870 1712 1036 1745 voluminis
1064 1717 1165 1754 parte,
1184 1722 1244 1754 pro
1268 1722 1384 1745 excuso
1408 1713 1615 1753 archetypum
1632 1721 1727 1743 manu
1741 1712 1905 1752 scripturn,

277 1761 478 1792 emendatum
509 1765 539 1792 et
561 1762 650 1799 illud,
669 1771 774 1802 operae
801 1768 1033 1803 expresserunt.
1055 1765 1098 1795 De
1126 1765 1272 1796 subsidiis
1302 1773 1367 1796 suae
1389 1765 1583 1796 recensionis
1604 1771 1703 1805 pauca
1723 1771 1782 1794 nos
1801 1763 1905 1794 d0cui|

279 1813 381 1845 editor
394 1814 549 1853 egregius,
570 1823 641 1855 quin
659 1814 711 1846 hic
726 1815 904 1846 exscribere
922 1825 986 1847 non
998 1816 1158 1856 gravabor.
1175 1829 1189 1844 (ι
1201 1817 1319 1848 Harum
1334 1817 1505 1848 editionem
1518 1816 1725 1847 Homilierum
1739 1815 1905 1846 adornavi-

279 1874 359 1903 mus,
384 1868 506 1904 Lector,
527 1876 562 1898 ex
579 1867 720 1907 quinque
735 1867 821 1898 libris
844 1876 938 1898 manu
964 1869 1097 1909 scriptis.
1126 1869 1268 1900 Primum
1287 1869 1379 1900 nobis
1406 1868 1547 1900 exhibuit
1570 1868 1760 1900 bibliotheca
1784 1866 1907 1906 collegii

280 1917 426 1957 Corporis
444 1918 554 1949 Christi
577 1918 698 1955 Oxonii,
716 1927 734 1949 a
758 1919 934 1959 Serbopulo
949 1920 1097 1960 quodam,
1113 1919 1243 1952 homine
1255 1921 1375 1958 Graeco,
1391 1929 1475 1952 anno
1491 1920 1699 1951 MCCCCXCIX
1720 1918 1794 1950 satis
1806 1918 1907 1957 negli-

281 1971 390 2006 genter
404 1971 433 1998 et
452 1968 596 2008 imperite
610 1969 773 2008 scriptum,
800 1969 951 2009 Redingae
967 1970 1001 2000 in
1017 1970 1137 2009 Anglia,
1151 1971 1226 2001 XLV
1246 1973 1365 2002 tantum
1380 1971 1502 2011 priores
1516 1970 1666 2002 Homilies
1681 1970 1908 2002 continentem.

246 2027 249 2030 ‘
282 2019 457 2050 Secundum
474 2019 664 2051 bibliotheca
676 2020 875 2052 illustrissimi
896 2021 1009 2052 Caecilii
1033 2022 1158 2053 comitis
1179 2021 1376 2060 Oxoniensis,
1391 2022 1430 2053 ab
1450 2022 1562 2054 eodem
1593 2020 1769 2061 Serbopulo
1791 2019 1908 2050 ibidem

282 2070 393 2102 eadem
405 2070 465 2102 ﬁde
482 2074 513 2101 et
525 2070 684 2110 diligentia
699 2070 849 2111 scriptum
864 2079 948 2102 anno
962 2075 1126 2111 sequente,
1144 2080 1188 2103 sc.
1204 2071 1270 2109 MD,
1281 2071 1418 2112 reliquas
1431 2072 1621 2112 posteriores
1634 2070 1909 2110 complectentem-

286 2123 426 2154 Tertium
443 2123 534 2154 nobis
542 2123 685 2154 codicem
697 2123 783 2154 dedit
796 2123 988 2155 bibliotheca
1001 2123 1128 2162 Collegii
1142 2123 1222 2155 Novi
1235 2124 1357 2159 Oxonii,
1375 2126 1406 2155 et
1421 2128 1566 2164 quartum
1579 2121 1770 2154 bibliotheca
1784 2120 1911 2151 Univer-

283 2174 380 2205 sitetis
408 2174 604 2212 Oxoniensis,
631 2175 901 2215 Constantinopoli
915 2184 1017 2215 nuper
1044 2176 1219 2213 advectum,
1241 2175 1380 2208 melioris
1405 2180 1489 2208 noue
1513 2179 1544 2207 et
1566 2175 1730 2215 antiquum
1745 2173 1830 2210 satis,
1845 2180 1911 2203 non

285 2224 392 2264 plures
422 2227 527 2256 tamen
557 2235 704 2266 quemque
720 2234 815 2265 quem
839 2235 911 2257 erv
928 2229 980 2257 aut
995 2235 1058 2257 XLV
1076 2226 1199 2267 priores
1222 2230 1511 2267 repraesentantem.
1543 2227 1692 2265 Quintum
1710 2228 1742 2255 et
1767 2223 1912 2255 ultimum

285 2274 475 2313 posteriores
494 2274 650 2312 homilias,
666 2284 781 2315 easque
797 2284 862 2306 non
875 2275 969 2316 plene
985 2276 1209 2313 continentem,
1226 2276 1281 2307 sed
1300 2277 1426 2316 optimae
1446 2285 1517 2307 cum
1531 2275 1641 2316 primis
1656 2277 1740 2305 notm
1758 2271 1935 2310 codicem,"

285 2333 380 2365 supra
397 2334 650 2358 commemoratae
664 2327 877 2358 Universitatis
891 2327 1089 2358 bibliothecae
1105 2327 1267 2359 debemus.
1283 2339 1296 2356 ››
1307 2328 1426 2358 Horum
1442 2331 1504 2357 tres
1519 2327 1641 2367 priores
1661 2333 1727 2356 non
1750 2323 1912 2362 indagavi;

286 2382 414 2416 quartus
425 2379 524 2411 codex
539 2379 566 2410 is
578 2382 635 2416 est,
650 2379 682 2409 ni
698 2378 799 2415 fallor,
819 2379 873 2418 qui
889 2378 982 2409 hodie
997 2379 1085 2409 Bodl.
1104 2378 1157 2409 160
1174 2381 1317 2409 notatur:
1338 2379 1393 2418 qui
1405 2382 1507 2409 tamen
1523 2386 1588 2408 non
1603 2385 1677 2407 xmv
1692 2381 1747 2407 aut
1764 2384 1837 2412 va,
1859 2375 1913 2406 sed

287 2437 350 2462 xm
364 2432 485 2460 tantum
507 2428 652 2460 homilias
667 2428 817 2460 continet.
837 2428 899 2459 Sed
916 2432 1124 2468 praeterquam
1157 2429 1242 2468 quod
1268 2428 1374 2459 cmtcri
1405 2437 1516 2459 omnes
1544 2427 1738 2458 Oxonienses
1761 2426 1859 2457 serius
1881 2426 1912 2456 in

288 2473 510 2512 bibliothecam
528 2482 692 2515 venerunt,
713 2479 867 2510 lectiones
881 2479 1032 2518 quasdam
1048 2488 1176 2519 prorsus
1192 2479 1376 2518 singulares,
1391 2486 1409 2509 a
1424 2478 1536 2509 Savilio
1550 2477 1584 2508 in
1604 2478 1689 2508 notis
1708 2485 1747 2508 ex
1761 2476 1840 2507 libro
1856 2484 1912 2506 suo

290 2529 636 2569 Constantinopolitano
653 2532 827 2569 excerptas,
847 2529 881 2560 in
900 2529 982 2560 dicto
998 2529 1106 2561 codice
1121 2529 1292 2561 Bodleiano
1305 2529 1412 2560 inveni
1427 2528 1481 2569 (b).
1495 2529 1647 2559 Caeterum
1661 2531 1762 2559 utrum
1786 2529 1912 2566 quartus

289 2583 347 2614 iste
362 2581 463 2613 codex
473 2581 596 2619 Savilio,
614 2581 689 2612 dum
703 2584 822 2613 textum
850 2581 962 2613 harum
978 2582 1175 2613 homiliarum
1200 2582 1414 2618 concinnaret,
1430 2581 1468 2612 ad
1479 2590 1606 2612 manum
1620 2580 1722 2617 fuerit,
1742 2588 1782 2610 an
1801 2578 1910 2615 serius,

327 2699 366 2736 (ri)
381 2699 458 2736 Unde
472 2707 543 2726 novo
556 2704 714 2736 argumento
726 2700 832 2734 probari
845 2705 946 2736 potest,
962 2708 1010 2735 pro
1024 2700 1075 2728 hoc
1165 2701 1201 2736 (b)
1221 2701 1280 2729 Vid.
1296 2700 1396 2728 Adnot.
1410 2701 1442 2728 ad
1455 2709 1500 2736 pp.
1515 2701 1578 2732 240,
1594 2697 1718 2736 242L255
1743 2695 1798 2736 (ad_
1811 2695 1911 2736 calcem

292 2731 374 2772 titulo
390 2735 474 2772 alium
490 2731 769 2772 posteaisuppositum
783 2731 854 2772 esse:
877 2735 944 2772 Nam
959 2731 999 2772 de;
1008 2737 1074 2762 sub-
1128 2731 1214 2772 partis
1227 2736 1353 2764 secundae
1368 2731 1464 2772 hujus.
1475 2731 1644 2771 voluminis).
1656 2732 1769 2772 Paginas
1781 2731 1911 2772 intelligo

292 2771 369 2798 sidiis
390 2770 472 2805 hujus
490 2767 621 2807 editionis
635 2767 867 2807 'lthntcfalconius
878 2770 917 2797 sic
932 2782 938 2797 :
953 2780 962 2796 Ι
981 2770 1073 2798 Graeca
1128 2767 1255 2800 editionis
1269 2767 1475 2807 Maurime'quas
1497 2772 1568 2799 inter
1591 2767 1677 2797 uncos
1689 2768 1717 2806 in
1732 2770 1807 2794 textu
1818 2767 1909 2801 posui-

292 2812 324 2832 cx
338 2812 415 2835 mss..
428 2803 459 2832 ut
485 2805 595 2832 credere
616 2808 668 2843 est,
679 2804 808 2843 Palatinis
824 2811 955 2833 eruerunl.
969 2815 974 2832 :
992 2813 1075 2840 neque
1128 2816 1198 2836 mus.
1217 2807 1294 2835 Enn.
1309 2807 1403 2843 Pun.)
1419 2803 1427 2807 “
1699 2803 1703 2806 ”

292 2848 361 2869 σηιιη
382 2845 547 2868 monuerunt.
567 2843 635 2867 unde
649 2839 849 2874 desumpserint.
