2056 3130
803 157 893 185 FRlD.
912 156 1013 184 FlELD
1032 153 1226 183 PRJEFATIO.
1791 160 1818 179 ιιι

198 209 262 235 cum
285 201 326 232 ad
355 205 448 233 notas
470 205 603 234 ventum
625 206 715 239 esset,
731 202 760 233 ei
789 201 971 237 innotuerit,
989 200 1066 231 mihi
1093 200 1221 241 quidem
1237 209 1300 231 non
1324 200 1432 239 liquet.
1449 203 1555 234 Restat
1569 204 1695 243 quintus
1711 201 1824 238 codex,

198 252 396 290 Bodleianus,
416 253 566 285 humilius
581 254 768 294 posteriores
791 263 900 293 easque
914 261 978 282 non
991 252 1080 292 plene
1106 252 1281 286 continens;
1296 260 1390 292 quem
1405 252 1457 283 diu
1470 253 1667 292 multumque
1681 260 1826 293 quaerens

194 303 305 333 frustra
321 303 380 340 fui,
397 304 502 336 donec
517 305 634 341 inveni,
650 313 721 336 eum
749 304 782 334 in
797 303 942 342 Catalogo
955 312 1042 334 num.
1059 302 1135 333 3019
1149 302 1207 333 sub
1221 303 1323 334 indice
1342 304 1552 342 tenebricoso,
1568 306 1598 335 J.
1614 303 1828 343 Chrysostomi

195 353 341 384 Humilia?
351 353 489 394 aliquot,
505 355 612 386 latere.
627 355 725 395 Hujus
738 363 809 394 pars
832 355 960 394 antiqua
975 356 1005 384 et
1020 352 1257 384 membranacea
1279 361 1342 384 non
1363 354 1434 393 plus
1449 363 1543 394 quam
1557 364 1615 385 xx:
1625 354 1779 391 homilias,
1794 354 1828 384 id

195 406 250 438 est,
267 411 285 432 a
309 411 344 441 p.
362 403 421 433 564
441 404 465 432 Β
482 403 523 434 ad
542 413 576 443 p.
601 403 654 434 741
676 405 700 433 Α
727 402 966 442 complectitur;
996 407 1027 433 et
1045 401 1150 441 quoad
1171 405 1272 433 textus
1288 404 1503 435 rccensionem
1529 405 1731 436 arctissimam
1754 414 1827 436 cum

195 453 293 492 Regio
304 452 364 483 688
386 453 519 492 posthac
529 453 734 484 describendo
745 453 925 484 afﬁnitatem
939 461 1003 493 prae
1014 461 1046 483 se
1060 452 1270 492 fert.Reliqua
1282 453 1420 492 ejusdem
1436 455 1602 486 voluminis
1617 463 1689 495 pars
1705 454 1827 485 nullum

197 512 328 543 prorsus
356 503 397 534 ad
419 503 549 534 criticen
561 513 650 534 usum
670 503 775 534 liabet.
791 504 899 542 Itaque
914 505 1047 538 constat,
1059 504 1173 542 prieter
1189 502 1303 533 librum
1319 503 1549 543 Redingianum
1574 504 1827 535 recentissimum
1851 513 1862 532 ι

197 558 227 584 et
240 563 258 583 ει
268 553 374 584 scriba
391 553 540 593 imperito
554 552 756 592 descriptum,
769 556 833 583 tres
847 554 965 582 tantum
981 551 1107 582 codices
1121 551 1234 582 Savilio
1253 556 1367 591 praesto
1381 552 1489 590 fuisse,
1509 554 1572 585 duo
1583 554 1726 588 videlicet
1744 555 1829 595 prio-

197 605 238 636 ris
254 605 367 644 partis,
384 608 416 636 et
429 613 541 641 unum,
557 612 693 644 eumque
709 603 796 634 valde
810 603 965 639 mutilum,
976 601 1169 642 posterioris.
1181 602 1273 634 Hisce
1288 603 1435 634 subsidiis
1449 612 1524 635 sane
1534 605 1730 636 tenuioribus
1744 613 1826 645 quo-

197 656 292 687 modo
315 666 397 687 usus
410 656 515 693 fuerit,
531 663 616 686 nunc
631 654 813 685 videndum.
832 653 998 693 Exemplar
1022 649 1300 691 Hcidelbergense,
1315 653 1369 693 qui
1384 654 1414 684 ei
1436 654 1541 685 Codex
1555 664 1684 685 excusas
1695 657 1753 692 est,
1769 663 1826 694 pro

197 708 405 739 fundamento
429 715 519 738 novae
548 705 694 738 editionis
723 704 838 745 posuit.
862 704 929 735 Hoc
945 712 1066 734 summa
1090 703 1249 742 diligentia
1266 707 1296 734 et
1313 704 1374 735 ﬁde
1392 703 1431 735 ad
1447 704 1572 736 codices
1585 713 1671 742 suos,
1686 704 1827 736 adhibito

198 765 326 797 quoque
342 760 449 787 vetere
475 755 658 795 interprete,
668 752 867 792 recognovit;
888 760 1010 783 errores
1025 752 1282 792 typographicos,
1298 753 1324 783 si
1339 761 1403 784 non
1419 762 1541 791 omnes,
1560 757 1645 785 certe
1660 755 1826 786 maximam

199 812 332 848 partem,
354 807 545 848 plerumque
568 814 633 836 non
651 804 772 835 monito
798 803 928 841 lectore,
944 803 1075 840 exemit;
1103 803 1346 840 distinctionem,
1362 812 1433 843 quae
1458 804 1546 844 prius
1559 805 1673 836 misere
1689 805 1826 845 jacebat,

198 860 308 892 sedulo
327 858 490 898 castigavit
504 867 512 895 ;
524 865 624 888 uncos
650 855 925 891 Commelinianos,
940 854 979 885 de
1002 854 1117 894 quibus
1132 853 1226 894 paulo
1252 857 1324 884 ante
1338 854 1456 885 dictum
1471 857 1528 891 est,
1545 854 1698 895 plurimos
1714 856 1827 887 merito

199 910 334 947 sustulit,
355 909 465 950 paucis
492 908 608 939 relictis
622 907 711 944 a1i05,
728 905 783 937 sed
807 906 982 945 pauciores,
1003 905 1043 936 de
1060 914 1117 936 suo
1137 904 1169 936 in
1184 908 1302 936 textum
1317 905 1432 936 intulit.
1448 905 1536 942 Quod
1547 906 1585 936 ad
1596 906 1740 938 ordinem
1755 916 1826 938 ver-

199 963 308 993 borum
323 961 445 997 attinet,
456 961 491 991 in
505 968 570 1000 quo
583 957 805 990 constituendo
816 956 934 988 librarii
949 955 1082 986 multum
1109 955 1192 986 inter
1214 964 1248 986 se
1262 955 1459 994 dissentiunt,
1475 957 1507 987 in
1522 957 1678 996 prioribus
1691 957 1828 989 homiliis

198 1013 406 1052 archetypum
418 1019 490 1042 raro
505 1009 640 1046 deserit;
657 1009 689 1039 in
706 1006 933 1048 posterioribus
946 1015 1020 1037 vero
1033 1030 1041 1044 ,
1055 1014 1128 1046 ope,
1141 1009 1176 1036 ut
1190 1006 1322 1043 videtur,
1339 1007 1456 1038 codicis
1471 1008 1531 1044 sui,
1543 1007 1676 1047 plurima
1691 1009 1826 1041 novavit.

199 1065 350 1094 l‘rmterea
363 1061 462 1092 varias
485 1056 646 1095 lectiones,
660 1058 714 1089 sed
731 1066 795 1088 non
813 1057 856 1088 ita
880 1056 1073 1096 frequentes,
1086 1064 1149 1086 orae
1167 1054 1237 1085 libri
1248 1055 1400 1095 ascripsit,
1416 1062 1504 1086 more
1521 1056 1574 1096 qui
1588 1059 1662 1088 tunc
1677 1058 1827 1098 temporis

200 1114 328 1144 usitatus
347 1114 424 1143 erat.
436 1110 571 1146 Scilicet,
587 1108 671 1140 nulla
686 1107 878 1147 singulorum
891 1105 1035 1138 codicum
1048 1105 1207 1136 mentione
1217 1105 1309 1142 facta,
1325 1105 1351 1136 si
1363 1106 1438 1145 quid
1452 1106 1548 1137 textui
1561 1107 1600 1138 ab
1614 1107 1685 1147 ipso
1699 1111 1827 1148 recepto

200 1163 266 1194 libri
295 1161 502 1203 probabiliter
528 1160 726 1200 adjiciebant,
742 1156 891 1189 asterisco
916 1156 950 1187 in
968 1155 1048 1187 serie
1064 1155 1178 1195 posito,
1194 1155 1287 1186 verba
1303 1155 1451 1193 addititia,
1465 1156 1605 1187 eamdem
1622 1161 1728 1188 notam
1743 1166 1827 1197 prte—

199 1215 370 1251 tendentia,
385 1213 518 1252 margini
535 1211 645 1248 illevit;
660 1211 686 1242 si
713 1209 787 1250 quid
805 1209 978 1245 mutabant,
994 1207 1114 1238 duabus
1135 1206 1258 1237 lineolis
1274 1207 1456 1237 transversis
1473 1207 1482 1247 (
1497 1207 1532 1247 ⁷·)
1548 1207 1587 1239 ad
1603 1208 1726 1239 initium
1740 1208 1826 1240 verbi

201 1266 243 1296 vel
258 1266 519 1304 verborum,quze
533 1271 551 1294 e
569 1265 657 1293 textu
674 1260 827 1292 movenda
842 1263 940 1296 erant,
956 1258 1091 1295 insertis,
1109 1258 1237 1288 verbum
1248 1257 1296 1288 vel
1309 1257 1413 1295 verba,
1425 1265 1496 1297 qum
1513 1266 1551 1289 ex
1564 1258 1725 1289 codicibus
1739 1258 1826 1289 sulli-

200 1315 308 1348 cienda
332 1319 433 1352 erant,
456 1315 490 1345 in
505 1314 677 1353 marginem
701 1314 790 1352 signo
805 1326 852 1351 γρ.
869 1311 1039 1351 praeposito
1064 1309 1180 1340 retulit.
1200 1309 1267 1339 Hoc
1286 1317 1358 1340 vero
1387 1309 1415 1339 ei
1441 1308 1608 1340 infeliciter
1626 1309 1729 1345 cessit,
1741 1309 1825 1348 quod

201 1366 315 1397 nullam
340 1365 482 1397 notulam
497 1364 642 1400 habebat.
663 1372 723 1404 qua
738 1363 978 1402 signiﬁcaretur,
991 1360 1030 1392 ad
1050 1363 1127 1400 quot
1138 1359 1289 1390 vocabula
1303 1367 1372 1390 sese
1389 1359 1536 1390 extendat
1550 1359 1734 1391 lineolarum
1750 1361 1826 1392 ista—

202 1426 265 1448 rum
287 1417 334 1448 vis
362 1427 370 1447 :
389 1425 460 1456 qua:
479 1425 530 1447 res
548 1415 726 1447 Editoribus
751 1413 961 1445 Benedictinis
980 1419 1208 1451 nonnunquam
1228 1411 1354 1442 errandi
1381 1411 1506 1442 occasio
1528 1411 1646 1442 exstitit
1658 1411 1711 1452 (a).
1728 1411 1825 1443 Iidem

200 1477 261 1498 non
275 1475 344 1498 uno
367 1467 438 1498 leco
466 1470 558 1498 notas
579 1466 755 1497 additiom’s
773 1469 803 1496 et
824 1464 1008 1495 mutationis
1033 1463 1114 1494 inter
1133 1472 1166 1494 se
1191 1461 1428 1499 confundendo,
1446 1471 1543 1493 novas
1560 1462 1712 1494 lectiones
1731 1463 1826 1493 tinxe-

200 1520 268 1549 runt
284 1517 339 1557 (b).
356 1517 494 1548 Tertium
510 1517 649 1548 liciarum
667 1515 837 1547 lectionum
852 1523 951 1554 genus
966 1523 1005 1545 ex
1018 1514 1117 1554 ipsius
1130 1514 1236 1544 Savilii
1251 1513 1371 1544 incuria
1386 1513 1539 1552 originem
1554 1513 1646 1544 traxit
1664 1512 1714 1554 (ο).
1731 1514 1834 1557 Porro

199 1568 429 1600 observandum
463 1571 510 1599 est
529 1568 675 1599 Savilium
700 1567 861 1608 plurimas,
886 1570 920 1598 ut
937 1566 1013 1603 dixi,
1033 1566 1146 1597 veteris
1174 1565 1320 1597 editionis
1341 1565 1493 1596 lectiones
1517 1565 1585 1596 sine
1610 1565 1825 1596 admonitione

197 1623 350 1656 mutasse;
368 1619 395 1650 si
405 1627 480 1650 vero
495 1617 665 1658 aliquando
681 1618 720 1649 de
735 1617 932 1649 correctione
949 1618 1061 1648 Lectbr
1074 1616 1253 1648 monendus
1275 1618 1368 1652 esset,
1382 1615 1550 1646 lectionem
1563 1624 1580 1646 a
1595 1624 1629 1646 se
1643 1619 1779 1647 amotam
1793 1615 1824 1645 in

198 1669 338 1709 margine
352 1677 425 1700 cum
438 1668 530 1707 signo
548 1681 593 1706 γρ.
611 1667 767 1707 posuisse,
779 1666 862 1697 haud
874 1675 967 1697 secus
982 1673 1076 1705 quam
1087 1665 1113 1696 si
1132 1673 1149 1696 e
1163 1665 1273 1697 codice
1288 1664 1423 1705 quodam
1440 1673 1535 1696 manu
1548 1665 1664 1706 scripto
1680 1670 1825 1706 excerpta

198 1720 316 1751 fuisset.
335 1720 406 1750 Hoc
428 1727 557 1758 quoque
573 1721 619 1748 est
634 1717 687 1748 ubi
706 1716 918 1748 Benedictinis
940 1715 1043 1747 fraudi
1070 1715 1129 1747 fuit
1148 1716 1204 1756 (ιι).
1233 1716 1320 1753 Quod
1337 1724 1412 1747 vero
1421 1716 1460 1746 ad
1474 1719 1576 1747 textus
1590 1716 1824 1756 castigationem

196 1772 316 1808 attinet,
332 1771 367 1802 in
382 1770 488 1810 priore
505 1769 610 1810 operis
625 1771 711 1808 parte
722 1792 730 1805 ,
745 1767 800 1799 ubi
819 1767 925 1807 plures
939 1766 1066 1798 codices
1083 1767 1112 1797 ei
1129 1767 1169 1798 ad
1193 1775 1320 1798 manum
1341 1769 1440 1803 erant,
1454 1766 1552 1798 multo
1566 1767 1686 1798 cautius
1701 1771 1732 1798 et
1750 1767 1824 1798 reli-

197 1822 315 1860 giosius
338 1821 374 1852 in
396 1820 626 1851 mutationibus
652 1823 719 1850 tum
738 1818 938 1849 admittendis
958 1821 1026 1848 tum
1045 1817 1189 1849 notandis
1219 1821 1359 1848 versatus
1378 1823 1443 1854 est;
1463 1818 1497 1848 in
1521 1818 1694 1857 posteriore
1707 1821 1824 1856 autem,

196 1874 298 1905 codici
311 1882 383 1910 suo,
399 1877 433 1904 ut
446 1872 585 1909 videtur,
600 1871 730 1902 nimium
746 1870 900 1908 addictus,
918 1871 1082 1901 innumera
1097 1870 1162 1901 fere
1173 1870 1307 1908 novavit,
1323 1870 1362 1901 de
1379 1870 1494 1910 quibus
1508 1878 1611 1909 neque
1627 1869 1657 1900 in
1673 1878 1727 1901 ora
1740 1869 1823 1906 libri,

196 1933 301 1964 neque
324 1925 360 1955 in
383 1923 467 1954 notis
480 1922 611 1953 verbum
634 1921 766 1952 monuit.
783 1921 899 1952 Harum
918 1920 1125 1952 mutationum
1148 1921 1314 1952 nonnullas
1330 1925 1383 1951 aut
1400 1921 1434 1951 in
1453 1920 1706 1952 adnotationibus
1720 1923 1772 1950 aut
1792 1922 1822 1952 in

196 1976 285 2006 variis
298 1973 490 2005 lectionibus
503 1971 656 2008 indicavi;
673 1970 779 2011 plures
793 1969 916 2001 silentio
930 1970 1076 2010 praeterii.
1089 1972 1240 2002 Caetcmm
1256 1974 1369 2012 praeter
1382 1975 1471 2002 notas
1485 1972 1682 2011 marginales,
1694 1973 1822 2004 Savilius

196 2025 432 2058 observationes
447 2031 531 2059 suas,
554 2031 668 2062 paucas
684 2020 812 2061 quidem
827 2021 883 2052 sed
897 2021 989 2052 bonae
1006 2020 1099 2060 frugi,
1116 2021 1149 2051 in
1165 2025 1252 2061 parte
1267 2021 1440 2062 posteriore
1454 2022 1532 2053 torni
1546 2023 1646 2054 octavi
1663 2023 1822 2058 condidit;

196 2086 327 2118 quarum
346 2075 515 2106 maximam
529 2077 649 2113 partem
663 2073 765 2104 amico
782 2080 850 2108 suo.
862 2072 974 2102 Joanni
989 2071 1092 2102 Boisio
1106 2071 1156 2112 (θ),
1170 2072 1322 2103 canonico
1337 2072 1463 2110 Eliensi,
1475 2073 1589 2104 debere
1599 2082 1632 2104 se
1648 2073 1819 2113 profitetur.

198 2128 315 2168 lncepti
338 2126 486 2158 Saviliani
502 2133 576 2156 vere
597 2124 755 2163 magniﬁci
767 2126 797 2154 et
816 2123 970 2163 privatum
987 2131 1116 2154 censum
1140 2123 1356 2162 exsuperantis
1375 2123 1516 2154 notitiam
1532 2132 1633 2154 meam
1652 2123 1820 2160 absolvam,

200 2182 362 2218 postquam
377 2176 418 2206 de
431 2178 498 2206 toto
512 2183 610 2215 opere
626 2182 792 2209 monuere,
806 2180 973 2212 operarum
987 2175 1181 2203 correctores
1198 2172 1230 2202 in
1246 2171 1349 2204 oﬂicio
1364 2182 1422 2204 suo
1436 2173 1670 2213 diligentissime
1685 2177 1821 2204 versatos

200 2237 279 2265 esse;
300 2231 334 2258 ut
352 2236 418 2258 non
436 2226 536 2265 magis
557 2229 686 2256 externo
706 2223 819 2260 nitore,
834 2231 929 2262 quam
942 2222 1091 2253 interiore
1108 2223 1307 2254 accuratione
1319 2231 1356 2254 ac
1371 2223 1432 2253 fide
1445 2223 1527 2254 liber
1536 2223 1680 2254 emineat.

235 2280 284 2309 lll.
311 2278 358 2308 Ad
375 2276 500 2308 tertiam
518 2275 687 2306 editionem
700 2273 750 2313 (l'),
767 2281 838 2312 quae
866 2271 987 2303 Morelli
1022 2275 1080 2310 est,
1109 2272 1346 2303 describendam
1368 2272 1600 2303 Montefalconii
1619 2273 1720 2304 verbis
1739 2277 1819 2304 utar.

204 2342 216 2355 α
229 2329 320 2359 Editio
335 2327 479 2358 Parisina
491 2325 610 2356 Claudii
619 2326 693 2363 [imo
701 2323 818 2361 Caroli]
830 2322 951 2353 Morelli
963 2331 1046 2354 anno
1061 2323 1259 2354 MDCXXXVI
1271 2323 1345 2361 [imo
1359 2323 1569 2361 MDCXXXIII]
1578 2323 1820 2361 data,Saviliana

206 2386 232 2409 et
254 2377 499 2409 Commeliniana
525 2375 655 2406 inferior
680 2377 738 2412 est,
762 2374 821 2405 etsi
837 2373 907 2413 ipse
922 2373 1138 2414 typographus
1157 2373 1325 2404 admodum
1340 2373 1425 2404 illam
1438 2374 1639 2405 commendet
1653 2374 1685 2405 in
1701 2375 1819 2406 Monito

201 2440 264 2462 suo.
277 2429 500 2469 lz'xemplaria,
511 2428 624 2468 inquit,
644 2427 755 2468 quibus
769 2427 802 2457 in
813 2426 962 2466 praesenti
974 2425 1109 2456 editione
1123 2427 1173 2457 usi
1188 2435 1292 2456 sumus
1302 2426 1402 2465 fuere,
1419 2426 1628 2457 authenticum
1648 2427 1727 2458 illud
1752 2428 1817 2458 An-

196 2482 316 2521 glicanw
348 2479 518 2516 editionis,
534 2487 692 2518 nunquam
723 2477 801 2507 satis
835 2475 1009 2513 laudatum,
1030 2477 1081 2507 cui
1108 2476 1253 2516 religiose
1280 2475 1463 2506 adhwsimus
1485 2477 1518 2506 in
1528 2477 1712 2516 corrigendo
1731 2482 1817 2508 texti.

195 2535 303 2572 linteo,
319 2533 446 2564 notatis
465 2532 558 2571 prius
575 2540 630 2561 suo
649 2529 818 2570 quibusque
833 2528 900 2558 loco
919 2529 1050 2566 mendis,
1073 2538 1139 2569 qua:
1156 2529 1193 2572 iu
1209 2527 1290 2558 calce
1308 2527 1443 2568 ejusdem
1461 2528 1607 2559 editionis
1630 2533 1775 2560 accurate
1790 2533 1819 2560 el

219 2654 255 2690 (η)
271 2654 339 2682 Vide
356 2652 471 2680 AdnoL
495 2650 529 2677 ad
548 2659 575 2685 ρ.
588 2651 649 2678 459-
1034 2651 1140 2690 libellus
1156 2651 1329 2690 utilissimus:
1344 2658 1395 2678 nec
1409 2651 1476 2678 satis
1494 2655 1580 2690 potus
1601 2661 1607 2677 :
1623 2649 1718 2690 Veteris
1730 2649 1818 2690 inter:

217 2684 252 2735 (bi
266 2700 334 2727 Vide
350 2699 467 2726 Adnol.
486 2696 522 2722 ad
537 2684 581 2730 pb.
594 2695 655 2727 sui,
672 2695 732 2728 569,
745 2695 807 2728 διδ,
824 2695 884 2723 θυι.

1033 2688 1112 2735 ρξιὲζι
1132 2695 1191 2713 cum
1199 2686 1267 2713 Bcza
1282 2686 1392 2721 aliisque
1404 2686 1587 2713 recentioribus
1601 2685 1714 2712 collatio.
1730 2684 1815 2712 Lond.

217 2722 251 2735 ιη
273 2722 334 2727 π---
350 2722 452 2726 ----ν
537 2722 563 2730 ..
648 2722 654 2727 .
726 2722 732 2728 .
801 2722 807 2728 .
865 2722 873 2723 κ

477 2738 563 2793 2:1de
559 2757 574 2793 ,ξ
585 2737 733 2793 affligi}:
1036 2722 1185 2793 Hinc
1200 2756 1282 2784 editio
1303 2755 1444 2793 interdum
1473 2755 1650 2793 Frontoniana
1675 2754 1784 2793 dicitur,
1798 2761 1814 2780 Α

211 2784 247 2818 (ά)
268 2783 339 2810 vide
356 2781 476 2824 Λιμηοῇ
494 2778 529 2805 ad
542 2786 584 2813 νρ-
599 2779 661 2824 an.
683 2777 745 2805 555-
770 2820 798 2824 __
831 2820 836 2824 ,
870 2821 875 2824 _
1035 2774 1286 2820 er.€i;iiZ”ﬁtié§i3
1298 2774 1815 2824 i';;‘.:;a“;::...;tanta:qi:

210 2826 244 2860 (ei
259 2825 354 2860 llujus
373 2822 445 2853 viri,
458 2821 561 2855 [iugum
572 2820 711 2855 utriusque
720 2820 886 2858 peritissimi,
897 2825 985 2847 exstat
1035 2827 1166 2855 nominas
1181 2827 1208 2855 in
1222 2826 1375 2854 Μοιιιηωιιη
1392 2834 1444 2853 ηοη
1461 2825 1557 2860 misit,
