2056 3130
237 149 262 170 ιν
857 137 947 164 FRIU.
970 134 1070 162 FlElD
1091 130 1288 161 PR/EFATIO.

232 196 369 236 ﬁdeliter
388 197 553 228 habentur.
567 197 707 227 Alterum
726 197 788 236 fuit
808 197 902 226 editio
925 199 1082 235 postrema
1096 195 1285 225 Parisienst‘s
1301 193 1407 224 Latine
1423 198 1542 225 tantum
1559 205 1577 224 a
1595 195 1632 225 Β.
1647 195 1684 226 P.
1702 193 1862 224 Frontone

234 248 343 277 Ducam
358 248 499 278 societat.
514 249 588 278 Jesu
607 248 771 287 Theologo,
792 247 950 286 etc.Atqui
962 245 1046 285 quod
1063 245 1166 276 aitille
1179 254 1212 277 se
1234 245 1404 284 Anglicano
1416 246 1598 286 exemplari,
1615 247 1679 277 sive
1694 244 1860 281 Saviliano,

233 297 379 336 religiose
405 297 587 334 adhaesisse,
611 298 726 329 mirum
761 300 913 337 quantum
938 305 954 327 a
978 304 1052 326 vero
1081 297 1309 326 aberratznam
1332 295 1371 326 ab
1399 295 1453 326 illo
1471 296 1642 336 saapissime
1656 295 1700 325 ita
1710 294 1861 330 dissonat,

233 348 368 378 maxime
393 357 467 378 vero
493 349 679 388 quibusdam
704 349 736 379 in
754 349 845 385 locis,
862 351 892 378 et
911 347 1037 386 quidem
1060 351 1107 377 sat
1119 346 1347 386 frequentibus,
1367 350 1402 376 ut
1416 346 1543 386 planum
1560 347 1599 377 sit
1616 346 1706 377 illum
1721 354 1739 376 a
1754 344 1862 375 labore

235 395 301 427 haec
316 396 379 426 duo
395 397 585 436 exemplaria
601 397 784 428 conferendi
798 397 844 427 vel
861 396 1003 433 omnino,
1016 395 1063 426 vel
1078 396 1186 427 saltem
1198 395 1383 435 plerumque
1398 395 1596 426 abstinuisse.
1613 395 1744 426 Prorsus
1758 398 1862 425 autem

233 452 408 480 consonant
422 449 528 479 Graeca
544 449 664 480 Morelli
680 458 750 480 cum
767 448 882 480 Graecis
892 448 1144 479 Commclinianis
1158 457 1165 486 ;
1180 449 1220 480 ita
1234 451 1268 479 ut
1283 448 1376 479 etiam
1398 456 1492 478 voces
1518 457 1639 485 omnes,
1655 457 1725 487 quae
1739 446 1862 478 uncinis

232 498 437 530 includuntur
449 499 482 530 in
503 499 748 531 Commeliniana
763 500 913 537 editione,
928 499 960 530 id
980 499 1065 539 quod
1080 499 1195 539 passim
1209 499 1354 536 occurrit,
1371 499 1495 530 uncinis
1509 499 1652 530 similiter
1664 497 1862 529 includantur

233 547 266 577 in
280 548 536 580 Morelliana......
553 551 642 581 Unde
663 551 754 582 facile
775 551 974 587 crediderim,
998 559 1112 591 operas
1140 550 1258 581 Morclli
1288 551 1530 591 typographicas
1547 550 1586 581 ad
1609 548 1861 580 Commelinianaa

233 595 379 628 editionis
395 598 488 628 ﬁdem
511 599 616 629 Graeca
644 599 856 639 Chrysostomi
885 600 1031 631 edidisse.
1051 601 1089 631 Et
1101 603 1204 631 tamen
1221 599 1304 630 nulla
1317 600 1569 631 Commelinianac
1585 599 1732 631 editionis
1745 599 1861 629 mentio

233 647 366 678 habetur
384 649 416 679 in
430 649 548 679 Monito
563 649 696 680 Morelli.
707 662 721 677 »
734 651 808 682 Haec
824 652 983 682 verissime
997 660 1015 682 a
1028 651 1271 682 Montefalconio
1283 651 1363 682 dicta
1379 660 1447 682 esse
1462 654 1570 688 testor,
1587 650 1762 691 praesertim
1778 649 1862 688 quod

233 697 273 730 de
287 707 407 730 summa
424 700 591 731 concordia
609 701 834 741 exemplarium
849 703 1020 734 Morelliani
1035 707 1066 733 et
1085 702 1322 734 Commeliniani
1341 702 1489 738 affirmat;
1506 702 1549 733 ita
1565 705 1610 738 ut,
1627 701 1653 732 si
1664 699 1865 731 amanit‘estis

233 751 395 790 utriusque
424 759 591 790 operarum
613 753 772 784 crrOribus
799 754 981 789 decesseris,
1004 755 1055 785 vix
1068 754 1175 785 decem
1191 754 1269 785 locis
1290 762 1325 784 ea
1343 753 1426 784 inter
1438 761 1470 783 se
1496 753 1660 783 dissentire
1677 751 1864 782 existimem.

233 799 342 840 Itaque
366 810 436 832 cum
451 802 526 832 satis
543 804 720 840 constet,in
737 803 795 835 hac
816 804 955 835 editione
975 803 1053 835 nihil
1081 805 1211 835 omnino
1227 803 1341 834 eriticzn
1373 803 1447 834 ﬁdei
1471 806 1523 833 aut
1536 801 1731 833 auctoritatis
1746 800 1863 835 inesse,

235 860 362 891 prorsus
377 853 416 884 de
431 862 467 884 ea
485 855 663 892 tacuissem,
681 856 741 886 nisi
758 856 828 887 dum
853 865 954 888 causae
975 857 1167 887 obstitissent
1184 865 1190 887 :
1205 865 1279 892 una,
1296 855 1381 896 quod
1395 855 1454 887 hoc
1470 856 1572 895 ipsum
1589 853 1760 894 exemplar,
1777 852 1865 891 cujus

234 904 473 943 depravationes
500 910 564 937 tam
591 907 716 947 penitus
744 911 923 948 perspectas
947 907 1055 939 habuit
1068 907 1340 944 Montefalconius,
1357 908 1424 948 ipse
1444 913 1550 948 spreto
1573 906 1743 946 Anglicano
1759 904 1864 944 operis

234 953 298 984 suis
325 954 511 986 imitandum
537 956 638 994 dedit;
650 957 755 995 altera,
777 958 861 998 quod
877 958 951 988 dum
967 960 1074 990 Graeca
1088 968 1158 991 mea
1176 959 1337 997 ornabam,
1349 959 1519 990 editionem
1534 956 1809 989 Commelinianam
1824 955 1862 984 ad

235 1012 361 1034 “ianum
377 1005 492 1036 habere
511 1015 574 1037 non
591 1008 699 1047 potui:
718 1012 826 1048 postea
842 1019 915 1040 vero
933 1009 1105 1050 exemplari
1124 1014 1316 1050 comparato,
1338 1010 1399 1041 vidi
1415 1009 1445 1041 in
1462 1010 1567 1040 locum
1578 1007 1699 1039 Morclli
1718 1008 1862 1038 Comme-

235 1055 289 1086 lini
304 1064 419 1087 nomen
428 1057 547 1097 ubique
558 1057 625 1089 fere
638 1058 737 1089 sufﬁci
751 1068 844 1099 posse
862 1059 917 1100 (τι).

272 1106 322 1136 IV.
343 1107 410 1138 Jam
430 1108 555 1139 tandem
574 1108 613 1139 ad
628 1109 860 1141 Benedictiuam
877 1111 1070 1147 devenimus,
1087 1120 1159 1151 qua)
1173 1120 1295 1143 summo
1311 1112 1446 1142 virorum
1465 1110 1629 1140 doctorum
1642 1107 1860 1138 indoctorum-

233 1166 296 1197 que
313 1165 471 1188 consensu
493 1158 532 1189 ad
551 1158 636 1191 hunc
659 1159 743 1191 diem
759 1161 921 1192 Editiom‘s
933 1162 1055 1201 optimw
1067 1161 1170 1201 elogio
1187 1162 1363 1193 decoratur.
1382 1160 1503 1192 Prodiit
1516 1159 1610 1198 igitur
1619 1159 1755 1198 Operum
1767 1157 1861 1196 Chry—

232 1207 363 1239 sostomi
378 1211 482 1238 tomus
496 1209 657 1248 septimus,
673 1210 728 1250 qui
743 1219 760 1240 a
774 1211 888 1242 nostris
906 1211 1049 1242 Homiliis
1060 1215 1142 1242 totus
1157 1216 1340 1252 occupatur,
1352 1211 1475 1242 Parisiis
1492 1218 1575 1240 anno
1600 1208 1685 1239 1727.
1702 1210 1736 1238 In
1755 1208 1860 1238 fronte

233 1259 304 1290 libri
333 1259 372 1290 de
394 1259 606 1299 Chrysostomi
625 1261 774 1300 operibus
799 1262 832 1292 in
860 1263 1040 1293 universum
1071 1262 1279 1302 praedicatur,
1298 1272 1336 1293 EA
1360 1271 1400 1292 AD
1422 1270 1489 1292 mss.
1512 1268 1639 1291 CODICES
1660 1266 1860 1294 GALLICANOS,

234 1319 416 1345 V'ATICANOS,
437 1319 641 1345 ANGLICANOS.
662 1321 930 1350 GERMANICOSQUE,
954 1322 1079 1345 RECNON
1097 1324 1139 1344 AD
1160 1323 1348 1345 SAYILIANAM
1368 1322 1407 1344 ΕΤ
1424 1319 1668 1343 ῈΚΟΝΤΟΝῙΛΝΑΜ
1687 1317 1860 1344 EDITIONES,

236 1362 404 1392 CASTIGATA
426 1370 511 1392 ESSE.
538 1361 625 1398 Quod
658 1361 711 1392 hic
733 1362 772 1392 de
788 1363 949 1393 codicibus
963 1363 1382 1403 VaticanisGermanicisque
1401 1364 1675 1396 commemoratur,
1690 1359 1721 1390 id
1742 1359 1781 1390 ad
1802 1358 1861 1389 alia

233 1411 445 1450 Chrysostomi
462 1420 558 1452 Opera
577 1412 713 1452 pertinet
731 1421 736 1442 :
753 1413 994 1451 Anglicanorum
1020 1423 1094 1445 vero
1113 1415 1257 1446 codicum
1271 1414 1389 1445 mentio
1412 1412 1537 1444 nonnisi
1566 1411 1695 1451 repetita
1716 1409 1862 1441 editionis

234 1461 395 1492 Savilianae
411 1461 583 1493 nominatio
599 1468 656 1493 est.
675 1463 805 1493 Restant
819 1472 893 1502 ergo
907 1464 1069 1501 Gallicani,
1084 1473 1163 1504 quos
1176 1465 1212 1495 ad
1232 1465 1354 1495 initium
1370 1463 1507 1495 homiliaa
1522 1463 1632 1504 prima}
1660 1461 1794 1492 breviter
1809 1460 1863 1489 dc-

216 1532 220 1537 .
235 1512 376 1550 signavit.
393 1511 600 1548 Contulimus,
617 1513 730 1552 inquit,
751 1513 871 1544 codices
887 1515 999 1554 Regios
1021 1514 1028 1544 I

1048 1514 1108 1552 l3-‘I,
1130 1515 1218 1552 1940,
1240 1515 1326 1545 1942.
1342 1515 1477 1546 Colbcrt.
1497 1513 1564 1549 166,
1580 1512 1648 1543 205.
1664 1510 1795 1542 Coislin.
1811 1508 1860 1539 66.

236 1561 338 1591 Alium
350 1562 420 1591 item
433 1562 519 1592 Dom.
544 1562 703 1593 Foucault.
722 1567 749 1592 et
772 1564 979 1593 Turoncnsem
1003 1564 1091 1593 Dom.
1113 1563 1155 1593 du
1172 1563 1301 1599 Poirier,
1315 1563 1431 1594 Medici
1444 1559 1774 1592 cruditissimi.Habes
1792 1561 1864 1589 octo

234 1612 360 1643 codices
376 1611 457 1642 bene
477 1616 668 1648 numeratos,
684 1612 716 1642 in
730 1621 866 1651 quorum
879 1615 983 1643 tamen
1004 1604 1112 1644 notitia
1130 1613 1237 1644 Virum
1252 1611 1538 1653 palatographicum
1553 1614 1584 1641 et
1595 1613 1694 1640 totum
1709 1609 1742 1640 in
1761 1616 1863 1639 mem-

233 1666 402 1696 branarum
417 1663 628 1704 descriptione
643 1668 797 1694 versatum
812 1663 958 1703 equidem
974 1673 1038 1695 non
1055 1672 1202 1703 agnosco.
1225 1664 1312 1701 Quod
1331 1664 1499 1704 plurimum
1525 1662 1666 1698 interest,
1681 1664 1786 1692 utrum
1797 1659 1862 1690 sin-

234 1713 299 1754 guli
314 1713 439 1744 codices
464 1713 620 1752 integrum
647 1721 739 1752 opus,
756 1721 796 1743 an
811 1713 949 1753 priorem
964 1716 1083 1744 tantum
1101 1714 1148 1744 vel
1172 1714 1379 1754 posteriorem
1401 1717 1521 1753 partem
1548 1711 1740 1747 contineant,
1764 1710 1794 1741 id
1823 1719 1862 1740 ne

234 1765 329 1794 verbo
356 1763 484 1803 quidem
505 1763 681 1794 declaravit.
713 1764 777 1800 Qua
794 1763 832 1793 de
860 1772 894 1793 re
919 1772 1015 1802 pauca
1033 1765 1124 1795 nobis
1143 1763 1275 1795 dicenda
1291 1767 1374 1795 sunt.
1398 1763 1542 1794 Codicem
1559 1761 1861 1800 Coislinianumipfe

234 1813 363 1845 Moutef.
391 1814 422 1844 in
454 1812 646 1844 Bibliotheca
667 1812 792 1843 Coislin.
825 1821 856 1851 p.
879 1811 945 1849 129,
968 1812 1068 1843 fusius
1095 1813 1258 1852 descripsit
1282 1822 1289 1843 ε
1310 1813 1450 1844 continet
1475 1811 1618 1842 homilias
1636 1811 1710 1841 XLV
1725 1810 1860 1850 priores.

235 1866 351 1905 Regius
378 1865 464 1902 1940,
483 1864 577 1896 hodie
597 1864 665 1900 673,
681 1863 807 1894 easdem
823 1863 926 1894 habet.
945 1864 1061 1903 Regius
1085 1865 1170 1902 1942,
1186 1865 1282 1895 hodie
1305 1864 1373 1902 666,
1394 1868 1426 1896 et
1441 1865 1518 1903 Reg.
1539 1862 1663 1900 1934-3,
1679 1863 1774 1894 hodie
1789 1863 1858 1900 668,

235 1916 356 1956 prieres
371 1915 460 1945 XLIV
476 1919 608 1953 uterque
621 1917 773 1945 numerat.
787 1915 924 1950 Quatuor
935 1915 993 1945 hos
1004 1916 1128 1946 codices
1146 1916 1214 1955 ipse
1228 1915 1363 1956 inspexi,
1379 1915 1593 1954 lectionesque
1607 1914 1773 1944 nonnullas
1785 1913 1860 1944 inde

237 1968 410 2005 excerptas,
426 1965 458 1995 in
476 1964 730 1995 adnotationibus
746 1973 816 1995 cum
835 1966 963 1996 Lectore
989 1966 1227 1997 communicavi.
1247 1966 1364 2005 Regius
1381 1965 1506 2002 1934-4,
1522 1964 1617 1995 hodie
1631 1963 1700 2001 685,
1713 1963 1790 1994 mihi
1811 1965 1858 2001 L.,

220 2015 441 2055 posteriorem
471 2015 669 2046 homiliarum
693 2019 812 2055 partem
833 2016 982 2047 continet.
1000 2017 1043 2048 De
1055 2018 1176 2048 caeteris
1194 2017 1270 2048 nihil
1283 2021 1479 2057 compertum
1498 2016 1610 2047 habeo.
1632 2017 1783 2046 Cteterum
1803 2023 1859 2046 eo-

235 2065 340 2096 dicum
355 2065 509 2096 indicibus
520 2065 552 2096 in
574 2065 677 2097 fronte
697 2066 803 2106 operis
822 2066 943 2106 positis,
960 2071 1070 2106 postea
1095 2076 1113 2098 a
1130 2067 1230 2107 prima
1253 2067 1382 2098 homilia
1406 2075 1506 2106 usque
1525 2065 1563 2097 ad
1595 2065 1794 2096 novissimam
1819 2073 1859 2095 ne

235 2125 333 2148 unum
354 2116 481 2156 quidem
501 2116 685 2147 nominatim
700 2116 851 2156 appellat;
866 2116 920 2147 sed
948 2126 1053 2154 unum,
1072 2117 1144 2154 duo,
1168 2117 1259 2154 alios,
1280 2117 1428 2157 quosdam
1457 2116 1607 2156 plurimos
1620 2139 1627 2152 ,
1645 2115 1706 2146 hoc
1720 2114 1765 2145 vel
1781 2114 1858 2146 illud

235 2167 341 2207 legere
364 2175 508 2203 monens,
526 2166 645 2197 umbris
667 2174 703 2197 ac
733 2166 906 2197 simulacris
926 2166 1075 2197 lectorem
1102 2167 1180 2197 ludit
1197 2166 1251 2208 (b).
1282 2167 1371 2197 Plura
1387 2166 1427 2197 de
1452 2165 1540 2196 istius
1560 2164 1697 2195 hominis
1714 2164 1858 2196 codicum

236 2218 418 2249 tractatione
437 2217 469 2248 in
494 2216 747 2248 adnotationibus
776 2217 850 2253 dixi,
871 2225 940 2256 quae
957 2226 1040 2248 nunc
1064 2221 1207 2257 repetere
1223 2227 1285 2248 non
1301 2218 1413 2258 placet.
1438 2217 1564 2247 Summa
1586 2218 1691 2247 autem
1706 2215 1773 2247 haec
1789 2219 1856 2246 est:

236 2271 365 2302 Codices
383 2279 449 2301 non
469 2269 564 2301 modo
580 2278 644 2300 non
664 2268 794 2299 contulit
813 2270 916 2300 bonus
926 2269 1110 2306 monachus,
1126 2270 1182 2300 sed
1197 2270 1353 2301 interdum
1367 2270 1458 2300 etiam
1477 2269 1510 2299 in
1524 2269 1602 2299 locis
1617 2267 1858 2306 difficilioribus,

237 2325 268 2352 et
282 2322 336 2352 ubi
349 2329 382 2352 se
396 2320 516 2351 haerere
535 2320 710 2360 proﬁtetur,
721 2328 761 2350 ne
776 2320 915 2359 inspexit
933 2319 1062 2359 quidem
1079 2319 1128 2360 (ο).
1145 2320 1305 2351 Variarmn
1321 2320 1491 2351 lectionum
1512 2328 1548 2350 ex
1566 2322 1611 2350 tot
1628 2319 1775 2350 subsidiis
1790 2328 1807 2350 a
1826 2329 1860 2351 se

238 2373 368 2404 evolutis
383 2372 432 2403 vix
447 2372 539 2403 unius
554 2371 688 2403 codicilli
699 2379 832 2402 messem
847 2371 971 2411 collegit
981 2371 1037 2412 (d).
1056 2372 1237 2403 Notularum
1253 2381 1364 2411 magna
1377 2381 1447 2412 pars
1461 2372 1492 2402 in
1512 2372 1591 2403 vitiis
1606 2372 1656 2403 ed.
1667 2372 1859 2404 Morellianaa

272 2475 311 2507 (a)
328 2474 416 2511 Editio
429 2474 529 2502 Morclli
545 2475 658 2509 repetita
674 2480 715 2502 cst
726 2474 894 2502 Francofurli
910 2475 980 2510 apud
991 2475 1019 2502 Β.
1075 2485 1084 2501 ί
1107 2475 1216 2502 Montef.
1232 2476 1311 2511 tacite
1324 2476 1508 2503 exclusitcﬂw.
1520 2476 1587 2503 Nam
1603 2476 1710 2504 codices
1723 2476 1856 2511 inspicere

235 2510 266 2538 Ο.
285 2510 429 2546 Wustium,
445 2517 517 2546 anno
530 2510 605 2537 I698.
621 2545 645 2546 η
803 2545 808 2546 γ
1075 2521 1083 2536 ε
1099 2510 1253 2545 properanti
1280 2511 1380 2539 Critico
1411 2519 1466 2538 non
1484 2511 1605 2538 vacabat.
1626 2521 1634 2537 ι
1653 2512 1720 2539 Ibid.
1736 2510 1830 2546 p.156
1847 2519 1854 2538 :

274 2546 309 2581 (b)
328 2545 419 2581 Semel
434 2545 552 2578 quidem,
573 2553 598 2579 p.
616 2545 678 2575 287,
695 2550 741 2572 not
756 2565 762 2576 ,
776 2545 809 2571 ad
827 2545 944 2572 radicum
963 2555 1019 2573 om-
1075 2555 1083 2571 α
1102 2546 1215 2573 Codices
1228 2546 1370 2573 consulere
1385 2546 1501 2574 debebat
1515 2546 1625 2574 Montcf.
1640 2556 1648 2572 ι
1661 2546 1727 2574 Ibid.
1743 2554 1769 2580 p.
1784 2547 1851 2572 45‘):

237 2581 309 2607 nium
327 2580 709 2616 emendatissiminnprovocat.
725 2587 775 2616 nec
788 2581 1019 2616 noniinattameu.
1074 2590 1083 2606 ‹
1101 2581 1186 2608 Vetus
1206 2581 1343 2615 Interpres
1368 2582 1483 2608 multum
1510 2581 1646 2616 discrepat
1659 2581 1784 2608 aGraeco.
1803 2581 1852 2608 Ilic

236 2615 277 2642 (1f.
302 2622 362 2649 quae
381 2614 435 2641 dixi
463 2615 498 2650 in
514 2614 657 2650 Adnot.rad
679 2623 705 2649 p.
721 2614 783 2642 205.
801 2615 928 2646 Matthaei,
949 2615 1017 2642 Nov.
1074 2626 1083 2641 ‹
1102 2623 1165 2650 ergo
1177 2614 1334 2643 consulendi
1349 2621 1427 2643 erant
1441 2616 1557 2643 codices.
1581 2625 1590 2641 ›
1602 2614 1690 2642 Ἑιείο
1705 2615 1816 2642 centies.

236 2649 327 2686 Eclog.
340 2657 367 2686 p.
383 2649 452 2686 25‘5:
466 2658 474 2673 ε
490 2649 529 2686 _|_ta
543 2649 882 2686 ergoinvenitpltlontcftiu
897 2650 952 2676 suis
960 2650 1020 2677 XIV
1108 2649 1144 2686 (ct)
1162 2650 1218 2677 Hoc
1231 2651 1258 2677 in
1275 2651 1483 2678 Commentariis
1500 2651 1533 2678 ad
1559 2651 1629 2677 Pauli
1645 2650 1778 2686 Epistolas
1804 2658 1854 2684 pou

239 2694 248 2709 ι
264 2683 402 2711 codicibus
417 2683 466 2719 [se
487 2684 699 2720 Iloniiliarumwin
718 2684 857 2719 Joannem]
871 2686 939 2718 apud
957 2693 1020 2712 suos
1071 2683 1200 2712 stc'riorcs
1214 2685 1385 2713 manifestius
1398 2687 1513 2718 videtur,
1525 2686 1570 2713 ubi
1584 2686 1610 2712 in
1623 2683 1725 2720 intégra
1741 2683 1853 2712 homilia

241 2729 249 2759 μ
269 2720 405 2759 quosdam)
420 2724 447 2746 et
463 2719 534 2753 apud
553 2726 616 2746 suos
641 2719 717 2751 alios,
737 2727 804 2754 quos
823 2728 903 2746 nemo
922 2725 1021 2754 przeter
1070 2729 1152 2759 anno:
1168 2721 1303 2748 interdum
1330 2721 1528 2759 lecli_lmcnlam__
1541 2728 1573 2759 cii
1598 2719 1736 2759 codicibus
1760 2720 1851 2759 aﬂcrt.

238 2753 452 2790 ipsumﬂnovit.)
548 2788 555 2790 Ξ
645 2788 665 2790 Ἡ
679 2789 691 2790 η
738 2753 751 2790 ς
924 2753 929 2754 ⁷
1070 2755 1160 2783 Valck.
1177 2763 1270 2790 opusc.
1295 2764 1323 2787 ιι,
1339 2764 1366 2790 p.
1387 2756 1436 2782 198
1452 2766 1458 2783 :
1478 2766 1487 2781 ‹
1500 2755 1565 2782 Illud
1578 2763 1641 2782 vero
1654 2755 1745 2788 miror,
1760 2755 1786 2782 in
1803 2755 1852 2782 ista

275 2789 309 2825 (ο)
323 2789 390 2825 Vide
402 2789 501 2815 Adnot.
523 2788 556 2816 ad
576 2796 621 2823 pp.
642 2788 702 2818 135.
733 2789 796 2822 205,
815 2793 841 2816 ct
854 2790 926 2817 alibi.
944 2790 1017 2816 Idem
1070 2788 1209 2824 splendida
1227 2791 1291 2818 edit.
1306 2788 1358 2817 [alii
1379 2799 1451 2817 raras
1465 2799 1496 2817 ex
1513 2790 1591 2818 codd.
1604 2790 1694 2825 Regiis
1709 2791 1851 2818 adnotatas

239 2823 372 2851 Mattha‘io
385 2832 491 2858 quoque
507 2831 664 2858 persuasum
677 2828 727 2851 est.
744 2825 810 2852 Nov.
827 2825 916 2860 Eclog.
939 2833 963 2860 p.
981 2826 996 2851 7
1010 2835 1016 2852 :
1072 2823 1121 2859 legi
1137 2826 1278 2858 scriptura:
1294 2826 1447 2853 varietates.
1466 2836 1474 2850 ›
