2056 3130
794 141 882 169 Fﬂll).
904 141 1003 169 FIELD
1024 143 1220 173 [‘RiEFATlO.
1808 160 1823 178 ν

201 194 274 243 there
291 190 539 243 typographicis
556 194 700 224 notandis
717 194 869 236 insumpta
883 201 929 227 est
943 197 996 238 (α).
1011 198 1107 230 Porro
1126 209 1177 231 eas
1191 201 1274 241 ipsas
1284 201 1446 239 lectiones,
1459 211 1539 242 quas
1550 202 1639 242 quasi
1655 211 1693 232 ex
1708 202 1808 234 codici
1819 219 1828 224 η

199 239 251 266 tuus
262 239 328 268 suis
343 244 453 272 erutas
480 244 592 281 attulit,
610 253 764 283 magnam,
780 245 844 276 imo
863 249 1028 279 maximam
1056 253 1176 289 partem
1201 239 1218 281 ξι
1245 251 1349 282 Savilii
1369 239 1510 291 margine
1525 239 1675 292 sumpsit;
1694 252 1779 284 unde
1800 253 1829 284 ei

199 297 426 344 nonnunquam
452 295 589 344 accidit,
620 300 653 327 ut
674 296 814 328 vitiosam
843 299 899 329 Ed.
929 301 1182 333 Commeliniame
1209 303 1374 335 lectionem
1394 313 1451 344 pro
1468 305 1612 336 codicum
1625 304 1829 344 quorumdam

200 343 348 394 scriptura
370 343 557 394 iVenditaret
574 345 626 385 (ὸ).
651 347 826 378 Innumeris
848 352 951 380 autem
978 350 1074 388 locis,
1100 353 1152 382 ubi
1172 353 1320 385 Morcllus
1337 358 1367 385 et
1381 354 1512 385 Savilius
1533 343 1829 392 diversaexhibent,

200 393 303 449 posita.
314 393 483 433 utriusque
498 395 643 435 lectione,
655 398 735 430 hanc
751 399 798 430 vel
816 400 901 431 illam
916 404 1170 443 anteponendam
1185 410 1296 442 censet,
1314 405 1399 437 nulla
1414 407 1543 437 omnino
1566 406 1605 436 de
1626 405 1712 438 libris
1735 413 1830 436 manu

201 447 322 499 scriptis
332 447 500 479 mentione
514 448 594 480 facta
604 449 655 489 (ε).
669 451 822 484 Praeterea
835 453 892 484 etsi
908 455 1003 493 paulo
1015 459 1088 487 ante
1102 457 1134 487 in
1144 457 1329 489 Prtefatione
1344 459 1504 499 exemplar
1517 458 1705 489 Savilianum
1716 457 1829 488 merito

201 496 361 552 extulerat,
392 501 608 552 Mrorellianum
636 506 721 534 recte
740 504 949 544 depresserat,
969 512 1085 545 tamen,
1110 510 1194 549 quod
1212 510 1346 547 mireris,
1368 496 1447 548 hoc,-
1458 519 1522 542 non
1537 509 1625 546 illud,
1647 509 1830 548 castigatum

201 547 327 586 quidem
346 558 384 580 ex
398 551 498 582 altero
515 552 564 583 hic
585 553 649 584 illic
668 555 818 594 inspecto,
833 559 1032 598 typographo
1049 568 1106 590 suo
1118 547 1284 592 commisit.
1301 563 1377 592 Nam
1392 561 1468 592 duas
1483 561 1637 592 editiones
1650 568 1722 590 eum
1735 568 1830 590 accu-

201 599 341 654 rata-vel
359 601 454 635 etiam
472 603 624 635 mediocri
647 604 807 644 diligentia
821 616 924 645 usum,
945 609 1028 640 inter
1040 618 1074 640 se
1091 611 1272 648 contulisse,
1291 612 1494 642 vehementer
1517 619 1611 650 nego.
1625 610 1831 641 Probationes

201 655 458 705 Slhqutsquaerat,
475 661 547 684 eum
559 663 623 685 non
641 658 704 686 tam
718 656 764 686 ad.
776 660 914 688 nostram
927 659 1108 697 editionem,
1125 670 1219 700 quam
1237 661 1276 692 ad
1288 661 1389 701 ipsam
1404 660 1638 692 Benedictinam
1649 659 1830 699 nuperrime

202 708 216 729 a
228 699 457 754 Parisiensibus
474 704 649 754 repetitam,
665 706 790 737 remitto
807 707 869 748 (cl);
889 708 920 739 in
936 718 997 748 qua
1009 718 1072 740 non
1093 699 1208 750 paucas
1217 699 1320 742 textus
1341 709 1762 742 Morello-Montefalconiani
1777 708 1830 739 de-

202 753 402 787 pravationes
431 759 494 791 ope
513 753 700 792 exemplaris
719 754 863 786 Saviliani
882 757 1006 788 sustulit
1021 759 1133 796 editor,
1152 760 1251 790 multo
1267 763 1372 791 tamen
1385 759 1491 800 plures
1503 760 1592 791 nobis
1606 759 1759 790 tollendas
1778 767 1829 789 re-

203 799 305 838 liquit.
319 801 409 837 Quod
429 801 468 832 ad
482 802 770 843 interpunctioncm
789 807 910 844 attinet,
925 808 957 838 in
981 808 1039 839 hac
1062 818 1190 850 quoque
1206 814 1293 850 parte.
1312 799 1437 848 Savilio,
1449 811 1568 850 Optimo
1584 810 1676 846 duce,
1692 810 1829 846 deserto,

203 853 284 881 totus
299 851 339 881 ab
363 851 537 893 archetypo
556 862 613 884 suo
632 856 759 894 pendet.
774 858 885 888 Contra
900 868 973 889 cum
993 861 1106 899 pagina
1120 861 1300 893 Morelliana
1316 870 1429 900 magna
1455 869 1609 892 uncorum
1630 861 1660 891 vi
1685 860 1829 891 distincta

203 900 366 951 esset,lios
393 910 515 941 omnes,
533 913 572 935 ne
597 904 773 937 chartarum
792 917 918 940 suarum
947 911 1080 942 nitorem
1104 912 1318 951 obscurarent,
1329 913 1417 943 nullo
1433 913 1556 944 delectu
1570 914 1623 943 aut
1650 911 1829 942 discrimine

202 949 344 981 exsulare
355 952 459 991 jussit.
479 954 659 986 Sectionum
674 956 720 986 vel
737 958 874 998 capitum
891 960 1014 999 partitio
1030 961 1063 991 in
1079 961 1150 992 cdd.
1166 949 1315 992 Commel.
1329 965 1359 993 et
1377 961 1485 993 Morel.
1506 961 1590 992 nulla
1601 963 1648 991 est
1666 969 1673 990 :
1699 959 1829 990 Savilius

203 1005 304 1057 autem
320 1010 358 1032 eo
372 1007 541 1035 contentus
556 1009 632 1043 erat,
651 1009 685 1037 ut
699 1011 819 1047 partem
831 1009 978 1040 moralem
998 1019 1016 1041 a
1034 1011 1157 1051 reliquo
1173 1021 1318 1043 sermone
1336 1014 1523 1044 secerneret.
1540 1012 1623 1052 Opus
1637 1019 1655 1041 a
1671 1010 1829 1050 prioribus

203 1055 352 1108 omissum
367 1055 492 1085 tandem
504 1057 919 1097 confecitMontefalconius,
937 1061 1068 1100 singulis
1083 1061 1219 1093 homiliis
1229 1063 1262 1093 in
1286 1063 1426 1102 quinque
1439 1070 1532 1093 sexve
1543 1062 1708 1102 pericopas
1722 1060 1827 1091 distri-

204 1107 293 1134 butis.
1212 1119 1215 1122 ”

242 1155 287 1185 Ex
302 1165 398 1195 supra
417 1158 509 1189 dictis
525 1168 597 1190 cum
611 1161 685 1192 satis
699 1162 862 1193 evidenter
879 1165 1040 1202 appareat,
1056 1163 1090 1193 in
1107 1163 1213 1194 critica
1230 1163 1370 1204 priorum
1386 1164 1541 1194 editorum
1565 1162 1751 1203 supellectili
1775 1165 1828 1192 aut

204 1207 317 1240 nullam
332 1213 385 1240 aut
398 1211 616 1243 tenuissimam
633 1213 673 1243 ad
691 1217 811 1245 textum
827 1214 1117 1253 recognoscendum
1132 1223 1226 1254 opem
1244 1216 1359 1252 inesse,
1374 1224 1454 1247 nova
1469 1224 1598 1255 prorsus
1613 1214 1750 1246 subsidia
1765 1214 1826 1245 cir-

203 1261 433 1300 cumspeximus
446 1271 454 1298 ;
467 1271 540 1303 quae
564 1264 692 1304 quidem
706 1266 739 1296 in
754 1275 875 1297 summa
893 1266 992 1297 nostri
1007 1266 1123 1306 cperis,
1137 1266 1272 1297 maxime
1282 1266 1366 1306 apud
1380 1267 1518 1303 Graecos,
1542 1265 1638 1305 gratia
1653 1268 1685 1296 et
1698 1264 1829 1296 celebri-

203 1315 271 1347 tate.
294 1321 360 1344 non
375 1313 470 1354 longe
489 1317 626 1355 petenda
643 1321 741 1349 erant.
760 1319 834 1349 Hinc
849 1318 911 1359 jam
931 1319 1135 1349 describenda
1149 1321 1232 1349 sunt.

239 1362 453 1402 Chrysostomi
480 1366 686 1398 Homiliarum
703 1368 736 1398 in
758 1367 934 1399 Matthmum
951 1368 1075 1400 codices
1097 1369 1215 1409 ubique
1240 1372 1271 1400 et
1293 1369 1368 1400 boni
1390 1372 1421 1400 et
1439 1368 1567 1409 plurimi
1581 1370 1711 1399 exstant.
1728 1367 1826 1397 Mem—

201 1411 345 1444 branacei
360 1418 433 1444 sunt
449 1414 516 1447 fere
533 1425 659 1454 omnes;
678 1417 795 1448 smculo
809 1427 832 1448 Χ
845 1418 884 1449 ad
902 1427 946 1448 xu
969 1418 1092 1458 scripti;
1112 1419 1146 1448 in
1163 1418 1252 1457 folio,
1271 1418 1358 1458 quod
1372 1418 1469 1455 aiunt,
1495 1420 1547 1448 aut
1565 1421 1675 1457 quarto
1696 1415 1824 1455 majori;

202 1464 300 1495 nitido
319 1465 512 1504 charactere,
532 1469 610 1499 raris
625 1469 787 1509 scripturae
802 1469 1010 1510 compendiis,
1024 1470 1146 1510 paginis
1162 1470 1195 1500 in
1210 1470 1283 1501 bina
1299 1473 1458 1509 segmenta
1473 1469 1610 1508 oblonga
1630 1468 1746 1499 divisis.
1762 1467 1827 1498 Lit-

201 1519 274 1546 tcrae
292 1516 440 1555 initiates,
460 1521 494 1548 ut
505 1522 535 1549 et
551 1520 644 1550 verba
659 1529 755 1551 sacrae
767 1521 935 1560 Scriptura)
954 1520 1084 1559 singulis
1099 1521 1236 1552 homiliis
1250 1521 1430 1561 praeposita,
1453 1520 1562 1558 minio,
1577 1519 1734 1550 interdum
1748 1526 1829 1557 auro,

201 1566 294 1606 pictae
311 1573 397 1599 sunt.
424 1570 501 1601 Cum
526 1580 600 1603 vero
627 1572 781 1612 prolixius
796 1581 877 1613 opus
901 1573 950 1610 sit,
974 1582 1068 1613 quam
1086 1577 1120 1604 ut
1142 1582 1207 1604 uno
1229 1573 1388 1604 volumine
1406 1572 1621 1608 concludatur,
1641 1578 1778 1610 semper,
1793 1569 1827 1600 ni

201 1616 301 1655 fallor,
313 1619 346 1650 in
363 1620 443 1651 duos
456 1624 560 1656 tomos
574 1622 706 1654 divisum
717 1624 872 1664 reperitur
883 1624 939 1664 (e);
956 1632 1091 1664 quorum
1107 1624 1194 1664 prior
1203 1633 1275 1655 cum
1289 1623 1417 1655 homilia
1433 1632 1506 1654 XLIV
1520 1622 1658 1658 Vel-XLV,
1669 1620 1826 1652 interdum

201 1678 263 1700 xm
278 1670 444 1702 clauditur.
459 1673 595 1712 Utraque
605 1676 709 1704 autem
724 1683 796 1714 pars
812 1683 869 1714 pro
894 1674 1016 1713 integro
1035 1674 1144 1706 codice
1154 1675 1187 1706 in
1208 1674 1358 1714 Catalogis
1373 1674 1524 1711 habetur;
1550 1681 1608 1704 nec
1627 1671 1755 1703 memini
1775 1680 1826 1702 me

202 1729 307 1760 opens
321 1722 485 1762 exemplar
497 1722 616 1758 videre.
633 1724 721 1764 cujus
735 1725 822 1765 prior
836 1733 908 1765 pars
928 1733 1000 1756 cum
1016 1725 1190 1765 posteriore
1206 1725 1306 1756 forma
1321 1729 1351 1755 et
1370 1725 1523 1764 scriptura
1545 1732 1674 1763 prorsus
1693 1731 1827 1754 consen-

202 1772 278 1803 tiret.

239 1825 273 1853 ln
287 1823 395 1862 priore
424 1825 630 1857 Homiliarum
649 1830 737 1866 parte
756 1827 887 1858 adhibiti
904 1831 976 1859 sunt
990 1836 1043 1858 sex
1061 1828 1198 1864 codices,
1222 1836 1357 1867 quorum
1372 1836 1412 1857 ne
1433 1835 1513 1857 unus
1537 1826 1664 1866 quidem
1685 1827 1824 1866 priorum

202 1875 376 1909 editionum
396 1877 505 1908 critico
520 1878 587 1909 usui
603 1877 753 1908 inser-viit.
773 1879 812 1909 Hi
826 1882 898 1910 sunt
917 1888 923 1908 :

237 1959 269 1986 A.
307 1960 484 2001 Bibliotheca:
502 1962 656 2001 coll._Trin.
670 1961 842 2001 Qaptabrnl}.
860 1964 876 1991 8
895 1964 921 1996 ι,
943 1964 971 2001 in
981 1968 1085 2001 quarto,
1111 1964 1344 2001 membranaceus,
1359 1962 1452 2001 _sa3cu_li
1481 1970 1519 1990 xu
1545 1969 1593 2001 aut
1616 1971 1674 1991 xui.
1695 1961 1825 2001 gontinet

306 1996 434 2035 homilias
461 2005 522 2024 χιιι*
533 1998 648 2032 priores.
664 1997 825 2035 _Primirt‘olii
846 2007 915 2035 pars
936 1996 1034 2035 detrita
1059 2003 1118 2035 est;
1133 1999 1299 2033 czeteroquin
1317 1998 1400 2035 codex
1413 1998 1620 2035 _in_tcgerrimus
1639 2001 1691 2035 est.
1703 1998 1784 2026 Venit
1797 1998 1824 2024 in

304 2031 514 2074 bi‘bliothecaln‘
528 2031 591 2060 cum
617 2032 794 2074 multismnliis
821 2031 960 2061 codicibus
976 2035 986 2073 It

1041 2034 1090 2065 eis,
1109 2042 1178 2074 quos
1201 2042 1216 2060 a
1237 2031 1363 2062 emnobio
1380 2032 1426 2074 τεῦ
1447 2031 1711 2074 ῌσείιτοκράερροςίη
1732 2037 1826 2074 incute

304 2065 378 2106 ᾼψο
395 2066 423 2093 in
436 2066 559 2106 Angliam
588 2076 660 2095 anno
682 2069 750 2106 172']
776 2069 898 2106 invectus
914 2065 1187 2106 pretiqncompai‘avit
1197 2073 1226 2106 et
1250 2073 1342 2103 postea
1359 2068 1472 2104 collegio
1485 2065 1727 2106 legavitjticardus
1742 2067 1825 2094 Bent-

307 2100 387 2141 leius,
401 2100 543 2141 societatis
553 2108 652 2141 nnstra:
667 2103 767 2141 grande
783 2104 867 2141 decns
882 2100 1197 2141 et'llagelluni.'l_.ibrur_n
1214 2100 1347 2141 int'egriun
1362 2100 1486 2131 necui-ate
1500 2100 1613 2141 contuli.

235 2134 267 2162 Β.
304 2135 482 2175 Bibliotheca:
494 2138 555 2165 coll.
572 2134 696 2175 Emmah.
711 2138 826 2175 Cantab.
840 2139 860 2166 Ι.
877 2140 901 2170 1,
928 2134 1118 2175 l2vet715,rin
1142 2139 1214 2175 folio,
1240 2134 1474 2175 nicrmbranacens,
1498 2139 1597 2175 smculo
1618 2147 1655 2175 xi,
1680 2138 1772 2174 grandi
1798 2141 1837 2164 ειί

302 2171 419 2212 ρμιοιιτρ
431 2172 596 2212 διιετθειεεῡ,
607 2174 673 2212 __s_cd
692 2173 726 2200 ab
745 2173 873 2212 imperito
892 2175 980 2202 scriba
995 2171 1157 2212 descriptus.
1175 2174 1250 2212 _l_l_nus
1273 2174 1341 2200 liber
1353 2178 1404 2212 est,
1424 2173 1452 2200 in
1467 2175 1521 2200 duo
1536 2173 1674 2212 volumina
1682 2171 1702 2199 Va
1716 2180 1826 2207 compa-

304 2210 380 2233 ctore
391 2207 547 2234 distractus.
558 2207 666 2235 Codicis
683 2208 755 2243 quod
771 2207 902 2243 reliquum
919 2214 960 2236 cst
973 2207 1095 2236 continet
1109 2209 1233 2237 homilias
1249 2217 1317 2236 xxxv
1333 2209 1445 2242 priores,
1462 2209 1581 2242 exceptis
1595 2216 1741 2239 xxv-xxix,
1766 2215 1827 2242 qua:

304 2248 448 2278 nunquam
465 2243 493 2269 in
508 2251 540 2269 eo
551 2242 714 2270 exstiterunt
730 2253 735 2270 :
752 2251 815 2270 nam
827 2242 937 2271 homilia
951 2244 1086 2271 tricesima
1099 2252 1214 2271 numero
1228 2252 1279 2270 xxv
1290 2247 1408 2270 notatur.
1429 2244 1564 2270 Praeterea
1583 2242 1712 2278 temporis
1724 2242 1826 2278 damno

303 2277 447 2311 perierunt
460 2283 561 2312 partes,
579 2286 640 2313 quae
653 2283 814 2313 sequuntur.
830 2279 870 2307 Ab
881 2279 958 2307 initio
972 2280 1063 2314 operis
1073 2280 1105 2307 ad
1123 2288 1150 2315 p.
1170 2279 1186 2307 9
1202 2280 1234 2305 Α.
1249 2279 1298 2306 lin.
1312 2279 1337 2306 1.
1354 2288 1360 2305 :
1375 2287 1389 2305 a
1400 2287 1426 2314 p.
1439 2278 1473 2306 49
1488 2278 1517 2304 Β.
1534 2278 1582 2305 lin.
1604 2276 1679 2305 Lad
1700 2286 1727 2312 p.
1743 2278 1776 2305 5'0
1792 2276 1823 2305 C.

239 2354 410 2392 (alMattlIazi
431 2357 465 2384 Ν.
479 2356 511 2383 Ε.
533 2364 560 2391 p.
577 2356 624 2384 l2!
642 2367 647 2383 :
665 2356 989 2392 ς-ΚαρηεαρίαιΜοῐῈΙ,

209 2390 551 2429 ιᾳρῃθαρεζαιΜοκτι-ητξ-
562 2391 669 2429 Utinam
689 2390 819 2429 neglectis
835 2390 992 2419 manifestis

210 2426 271 2463 vitiis
285 2427 450 2463 editionum,
468 2427 575 2463 codices
586 2426 741 2463 diligentius
754 2430 910 2463 tractasset.
926 2436 935 2452 I

239 2461 271 2494 (ό)
287 2461 355 2488 Vide
371 2462 473 2489 Adnot.
489 2462 522 2489 ad
536 2470 580 2496 pp.
599 2460 647 2495 8οξ
657 2463 720 2494 207,
733 2460 796 2494 555,
812 2462 874 2489 502.

235 2494 268 2531 (ι)
282 2497 353 2524 Vide
367 2497 471 2524 Adnot.
485 2497 518 2524 ad
579 2498 632 2524 265
645 2502 671 2524 et
693 2498 766 2524 alibi.
791 2497 885 2524 Matth.
901 2496 936 2523 N.
957 2496 990 2523 E.

200 2539 225 2566 p.
241 2531 292 2558 215
310 2541 355 2558 :——
371 2542 381 2557 ε
401 2532 564 2559 Commelin.
577 2538 604 2559 et
617 2532 709 2559 Morel.
723 2533 847 2563 ὲπὶταῖς.
868 2531 987 2558 Momm.

197 2581 231 2586 -—
246 2566 301 2594 lloc
315 2567 383 2594 mihi
398 2567 522 2594 mirabile
536 2571 585 2598 est,
602 2568 683 2601 quod,
697 2568 828 2602 neglectis
836 2567 987 2599 codicibus,

198 2601 340 2637 editiones,
352 2610 424 2636 quas
432 2602 547 2636 quilibet
561 2602 693 2637 inspicere
707 2601 806 2637 potest,
822 2606 962 2629 memorat.
975 2611 984 2627 ι

198 2636 263 2671 ibid.
278 2645 305 2671 p.
332 2638 388 2664 255
407 2646 466 2663 :—
483 2647 492 2662 ι
512 2636 611 2664 ΜοΓεΙξ
633 2637 797 2671 ἀγάλλεσθαι
825 2637 914 2669 πλέον,
934 2637 985 2664 ὅτι.

197 2670 285 2698 εανὶιξ
295 2672 467 2706 ἀγάλλεσθαι
483 2672 571 2699 πάλιν.
598 2670 715 2699 ltloxrer.
732 2686 767 2692 —
781 2672 849 2705 Quid
866 2679 929 2699 vero
943 2672 987 2699 hic

197 2710 223 2732 et
233 2712 343 2734 centum
362 2707 432 2734 locis
448 2707 509 2734 aliis
521 2707 737 2738 codices?Nihil.
753 2707 850 2741 inquit.
868 2717 877 2732 ι

231 2742 268 2775 (d)
287 2742 335 2769 Ed.
353 2742 536 2769 Benedictina
547 2750 640 2770 recusa
654 2747 696 2770 est
706 2743 826 2770 Venetiis
833 2749 904 2769 anno
918 2742 985 2769 17ῖὶ5

197 2780 223 2802 et
242 2777 405 2811 nuperrime
422 2777 544 2807 Parisiis.
559 2777 668 2805 editoris
680 2778 789 2805 nomine
806 2778 903 2805 celato.
922 2777 986 2804 11ωο

196 2811 259 2838 mihi
268 2817 311 2839 est
322 2811 374 2839 Ed.
392 2812 498 2839 Bened.
511 2813 548 2838 ‘2'.

229 2847 262 2883 (ε)
278 2846 414 2883 Quinque
438 2847 561 2880 codices,
579 2853 633 2876 tres
656 2847 752 2882 prioris
766 2847 859 2882 partis,
875 2851 902 2874 et
916 2847 983 2874 duos

1044 2356 1209 2390 posterioris.
1225 2355 1368 2390 descripsit
1385 2356 1495 2382 Montcl‘.
1519 2355 1545 2382 in
1570 2354 1693 2383 Bibliotlt.
1716 2354 1825 2382 Coislin.

1043 2400 1069 2425 p.
1085 2392 1135 2419 129
1148 2400 1187 2426 sq.
1203 2391 1256 2418 Sex
1271 2392 1379 2426 prioris.
1396 2396 1423 2417 et
1439 2391 1548 2418 totidem
1569 2390 1736 2424 posterioris,
1754 2391 1826 2426 Mos-

1043 2434 1102 2461 qua:
1118 2427 1145 2453 in
1161 2425 1323 2453 bibliotheca
1336 2427 1384 2453 SS.
1400 2426 1499 2461 Synodi
1517 2425 1826 2461 exstantes,,desgripsit

1044 2459 1173 2488 Matthxi.
1201 2460 1267 2488 Nov.
1286 2461 1352 2488 Tcst.
1370 2459 1435 2488 toni.
1462 2460 1507 2490 IX.
1523 2468 1550 2495 p.
1570 2459 1621 2487 205
1648 2467 1708 2494 sqq.
1729 2460 1826 2489 Falsus

1044 2500 1086 2524 est
1102 2495 1250 2532 Catalogus
1259 2503 1325 2532 mss.
1356 2495 1484 2523 Biblioth.
1501 2496 1575 2532 ἷξες.-
1586 2500 1657 2532 tom.
1669 2495 1701 2527 ll,
1711 2503 1747 2532 Ap.
1762 2495 1823 2527 -121,

1044 2540 1121 2558 num.
1135 2530 1222 2558 662.]
1241 2531 1280 2558 Ibi
1297 2532 1472 2558 continentur
1500 2530 1528 2557 S.
1563 2530 1674 2558 Joannis
1706 2530 1824 2566 Chryso-

1045 2567 1124 2593 stomi
1146 2566 1268 2593 llomilim
1292 2566 1319 2592 iu
1338 2566 1504 2592 Mattlueum.
1523 2565 1714 2592 Desiderantur
1729 2565 1824 2592 decem

1041 2602 1157 2636 priores.
1176 2611 1185 2626 ι
1205 2601 1330 2628 Codicem
1345 2601 1459 2636 inspexi,
1470 2600 1515 2635 qui
1531 2601 1652 2628 continet
1666 2600 1789 2636 homilias
1798 2608 1824 2627 Vl

1041 2635 1073 2663 ad
1094 2644 1145 2663 xcv
1168 2644 1229 2663 cum
1256 2636 1385 2670 particula
1411 2636 1484 2662 hom.
1512 2644 1537 2662 v.
1562 2636 1667 2662 Rursus
1681 2635 1732 2661 sub
1747 2643 1823 2662 num.

1041 2672 1092 2699 665
1107 2672 1204 2706 legitur
1219 2680 1225 2697 :
1247 2681 1255 2696 ι
1274 2671 1312 2697 lbi
1330 2671 1503 2698 continentur
1513 2671 1541 2698 ὃ.
1555 2670 1633 2697 Joan.
1649 2670 1747 2706 Chrys.
1769 2670 1824 2706 llo-

1041 2707 1121 2734 miliir.
1133 2700 1164 2734 in
1178 2706 1271 2733 Matth.
1293 2706 1326 2732 ab
1337 2706 1415 2732 Hom.
1429 2706 1478 2732 tad
1490 2714 1596 2738 LXXXIX,
1613 2705 1690 2739 cujus
1702 2700 1763 2732 linis
1774 2705 1824 2732 dc-

1039 2742 1182 2769 sideralur.
1200 2751 1215 2766 ι.
1227 2741 1292 2771 Imo,
1311 2741 1485 2768 continentur
1500 2741 1617 2768 humilia:
1631 2748 1639 2767 ι
1655 2740 1688 2766 ad
1703 2748 1746 2771 xx,
1768 2747 1822 2767 non

1039 2777 1149 2812 integra:
1163 2786 1169 2803 :
1186 2776 1283 2812 deinde
1300 2781 1361 2810 post
1385 2783 1430 2812 xx
1457 2776 1608 2803 absolutam
1634 2774 1731 2809 incipit
1746 2776 1838 2812 hom.»

1036 2810 1116 2845 Lxxx',
1134 2811 1241 2838 omissis
1255 2811 1484 2846 intcrjacentibus.
1830 2810 1832 2813 ‘
