2056 3130
252 128 261 144 \
270 127 298 147 ιιι
861 116 952 144 FRlD.
973 115 1074 143 FlELD
1102 113 1293 143 PBAEFATIO.

254 178 325 210 quae
340 179 376 202 ex
394 172 536 205 Homiliis
555 174 587 205 in
606 175 784 206 Matthmum
812 180 959 216 excerpta
974 178 1057 213 sunt,
1074 175 1227 212 omnium,
1245 175 1277 206 ni
1288 174 1390 213 fallor,
1406 175 1532 206 sedibus
1546 175 1709 214 indagatis,
1724 175 1879 206 lectiones

253 231 314 254 nec
328 233 443 263 paucas
457 234 514 257 nec
529 228 786 265 contemnendas,
802 237 866 258 non
881 228 949 259 sine
965 235 1080 266 magno
1094 227 1202 258 labore
1220 229 1329 258 nactus
1344 236 1424 258 sum.

292 274 520 315 Theophylacti
534 278 780 310 Commentarius
796 279 828 309 in
843 278 1033 315 Matthteum,
1053 278 1147 318 hujus
1165 278 1271 313 operis
1284 278 1317 308 in
1333 277 1464 316 gratiam
1479 286 1497 308 a
1509 277 1601 308 nobis
1618 286 1781 310 excussus.
1794 286 1875 308 non-

254 324 332 355 nihil
347 325 478 356 subsidii
493 327 604 358 attulit.

292 389 408 429 Majore
422 414 429 426 ,
453 391 516 421 imo
550 391 687 422 maximo
722 401 793 423 cum
819 391 935 429 fructu,
956 392 1146 423 contulimus
1166 391 1325 432 Euthymii
1349 391 1497 431 Zigabeni
1513 400 1604 431 opus,
1627 391 1713 431 quod
1732 399 1877 430 magnam

254 441 374 476 partem
390 447 428 469 ex
452 438 664 479 Chrysostomi
690 441 934 477 commentariis,
951 441 1053 472 verbis
1082 441 1243 481 paululum
1269 442 1406 480 mutatis,
1431 441 1615 482 decerptum
1635 450 1714 477 esse,
1732 442 1879 472 omnibus

255 492 364 520 notum
381 494 437 521 est.
454 492 554 532 Hujus
568 492 673 532 operis
690 493 785 524 editio
801 494 908 525 Latina
925 503 943 524 a
958 495 1079 524 Joanne
1096 494 1252 525 Hentenio
1271 494 1425 532 confecta,
1440 493 1516 524 inde
1533 494 1572 524 ab
1590 501 1674 524 anno
1692 492 1766 522 1544
1779 493 1879 523 exsti-

255 541 291 572 tit
308 550 314 571 :
332 542 458 572 Graecus
477 546 580 573 autem
605 547 709 574 textus
729 545 865 585 primum
888 553 905 575 a
928 544 1084 576 Mattheeio
1110 553 1193 576 anno
1216 545 1290 577 1792
1306 554 1344 576 ex
1364 545 1487 576 duobus
1510 543 1603 575 codd.
1619 544 1740 582 Mosqq.
1760 543 1879 582 publici

254 591 332 630 juris
353 591 464 624 factus.
478 601 562 623 nunc
578 593 704 624 tandem
718 594 756 625 ad
768 594 855 634 ipsos
872 594 976 626 fontes
995 595 1204 635 purgandosa
1226 595 1317 626 nobis
1336 595 1493 626 adhibitus
1507 598 1564 625 est.

293 653 503 689 Quaestionem
522 654 561 685 de
575 655 708 692 Aniano,
726 658 830 686 vetere
842 655 953 686 harum
972 656 1177 687 Homiliarum
1191 657 1374 697 interprete,
1391 657 1535 697 pluribus
1551 656 1691 687 tractavit
1714 655 1875 686 Montefal—

255 704 367 737 conius
388 704 422 734 in
445 704 642 742 Prtefatione,
663 708 740 736 sect.
756 715 775 736 ν
793 714 800 735 :
819 714 890 745 quae
901 715 986 737 nunc
1002 711 1145 746 repetere
1160 715 1225 738 non
1235 709 1333 738 vacat.
1349 707 1448 748 Hujus
1462 707 1615 737 versionis
1625 706 1752 742 Latinae,
1766 705 1882 736 saeculo

255 764 276 785 ν
288 756 452 793 confectae,
469 765 542 796 pars
555 757 695 799 minima,
708 767 778 798 quae
797 759 916 790 scilicet
931 762 1003 789 octo
1019 758 1142 798 priores
1156 758 1300 790 homilias
1314 758 1465 795 continet,
1487 757 1581 789 hodie
1593 757 1628 788 in
1647 757 1737 788 editis
1756 765 1884 796 compa-

255 807 302 835 ret
318 813 324 834 :
341 808 441 836 totum
457 815 531 838 vero
547 806 660 837 librum
676 808 715 839 ab
731 817 770 839 eo
789 817 978 839 conversum
993 816 1073 844 esse,
1092 808 1156 839 imo
1171 809 1325 847 integram
1338 808 1405 848 ejus
1418 807 1593 838 versionem
1605 806 1643 837 ad
1661 806 1745 836 hunc
1755 805 1838 836 diem
1850 806 1882 836 in

256 855 517 887 bibliothecarum
532 856 660 888 latebris
677 857 860 889 delitescere
872 866 978 898 posse,
994 857 1209 897 probabilibus
1224 858 1416 897 argumentis
1431 856 1807 888 docuitMontefalconius
1823 854 1880 896 (α).

294 907 446 938 Homilias
466 916 577 939 omnes
592 917 609 939 a
623 917 707 939 nona
719 909 758 940 ad
772 908 913 940 ultimam
924 908 1032 939 Latine
1051 909 1180 940 vertisse
1197 909 1290 948 vulgo
1305 908 1442 940 creditur
1464 908 1615 947 Georgius
1634 907 1879 947 Trapezuntius:

256 958 340 998 quod
355 962 462 989 tamen
478 967 543 990 non
561 960 648 990 omni
663 968 702 990 ex
717 962 806 999 parte
820 968 929 990 verum
944 967 1013 989 esse
1028 959 1122 990 docui
1135 959 1170 992 in
1178 959 1291 990 Adnot.
1309 959 1348 990 ad
1363 969 1395 999 p.
1413 958 1480 989 838.
1493 959 1665 998 Utrumque
1678 958 1881 997 interpretem

256 1011 328 1048 post
341 1009 480 1040 Boisium
500 1011 530 1039 et
545 1008 692 1039 Savilium
718 1008 822 1039 denuo
837 1008 876 1038 ad
905 1008 1119 1038 dissensiones
1142 1007 1288 1039 codicum
1316 1007 1530 1047 dijudicandas
1553 1007 1715 1044 advocavi;
1744 1006 1882 1038 adhibita

258 1061 362 1090 tamen
377 1067 499 1090 summa
518 1058 675 1095 cautione,
693 1066 733 1088 ne
745 1066 784 1088 ex
802 1057 911 1088 solutis
922 1057 1137 1096 verbosisque,
1153 1057 1312 1088 interdum
1327 1057 1419 1088 etiam
1435 1057 1519 1087 falsis
1534 1057 1739 1096 interpretum
1755 1065 1883 1087 conver-

256 1109 410 1146 sionibus,
430 1117 525 1139 novas
535 1107 688 1139 lectiones
706 1107 971 1139 comminiscerer.
990 1106 1169 1146 Exemplari
1183 1111 1288 1138 autem
1302 1115 1378 1137 usus
1391 1114 1471 1142 sum,
1495 1105 1580 1145 quod
1595 1105 1628 1135 in
1644 1109 1729 1136 tomo
1743 1106 1884 1136 secundo

256 1159 402 1192 editionis
417 1159 641 1198 Clirysostomi,
658 1158 783 1189 Parisiis
796 1166 880 1189 anno
896 1157 969 1188 1580
984 1158 1091 1188 Latine
1104 1167 1239 1194 excusaa,
1258 1160 1374 1194 exstat;
1392 1156 1447 1187 ubi
1462 1157 1500 1187 ad
1515 1156 1634 1187 calcem
1645 1157 1731 1188 hom.
1746 1166 1798 1187 xc:
1813 1156 1882 1187 haec

257 1211 402 1249 leguntur
419 1209 509 1239 :Divi
524 1209 657 1239 Joannis
674 1208 888 1247 Chrysostomi
900 1207 1111 1238 Homiliarum
1127 1208 1202 1238 XCI
1222 1208 1256 1238 in
1273 1207 1456 1238 Matthceum
1469 1207 1553 1246 ﬁnis,
1573 1216 1631 1247 per
1644 1207 1780 1247 Philipp.
1800 1209 1885 1238 Mon-

257 1265 364 1292 tanum
379 1262 612 1300 recognitarum
627 1260 668 1290 ad
685 1259 877 1298 exemplaria
891 1261 997 1292 Graeca
1017 1261 1077 1291 duo
1095 1262 1315 1298 vetustissima,
1335 1270 1401 1300 quce
1414 1260 1503 1290 nobis
1518 1260 1771 1299 suppeditaverut
1787 1260 1885 1299 Regia

257 1312 341 1351 apud
357 1311 565 1352 Bella-Aqua:
579 1313 697 1351 fontem
709 1311 905 1342 bibliotheca.
916 1311 1039 1342 Scilicet
1052 1315 1138 1342 textu
1150 1311 1258 1342 Latino
1271 1311 1394 1350 integro
1411 1313 1544 1347 servato,
1558 1311 1724 1341 Montanus
1740 1309 1886 1341 emenda-

258 1363 360 1394 tiones
375 1371 447 1393 suas
464 1372 530 1393 non
543 1362 586 1393 ita
603 1362 717 1393 multas
733 1362 766 1392 in
780 1362 921 1401 margine
934 1361 1042 1392 illevit.

300 1439 458 1470 Versiom's
474 1439 615 1469 Armenta
627 1437 739 1468 harum
757 1436 963 1467 Homiliarum
982 1437 1124 1467 notitiam
1139 1437 1242 1467 debeo
1258 1436 1332 1467 viris
1349 1437 1490 1473 eruditis,
1507 1436 1721 1467 Benedictina}
1740 1436 1881 1476 repetita:

258 1489 448 1527 editoribus;
476 1489 530 1528 qui
549 1489 583 1519 in
604 1487 774 1519 Corollario
789 1487 829 1518 ad
850 1486 1084 1518 Montefalconii
1109 1486 1326 1518 Prtefationem
1351 1487 1418 1518 haec
1432 1487 1628 1527 scripserunt
1645 1496 1651 1517 ε
1670 1498 1685 1515 ‹‹
1701 1487 1887 1518 Versioncm

258 1546 424 1574 Armenam
439 1541 556 1572 saaculo
574 1550 594 1571 v
610 1541 786 1572 confectam
803 1542 834 1571 S.
848 1539 978 1571 Joannis
991 1539 1204 1578 Chrysostomi
1222 1539 1523 1570 Commentariorum
1537 1539 1569 1569 in
1586 1540 1617 1569 S.
1634 1538 1774 1570 Matthtei
1786 1539 1886 1569 Evan-

259 1595 376 1635 gelium
392 1593 477 1634 typis
494 1593 709 1632 vulgaverunt,
726 1592 849 1623 duobus
864 1590 1079 1622 voluminibus
1097 1590 1130 1621 in
1143 1594 1263 1627 octavo,
1279 1590 1497 1621 Mechitaristaa
1521 1591 1616 1621 Revv.
1636 1592 1742 1622 Patres
1761 1591 1887 1622 Armeni

258 1647 291 1677 in
309 1645 412 1677 insula
424 1646 456 1675 S.
471 1644 588 1681 Lazari,
605 1644 755 1680 Venetiis,
773 1652 858 1674 anno
877 1642 964 1679 1826,
980 1642 1075 1673 nullis
1092 1642 1205 1673 additis
1220 1641 1303 1673 notis
1316 1641 1444 1679 Latinis,
1460 1644 1490 1671 et
1502 1641 1570 1672 sine
1586 1642 1786 1673 translatione
1801 1642 1863 1673 ulla
1877 1651 1884 1672 :

259 1698 301 1728 ita
313 1701 349 1728 ut
372 1697 475 1733 nobis,
501 1699 644 1727 Armenes
659 1695 775 1733 linguae
801 1694 930 1734 ignaris,
958 1694 1019 1725 hoc
1034 1693 1114 1724 libro
1132 1693 1176 1724 uti
1189 1702 1253 1724 non
1277 1701 1463 1724 concessum
1478 1692 1583 1723 fuerit.
1602 1704 1616 1721 »
1638 1693 1764 1723 Librum
1783 1693 1886 1724 statim

260 1748 450 1788 comparavi,
467 1750 497 1777 et
513 1755 571 1786 pro
586 1754 656 1776 mea
669 1745 758 1776 istius
772 1745 888 1784 linguae
903 1745 1045 1781 scientia,
1060 1753 1131 1783 qua:
1150 1752 1303 1783 perquam
1319 1744 1430 1782 exigua
1448 1747 1505 1780 est,
1519 1752 1631 1782 magna
1642 1752 1713 1774 cum
1728 1743 1887 1783 voluptate

260 1797 371 1829 evolvi.
400 1797 546 1827 Continet
571 1794 716 1826 homilias
733 1803 785 1825 Lm
810 1794 943 1834 priores.
973 1795 1131 1833 Interpres
1152 1794 1260 1824 Graeca
1274 1793 1374 1832 probe
1401 1793 1567 1830 intellexit,
1590 1797 1672 1824 terse
1697 1802 1733 1824 ac
1754 1793 1887 1824 ﬁdeliter

260 1849 430 1889 expressit;
447 1847 605 1878 interdum
619 1855 701 1876 unus
715 1845 857 1876 omnium
870 1853 980 1876 verum
995 1844 1071 1874 vidit
1089 1844 1142 1884 (ὁ).
1159 1845 1314 1881 Quantum
1333 1853 1407 1875 vero
1423 1844 1562 1875 utililatis
1577 1845 1616 1875 ad
1632 1844 1802 1883 genuinum
1826 1844 1887 1874 Nn-

259 1900 315 1930 stri
327 1908 437 1930 aurum
448 1907 465 1929 c
480 1898 626 1929 sordibus
641 1896 815 1928 eruendum
830 1897 904 1927 inde
919 1896 1164 1937 perceperimus,
1181 1905 1238 1936 pro
1255 1905 1288 1927 se
1303 1896 1437 1936 quisque
1451 1896 1522 1936 ipso
1537 1896 1786 1936 opereinspecto
1799 1895 1886 1935 judi-

260 1959 332 1981 care
344 1950 460 1990 poterit
480 1948 534 1988 (ὁ).

299 2010 389 2047 Quod
403 2014 558 2049 superest,
575 2018 696 2040 merces
706 2018 792 2040 meas
807 2017 882 2040 sane
897 2008 1158 2049 locupletissimas
1173 2009 1336 2050 quomodo
1352 2009 1385 2039 in
1397 2008 1511 2039 chartis
1523 2008 1739 2048 explicuerim,
1752 2009 1886 2040 breviter

260 2061 486 2100 exponendum
501 2064 559 2091 est.
578 2060 686 2100 Itaque
703 2060 802 2090 varias
826 2059 989 2095 lectiones,
1013 2068 1053 2090 ne
1071 2060 1177 2100 operis
1195 2069 1253 2100 per
1280 2069 1314 2090 se
1341 2060 1501 2091 crassioris
1523 2059 1623 2090 moles
1647 2068 1741 2099 supra
1758 2060 1886 2091 modum

262 2116 452 2149 cxcurreret,
468 2121 540 2142 cum
552 2112 674 2143 delectu
682 2112 836 2143 notandas
849 2111 934 2142 duxi.
949 2113 985 2142 In
1001 2120 1064 2151 quo
1078 2112 1270 2149 adhibendo,
1282 2112 1395 2143 accidit
1407 2111 1495 2149 mihi,
1506 2111 1592 2151 quod
1603 2111 1760 2148 omnibus,
1778 2112 1885 2149 credo,

262 2162 315 2202 qui
332 2161 371 2192 ad
387 2170 454 2192 rem
466 2161 603 2192 criticam
627 2162 819 2192 tractandam
837 2160 931 2200 paulo
947 2160 1090 2191 rudiores
1104 2161 1305 2197 accesserint,
1324 2164 1359 2191 ut
1374 2161 1503 2191 ineunte
1519 2169 1616 2200 opere
1637 2161 1789 2191 nonnulla
1805 2170 1887 2201 prae-

261 2212 476 2249 termitterem,
493 2220 564 2252 quae
579 2214 685 2252 postea
702 2211 896 2251 experientia
908 2211 1018 2242 doctus
1033 2210 1121 2242 nullo
1135 2211 1232 2242 modo
1252 2211 1484 2242 contemnenda
1500 2218 1569 2241 esse
1582 2210 1657 2241 vidi.
1676 2210 1756 2241 Hinc
1773 2210 1887 2245 factum

262 2267 318 2300 est,
334 2267 368 2294 ut
379 2263 475 2294 altera
491 2272 561 2303 pars
574 2263 780 2293 Homiliarum
794 2263 974 2293 uberiorem
988 2263 1174 2294 variantium
1190 2263 1364 2294 lectionum
1381 2265 1519 2301 segetem
1535 2262 1654 2301 jactare
1667 2262 1822 2299 videatur;
1839 2263 1888 2293 cui

262 2318 366 2345 tamen
379 2313 592 2353 inmqualitati,
608 2313 725 2351 multis,
743 2322 814 2353 quae
825 2313 912 2353 prius
928 2313 1106 2351 omiseram,
1127 2314 1160 2344 in
1172 2314 1394 2344 adnotationes
1408 2313 1525 2351 relatis,
1539 2313 1669 2344 remedii
1680 2313 1798 2353 aliquid
1813 2313 1889 2344 alla-

262 2370 326 2396 tum
343 2369 399 2396 est.
417 2367 571 2397 Praeterea
584 2366 611 2396 si
623 2366 703 2397 forte
717 2366 868 2397 lectiones
882 2366 1076 2397 Oxonienses
1090 2366 1190 2397 serius
1206 2366 1407 2403 advenerant,
1423 2374 1518 2406 quam
1535 2369 1570 2396 ut
1586 2374 1644 2396 suo
1659 2374 1794 2405 quaeque
1818 2365 1889 2397 loco

263 2419 454 2452 notarentur,
470 2417 510 2447 de
526 2416 575 2447 his
586 2425 714 2456 quoque
728 2417 761 2447 in
776 2415 1032 2449 adnotationibus
1045 2417 1155 2449 sedulo
1169 2417 1326 2448 monitum
1337 2420 1396 2448 est.

298 2481 334 2510 In
350 2479 440 2510 variis
453 2479 642 2511 lectionibus
659 2479 837 2518 digerendis
848 2480 903 2511 has
920 2480 986 2511 fere
1001 2481 1124 2520 regulas
1143 2483 1270 2511 secutus
1286 2488 1356 2510 sum
1378 2487 1384 2508 :

300 2544 323 2573 ῐ.
343 2542 484 2580 Codices,
499 2543 554 2582 qui
578 2552 642 2574 non
657 2547 882 2581 memorantur,
908 2544 968 2574 nisi
985 2544 1065 2574 forte
1087 2535 1198 2575 lacuna
1212 2546 1323 2579 exstet,
1340 2551 1413 2572 cum
1432 2544 1521 2572 textu
1543 2543 1652 2571 nostro
1671 2538 1888 2570 consentiunt.

297 2662 333 2696 (a)
354 2661 412 2688 Huc
429 2661 565 2694 pertinere
575 2661 681 2688 videtur
692 2661 843 2695 exemplum
856 2661 882 2687 in
898 2660 996 2687 Adnot.
1014 2662 1046 2688 ad
1101 2660 1238 2696 Chrysost.
1250 2660 1299 2687 ista
1309 2660 1445 2696 leguntur.
1462 2658 1548 2696 Hujus
1556 2657 1636 2696 verba
1645 2659 1709 2682 sunt.
1719 2656 1756 2696 (ῃ.
1769 2654 1890 2696 12),ρξὶ.ξὲ

262 2706 288 2732 ι).
299 2690 358 2724 ’634
369 2690 492 2732 allatumt
509 2696 584 2722 Adde
599 2696 693 2732 Petav:
713 2696 746 2732 ad
761 2690 857 2732 Syrtes.
874 2700 945 2732 noue
961 2704 987 2732 p.
1002 2697 1045 2722 57.

1100 2697 1116 2730 ἠ
1133 2690 1165 2721 ἐπί
1190 2690 1348 2728 πρυτανείιεῖ
1370 2694 1484 2728 σίτησις.
1503 2690 1634 2718 Ἀιιὶτιιιιις
1647 2698 1720 2730 vero.
1732 2690 1886 2732 ilanredldi't,

263 2724 272 2758 Ir
286 2732 345 2759 Non
356 2732 446 2758 ritilius
459 2730 591 2758 falsusest
601 2724 806 2765 idernScaliger,
816 2731 879 2757 dum
887 2739 919 2757 ex
929 2724 1044 2762 Ailimm,
1100 2724 1145 2756 tim;
1162 2724 1263 2765 publice
1279 2730 1306 2756 in
1321 2724 1454 2765 Prytaneo
1471 2733 1603 2765 apparata
1620 2725 1750 2765 convivia.
1766 2725 1810 2751 Sic
1824 2724 1886 2751 ille:

263 2767 346 2807 veteri
365 2766 552 2807 Clirysoslprni
577 2766 736 2800 interprete,
751 2760 1045 2807 bonjeetatur‘tpetaé
1099 2760 1238 2807 necvi}ng
1251 2769 1348 2807 castra,
1360 2760 1410 2807 iter;
1428 2763 1455 2789 in
1471 2760 1601 2807 Ῑίςῖμςιὶιξςρ
1615 2760 1748 2807 sportula.
1770 2768 1779 2784 ι

264 2804 318 2829 usta
330 2795 478 2836 sumpsisse
493 2795 715 2836 Chrysostomum
731 2795 782 2835 pro
799 2795 916 2835 sportula
933 2795 1044 2835 ὶηῬνῃ-
1134 2802 1169 2834 (ὁ)
1182 2795 1248 2826 Vide
1261 2799 1415 2836 ΑσιηυιηςιςιΔ
1424 2806 1467 2832 pp.
1483 2795 1524 2828 89,
1538 2796 1600 2836 ωδ,

263 2843 348 2870 tuneo.
374 2830 474 2864 verum
493 2830 581 2870 neque
607 2836 677 2871 apud
696 2830 840 2869 Aidanum,
864 2845 950 2870 neque
974 2830 1044 2870 aipiid
1134 2830 1279 2869 (riVidein
1294 2835 1387 2869 primis
1403 2830 1544 2860 Allnot.ad
1555 2831 1668 2866 pp.i|5,
1684 2830 1743 2862 H7,
1758 2830 1816 2857 H7.
