2056 3130
835 139 926 167 FBID.
947 140 1049 167 ΗΕιῦ
1069 140 1266 170 ΡῐῖιίΕῈΑΤΙΟι.

1005 140 1049 167 LD
1069 140 1266 170 ΡῐῖιίΕῈΑΤΙΟι.
1788 152 1816 172 ι’(

200 196 245 229 libi
262 204 341 228 vero
362 199 507 238 conices,
532 201 588 241 qui
614 202 822 239 nominantur,
842 205 1000 243 receptam
1022 203 1192 235 lectionem
1215 203 1348 239 habent,
1365 206 1496 234 caeteros
1513 212 1570 240 pro
1590 203 1703 242 rejecta
1724 206 1814 239 stare,

200 256 246 287 per
258 256 292 278 se
308 250 387 280 satis
402 250 604 290 intelligitur.

232 309 266 339 [Ι.
290 310 333 340 De
344 311 416 342 aliis
427 313 573 351 testibus,
589 314 643 354 qui
670 315 794 345 nonnisi
809 315 901 346 certis
912 315 990 346 locis
1000 315 1152 356 appellari
1163 318 1307 354 possunt,
1321 324 1349 346 e.
1366 323 1395 354 g.
1406 315 1464 355 Ep.
1476 313 1568 345 Euth.
1580 312 1724 353 Theopli.
1735 312 1806 343 Flor

199 363 225 388 et
238 360 381 400 Interpp.
399 361 461 392 nisi
475 362 592 394 diserte
609 365 819 401 nominentur,
835 365 913 395 nihil
932 373 950 395 a
964 367 1094 396 Lectore
1115 365 1216 404 colligi
1237 369 1350 404 potest.

235 424 286 453 ΙΠ.
300 424 468 457 Editorum
483 427 635 458 librorum
649 428 799 459 lectiones
816 437 943 469 semper
953 433 983 460 et
1005 430 1125 469 ubique
1145 437 1392 460 commemorare
1413 436 1479 458 non
1493 425 1592 457 nostri
1610 425 1667 456 fuit
1690 424 1820 463 incepti.

202 473 305 512 linque
322 482 412 513 saepe
426 476 553 513 accidit,
570 480 604 506 ut
618 476 712 507 lectio
730 477 833 507 minus
848 478 1031 517 probabilis,
1053 487 1091 509 ex
1105 486 1170 509 uno
1185 481 1237 509 aut
1251 477 1394 517 pluribus
1408 476 1502 508 codd.
1517 476 1550 506 in
1565 475 1704 513 margine
1717 473 1819 511 allata,

203 533 234 554 ea
248 525 315 564 ipsa
332 524 384 560 sit,
403 534 475 564 quae
490 526 522 556 in
537 526 608 557 edd.
624 530 676 557 aut
691 527 890 566 quibusdam,
908 531 962 558 aut
975 528 1066 559 etiam
1081 528 1226 559 omnibus
1243 527 1425 568 reperiatur.

242 588 291 617 1V.
306 587 369 618 Ubi
384 596 443 627 pro
459 588 557 619 altera
568 588 702 619 lectione
717 598 821 619 omnes
835 589 954 629 scripti,
971 597 1028 628 pro
1040 589 1134 620 altera
1146 598 1217 620 vero
1230 599 1332 619 omnes
1345 588 1418 620 editi
1432 587 1503 619 libri
1513 590 1663 628 pugnant,
1680 586 1824 617 codicum

205 638 338 669 lectione
353 641 494 678 recepta,
509 638 623 669 editam
638 638 672 668 in
691 639 830 677 margine
844 639 965 678 scripsi,
982 648 1052 669 cum
1069 644 1153 676 nota,
1173 651 1186 667 ‹‹
1203 639 1280 670 Edd.
1295 651 1310 668 ››

247 699 280 727 V.
305 698 367 729 Ubi
381 698 414 728 in
427 698 533 738 aliqua
547 698 682 730 lectione
697 699 812 731 tuenda
829 708 902 729 cum
914 701 999 729 textu
1015 699 1168 730 Saviliano
1187 701 1386 731 consentiunt
1403 710 1505 730 omnes
1519 700 1655 736 codices,
1670 699 1751 730 hanc
1772 699 1824 729 in-

210 750 346 781 numeris
365 749 455 786 locis,
473 750 589 788 rcjeeta
606 748 741 780 lectione
756 750 1121 787 Morello-Benedictina,
1139 752 1230 781 tacite
1249 751 1372 782 excudi.

245 810 295 840 VI.
318 810 354 840 In
371 809 483 840 ordine
496 810 663 840 verborum
682 810 901 841 constituendo
917 810 1047 849 singulis
1064 811 1141 842 locis
1152 811 1259 852 plures
1276 815 1306 842 et
1321 812 1468 843 meliores
1482 812 1579 843 libros
1600 816 1725 843 secutus
1743 819 1825 846 sum,

210 859 302 898 idque
317 860 485 890 maximam
508 862 627 900 partem
649 867 715 889 non
734 860 855 891 monito
877 861 1023 898 Lectore;
1040 870 1110 892 cum
1127 861 1257 892 inﬁnitae
1274 861 1365 892 molis
1386 861 1508 898 fuisset,
1522 870 1632 892 omnes
1646 859 1825 902 hujusmodi

210 910 396 942 mutationes
409 910 442 941 in
455 910 587 941 tabellas
602 910 729 941 referre.

249 982 420 1013 Moralium
436 983 522 1014 initia
535 984 598 1023 jam
610 987 680 1015 ante
696 992 755 1014 nos
770 984 951 1015 distinxerat
965 984 1112 1022 Savilius;
1128 985 1308 1016 eorumdem
1319 993 1393 1015 vero
1405 986 1585 1023 argumenta
1596 991 1679 1013 nunc
1691 982 1827 1021 primum

213 1044 228 1064 ε
243 1035 407 1066 codicibus
425 1034 548 1075 prolata
560 1039 642 1066 sunt.
658 1035 732 1066 Haec
747 1035 780 1066 in
795 1035 956 1066 codicibus
971 1044 1036 1066 non
1052 1036 1197 1067 omnibus
1213 1036 1320 1067 eadem
1333 1035 1497 1074 leguntur:
1510 1035 1569 1066 alia
1583 1044 1641 1065 nos
1656 1035 1823 1071 edidimus,

213 1086 268 1116 alia
285 1086 395 1116 Latine
408 1094 498 1116 versa
515 1085 549 1116 in
562 1085 664 1116 fronte
678 1086 783 1125 operis
797 1084 882 1115 dedit
896 1085 1053 1116 Morellus.
1072 1086 1114 1117 De
1125 1085 1173 1116 his
1189 1090 1287 1117 exstat
1301 1087 1453 1117 Monitum
1468 1086 1501 1116 in
1519 1085 1628 1116 codice
1641 1085 1764 1116 Ceislin.
1778 1085 1827 1122 66,

213 1135 293 1176 quod
309 1135 360 1167 hic
377 1135 556 1167 exscribere
575 1135 618 1165 nil
639 1138 727 1166 vetat.
749 1135 858 1170 Ἐπειδὴ
874 1135 934 1166 ἔθος
949 1134 982 1171 ἦν
993 1136 1025 1171 τᾷ

1015 1136 1034 1171 ῷ
1046 1136 1247 1172 μακαριωτὰτῳ
1258 1135 1365 1172 Ἰωάννῃ
1378 1135 1416 1171 τῷ
1432 1135 1615 1170 Χρυσοστόμῳ
1629 1134 1696 1169 μετὰ
1706 1134 1827 1170 τὸέρμη-

213 1188 303 1214 νεῦσαι
319 1187 350 1213 τὸ
365 1188 430 1223 παρ’
445 1188 529 1215 αὑτοῦ
544 1187 674 1223 προτεθὲν
689 1187 864 1221 εὖαγγελικὺν
879 1187 959 1223 ῥητὸν
972 1189 1013 1220 εἰς
1027 1187 1122 1223 ἠθικὸν
1139 1188 1307 1215 καταπαύειν
1324 1189 1369 1215 τὸν
1381 1188 1469 1220 λόγον,
1483 1188 1631 1221 ἀναγκαῖον
1654 1186 1765 1221 ἐνόμισα
1784 1185 1830 1212 καὶ

210 1237 243 1262 τὰ
257 1235 321 1270 παρ’
334 1236 417 1262 αὐτοῦ
432 1235 462 1261 ὲν
476 1236 515 1271 τῷ
539 1235 627 1271 ἠθικῷ
646 1235 715 1262 κατὰ
729 1235 828 1266 πλάτος
844 1235 978 1270 εἰρημένα
991 1236 1020 1262 ὲν
1034 1236 1158 1271 συντόμῳ
1172 1236 1314 1271 προτάξαι,
1330 1235 1374 1262 ἵνα
1393 1235 1441 1271 ἔχῃ
1457 1237 1470 1261 ό
1482 1235 1640 1270 βουλόμενος
1657 1233 1707 1268 τὴν
1717 1233 1829 1267 δύναμιν

210 1283 254 1310 τοῦ
266 1283 367 1315 παντὸς
380 1283 477 1318 ἠθικοῦ
493 1283 601 1314 ἀπόνως
613 1283 660 1310 καὶ
676 1284 704 1309 ἐν
719 1282 842 1318 συντόμῳ
855 1283 991 1318 εὑρίσκειν
1006 1283 1022 1323 (ε

1017 1283 1061 1323 α).
1077 1283 1267 1323 Plerumque
1277 1292 1350 1315 vero
1365 1291 1431 1313 non
1445 1283 1476 1313 in
1490 1282 1593 1313 fronte
1609 1281 1724 1321 operis,
1745 1280 1827 1311 indi-

211 1336 253 1365 cis
273 1334 381 1370 modo,
400 1334 456 1365 sed
469 1334 534 1364 suis
548 1342 682 1373 qumque
694 1333 770 1364 locis
784 1334 817 1363 in
828 1333 968 1371 margine
981 1334 1063 1371 libri,
1080 1333 1166 1373 quod
1184 1342 1242 1364 nos
1259 1333 1402 1370 fecimus,
1419 1335 1602 1371 argumenta
1618 1334 1777 1362 notantur.

246 1398 279 1427 In
299 1397 568 1433 adnotationibus,
583 1400 697 1437 praeter
711 1405 746 1427 ea
761 1405 832 1436 quae
847 1397 892 1427 vel
912 1396 949 1426 ad
965 1396 1094 1427 criticen
1106 1395 1152 1426 vel
1174 1395 1213 1426 ad
1236 1395 1529 1435 interpretationem
1552 1391 1725 1424 necessaria
1745 1390 1830 1420 vide-

210 1448 328 1484 bantur,
347 1448 500 1488 pauculas
513 1448 707 1488 conjecturas
722 1450 843 1478 nostras
860 1447 899 1478 ad
916 1446 976 1478 alia
995 1447 1212 1486 gratiosissimi
1237 1446 1378 1477 Auctoris
1394 1445 1510 1485 scripta
1532 1443 1739 1484 pertinentes,
1758 1449 1830 1471 cum

209 1500 332 1530 Lectorc
344 1499 660 1530 communicavimus.

246 1563 408 1593 Postremo
433 1563 474 1593 ad
494 1562 619 1594 Indices
646 1564 813 1593 consuetos
837 1561 966 1592 accessit
984 1561 1062 1592 alius
1080 1562 1221 1597 Graecus;
1241 1560 1274 1590 in
1289 1569 1351 1599 quo
1370 1558 1566 1590 conficiendo
1586 1558 1618 1588 id
1633 1556 1831 1597 potissimum

207 1612 279 1643 mihi
297 1613 502 1652 propositum
521 1616 579 1649 est,
594 1616 629 1643 ut
645 1620 754 1643 eorum
776 1611 950 1643 commodis
965 1611 1145 1648 inserviam,
1166 1611 1220 1650 qui
1234 1610 1365 1650 posthac
1384 1609 1444 1640 alia
1467 1609 1599 1640 fortasse
1620 1606 1832 1646 Chrysostomi

206 1673 298 1703 opera
317 1665 488 1703 purganda
509 1665 698 1704 suscipient;
723 1664 809 1704 quod
828 1665 987 1702 negotium
1010 1667 1073 1694 tam
1099 1663 1292 1703 expeditum,
1311 1670 1406 1702 quam
1422 1661 1635 1693 necessarium
1656 1667 1736 1695 esse,
1762 1661 1833 1698 post

205 1724 304 1745 meum
319 1714 468 1745 laborem
489 1723 598 1751 nemo,
614 1714 737 1754 opinor,
753 1713 888 1752 negabit.

239 1776 425 1808 Scribebam
441 1774 661 1813 Cantabrigiae,
685 1774 735 1804 die
750 1774 817 1803 XIX
830 1773 942 1812 Aprilis
957 1773 1210 1804 MDCCCXXXIX.

231 1884 268 1923 (α)
295 1886 360 1923 Haec
389 1886 456 1923 ipse
488 1887 639 1923 exrcodirc
667 1887 805 1923 exscripsi.
823 1888 898 1915 Nunc
918 1888 996 1915 video

1050 1888 1099 1915 alia
1112 1888 1192 1914 αὐτὸν
1205 1887 1366 1923 προτέροθεν
1378 1886 1463 1923 dedit.
1476 1885 1529 1914 Sed
1545 1887 1730 1921 apograptium
1743 1891 1832 1911 meum

196 1921 285 1948 eadem
299 1921 561 1958 aqMontet‘alconio
571 1923 598 1948 in
608 1922 673 1949 Bibl.
685 1922 792 1949 Coislin.
809 1931 834 1957 p.
857 1923 908 1950 150
923 1923 995 1950 edita
1051 1924 1140 1951 verius
1155 1921 1231 1957 esse,
1242 1921 1330 1958 quivis
1341 1922 1424 1949 videt.

194 1963 261 1989 esse,
276 1956 323 1991 qui
338 1961 442 1984 tamen
463 1965 521 1992 pro
531 1957 620 1985 verbis
643 1958 672 1984 τὸ
684 1959 747 1992 παρ’
762 1956 842 1984 αὐτοῦ
854 1958 993 1994 προτεθὲν,
