2056 3130
250 133 282 160 t‘»
613 134 642 164 ‘s.
655 135 795 165 JOANNlS
810 135 1048 163 mirn'snsrmu

1104 135 1221 162 :CIIIEP.
1238 133 1507 162 CONSTANTINOP.
1566 113 1575 122 ’
1855 134 1888 161 «ι

246 180 304 219 qui
324 180 365 210 ob
380 178 515 209 divisam
539 179 571 208 in
585 179 665 209 duas
683 180 838 210 decimam
856 187 988 214 nonam,
1006 179 1182 219 nonaginta
1197 182 1227 210 et
1243 188 1342 210 unam
1357 181 1505 211 liomilias
1519 181 1683 212 numerari
1699 181 1837 219 videbat,
1855 185 1884 213 in

249 218 393 250 eamdem
404 219 581 258 Epistulam
595 219 663 249 XCI
677 228 847 250 numerum
861 219 1025 249 inductum
1041 218 1150 249 fuisse.

250 291 263 326 ς
290 289 340 319 \‘l.
357 307 395 311 —
408 289 453 319 De
467 290 727 330 interpretatione
740 290 870 330 Georgii
887 290 1109 330 Trapezuntii.
1141 295 1169 330 et
1184 290 1220 320 de
1234 299 1317 321 nova
1345 291 1557 322 Hamilt'arum
1576 292 1714 323 omnium
1738 293 1772 322 in
1792 291 1875 322 Mu-

846 330 958 360 thwum
978 339 998 359 a
1012 329 1103 360 nobis
1122 329 1288 361 adornata.

287 400 322 430 lu
336 400 435 430 Edilis
446 401 568 431 Latinis
582 410 717 442 operum
732 401 965 442 Chrysostomi,
993 402 1132 441 itemque
1153 402 1185 431 in
1201 402 1422 433 Grmcolatinis
1439 401 1691 433 Commeliniano
1716 405 1747 433 et
1761 403 1882 433 Morel—

246 439 348 475 liano.
366 444 439 479 post
453 443 526 470 octo
549 439 674 482 priores
687 439 849 477 homilias,
865 439 1179 482 quarumrintérpres
1193 442 1326 473 Latinus
1350 443 1496 472 Anianus
1515 445 1580 482 est,
1597 443 1642 472 uti
1653 442 1718 482 jam
1733 443 1882 480 diximus,

246 484 370 510 caetera:
383 489 495 510 omnes
510 490 583 510 cum
605 481 873 520 interpretatione
888 481 1021 520 Georgii
1036 482 1243 520 Trapezuntii
1270 482 1439 520 prodiere;
1469 481 1523 512 sed
1553 483 1586 512 in
1602 481 1791 513 Morelliana
1819 486 1882 514 tam

249 520 364 550 Aniani
380 529 479 556 quam
501 520 631 554 Georgii
644 521 852 560 Trapezuntii
867 522 1033 553 versiones
1048 523 1243 554 retractatae.
1258 525 1289 552 et
1303 522 1335 552 in
1351 522 1459 552 multis
1487 525 1618 552 mutata:
1637 525 1833 560 comparent.
1849 525 1882 552 ut

657 878 897 923 SANCTI
952 878 1193 924 PATRIS

1244 878 1492 926 NOSTRI

337 1034 855 1125 JOANNIS
943 1034 1817 1127 CHRYSOSTOMI

722 1227 979 1256 ARClllEPlSCOPl
1007 1223 1428 1260 CONSTANTINOPOLITANI,

815 1362 1043 1421 OPERA
1081 1361 1328 1418 OMNlA.

1015 1508 1144 1515 _——

400 1616 742 1651 COMMENTARIUS
762 1617 813 1649 IN
831 1617 1039 1649 SANCTUM
1056 1616 1116 1647 MA
1125 1615 1318 1647 ΤΤΠΛΕΠΜ
1340 1611 1675 1646 Ε1ἈΝ6Ει18ΤΑΜ
1693 1614 1749 1654 (α).

994 1864 1137 1896 ΠΟΜΙΙΛᾹ
1151 1867 1171 1894 1.

299 2005 323 2032 1.
339 2004 405 2031 Libri
419 2004 562 2038 Scriptura:
571 2011 616 2030 cur
636 2002 700 2029 dati.
713 2002 767 2030 Lea:
780 2002 880 2037 quando
892 2007 915 2028 et
927 2001 1053 2036 quomodo

257 2051 330 2078 data.
347 2050 373 2078 Ν
376 2058 446 2078 ονωη
459 2050 646 2078 Testamentum
659 2050 761 2085 quando
781 2054 803 2076 et
817 2048 942 2084 quomodo
955 2048 1050 2074 datum.

259 2097 356 2124 ~Par
370 2101 441 2124 esset
453 2097 559 2132 quidem
579 2104 627 2124 nos
648 2096 718 2123 nulla
736 2103 814 2130 cgere
837 2095 974 2122 literarum
989 2102 1051 2128 ope.

258 2143 307 2171 sed
329 2143 364 2170 ita
385 2150 477 2178 puram
500 2142 626 2170 exhibere
644 2143 736 2174 vitam,
752 2145 781 2168 ut
794 2140 908 2175 Spiritus
920 2140 1002 2175 gratia
1018 2139 1052 2166 li-

260 2189 369 2217 brorum
387 2190 470 2217 instar
483 2189 559 2217 nobis
580 2194 652 2217 esset
669 2197 675 2216 :
690 2195 722 2216 ac
735 2188 804 2216 sicut
818 2187 876 2215 libri
890 2191 1050 2217 atramento.

258 2237 299 2263 sic
317 2236 398 2264 corda
418 2241 507 2264 nostra
527 2235 626 2270 Spiritu
649 2236 707 2270 ipso
722 2239 812 2263 essent
833 2235 969 2268 inscripta.
985 2233 1051 2267 Quia

257 2290 324 2310 vero
338 2282 490 2317 hujusmodi
512 2282 625 2318 gratiam
645 2281 804 2316 depulimus,
824 2289 882 2316 age.
905 2282 1050 2308 secundum

258 2329 433 2363 navigationis
444 2335 551 2355 cursum
564 2327 749 2362 suscipiamus.
761 2326 839 2354 Certe
848 2326 965 2361 primum
978 2325 1051 2352 illinn

258 2381 366 2401 cursum
383 2373 593 2407 pr;estantiorem
617 2372 708 2403 fuisse.
724 2377 752 2399 et
773 2372 862 2399 verbis
881 2376 908 2399 et
927 2372 1052 2405 operibus

261 2420 325 2454 ipsis
338 2420 454 2446 ostendit
469 2419 548 2447 Deus.
564 2418 699 2454 Siquidem
715 2418 770 2445 Noe
785 2422 812 2444 et
832 2417 983 2444 Abrahamo
1002 2425 1050 2444 ne-

261 2466 418 2501 potibusque
432 2466 500 2499 ejus,
518 2473 622 2493 necnon
635 2465 705 2493 Jobo
720 2465 822 2499 ipsique
833 2464 926 2499 Moysi,
942 2471 994 2490 non
1006 2471 1052 2497 per

260 2513 351 2539 literas
363 2511 529 2546 loquebatur,
546 2512 592 2539 sed
613 2519 658 2546 per
677 2518 706 2538 se
728 2511 793 2545 ipse.
816 2509 886 2544 quod
909 2516 1003 2544 purum
1024 2509 1050 2535 in

259 2558 323 2592 ipsis
343 2557 461 2584 animum
480 2557 620 2591 reperiret.
642 2557 782 2590 Postquam
802 2560 891 2582 autem
911 2555 1051 2581 universus

259 2603 432 2630 llebrmorum
452 2602 562 2636 populus
578 2603 602 2628 in
617 2601 774 2636 proftindnm
789 2601 912 2635 nequitia:
926 2601 1051 2635 delapsus

258 2654 309 2681 est,
325 2655 434 2675 necesse
449 2647 554 2674 demum
569 2648 616 2673 init
629 2652 657 2673 ut
672 2648 753 2674 literis
767 2651 792 2673 et
807 2646 902 2673 tabulis
915 2646 947 2673 ad
958 2654 1050 2672 eorum

258 2694 493 2723 communitionem
505 2698 639 2725 uteretur;
652 2693 729 2727 idque
740 2701 792 2719 non
802 2693 826 2719 in
839 2691 943 2719 Veteris
951 2685 1056 2725 solum;

274 2769 1049 2832 δὲῗ)ξὲἓῖ¹¹ἓὲὶὲἶξίῗεςὲἷίἱ¹ὲῖῖξῖς.“ἒῆιιἆθῒὶλιξῗῗδηξῗὲἓίιὲιοὲῗίῗτὲε

259 2801 383 2837 ίῦϐ,’ὶο6,
397 2803 566 2829 t‘nisliniannm
577 2802 615 2826 66.
631 2801 710 2836 Alium
732 2802 791 2837 item
808 2801 878 2837 Dom:
893 2801 1011 2832 t‘oucault,
1025 2805 1051 2827 et

257 2842 424 2864 :ruronensem
435 2837 467 2862 D.
477 2837 509 2862 du
521 2834 612 2862 roirier
625 2833 712 2860 medici
724 2832 887 2860 eruttitissuni.

1107 2000 1153 2028 sed
1169 2000 1196 2028 in
1210 2000 1276 2028 Novi
1290 2000 1369 2028 etiam
1382 1996 1546 2029 Testamenti
1559 2003 1658 2030 sanctis
1672 2003 1767 2030 factum
1783 2007 1894 2038 Compe-

1106 2046 1198 2073 rimus.
1208 2046 1299 2081 Neque
1307 2048 1376 2074 enim
1391 2044 1517 2081 apostolis
1529 2048 1627 2082 scripto
1641 2048 1775 2083 quidpiam
1788 2049 1896 2076 tradidit

1107 2092 1187 2124 Deus,
1201 2091 1248 2119 sed
1265 2100 1312 2127 pro
1328 2093 1411 2120 literis
1425 2092 1538 2127 Spiritus
1552 2094 1662 2128 gratiam
1676 2101 1705 2120 se
1724 2093 1846 2121 daturum
1862 2094 1895 2120 il-

1105 2137 1138 2164 lis
1152 2137 1283 2172 pollicitus
1296 2142 1337 2165 est
1357 2147 1364 2164 :
1381 2147 1440 2165 nam
1457 2138 1513 2170 Ille,
1535 2139 1582 2172 ait,
1597 2144 1710 2175 suggeret
1728 2140 1797 2167 vobis
1812 2142 1896 2167 omnia

1106 2182 1196 2218 (Joan.
1212 2184 1254 2211 14.
1267 2183 1324 2220 26).
1334 2185 1368 2212 Ut
1378 2192 1441 2212 vero
1450 2185 1537 2212 discas
1547 2185 1596 2212 hoc
1607 2185 1684 2221 longe
1697 2187 1790 2219 melius
1802 2186 1892 2219 fuisse,

1103 2230 1165 2257 audi
1179 2231 1242 2266 quid
1256 2239 1303 2266 per
1316 2232 1473 2266 prophetam
1485 2232 1555 2260 dicat
1568 2241 1574 2258 :
1588 2232 1726 2268 Disponam
1742 2234 1811 2261 vobis
1822 2238 1896 2260 tesla-

1104 2282 1216 2303 mentum
1230 2285 1330 2310 novum,
1347 2278 1410 2304 dans
1426 2278 1490 2313 leges
1505 2286 1573 2305 meas
1587 2279 1613 2306 in
1629 2284 1710 2306 mente
1721 2287 1816 2313 eorum,
1831 2285 1853 2306 et
1869 2281 1895 2307 in

1104 2322 1220 2350 cordibus
1239 2331 1327 2350 eorum
1347 2324 1454 2350 scribam
1474 2331 1526 2357 eas,
1549 2327 1572 2350 et
1593 2329 1665 2351 erunt
1686 2333 1771 2352 omnes
1791 2325 1859 2351 docti
1879 2334 1896 2352 a

1105 2368 1158 2395 Deo
1172 2368 1238 2402 (Jer.
1252 2369 1297 2396 3|.
1314 2369 1358 2396 51.
1373 2369 1431 2404 53).
1446 2369 1543 2397 Paulus
1556 2377 1662 2405 quoque
1677 2370 1745 2398 hanc
1758 2371 1896 2398 declarans

1104 2415 1294 2449 prmslantiam.
1309 2415 1412 2442 dicebat
1427 2415 1561 2450 accepisse
1577 2423 1607 2443 se
1624 2416 1719 2451 legem,
1742 2416 1803 2443 Non
1816 2417 1841 2443 in
1855 2422 1895 2443 ta-

1105 2461 1170 2487 bulis
1184 2461 1300 2495 lapideis,
1316 2461 1360 2488 sed
1379 2461 1406 2488 in
1423 2461 1514 2488 tabulis
1528 2461 1612 2489 cordis
1625 2462 1768 2489 carnalibus
1782 2462 1818 2498 (2.
1834 2463 1893 2490 Cor.

1104 2508 1129 2535 5.
1145 2509 1182 2543 5).
1197 2508 1262 2541 Quia
1273 2516 1336 2536 vero
1347 2512 1407 2540 post
1420 2508 1530 2535 multum
1547 2510 1674 2543 temporis
1686 2509 1730 2536 alii
1744 2509 1814 2536 circa
1827 2508 1893 2544 dog-

1103 2559 1185 2586 mata.
1208 2554 1252 2581 alii
1262 2555 1335 2582 circa
1358 2555 1439 2582 vitam
1452 2560 1480 2582 et
1499 2562 1589 2582 mores
1610 2555 1784 2590 impegerunt,
1800 2563 1895 2583 neces-

1104 2601 1171 2627 saria
1192 2601 1280 2627 denuo
1302 2601 1349 2627 fuit
1363 2601 1405 2627 illa
1428 2608 1477 2636 per
1499 2601 1591 2628 literas
1613 2600 1751 2627 institutio.
1768 2601 1895 2628 Animad-

1103 2652 1190 2673 vertas
1201 2647 1291 2679 velim,
1305 2652 1431 2681 quantmn
1444 2647 1508 2674 illud
1519 2647 1617 2673 malum
1631 2647 1678 2679 sit;
1691 2646 1760 2681 quod
1773 2647 1822 2673 etsi
1833 2654 1893 2674 cum

1103 2696 1174 2718 tanta
1195 2692 1308 2726 puritate
1327 2694 1408 2719 vitam
1433 2701 1512 2727 agere
1536 2693 1688 2724 debeamus,
1713 2697 1742 2718 ut
1762 2700 1796 2719 ne
1821 2692 1895 2720 libris

1102 2737 1209 2773 quidem
1225 2738 1259 2764 sit
1273 2746 1350 2772 opus,
1373 2739 1419 2765 sed
1442 2739 1568 2765 librorum
1584 2738 1641 2764 vice
1656 2737 1737 2764 corda
1759 2737 1894 2765 oﬂ'erenda

1103 2784 1156 2810 sint
1179 2783 1287 2818 Spiritui
1313 2788 1404 2811 saneto
1428 2783 1603 2815 instituenda;
1629 2789 1770 2818 postquam
1792 2788 1893 2810 tantum

1105 2831 1234 2856 honorem
1255 2829 1402 2863 amisimus,
1420 2834 1500 2865 atque
1519 2837 1552 2857 eo
1573 2829 1673 2857 redacti
1694 2836 1797 2864 sumus,
1813 2834 1842 2857 ut
1861 2830 1893 2856 li-
