2056 3130
178 132 215 160 95
769 137 800 164 ΙΝ
821 137 1030 168 ΜΑΤΤΙΙΑΞΠΜ
1063 138 1180 167 ΙΙΟΜΙΙε.
1202 139 1221 167 Ι.
1776 141 1808 170 Ιϐ

174 186 232 214 bris
244 193 313 220 opus
325 186 492 220 habeamus;
515 196 548 216 ne
563 189 614 217 hoc
632 189 748 218 secundo
760 191 867 226 quidem
881 200 970 220 reme-

173 232 221 259 dio
236 236 264 258 tit
279 239 328 266 par
340 237 414 260 esset
424 239 541 261 utamur.
556 235 622 263 Nam
635 237 657 263 si
670 244 721 263 non
732 237 809 272 culpa
821 243 898 266 vacat
912 239 970 266 lite-

172 278 213 305 ris
223 285 315 313 egere,
331 285 380 306 nec
393 286 441 313 per
453 287 484 307 se
497 280 611 316 Spiritus
624 282 735 317 gratiam
755 283 905 318 attrahere;
922 292 970 312 co-

170 324 227 359 gita
242 328 373 359 quantum
386 326 490 353 crimen
509 327 544 354 sit
563 335 597 355 ne
617 328 667 356 hoc
683 329 791 364 quidem
810 331 910 358 auxilio
931 332 969 359 uti

171 370 253 403 velle,
273 370 323 397 sed
337 371 430 399 literas
441 372 501 399 illas
516 374 591 407 quasi
603 373 699 402 frustra
714 380 741 402 et
753 380 854 404 temere
869 377 970 412 positas

170 414 323 449 despicere,
344 420 373 443 et
388 416 519 451 majorem
534 418 561 445 in
575 426 604 446 se
617 420 750 448 attrahere
760 428 878 455 poenam.
893 422 969 456 Quod

170 468 206 487 ne
218 460 334 494 accidat,
349 461 496 497 Scripturis
516 468 639 492 accurate
651 465 825 494 adhibeamus
837 468 967 503 animum,

168 512 203 532 ac
216 505 353 533 discamus
365 508 499 542 quomodo
510 514 586 537 vetus
602 510 644 538 lex
659 511 720 539 data
733 512 822 546 fuerit,
834 515 969 549 quomodo

168 554 264 584 postea
280 551 383 588 Novum
396 553 608 582 Testamentum.
620 556 679 589 Quo
691 557 769 592 igitur
779 559 859 586 modo
871 560 913 587 lex
923 561 968 589 illa

167 596 231 623 data
247 602 303 624 tum
318 598 384 625 fuit?
396 600 504 634 quando
516 605 543 628 et
558 601 683 630 ubinam?
705 603 769 630 Post
781 604 967 640 [Egyptiorum

168 643 330 677 perniciem,
342 644 369 671 in
381 644 500 680 deserto,
515 651 541 674 et
555 647 581 674 in
594 653 685 676 monte
697 648 770 683 Sina,
785 650 858 677 fumo
869 655 896 679 et
907 651 968 687 igne

167 689 204 716 de
229 694 322 718 monte
342 697 510 727 erumpente,
532 693 593 721 tuba
613 694 763 729 clangente,
783 696 967 732 frequentibus

168 734 320 770 fulguribus
333 740 414 771 atque
429 738 563 772 tonitruis,
578 738 722 774 Moyseque
736 740 761 767 in
776 742 860 776 ipsam
875 743 967 778 caligi-

168 788 230 808 nem
249 782 374 810 intrante.
394 783 424 811 ln
440 784 515 812 Νοιό
528 790 615 813 autem
634 794 687 813 non
708 787 742 813 ita
756 794 805 815 nec
819 788 845 815 in
859 788 967 816 deserto

168 835 219 855 nec
230 828 257 856 in
272 833 375 862 monte,
385 837 438 856 non
449 838 510 858 cum
526 830 607 864 fumo,
618 832 746 865 tenebris,
761 834 874 868 caligine
886 840 966 870 atque

169 874 300 908 procella,
315 875 364 903 sed
377 875 486 904 ineunte
499 876 552 910 die,
566 877 649 911 domi,
665 879 790 907 omnibus
805 888 856 908 una
869 882 967 909 seden-

169 919 251 953 tibus,
272 927 368 955 magna
388 929 450 948 cum
472 923 662 958 tranquillitate
683 931 756 959 geSIa
778 930 841 953 sunt
864 927 962 955 omnia.

168 963 357 993 Ferocioribus
375 968 473 1002 quippe
487 967 538 995 illis
550 973 576 995 et
590 968 814 1003 etl'renatiOribus,
836 978 965 1007 corporea

168 1010 258 1044 specie
279 1017 348 1045 opus
367 1017 442 1045 erat;
463 1020 558 1048 nempe
577 1013 734 1049 solitudine,
757 1020 857 1049 monte,
879 1017 964 1052 fumo,

169 1056 239 1084 tuba:
261 1057 390 1093 clangore
409 1064 437 1087 et
459 1060 605 1094 similibus;
629 1061 829 1091 sublimioribus
852 1072 916 1092 vero
937 1069 965 1093 et

169 1102 430 1137 ohsequentiuribus,
453 1104 498 1140 qui
521 1113 663 1141 corporeas
685 1107 861 1143 cogitationes
886 1110 965 1146 longe

168 1153 374 1187 “superabant,
391 1152 541 1189 huiusmodi
554 1155 633 1183 rebus
647 1155 713 1184 nihil
728 1164 795 1192 opus
806 1162 872 1185 erat.
887 1158 964 1192 Quod

168 1198 190 1224 si
211 1203 239 1225 et
267 1198 338 1233 apud
363 1199 423 1227 illos
450 1207 533 1228 sonus
555 1201 671 1229 emissus
695 1206 753 1236 est,
774 1202 800 1230 id
822 1211 875 1231 non
897 1211 964 1239 apo-

167 1243 319 1278 stolorum,
347 1245 395 1272 sed
417 1245 570 1274 Judieorum
592 1251 655 1275 tunc
685 1249 856 1283 prtcsentium
882 1257 963 1278 causa

170 1287 269 1329 factum
303 1295 357 1322 εει,
397 1291 527 1327 simulque
559 1293 644 1328 igneze
675 1294 772 1329 linguas
797 1296 861 1322 visa:
889 1301 961 1324 sunt.

164 1327 230 1356 Nam
266 1329 289 1357 si
313 1330 356 1358 bis
384 1332 420 1358 ita
442 1332 525 1367 gestis
540 1352 548 1366 ,
573 1327 649 1369 ipsos
673 1327 762 1363 musto
788 1336 881 1372 plenos
899 1344 959 1366 esse

163 1375 288 1403 dicebant
300 1376 370 1411 (Act.
391 1377 418 1404 2.
439 1379 501 1414 t5);
515 1376 696 1417 multomagis
716 1382 742 1410 id
760 1383 856 1412 dicturi
870 1389 961 1417 erant,

163 1421 185 1448 si
201 1421 268 1449 nihil
285 1422 383 1450 horum
397 1423 535 1452 vidissent.
557 1425 592 1453 Et
613 1427 640 1455 in
661 1429 745 1456 veteri
760 1428 868 1464 quidem
888 1429 958 1465 lege,

161 1474 221 1494 cum
245 1467 351 1504 Moyses
370 1470 545 1502 ascendisset,
567 1471 707 1501 descendit
726 1473 796 1502 Deus
812 1474 878 1503 :hic
896 1481 959 1503 vero

162 1516 303 1550 postquam
316 1520 412 1543 natura
428 1521 518 1544 nostra
533 1518 559 1545 in
576 1519 683 1553 catlum,
698 1519 752 1547 imo
765 1520 792 1548 in
805 1520 901 1548 solium
915 1528 956 1549 re-

159 1561 233 1595 gium
248 1567 342 1589 evecta
355 1568 438 1594 esset.
453 1564 568 1599 Spiritus
580 1565 727 1595 descendit.
743 1568 772 1596 Si
787 1573 877 1596 autem
895 1568 956 1604 Spi-

160 1606 228 1633 ritus
241 1607 331 1634 minor
342 1614 424 1641 esset,
439 1609 496 1637 haec
510 1618 563 1638 non
577 1611 630 1639 illis
642 1612 737 1647 priscis
751 1613 852 1649 majora
872 1614 957 1642 mira—

159 1651 310 1687 bilioraque
325 1652 448 1681 fuissent.
470 1654 536 1683 Nam
559 1657 600 1684 hie
620 1657 717 1685 tabulre
737 1659 816 1694 longe
831 1665 946 1695 prtestan

160 1697 243 1724 tiores
258 1702 322 1725 sunt
337 1698 404 1733 illis,
418 1705 447 1727 ut
462 1704 490 1728 et
501 1708 546 1729 res
556 1707 638 1737 gesta:
650 1704 855 1738 Splendidiores.
868 1704 959 1741 Neque

159 1742 230 1769 enim
244 1745 360 1778 apostoli
376 1752 409 1772 ex
427 1751 518 1774 monte
538 1747 734 1777 descenderunt
752 1749 854 1778 tabulas
873 1751 958 1778 mani-

160 1787 208 1814 bus
232 1793 390 1824 gestantes,
408 1795 437 1818 ut
455 1791 577 1827 Moyses;
597 1794 645 1821 sed
671 1794 798 1829 Spiritum
820 1796 849 1823 in
869 1801 959 1825 mente

159 1833 393 1868 circumferentes,
416 1843 448 1864 ac
471 1838 624 1866 thesaurum
647 1840 789 1875 quemdam
809 1845 837 1869 et
855 1841 957 1870 fontem

158 1878 314 1913 dogmatnm
336 1885 364 1908 et
377 1880 510 1909 donorum
531 1883 716 1920 bonorumque
730 1887 848 1914 omnium
871 1887 957 1916 effun-

158 1923 270 1958 dentes,
287 1925 328 1953 sic
340 1933 544 1961 quoquoversus
563 1929 722 1964 eircuibant,
738 1931 788 1966 ipsi
802 1940 909 1968 quoque
922 1934 956 1961 li-

158 1969 198 1997 bri
212 1971 336 2000 viventes
351 1977 432 2008 atque
446 1973 519 2010 leges
532 1982 581 2010 per
593 1977 704 2011 gratiam
722 1977 808 2006 effecti
824 1988 831 2006 :
852 1980 892 2008 sic
906 1981 957 2008 tria

159 2016 254 2050 millia,
268 2017 310 2044 sic
330 2019 447 2054 quinque
461 2019 556 2054 millia,
574 2021 613 2049 sic
627 2023 766 2051 universos
779 2024 852 2051 orbis
871 2033 957 2062 popu-

159 2061 198 2089 los
212 2067 393 2097 attraxerunt,
413 2065 468 2093 Deo
483 2073 532 2101 per
547 2074 639 2095 eorum
661 2068 777 2104 linguam
797 2071 955 2099 accedentes

158 2107 311 2143 alloquente
324 2109 392 2144 (Act.
409 2110 436 2137 ‘2.
451 2111 496 2139 Μ.
516 2117 540 2139 et
552 2113 578 2140 4.
593 2113 631 2149 4).
646 2114 704 2147 Quo
717 2115 784 2143 duce
796 2117 874 2144 etiam
889 2117 956 2144 Mat-

158 2153 245 2182 thazus
250 2155 350 2189 Spiritu
358 2157 474 2192 repletus
483 2157 540 2187 lucc
546 2160 649 2194 scripsit
659 2169 666 2192 ;
674 2161 712 2188 Ma
717 2161 822 2196 tthtcus,
834 2163 953 2198 inquam,

159 2200 203 2227 ille
223 2201 405 2236 publicanus:
422 2211 475 2231 non
497 2205 568 2232 enim
591 2206 672 2240 pudet
692 2215 753 2234 eum
774 2208 808 2236 ab
827 2213 885 2236 arte
905 2216 953 2237 sua

159 2255 331 2282 nuncupare;
357 2257 446 2285 neque
469 2250 558 2284 illum,
586 2260 672 2287 neque
698 2254 774 2281 alios.
800 2254 857 2282 lloc
882 2256 953 2282 enim

160 2296 275 2323 maxime
289 2300 316 2324 et
328 2297 442 2332 Spiritus
455 2298 567 2333 gratiam
581 2304 607 2326 et
621 2300 725 2328 illorum
742 2301 866 2329 virtutem
879 2309 953 2329 coui-

161 2343 276 2370 mendat.

193 2468 219 2495 2.
237 2469 311 2503 Opus
331 2475 421 2498 autem
444 2478 522 2498 suum
543 2472 603 2506 jure
618 2473 788 2509 Evangelium
802 2475 947 2510 inscripsit.

159 2513 290 2547 Siquidem
313 2516 447 2543 sublatam
474 2517 601 2545 ultiouetn
641 2525 807 2553 peccatorum
831 2522 948 2557 veniam,

157 2558 293 2594 justitiam,
307 2563 560 2600 sanctiﬁcationem,
584 2567 806 2602 redemptionem.
824 2569 949 2604 adoptio-

157 2611 225 2638 nem,
246 2606 375 2635 uelontm
391 2609 569 2639 hereditatem
583 2616 611 2640 et
624 2613 807 2646 cognationem
826 2623 888 2643 cum
903 2615 948 2643 Fi-

128 2652 130 2654 ’
158 2649 191 2678 lio
205 2652 262 2686 Dei,
276 2655 406 2683 omnibus
416 2658 601 2685 annuntiatum
615 2659 698 2693 venit,
713 2660 836 2694 inimicis,
851 2662 948 2697 impro-

155 2695 203 2730 bis,
222 2699 383 2728 sedentibus
405 2702 432 2728 in
455 2703 581 2731 tenebris.
603 2705 670 2738 Quid
691 2710 745 2734 tam
763 2706 834 2735 bono
853 2695 948 2735 nuntio

153 2746 233 2780 possit
251 2748 378 2782 aequari?
398 2748 469 2776 Deus
489 2751 514 2776 in
533 2754 612 2783 terra,
629 2751 710 2779 homo
721 2752 746 2779 in
760 2753 827 2781 caelo
842 2762 849 2780 :
863 2753 946 2782 facta-

150 2800 198 2827 que
221 2793 346 2822 omnium
371 2796 565 2824 commixtione
589 2799 676 2834 angeli
704 2806 766 2826 cum
794 2800 946 2829 hominibus

147 2839 257 2868 choreas
272 2841 409 2876 agebant.
427 2841 549 2871 homines
569 2851 628 2872 cum
643 2846 746 2880 angelis
767 2846 880 2883 aliisque
899 2855 946 2877 su-

1022 200 1112 228 pernis
1128 193 1304 228 potestatibus
1316 192 1491 220 versabantur
1507 203 1513 220 :
1526 191 1671 227 videreque
1685 197 1743 220 erat
1755 192 1814 219 diu-

1022 243 1130 266 turnum
1142 239 1242 267 bellum
1265 239 1391 272 solutum,
1405 243 1433 266 et
1445 243 1521 273 pacta
1534 245 1548 264 a
1564 238 1618 265 Deo
1638 245 1698 266 cum
1718 243 1812 266 natura

1022 288 1112 312 nostra
1134 284 1217 318 inita;
1240 283 1375 312 diabolum
1399 283 1501 319 pudore
1522 282 1656 316 allectum,
1677 283 1812 310 dtemonas

1022 329 1140 364 fugatos,
1166 334 1280 357 mortem
1297 328 1474 362 dissolutam,
1499 329 1652 364 paradisum
1674 333 1811 364 apertum,

1021 376 1236 404 maledictionem
1248 375 1374 409 ablatam,
1398 380 1535 410 peccatum
1558 375 1592 403 de
1613 374 1703 402 medio
1724 374 1813 402 subla-

1021 426 1087 455 tum,
1099 429 1218 449 errorem
1228 421 1378 456 depulsum,
1390 421 1529 449 veritatem
1545 429 1689 453 reversam,
1702 421 1812 448 verbum

1021 467 1126 502 pietatis
1143 467 1242 503 ubique
1254 467 1455 495 disseminatum
1470 472 1498 495 et
1509 474 1645 500 crescens,
1668 474 1812 502 supernam

1022 514 1083 541 vitae
1096 514 1227 542 rationem
1240 514 1265 542 in
1283 518 1353 542 terra
1368 514 1484 546 insitam,
1500 513 1613 541 virtutes
1626 513 1684 541 illas
1702 513 1814 540 familia-

1021 560 1086 587 riter
1106 560 1244 588 nobiscum
1265 564 1384 595 agentes,
1399 559 1509 594 angelos
1528 558 1683 594 frequenter
1697 559 1722 586 in
1742 563 1812 586 terra

1022 611 1167 638 versantes,
1181 613 1358 641 magnamque
1381 613 1455 641 spem
1470 606 1630 633 futurorum.
1647 606 1710 633 Ideo
1729 606 1813 633 histo—

1021 650 1086 679 riam
1101 652 1276 687 Evangelium
1290 652 1395 679 vocavit
1417 661 1423 679 :
1442 652 1517 687 quasi
1536 652 1638 679 scilicet
1651 652 1702 678 alia
1722 652 1811 678 omnia

1017 698 1100 726 verba
1112 699 1193 726 rebus
1207 698 1261 726 sint
1276 705 1369 731 vacua,
1384 702 1414 725 ut
1425 705 1490 733 opes
1503 698 1604 730 multm,
1620 698 1661 725 vis
1675 697 1811 732 potentiae,

1019 743 1193 779 principatus,
1210 744 1303 778 gloria,
1320 744 1446 777 honores,
1461 748 1612 778 ceteraque
1630 743 1732 776 omnia,
1752 751 1812 778 qua:

1018 790 1089 825 apud
1113 790 1235 818 homines
1258 790 1327 817 bona
1352 797 1412 818 esse
1435 793 1579 825 putantur;
1602 797 1662 825 qua
1684 793 1774 817 autem
1797 798 1811 816 a

1019 836 1195 872 piscatoribus
1208 837 1339 871 promissa
1356 836 1441 869 fuere,
1459 843 1522 863 vere
1535 843 1566 862 ac
1581 835 1687 870 proprie
1697 842 1811 871 evange-

1019 883 1053 910 lia
1068 883 1191 911 dicantur
1216 890 1293 910 :non
1316 882 1402 910 solum
1427 882 1488 917 quia
1513 882 1590 908 tirma
1612 881 1811 916 immobiliaque

1018 929 1088 957 bona
1103 932 1175 961 sunt,
1192 932 1365 963 nostramque
1380 928 1567 962 exsuperantia
1582 926 1748 962 dignitatem,
1763 928 1811 954 sed

1018 975 1098 1002 etiam
1112 975 1173 1010 quia
1190 982 1251 1001 cum
1265 974 1339 1002 omni
1355 974 1481 1001 facilitate
1499 973 1576 1002 nobis
1589 973 1651 1000 data
1666 978 1736 1001 sunt.
1751 972 1809 1000 Non

1018 1020 1090 1048 enim
1101 1028 1135 1048 ex
1150 1020 1242 1047 labore
1261 1024 1288 1047 et
1303 1020 1402 1047 sudore
1425 1023 1528 1051 nostro,
1545 1027 1597 1046 non
1616 1026 1650 1047 ex
1671 1020 1809 1050 mrumuis,

1017 1067 1065 1095 sed
1086 1075 1119 1095 ex
1142 1067 1187 1095 Dei
1208 1074 1271 1102 erga
1294 1074 1343 1094 nos
1364 1073 1456 1094 amore
1481 1066 1538 1094 haec
1557 1065 1735 1101 suscepimus.
1756 1066 1810 1092 Cur

1017 1118 1100 1148 porro
1118 1121 1177 1141 cum
1201 1118 1290 1141 tantus
1312 1113 1347 1140 sit
1367 1112 1557 1148 discipulorum
1579 1120 1709 1141 numerus
1722 1133 1730 1146 ,
1755 1113 1808 1140 duo

1019 1163 1119 1188 tantum
1143 1168 1176 1188 ex
1191 1160 1319 1195 apostolis
1332 1160 1461 1193 scribunt,
1486 1163 1514 1187 et
1534 1159 1587 1187 duo
1604 1167 1637 1188 ex
1659 1155 1753 1187 eorum
1766 1167 1810 1187 sc-

1017 1206 1163 1242 quacibus?
1183 1207 1250 1234 Nam
1271 1207 1338 1234 alter
1359 1206 1444 1239 Pauli,
1468 1206 1537 1234 alter
1560 1206 1633 1234 Petri
1652 1206 1810 1242 discipulus,

1016 1260 1078 1281 cum
1090 1253 1192 1282 Joanne
1206 1259 1234 1282 et
1247 1255 1372 1283 Matthzeo
1385 1256 1528 1292 Evangelia
1542 1258 1718 1294 scripserunt.
1740 1259 1806 1293 Quia

1015 1298 1080 1325 nihil
1094 1307 1141 1333 per
1155 1301 1363 1329 ostentationem
1377 1301 1519 1335 faciebant,
1534 1303 1581 1330 sed
1599 1304 1690 1331 omnia
1704 1304 1738 1331 ad
1754 1305 1807 1332 uti-

1015 1345 1128 1374 litatem.
1145 1346 1214 1380 Quid
1226 1347 1326 1382 igitur?
1338 1355 1428 1376 annon
1449 1348 1598 1377 sufﬁciebat
1612 1357 1680 1377 unus
1692 1357 1793 1385 evange
1801 1366 1808 1370 -

1015 1391 1087 1425 lista,
1110 1392 1155 1427 qui
1175 1394 1265 1420 omnia
1291 1395 1432 1422 narraret?
1454 1394 1608 1423 Sulliciebat
1631 1396 1738 1431 quidem
1757 1403 1807 1423 :ac

1015 1436 1078 1465 licet
1105 1442 1220 1472 quatuor
1239 1439 1411 1474 scripserint.
1444 1447 1531 1476 neqtte
1553 1441 1649 1468 eodem
1676 1446 1806 1476 tempore.

1015 1490 1103 1518 neque
1116 1483 1212 1511 eodem
1225 1484 1332 1518 inloco,
1352 1493 1440 1520 neque
1461 1487 1615 1522 congregati
1637 1487 1716 1514 simul
1730 1492 1757 1514 ct
1773 1495 1805 1514 ex

1015 1533 1108 1556 mutuo
1121 1537 1267 1565 congressu
1287 1539 1295 1557 :
1317 1535 1344 1558 et
1358 1536 1447 1559 tamen
1468 1541 1529 1560 cum
1543 1534 1619 1568 qttasi
1638 1542 1669 1561 ex
1686 1542 1739 1562 uno
1760 1543 1806 1562 ore

1016 1576 1103 1603 omnia
1117 1577 1299 1611 pronuntient,
1314 1577 1377 1605 hinc
1390 1586 1485 1614 magna
1500 1580 1613 1611 emergit
1627 1580 1749 1608 veritatis
1759 1581 1807 1608 dc—

1015 1627 1132 1650 monstra
1137 1628 1142 1649 I
1147 1630 1183 1650 [0.

1051 1735 1192 1774 Evangeita
1204 1747 1251 1767 cur
1261 1740 1398 1776 aliquando
1411 1742 1476 1769 inter
1485 1751 1511 1770 se
1523 1743 1654 1772 dissentire
1664 1744 1806 1772 videantur.

1013 1783 1140 1819 —Atqui,
1157 1785 1270 1820 inquies,
1281 1788 1392 1816 omnino
1409 1793 1501 1816 contra
1511 1789 1628 1818 accidit:
1649 1798 1721 1826 saepe
1735 1792 1806 1819 enim

1013 1829 1083 1857 inter
1093 1837 1123 1857 se
1132 1830 1275 1860 dissentire
1289 1832 1535 1868 deprehenduntur.
1548 1834 1628 1864 Certe
1642 1837 1705 1865 illud
1719 1838 1807 1873 ipsum

1013 1883 1137 1912 magnum
1149 1882 1189 1905 est
1200 1885 1249 1913 pro
1260 1879 1372 1907 veritate
1384 1887 1580 1916 argumentum.
1593 1880 1621 1909 Si
1633 1883 1704 1910 enim
1716 1885 1805 1912 omnia

1012 1928 1135 1951 accurate
1145 1930 1337 1954 consonassent
1345 1931 1371 1954 et
1381 1932 1508 1962 quantum
1518 1928 1551 1956 ad
1561 1933 1675 1964 tempus,
1687 1934 1803 1965 etquau-

1011 1973 1069 1996 tum
1081 1969 1116 1997 ad
1129 1971 1201 2004 loca,
1224 1975 1252 1999 et
1271 1977 1400 2007 quantum
1415 1973 1447 2000 ad
1463 1973 1519 2009 ipsa
1532 1974 1629 2009 verba,
1644 1983 1675 2003 ex
1691 1975 1804 2003 inimicis

1011 2022 1091 2043 nemo
1101 2016 1250 2044 crediturus
1260 2022 1335 2052 erat,
1348 2018 1395 2046 sed
1408 2026 1440 2047 ex
1451 2024 1544 2048 mutuo
1554 2020 1724 2056 humanoque
1736 2029 1804 2049 con-

1010 2071 1091 2092 sensu
1107 2064 1163 2092 inec
1176 2065 1273 2100 scripta
1289 2066 1372 2094 fuisse
1387 2071 1542 2102 putassent,
1558 2073 1637 2103 atque
1651 2068 1804 2103 hujusmodi

1009 2111 1213 2138 consonantiam
1225 2118 1278 2138 non
1288 2119 1321 2139 ex
1333 2111 1513 2147 simplicitate,
1525 2114 1730 2150 sinceritateque
1741 2122 1803 2150 pro-

1009 2155 1116 2183 cedere.
1127 2155 1186 2183 Jam
1197 2163 1261 2183 vero
1272 2157 1316 2183 illa
1328 2165 1386 2192 quin
1397 2158 1423 2184 in
1434 2159 1535 2193 exiguis
1550 2159 1629 2186 rebus
1639 2159 1802 2194 deprehendi

1007 2202 1114 2229 videtur
1128 2202 1268 2231 diversitas
1278 2223 1286 2236 ,
1302 2211 1410 2231 omnem
1424 2204 1457 2232 ab
1473 2205 1536 2240 ipsis
1557 2206 1736 2240 suspicionem
1752 2207 1800 2234 de-

1008 2248 1097 2282 pellit,
1123 2249 1351 2284 scribentiumque
1368 2249 1448 2277 (idem
1462 2250 1533 2278 clare
1548 2251 1672 2279 vindieat.
1687 2251 1763 2285 Quod
1779 2253 1802 2280 si

1007 2295 1072 2329 quid
1086 2295 1159 2322 circa
1172 2300 1292 2331 tempora
1306 2301 1333 2323 et
1353 2296 1410 2324 loca
1425 2298 1559 2324 varietatis
1582 2298 1757 2332 protulerint.
1774 2299 1799 2326 id

1008 2341 1073 2368 nihil
1088 2341 1170 2368 ofﬁcit
1184 2342 1287 2369 veritati
1302 2343 1477 2376 narrationis;
1493 2343 1519 2370 id
1534 2343 1603 2377 quod
1614 2364 1621 2377 ,
1640 2344 1694 2372 Deo
1707 2344 1798 2380 dante,

1006 2387 1033 2414 in
1043 2388 1214 2423 sequentibus
1221 2388 1407 2417 demonstrare
1416 2389 1584 2418 conabimur.
1597 2390 1698 2418 Prmter
1707 2396 1796 2419 autem

1005 2440 1085 2468 supra
1099 2434 1169 2462 dicta
1187 2455 1194 2467 ,
1211 2434 1276 2462 illud
1290 2435 1370 2462 etiam
1385 2442 1433 2463 vos
1448 2435 1593 2463 observare
1607 2444 1732 2472 rogamus
1742 2458 1750 2471 ,
1771 2438 1797 2464 in

1005 2481 1085 2508 rebus
1100 2481 1239 2516 prtecipuis
1249 2501 1256 2513 ,
1272 2488 1332 2516 quae
1344 2481 1377 2508 ad
1391 2482 1472 2509 vitam
1486 2487 1604 2509 nostram
1619 2486 1646 2510 et
1662 2482 1696 2510 ad
1712 2483 1797 2517 ipsam

1004 2526 1220 2560 [medicationem
1233 2526 1358 2555 tuendam
1369 2528 1520 2562 pertinent,
1534 2527 1636 2555 nullum
1648 2536 1741 2556 eorum
1752 2536 1794 2556 us-

1004 2573 1074 2607 piam
1089 2573 1124 2600 ab
1146 2573 1206 2601 aliis
1226 2573 1269 2601 vel
1292 2573 1433 2602 minimum
1457 2573 1600 2602 dissentire
1621 2574 1797 2609 deprehendi.

1003 2617 1130 2651 Qumnam
1146 2623 1235 2646 autem
1251 2619 1295 2647 illa
1310 2619 1442 2654 praecipua
1458 2619 1539 2647 sunt?
1554 2619 1637 2648 Deum
1659 2620 1795 2649 hominem

1005 2664 1102 2691 factum
1118 2672 1187 2697 esse,
1208 2665 1338 2693 miracula
1352 2665 1477 2699 edidisse,
1492 2666 1647 2694 cruciﬁxum
1658 2675 1691 2694 ac
1705 2668 1795 2702 sepul-

1007 2717 1063 2741 tum
1077 2711 1176 2746 fuisse,
1191 2713 1387 2746 resurrexisse.
1403 2713 1430 2741 in
1451 2714 1545 2741 caelum
1568 2715 1720 2742 ascendisse
1731 2736 1738 2748 ,
1751 2716 1796 2750 ju-

1005 2759 1154 2786 dicaturum
1167 2766 1244 2792 esse,
1266 2759 1391 2786 salutaria
1414 2759 1520 2787 dedisse
1543 2765 1674 2795 prmeepta
1688 2781 1695 2793 ,
1711 2762 1796 2796 legem

1003 2806 1087 2833 veteri
1103 2812 1155 2832 non
1169 2805 1330 2832 contrariam
1347 2805 1481 2833 induxisse
1493 2813 1500 2832 :
1516 2805 1601 2840 ipsum
1613 2806 1708 2833 Filium
1718 2814 1792 2838 esse,

1004 2850 1183 2887 Unigenitum,
1201 2851 1355 2887 genuinum,
1371 2851 1490 2886 ejusdem
1504 2859 1564 2880 cum
1580 2853 1657 2881 Patre
1671 2853 1794 2881 substan-
