  <div class='ocr_page' id='page_1' title='image "/cluster/home/n/w/nwhite01/storage/ocr_20150623/57-58/njp.32101077772653/033.png"; bbox 0 0 2056 3130; ppageno 0'>
   <div class='ocr_carea' id='block_1_1' title="bbox 251 133 1875 168">
    <p class='ocr_par' dir='ltr' id='par_1_1' title="bbox 251 133 1875 168">
     <span class='ocr_line' id='line_1_1' title="bbox 251 133 1875 168; baseline 0.004 -6"><span class='ocrx_word' id='word_1_1' title='bbox 251 133 286 162; x_wconf 78' lang='grc'><strong>17</strong></span> <span class='ocrx_word' id='word_1_2' title='bbox 596 136 624 164; x_wconf 89' lang='lat' dir='ltr'><strong>S.</strong></span> <span class='ocrx_word' id='word_1_3' title='bbox 643 137 785 166; x_wconf 79' lang='lat' dir='ltr'><strong>JOANNIS</strong></span> <span class='ocrx_word' id='word_1_4' title='bbox 805 137 1052 168; x_wconf 78' lang='lat' dir='ltr'><strong>CllRYSOS’IOMl</strong></span> <span class='ocrx_word' id='word_1_5' title='bbox 1073 139 1234 168; x_wconf 77' lang='lat' dir='ltr'><strong>AltClllEP.</strong></span> <span class='ocrx_word' id='word_1_6' title='bbox 1254 139 1527 168; x_wconf 69' lang='lat' dir='ltr'><strong>CONSTANTINOP.</strong></span> <span class='ocrx_word' id='word_1_7' title='bbox 1841 141 1875 168; x_wconf 87' lang='lat' dir='ltr'><strong>l8</strong></span> 
     </span>
    </p>
   </div>
   <div class='ocr_carea' id='block_1_2' title="bbox 248 179 1038 216">
    <p class='ocr_par' dir='ltr' id='par_1_2' title="bbox 248 179 1038 216">
     <span class='ocr_line' id='line_1_2' title="bbox 248 179 1038 216; baseline 0.003 -10"><span class='ocrx_word' id='word_1_8' title='bbox 248 183 290 207; x_wconf 80' lang='lat' dir='ltr'><strong>tia.-</strong></span> <span class='ocrx_word' id='word_1_9' title='bbox 305 189 312 208; x_wconf 91' lang='lat'><strong>:</strong></span> <span class='ocrx_word' id='word_1_10' title='bbox 325 185 353 209; x_wconf 87' lang='lat' dir='ltr'><strong>et</strong></span> <span class='ocrx_word' id='word_1_11' title='bbox 368 179 409 208; x_wconf 84' lang='lat' dir='ltr'><strong>his</strong></span> <span class='ocrx_word' id='word_1_12' title='bbox 422 179 529 209; x_wconf 80' lang='lat' dir='ltr'><strong>similia.</strong></span> <span class='ocrx_word' id='word_1_13' title='bbox 543 179 620 208; x_wconf 87' lang='lat' dir='ltr'><strong>Circa</strong></span> <span class='ocrx_word' id='word_1_14' title='bbox 635 179 728 208; x_wconf 70' lang='lat' dir='ltr'><strong>isthtec</strong></span> <span class='ocrx_word' id='word_1_15' title='bbox 740 180 812 208; x_wconf 91' lang='lat' dir='ltr'><strong>enim</strong></span> <span class='ocrx_word' id='word_1_16' title='bbox 827 189 949 216; x_wconf 73' lang='lat' dir='ltr'><strong>magnam</strong></span> <span class='ocrx_word' id='word_1_17' title='bbox 965 183 1038 208; x_wconf 82' lang='lat' dir='ltr'><strong>inrc-</strong></span> 
     </span>
    </p>
   </div>
   <div class='ocr_carea' id='block_1_3' title="bbox 247 225 1038 261">
    <p class='ocr_par' dir='ltr' id='par_1_3' title="bbox 247 225 1038 261">
     <span class='ocr_line' id='line_1_3' title="bbox 247 225 1038 261; baseline 0 -7"><span class='ocrx_word' id='word_1_18' title='bbox 247 226 350 254; x_wconf 89' lang='lat' dir='ltr'><strong>niemns</strong></span> <span class='ocrx_word' id='word_1_19' title='bbox 361 226 430 254; x_wconf 88' lang='lat' dir='ltr'><strong>inter</strong></span> <span class='ocrx_word' id='word_1_20' title='bbox 443 226 516 261; x_wconf 90' lang='lat' dir='ltr'><strong>ipsos</strong></span> <span class='ocrx_word' id='word_1_21' title='bbox 525 225 738 253; x_wconf 79' lang='lat' dir='ltr'><strong>consonantiam.</strong></span> <span class='ocrx_word' id='word_1_22' title='bbox 749 226 777 253; x_wconf 87' lang='lat' dir='ltr'><strong>Si</strong></span> <span class='ocrx_word' id='word_1_23' title='bbox 791 234 853 253; x_wconf 84' lang='lat' dir='ltr'><strong>vero</strong></span> <span class='ocrx_word' id='word_1_24' title='bbox 865 227 891 254; x_wconf 91' lang='lat' dir='ltr'><strong>in</strong></span> <span class='ocrx_word' id='word_1_25' title='bbox 903 226 1038 254; x_wconf 76' lang='lat' dir='ltr'><strong>miraculis</strong></span> 
     </span>
    </p>
   </div>
   <div class='ocr_carea' id='block_1_4' title="bbox 246 271 1037 306">
    <p class='ocr_par' dir='ltr' id='par_1_4' title="bbox 246 271 1037 306">
     <span class='ocr_line' id='line_1_4' title="bbox 246 271 1037 306; baseline 0.001 -7"><span class='ocrx_word' id='word_1_26' title='bbox 246 281 299 300; x_wconf 88' lang='lat' dir='ltr'><strong>non</strong></span> <span class='ocrx_word' id='word_1_27' title='bbox 310 280 403 300; x_wconf 88' lang='lat' dir='ltr'><strong>omnes</strong></span> <span class='ocrx_word' id='word_1_28' title='bbox 414 272 503 300; x_wconf 82' lang='lat' dir='ltr'><strong>omnia</strong></span> <span class='ocrx_word' id='word_1_29' title='bbox 515 272 658 306; x_wconf 81' lang='lat' dir='ltr'><strong>dixerunt,</strong></span> <span class='ocrx_word' id='word_1_30' title='bbox 670 272 717 300; x_wconf 89' lang='lat' dir='ltr'><strong>sed</strong></span> <span class='ocrx_word' id='word_1_31' title='bbox 728 272 796 299; x_wconf 88' lang='lat' dir='ltr'><strong>alius</strong></span> <span class='ocrx_word' id='word_1_32' title='bbox 811 271 867 299; x_wconf 78' lang='lat' dir='ltr'><strong>lucc</strong></span> <span class='ocrx_word' id='word_1_33' title='bbox 879 292 887 306; x_wconf 93' lang='lat'><strong>,</strong></span> <span class='ocrx_word' id='word_1_34' title='bbox 901 272 969 300; x_wconf 90' lang='lat' dir='ltr'><strong>alius</strong></span> <span class='ocrx_word' id='word_1_35' title='bbox 983 273 1037 306; x_wconf 86' lang='lat' dir='ltr'><strong>illa,</strong></span> 
     </span>
    </p>
   </div>
   <div class='ocr_carea' id='block_1_5' title="bbox 245 317 1038 351">
    <p class='ocr_par' dir='ltr' id='par_1_5' title="bbox 245 317 1038 351">
     <span class='ocr_line' id='line_1_5' title="bbox 245 317 1038 351; baseline -0.003 -5"><span class='ocrx_word' id='word_1_36' title='bbox 245 326 279 346; x_wconf 88' lang='lat' dir='ltr'><strong>ne</strong></span> <span class='ocrx_word' id='word_1_37' title='bbox 301 317 360 346; x_wconf 85' lang='lat' dir='ltr'><strong>ideo</strong></span> <span class='ocrx_word' id='word_1_38' title='bbox 383 318 514 351; x_wconf 86' lang='lat' dir='ltr'><strong>turberis;</strong></span> <span class='ocrx_word' id='word_1_39' title='bbox 540 325 602 345; x_wconf 90' lang='lat' dir='ltr'><strong>nam</strong></span> <span class='ocrx_word' id='word_1_40' title='bbox 615 317 637 345; x_wconf 90' lang='lat' dir='ltr'><strong>si</strong></span> <span class='ocrx_word' id='word_1_41' title='bbox 653 325 722 346; x_wconf 91' lang='lat' dir='ltr'><strong>unus</strong></span> <span class='ocrx_word' id='word_1_42' title='bbox 737 318 825 345; x_wconf 84' lang='lat' dir='ltr'><strong>omnia</strong></span> <span class='ocrx_word' id='word_1_43' title='bbox 848 317 976 349; x_wconf 84' lang='lat' dir='ltr'><strong>dixisset,</strong></span> <span class='ocrx_word' id='word_1_44' title='bbox 991 325 1038 345; x_wconf 84' lang='lat' dir='ltr'><strong>su-</strong></span> 
     </span>
    </p>
   </div>
   <div class='ocr_carea' id='block_1_6' title="bbox 245 363 1039 398">
    <p class='ocr_par' dir='ltr' id='par_1_6' title="bbox 245 363 1039 398">
     <span class='ocr_line' id='line_1_6' title="bbox 245 363 1039 398; baseline 0 -8"><span class='ocrx_word' id='word_1_45' title='bbox 245 364 362 398; x_wconf 85' lang='lat' dir='ltr'><strong>pcrlluus</strong></span> <span class='ocrx_word' id='word_1_46' title='bbox 373 368 446 391; x_wconf 86' lang='lat' dir='ltr'><strong>esset</strong></span> <span class='ocrx_word' id='word_1_47' title='bbox 458 363 620 398; x_wconf 89' lang='lat' dir='ltr'><strong>reliquorum</strong></span> <span class='ocrx_word' id='word_1_48' title='bbox 636 371 778 397; x_wconf 88' lang='lat' dir='ltr'><strong>numerus;</strong></span> <span class='ocrx_word' id='word_1_49' title='bbox 793 363 834 390; x_wconf 82' lang='lat' dir='ltr'><strong>sin</strong></span> <span class='ocrx_word' id='word_1_50' title='bbox 847 371 940 391; x_wconf 76' lang='lat' dir='ltr'><strong>omnes</strong></span> <span class='ocrx_word' id='word_1_51' title='bbox 951 363 1039 390; x_wconf 79' lang='lat' dir='ltr'><strong>diver-</strong></span> 
     </span>
    </p>
   </div>
   <div class='ocr_carea' id='block_1_7' title="bbox 244 409 1038 444">
    <p class='ocr_par' dir='ltr' id='par_1_7' title="bbox 244 409 1038 444">
     <span class='ocr_line' id='line_1_7' title="bbox 244 409 1038 444; baseline -0.003 -6"><span class='ocrx_word' id='word_1_52' title='bbox 244 417 272 437; x_wconf 86' lang='lat' dir='ltr'><strong>sa</strong></span> <span class='ocrx_word' id='word_1_53' title='bbox 285 410 294 426; x_wconf 88' lang='grc'>¹</span> <span class='ocrx_word' id='word_1_54' title='bbox 307 414 335 438; x_wconf 88' lang='lat' dir='ltr'><strong>et</strong></span> <span class='ocrx_word' id='word_1_55' title='bbox 356 416 424 438; x_wconf 90' lang='lat' dir='ltr'><strong>nova</strong></span> <span class='ocrx_word' id='word_1_56' title='bbox 439 410 625 444; x_wconf 85' lang='lat' dir='ltr'><strong>scripsissent,</strong></span> <span class='ocrx_word' id='word_1_57' title='bbox 649 409 752 437; x_wconf 92' lang='lat' dir='ltr'><strong>nullum</strong></span> <span class='ocrx_word' id='word_1_58' title='bbox 774 415 929 444; x_wconf 86' lang='lat' dir='ltr'><strong>suppeteret</strong></span> <span class='ocrx_word' id='word_1_59' title='bbox 942 417 1038 437; x_wconf 73' lang='lat' dir='ltr'><strong>conso-</strong></span> 
     </span>
    </p>
   </div>
   <div class='ocr_carea' id='block_1_8' title="bbox 243 455 1036 491">
    <p class='ocr_par' dir='ltr' id='par_1_8' title="bbox 243 455 1036 491">
     <span class='ocr_line' id='line_1_8' title="bbox 243 455 1036 491; baseline -0.001 -8"><span class='ocrx_word' id='word_1_60' title='bbox 243 456 342 484; x_wconf 59' lang='lat' dir='ltr'><strong>nantiae</strong></span> <span class='ocrx_word' id='word_1_61' title='bbox 358 461 555 491; x_wconf 75' lang='lat' dir='ltr'><strong>argumentum.</strong></span> <span class='ocrx_word' id='word_1_62' title='bbox 578 455 639 483; x_wconf 89' lang='lat' dir='ltr'><strong>Ideo</strong></span> <span class='ocrx_word' id='word_1_63' title='bbox 654 455 737 482; x_wconf 87' lang='lat' dir='ltr'><strong>multa</strong></span> <span class='ocrx_word' id='word_1_64' title='bbox 750 456 760 471; x_wconf 82' lang='grc'>²</span> <span class='ocrx_word' id='word_1_65' title='bbox 776 455 866 490; x_wconf 85' lang='lat' dir='ltr'><strong>plures</strong></span> <span class='ocrx_word' id='word_1_66' title='bbox 880 455 958 482; x_wconf 81' lang='lat' dir='ltr'><strong>slllllll</strong></span> <span class='ocrx_word' id='word_1_67' title='bbox 974 463 1036 482; x_wconf 87' lang='lat' dir='ltr'><strong>uar-</strong></span> 
     </span>
    </p>
   </div>
   <div class='ocr_carea' id='block_1_9' title="bbox 242 500 1034 536">
    <p class='ocr_par' dir='ltr' id='par_1_9' title="bbox 242 500 1034 536">
     <span class='ocr_line' id='line_1_9' title="bbox 242 500 1034 536; baseline 0 -8"><span class='ocrx_word' id='word_1_68' title='bbox 242 505 345 536; x_wconf 87' lang='lat' dir='ltr'><strong>rarunt,</strong></span> <span class='ocrx_word' id='word_1_69' title='bbox 357 506 385 529; x_wconf 92' lang='lat' dir='ltr'><strong>et</strong></span> <span class='ocrx_word' id='word_1_70' title='bbox 396 501 492 536; x_wconf 78' lang='lat' dir='ltr'><strong>singuli</strong></span> <span class='ocrx_word' id='word_1_71' title='bbox 503 501 637 536; x_wconf 84' lang='lat' dir='ltr'><strong>quidpiam</strong></span> <span class='ocrx_word' id='word_1_72' title='bbox 652 501 701 529; x_wconf 85' lang='lat' dir='ltr'><strong>sibi</strong></span> <span class='ocrx_word' id='word_1_73' title='bbox 713 501 850 536; x_wconf 88' lang='lat' dir='ltr'><strong>proprium</strong></span> <span class='ocrx_word' id='word_1_74' title='bbox 864 500 1034 528; x_wconf 89' lang='lat' dir='ltr'><strong>scribendum</strong></span> 
     </span>
    </p>
   </div>
   <div class='ocr_carea' id='block_1_10' title="bbox 245 546 1035 582">
    <p class='ocr_par' dir='ltr' id='par_1_10' title="bbox 245 546 1035 582">
     <span class='ocr_line' id='line_1_10' title="bbox 245 546 1035 582; baseline -0.001 -8"><span class='ocrx_word' id='word_1_75' title='bbox 245 552 438 582; x_wconf 86' lang='lat' dir='ltr'><strong>susceperunt,</strong></span> <span class='ocrx_word' id='word_1_76' title='bbox 460 555 494 574; x_wconf 87' lang='lat' dir='ltr'><strong>ne</strong></span> <span class='ocrx_word' id='word_1_77' title='bbox 508 547 571 582; x_wconf 92' lang='lat' dir='ltr'><strong>quid</strong></span> <span class='ocrx_word' id='word_1_78' title='bbox 592 547 756 582; x_wconf 84' lang='lat' dir='ltr'><strong>superﬂuum</strong></span> <span class='ocrx_word' id='word_1_79' title='bbox 771 546 813 574; x_wconf 87' lang='lat' dir='ltr'><strong>vel</strong></span> <span class='ocrx_word' id='word_1_80' title='bbox 828 551 929 574; x_wconf 84' lang='lat' dir='ltr'><strong>temere</strong></span> <span class='ocrx_word' id='word_1_81' title='bbox 944 547 1035 582; x_wconf 85' lang='lat' dir='ltr'><strong>proje-</strong></span> 
     </span>
    </p>
   </div>
   <div class='ocr_carea' id='block_1_11' title="bbox 242 592 1035 627">
    <p class='ocr_par' dir='ltr' id='par_1_11' title="bbox 242 592 1035 627">
     <span class='ocr_line' id='line_1_11' title="bbox 242 592 1035 627; baseline 0.001 -8"><span class='ocrx_word' id='word_1_82' title='bbox 242 597 315 619; x_wconf 84' lang='lat' dir='ltr'><strong>ctum</strong></span> <span class='ocrx_word' id='word_1_83' title='bbox 327 592 427 620; x_wconf 83' lang='lat' dir='ltr'><strong>dixisse</strong></span> <span class='ocrx_word' id='word_1_84' title='bbox 437 593 586 624; x_wconf 82' lang='lat' dir='ltr'><strong>videantur.</strong></span> <span class='ocrx_word' id='word_1_85' title='bbox 601 596 682 627; x_wconf 82' lang='lat' dir='ltr'><strong>utque</strong></span> <span class='ocrx_word' id='word_1_86' title='bbox 692 592 812 620; x_wconf 77' lang='lat' dir='ltr'><strong>veritatis</strong></span> <span class='ocrx_word' id='word_1_87' title='bbox 824 597 975 619; x_wconf 89' lang='lat' dir='ltr'><strong>accuratam</strong></span> <span class='ocrx_word' id='word_1_88' title='bbox 987 601 1035 620; x_wconf 91' lang='lat' dir='ltr'><strong>no-</strong></span> 
     </span>
    </p>
   </div>
   <div class='ocr_carea' id='block_1_12' title="bbox 243 637 625 672">
    <p class='ocr_par' dir='ltr' id='par_1_12' title="bbox 243 637 625 672">
     <span class='ocr_line' id='line_1_12' title="bbox 243 637 625 672; baseline 0 -8"><span class='ocrx_word' id='word_1_89' title='bbox 243 637 284 665; x_wconf 93' lang='lat' dir='ltr'><strong>bis</strong></span> <span class='ocrx_word' id='word_1_90' title='bbox 294 638 475 672; x_wconf 81' lang='lat' dir='ltr'><strong>probationem</strong></span> <span class='ocrx_word' id='word_1_91' title='bbox 489 638 625 665; x_wconf 70' lang='lat' dir='ltr'><strong>offerrent.</strong></span> 
     </span>
    </p>
   </div>
   <div class='ocr_carea' id='block_1_13' title="bbox 276 739 1034 779">
    <p class='ocr_par' dir='ltr' id='par_1_13' title="bbox 276 739 1034 779">
     <span class='ocr_line' id='line_1_13' title="bbox 276 739 1034 779; baseline -0.009 -6"><span class='ocrx_word' id='word_1_92' title='bbox 276 745 304 773; x_wconf 80' lang='lat'><strong>5.</strong></span> <span class='ocrx_word' id='word_1_93' title='bbox 319 743 406 772; x_wconf 84' lang='lat' dir='ltr'><strong>Lucas</strong></span> <span class='ocrx_word' id='word_1_94' title='bbox 415 744 496 779; x_wconf 83' lang='lat' dir='ltr'><strong>igitur</strong></span> <span class='ocrx_word' id='word_1_95' title='bbox 505 744 585 770; x_wconf 88' lang='lat' dir='ltr'><strong>etiam</strong></span> <span class='ocrx_word' id='word_1_96' title='bbox 598 749 708 770; x_wconf 81' lang='lat' dir='ltr'><strong>causam</strong></span> <span class='ocrx_word' id='word_1_97' title='bbox 721 741 799 768; x_wconf 89' lang='lat' dir='ltr'><strong>nobis</strong></span> <span class='ocrx_word' id='word_1_98' title='bbox 813 739 924 776; x_wconf 85' lang='lat' dir='ltr'><strong>profert.</strong></span> <span class='ocrx_word' id='word_1_99' title='bbox 937 747 990 775; x_wconf 83' lang='lat' dir='ltr'><strong>qua</strong></span> <span class='ocrx_word' id='word_1_100' title='bbox 1000 740 1034 767; x_wconf 88' lang='lat' dir='ltr'><strong>ad</strong></span> 
     </span>
    </p>
   </div>
   <div class='ocr_carea' id='block_1_14' title="bbox 239 786 1033 821">
    <p class='ocr_par' dir='ltr' id='par_1_14' title="bbox 239 786 1033 821">
     <span class='ocr_line' id='line_1_14' title="bbox 239 786 1033 821; baseline -0.009 -3"><span class='ocrx_word' id='word_1_101' title='bbox 239 790 410 818; x_wconf 91' lang='lat' dir='ltr'><strong>scribendum</strong></span> <span class='ocrx_word' id='word_1_102' title='bbox 424 789 550 817; x_wconf 88' lang='lat' dir='ltr'><strong>inductus</strong></span> <span class='ocrx_word' id='word_1_103' title='bbox 563 792 621 821; x_wconf 89' lang='lat' dir='ltr'><strong>est;</strong></span> <span class='ocrx_word' id='word_1_104' title='bbox 649 787 684 815; x_wconf 82' lang='lat' dir='ltr'><strong>Ut</strong></span> <span class='ocrx_word' id='word_1_105' title='bbox 697 787 808 819; x_wconf 73' lang='lat' dir='ltr'><strong>habeas,</strong></span> <span class='ocrx_word' id='word_1_106' title='bbox 825 786 928 821; x_wconf 81' lang='lat' dir='ltr'><strong>inquit,</strong></span> <span class='ocrx_word' id='word_1_107' title='bbox 947 793 1033 813; x_wconf 82' lang='lat' dir='ltr'><strong>eorum</strong></span> 
     </span>
    </p>
   </div>
   <div class='ocr_carea' id='block_1_15' title="bbox 240 831 1033 871">
    <p class='ocr_par' dir='ltr' id='par_1_15' title="bbox 240 831 1033 871">
     <span class='ocr_line' id='line_1_15' title="bbox 240 831 1033 871; baseline -0.006 -8"><span class='ocrx_word' id='word_1_108' title='bbox 240 836 388 869; x_wconf 66' lang='lat' dir='ltr'><strong>rer-borum,</strong></span> <span class='ocrx_word' id='word_1_109' title='bbox 404 835 435 863; x_wconf 85' lang='lat' dir='ltr'><strong>de</strong></span> <span class='ocrx_word' id='word_1_110' title='bbox 453 835 543 871; x_wconf 71' lang='lat' dir='ltr'><strong>quibus</strong></span> <span class='ocrx_word' id='word_1_111' title='bbox 562 834 688 862; x_wconf 71' lang='lat' dir='ltr'><strong>institutus</strong></span> <span class='ocrx_word' id='word_1_112' title='bbox 707 841 749 866; x_wconf 74' lang='lat' dir='ltr'><strong>es,</strong></span> <span class='ocrx_word' id='word_1_113' title='bbox 772 833 902 860; x_wconf 79' lang='lat' dir='ltr'><strong>veritatem</strong></span> <span class='ocrx_word' id='word_1_114' title='bbox 913 831 994 868; x_wconf 75' lang='lat' dir='ltr'><strong>(Luc.</strong></span> <span class='ocrx_word' id='word_1_115' title='bbox 1006 832 1033 859; x_wconf 75' lang='lat' dir='ltr'><strong>l.</strong></span> 
     </span>
    </p>
   </div>
   <div class='ocr_carea' id='block_1_16' title="bbox 239 879 1034 917">
    <p class='ocr_par' dir='ltr' id='par_1_16' title="bbox 239 879 1034 917">
     <span class='ocr_line' id='line_1_16' title="bbox 239 879 1034 917; baseline -0.006 -7"><span class='ocrx_word' id='word_1_116' title='bbox 239 882 275 917; x_wconf 71' lang='grc' dir='ltr'><strong>ό)</strong></span> <span class='ocrx_word' id='word_1_117' title='bbox 287 890 294 915; x_wconf 92' lang='grc'><strong>;</strong></span> <span class='ocrx_word' id='word_1_118' title='bbox 309 881 335 908; x_wconf 88' lang='lat' dir='ltr'><strong>id</strong></span> <span class='ocrx_word' id='word_1_119' title='bbox 350 885 392 910; x_wconf 85' lang='lat' dir='ltr'><strong>est</strong></span> <span class='ocrx_word' id='word_1_120' title='bbox 401 902 408 914; x_wconf 86' lang='lat'><strong>,</strong></span> <span class='ocrx_word' id='word_1_121' title='bbox 423 881 457 909; x_wconf 88' lang='lat' dir='ltr'><strong>Ut</strong></span> <span class='ocrx_word' id='word_1_122' title='bbox 471 888 543 916; x_wconf 63' lang='lat' dir='ltr'><strong>saepe</strong></span> <span class='ocrx_word' id='word_1_123' title='bbox 556 879 735 908; x_wconf 86' lang='lat' dir='ltr'><strong>commonitus</strong></span> <span class='ocrx_word' id='word_1_124' title='bbox 748 884 838 907; x_wconf 87' lang='lat' dir='ltr'><strong>certus</strong></span> <span class='ocrx_word' id='word_1_125' title='bbox 849 879 887 906; x_wconf 87' lang='lat' dir='ltr'><strong>sis</strong></span> <span class='ocrx_word' id='word_1_126' title='bbox 898 899 906 912; x_wconf 90' lang='lat'><strong>,</strong></span> <span class='ocrx_word' id='word_1_127' title='bbox 923 885 1034 913; x_wconf 87' lang='lat' dir='ltr'><strong>persua-</strong></span> 
     </span>
    </p>
   </div>
   <div class='ocr_carea' id='block_1_17' title="bbox 238 925 1032 964">
    <p class='ocr_par' dir='ltr' id='par_1_17' title="bbox 238 925 1032 964">
     <span class='ocr_line' id='line_1_17' title="bbox 238 925 1032 964; baseline -0.005 -8"><span class='ocrx_word' id='word_1_128' title='bbox 238 936 338 964; x_wconf 87' lang='lat' dir='ltr'><strong>susque</strong></span> <span class='ocrx_word' id='word_1_129' title='bbox 347 935 467 956; x_wconf 75' lang='lat' dir='ltr'><strong>matteas.</strong></span> <span class='ocrx_word' id='word_1_130' title='bbox 478 927 595 955; x_wconf 81' lang='lat' dir='ltr'><strong>Joannes</strong></span> <span class='ocrx_word' id='word_1_131' title='bbox 603 934 667 954; x_wconf 79' lang='lat' dir='ltr'><strong>vero</strong></span> <span class='ocrx_word' id='word_1_132' title='bbox 674 933 781 954; x_wconf 82' lang='lat' dir='ltr'><strong>causam</strong></span> <span class='ocrx_word' id='word_1_133' title='bbox 792 925 926 953; x_wconf 87' lang='lat' dir='ltr'><strong>scribendi</strong></span> <span class='ocrx_word' id='word_1_134' title='bbox 935 925 1032 957; x_wconf 82' lang='lat' dir='ltr'><strong>tacuit;</strong></span> 
     </span>
    </p>
   </div>
   <div class='ocr_carea' id='block_1_18' title="bbox 239 972 1034 1010">
    <p class='ocr_par' dir='ltr' id='par_1_18' title="bbox 239 972 1034 1010">
     <span class='ocr_line' id='line_1_18' title="bbox 239 972 1034 1010; baseline -0.004 -8"><span class='ocrx_word' id='word_1_135' title='bbox 239 980 270 1003; x_wconf 91' lang='lat' dir='ltr'><strong>nt</strong></span> <span class='ocrx_word' id='word_1_136' title='bbox 287 979 377 1002; x_wconf 86' lang='lat' dir='ltr'><strong>autem</strong></span> <span class='ocrx_word' id='word_1_137' title='bbox 391 975 446 1010; x_wconf 89' lang='lat' dir='ltr'><strong>jam</strong></span> <span class='ocrx_word' id='word_1_138' title='bbox 460 974 524 1002; x_wconf 92' lang='lat' dir='ltr'><strong>olim</strong></span> <span class='ocrx_word' id='word_1_139' title='bbox 536 982 551 1001; x_wconf 88' lang='lat' dir='ltr'><strong>a</strong></span> <span class='ocrx_word' id='word_1_140' title='bbox 574 973 720 1009; x_wconf 81' lang='lat' dir='ltr'><strong>majoribus</strong></span> <span class='ocrx_word' id='word_1_141' title='bbox 734 977 762 1000; x_wconf 86' lang='lat' dir='ltr'><strong>et</strong></span> <span class='ocrx_word' id='word_1_142' title='bbox 783 972 904 1007; x_wconf 88' lang='lat' dir='ltr'><strong>patribus</strong></span> <span class='ocrx_word' id='word_1_143' title='bbox 926 972 1034 1006; x_wconf 87' lang='lat' dir='ltr'><strong>accepi-</strong></span> 
     </span>
    </p>
   </div>
   <div class='ocr_carea' id='block_1_19' title="bbox 239 1018 1032 1054">
    <p class='ocr_par' dir='ltr' id='par_1_19' title="bbox 239 1018 1032 1054">
     <span class='ocr_line' id='line_1_19' title="bbox 239 1018 1032 1054; baseline -0.005 -6"><span class='ocrx_word' id='word_1_144' title='bbox 239 1028 299 1048; x_wconf 87' lang='lat' dir='ltr'><strong>mus</strong></span> <span class='ocrx_word' id='word_1_145' title='bbox 308 1041 318 1054; x_wconf 85' lang='lat'><strong>,</strong></span> <span class='ocrx_word' id='word_1_146' title='bbox 330 1028 382 1048; x_wconf 94' lang='lat' dir='ltr'><strong>non</strong></span> <span class='ocrx_word' id='word_1_147' title='bbox 393 1021 452 1048; x_wconf 89' lang='lat' dir='ltr'><strong>sine</strong></span> <span class='ocrx_word' id='word_1_148' title='bbox 465 1028 542 1048; x_wconf 87' lang='lat' dir='ltr'><strong>causa</strong></span> <span class='ocrx_word' id='word_1_149' title='bbox 553 1020 586 1047; x_wconf 92' lang='lat' dir='ltr'><strong>ad</strong></span> <span class='ocrx_word' id='word_1_150' title='bbox 596 1019 769 1047; x_wconf 84' lang='lat' dir='ltr'><strong>scribendum</strong></span> <span class='ocrx_word' id='word_1_151' title='bbox 782 1019 900 1046; x_wconf 88' lang='lat' dir='ltr'><strong>animum</strong></span> <span class='ocrx_word' id='word_1_152' title='bbox 909 1018 1013 1053; x_wconf 88' lang='lat' dir='ltr'><strong>appulit</strong></span> <span class='ocrx_word' id='word_1_153' title='bbox 1024 1027 1032 1045; x_wconf 85' lang='lat'><strong><em>:</em></strong></span> 
     </span>
    </p>
   </div>
   <div class='ocr_carea' id='block_1_20' title="bbox 238 1064 1033 1102">
    <p class='ocr_par' dir='ltr' id='par_1_20' title="bbox 238 1064 1033 1102">
     <span class='ocr_line' id='line_1_20' title="bbox 238 1064 1033 1102; baseline -0.004 -7"><span class='ocrx_word' id='word_1_154' title='bbox 238 1067 286 1095; x_wconf 83' lang='lat' dir='ltr'><strong>sed</strong></span> <span class='ocrx_word' id='word_1_155' title='bbox 301 1067 362 1102; x_wconf 84' lang='lat' dir='ltr'><strong>quia</strong></span> <span class='ocrx_word' id='word_1_156' title='bbox 375 1066 493 1102; x_wconf 87' lang='lat' dir='ltr'><strong>priorum</strong></span> <span class='ocrx_word' id='word_1_157' title='bbox 508 1067 586 1093; x_wconf 88' lang='lat' dir='ltr'><strong>trium</strong></span> <span class='ocrx_word' id='word_1_158' title='bbox 603 1065 645 1093; x_wconf 93' lang='lat' dir='ltr'><strong>hic</strong></span> <span class='ocrx_word' id='word_1_159' title='bbox 660 1072 757 1101; x_wconf 89' lang='lat' dir='ltr'><strong>scopus</strong></span> <span class='ocrx_word' id='word_1_160' title='bbox 780 1065 884 1098; x_wconf 90' lang='lat' dir='ltr'><strong>fuerat,</strong></span> <span class='ocrx_word' id='word_1_161' title='bbox 900 1069 930 1092; x_wconf 91' lang='lat' dir='ltr'><strong>ut</strong></span> <span class='ocrx_word' id='word_1_162' title='bbox 943 1064 976 1092; x_wconf 86' lang='lat' dir='ltr'><strong>de</strong></span> <span class='ocrx_word' id='word_1_163' title='bbox 989 1072 1033 1092; x_wconf 82' lang='lat' dir='ltr'><strong>as-</strong></span> 
     </span>
    </p>
   </div>
   <div class='ocr_carea' id='block_1_21' title="bbox 239 1111 1034 1148">
    <p class='ocr_par' dir='ltr' id='par_1_21' title="bbox 239 1111 1034 1148">
     <span class='ocr_line' id='line_1_21' title="bbox 239 1111 1034 1148; baseline -0.004 -7"><span class='ocrx_word' id='word_1_164' title='bbox 239 1117 345 1148; x_wconf 86' lang='lat' dir='ltr'><strong>sumpta</strong></span> <span class='ocrx_word' id='word_1_165' title='bbox 355 1121 436 1141; x_wconf 87' lang='lat' dir='ltr'><strong>carne</strong></span> <span class='ocrx_word' id='word_1_166' title='bbox 445 1113 565 1148; x_wconf 85' lang='lat' dir='ltr'><strong>pluribus</strong></span> <span class='ocrx_word' id='word_1_167' title='bbox 575 1116 694 1148; x_wconf 84' lang='lat' dir='ltr'><strong>agerent,</strong></span> <span class='ocrx_word' id='word_1_168' title='bbox 707 1111 910 1148; x_wconf 84' lang='lat' dir='ltr'><strong>periculumque</strong></span> <span class='ocrx_word' id='word_1_169' title='bbox 920 1115 988 1145; x_wconf 91' lang='lat' dir='ltr'><strong>erat,</strong></span> <span class='ocrx_word' id='word_1_170' title='bbox 1001 1119 1034 1138; x_wconf 87' lang='lat' dir='ltr'><strong>ne</strong></span> 
     </span>
    </p>
   </div>
   <div class='ocr_carea' id='block_1_22' title="bbox 240 1157 1033 1194">
    <p class='ocr_par' dir='ltr' id='par_1_22' title="bbox 240 1157 1033 1194">
     <span class='ocr_line' id='line_1_22' title="bbox 240 1157 1033 1194; baseline -0.001 -9"><span class='ocrx_word' id='word_1_171' title='bbox 240 1159 386 1187; x_wconf 84' lang='lat' dir='ltr'><strong>divinitatis</strong></span> <span class='ocrx_word' id='word_1_172' title='bbox 407 1159 531 1194; x_wconf 87' lang='lat' dir='ltr'><strong>dogmata</strong></span> <span class='ocrx_word' id='word_1_173' title='bbox 546 1162 698 1186; x_wconf 88' lang='lat' dir='ltr'><strong>tacerentur</strong></span> <span class='ocrx_word' id='word_1_174' title='bbox 709 1178 717 1191; x_wconf 97' lang='lat'><strong>,</strong></span> <span class='ocrx_word' id='word_1_175' title='bbox 730 1157 839 1185; x_wconf 88' lang='lat' dir='ltr'><strong>Christo</strong></span> <span class='ocrx_word' id='word_1_176' title='bbox 852 1157 959 1185; x_wconf 88' lang='lat' dir='ltr'><strong>demum</strong></span> <span class='ocrx_word' id='word_1_177' title='bbox 973 1165 1033 1184; x_wconf 89' lang='lat' dir='ltr'><strong>mo-</strong></span> 
     </span>
    </p>
   </div>
   <div class='ocr_carea' id='block_1_23' title="bbox 239 1202 1033 1240">
    <p class='ocr_par' dir='ltr' id='par_1_23' title="bbox 239 1202 1033 1240">
     <span class='ocr_line' id='line_1_23' title="bbox 239 1202 1033 1240; baseline -0.004 -8"><span class='ocrx_word' id='word_1_178' title='bbox 239 1209 317 1232; x_wconf 70' lang='lat' dir='ltr'><strong>vente</strong></span> <span class='ocrx_word' id='word_1_179' title='bbox 334 1204 368 1232; x_wconf 89' lang='lat' dir='ltr'><strong>ad</strong></span> <span class='ocrx_word' id='word_1_180' title='bbox 383 1204 557 1240; x_wconf 81' lang='lat' dir='ltr'><strong>Evangelium</strong></span> <span class='ocrx_word' id='word_1_181' title='bbox 570 1203 741 1232; x_wconf 86' lang='lat' dir='ltr'><strong>scribendum</strong></span> <span class='ocrx_word' id='word_1_182' title='bbox 763 1203 887 1231; x_wconf 90' lang='lat' dir='ltr'><strong>inductus</strong></span> <span class='ocrx_word' id='word_1_183' title='bbox 899 1207 951 1230; x_wconf 87' lang='lat' dir='ltr'><strong>est.</strong></span> <span class='ocrx_word' id='word_1_184' title='bbox 967 1202 1033 1230; x_wconf 90' lang='lat' dir='ltr'><strong>Illud</strong></span> 
     </span>
    </p>
   </div>
   <div class='ocr_carea' id='block_1_24' title="bbox 239 1249 1033 1286">
    <p class='ocr_par' dir='ltr' id='par_1_24' title="bbox 239 1249 1033 1286">
     <span class='ocr_line' id='line_1_24' title="bbox 239 1249 1033 1286; baseline -0.003 -9"><span class='ocrx_word' id='word_1_185' title='bbox 239 1257 305 1278; x_wconf 86' lang='lat' dir='ltr'><strong>vero</strong></span> <span class='ocrx_word' id='word_1_186' title='bbox 318 1250 405 1285; x_wconf 85' lang='lat' dir='ltr'><strong>palam</strong></span> <span class='ocrx_word' id='word_1_187' title='bbox 417 1255 460 1279; x_wconf 86' lang='lat' dir='ltr'><strong>est</strong></span> <span class='ocrx_word' id='word_1_188' title='bbox 473 1258 507 1279; x_wconf 77' lang='lat' dir='ltr'><strong>ex</strong></span> <span class='ocrx_word' id='word_1_189' title='bbox 520 1250 578 1286; x_wconf 88' lang='lat' dir='ltr'><strong>ipsa</strong></span> <span class='ocrx_word' id='word_1_190' title='bbox 591 1250 704 1277; x_wconf 85' lang='lat' dir='ltr'><strong>historia</strong></span> <span class='ocrx_word' id='word_1_191' title='bbox 717 1254 746 1278; x_wconf 86' lang='lat' dir='ltr'><strong>et</strong></span> <span class='ocrx_word' id='word_1_192' title='bbox 757 1257 789 1277; x_wconf 83' lang='lat' dir='ltr'><strong>ex</strong></span> <span class='ocrx_word' id='word_1_193' title='bbox 806 1249 943 1284; x_wconf 80' lang='lat' dir='ltr'><strong>Evangelii</strong></span> <span class='ocrx_word' id='word_1_194' title='bbox 956 1256 1033 1276; x_wconf 82' lang='lat' dir='ltr'><strong>exor-</strong></span> 
     </span>
    </p>
   </div>
   <div class='ocr_carea' id='block_1_25' title="bbox 240 1295 1033 1334">
    <p class='ocr_par' dir='ltr' id='par_1_25' title="bbox 240 1295 1033 1334">
     <span class='ocr_line' id='line_1_25' title="bbox 240 1295 1033 1334; baseline -0.003 -9"><span class='ocrx_word' id='word_1_195' title='bbox 240 1299 294 1326; x_wconf 87' lang='lat' dir='ltr'><strong>dio.</strong></span> <span class='ocrx_word' id='word_1_196' title='bbox 318 1299 408 1334; x_wconf 87' lang='lat' dir='ltr'><strong>Neque</strong></span> <span class='ocrx_word' id='word_1_197' title='bbox 429 1299 501 1327; x_wconf 87' lang='lat' dir='ltr'><strong>enim</strong></span> <span class='ocrx_word' id='word_1_198' title='bbox 525 1298 636 1333; x_wconf 84' lang='lat' dir='ltr'><strong>perinde</strong></span> <span class='ocrx_word' id='word_1_199' title='bbox 649 1302 729 1333; x_wconf 87' lang='lat' dir='ltr'><strong>atque</strong></span> <span class='ocrx_word' id='word_1_200' title='bbox 743 1297 787 1324; x_wconf 85' lang='lat' dir='ltr'><strong>alii</strong></span> <span class='ocrx_word' id='word_1_201' title='bbox 808 1296 843 1324; x_wconf 91' lang='lat' dir='ltr'><strong>ab</strong></span> <span class='ocrx_word' id='word_1_202' title='bbox 864 1295 1033 1324; x_wconf 85' lang='lat' dir='ltr'><strong>inferioribus</strong></span> 
     </span>
    </p>
   </div>
   <div class='ocr_carea' id='block_1_26' title="bbox 240 1343 1028 1380">
    <p class='ocr_par' dir='ltr' id='par_1_26' title="bbox 240 1343 1028 1380">
     <span class='ocr_line' id='line_1_26' title="bbox 240 1343 1028 1380; baseline -0.003 -8"><span class='ocrx_word' id='word_1_203' title='bbox 240 1345 335 1380; x_wconf 71' lang='lat' dir='ltr'><strong>erepit;</strong></span> <span class='ocrx_word' id='word_1_204' title='bbox 346 1345 394 1373; x_wconf 86' lang='lat' dir='ltr'><strong>sed</strong></span> <span class='ocrx_word' id='word_1_205' title='bbox 404 1353 419 1372; x_wconf 91' lang='lat' dir='ltr'><strong>a</strong></span> <span class='ocrx_word' id='word_1_206' title='bbox 430 1345 629 1380; x_wconf 84' lang='lat' dir='ltr'><strong>superioribus,</strong></span> <span class='ocrx_word' id='word_1_207' title='bbox 644 1344 670 1372; x_wconf 88' lang='lat' dir='ltr'><strong>id</strong></span> <span class='ocrx_word' id='word_1_208' title='bbox 679 1343 750 1379; x_wconf 91' lang='lat' dir='ltr'><strong>quod</strong></span> <span class='ocrx_word' id='word_1_209' title='bbox 763 1343 814 1372; x_wconf 83' lang='lat' dir='ltr'><strong>sibi</strong></span> <span class='ocrx_word' id='word_1_210' title='bbox 826 1344 852 1371; x_wconf 91' lang='lat' dir='ltr'><strong>in</strong></span> <span class='ocrx_word' id='word_1_211' title='bbox 865 1351 949 1378; x_wconf 86' lang='lat' dir='ltr'><strong>scopo</strong></span> <span class='ocrx_word' id='word_1_212' title='bbox 963 1347 1028 1370; x_wconf 83' lang='lat' dir='ltr'><strong>erat.</strong></span> 
     </span>
    </p>
   </div>
   <div class='ocr_carea' id='block_1_27' title="bbox 239 1390 1028 1427">
    <p class='ocr_par' dir='ltr' id='par_1_27' title="bbox 239 1390 1028 1427">
     <span class='ocr_line' id='line_1_27' title="bbox 239 1390 1028 1427; baseline -0.003 -8"><span class='ocrx_word' id='word_1_213' title='bbox 239 1391 354 1427; x_wconf 80' lang='lat' dir='ltr'><strong>Ideoque</strong></span> <span class='ocrx_word' id='word_1_214' title='bbox 362 1396 445 1419; x_wconf 89' lang='lat' dir='ltr'><strong>totum</strong></span> <span class='ocrx_word' id='word_1_215' title='bbox 453 1392 549 1419; x_wconf 91' lang='lat' dir='ltr'><strong>librum</strong></span> <span class='ocrx_word' id='word_1_216' title='bbox 558 1391 650 1419; x_wconf 88' lang='lat' dir='ltr'><strong>edidit.</strong></span> <span class='ocrx_word' id='word_1_217' title='bbox 659 1391 751 1426; x_wconf 83' lang='lat' dir='ltr'><strong>Neque</strong></span> <span class='ocrx_word' id='word_1_218' title='bbox 759 1394 861 1418; x_wconf 88' lang='lat' dir='ltr'><strong>tantum</strong></span> <span class='ocrx_word' id='word_1_219' title='bbox 873 1391 900 1418; x_wconf 88' lang='lat' dir='ltr'><strong>in</strong></span> <span class='ocrx_word' id='word_1_220' title='bbox 909 1390 1028 1421; x_wconf 78' lang='lat' dir='ltr'><strong>exordio.</strong></span> 
     </span>
    </p>
   </div>
   <div class='ocr_carea' id='block_1_28' title="bbox 239 1436 1030 1473">
    <p class='ocr_par' dir='ltr' id='par_1_28' title="bbox 239 1436 1030 1473">
     <span class='ocr_line' id='line_1_28' title="bbox 239 1436 1030 1473; baseline -0.003 -7"><span class='ocrx_word' id='word_1_221' title='bbox 239 1439 286 1466; x_wconf 81' lang='lat' dir='ltr'><strong>sed</strong></span> <span class='ocrx_word' id='word_1_222' title='bbox 299 1439 379 1467; x_wconf 82' lang='lat' dir='ltr'><strong>etiam</strong></span> <span class='ocrx_word' id='word_1_223' title='bbox 391 1439 416 1465; x_wconf 86' lang='lat' dir='ltr'><strong>in</strong></span> <span class='ocrx_word' id='word_1_224' title='bbox 429 1442 486 1466; x_wconf 84' lang='lat' dir='ltr'><strong>toto</strong></span> <span class='ocrx_word' id='word_1_225' title='bbox 501 1437 638 1473; x_wconf 75' lang='lat' dir='ltr'><strong>Evangelii</strong></span> <span class='ocrx_word' id='word_1_226' title='bbox 649 1438 762 1465; x_wconf 87' lang='lat' dir='ltr'><strong>decursu</strong></span> <span class='ocrx_word' id='word_1_227' title='bbox 774 1437 882 1465; x_wconf 79' lang='lat' dir='ltr'><strong>caeteris</strong></span> <span class='ocrx_word' id='word_1_228' title='bbox 892 1436 1030 1464; x_wconf 90' lang='lat' dir='ltr'><strong>sublimior</strong></span> 
     </span>
    </p>
   </div>
   <div class='ocr_carea' id='block_1_29' title="bbox 238 1483 1030 1521">
    <p class='ocr_par' dir='ltr' id='par_1_29' title="bbox 238 1483 1030 1521">
     <span class='ocr_line' id='line_1_29' title="bbox 238 1483 1030 1521; baseline -0.004 -8"><span class='ocrx_word' id='word_1_229' title='bbox 238 1490 289 1513; x_wconf 86' lang='lat' dir='ltr'><strong>est.</strong></span> <span class='ocrx_word' id='word_1_230' title='bbox 304 1485 433 1513; x_wconf 77' lang='lat' dir='ltr'><strong>Narratur</strong></span> <span class='ocrx_word' id='word_1_231' title='bbox 446 1492 526 1521; x_wconf 87' lang='lat' dir='ltr'><strong>porro</strong></span> <span class='ocrx_word' id='word_1_232' title='bbox 538 1485 691 1512; x_wconf 77' lang='lat' dir='ltr'><strong>Mattlneum</strong></span> <span class='ocrx_word' id='word_1_233' title='bbox 702 1505 711 1518; x_wconf 85' lang='lat'><strong>,</strong></span> <span class='ocrx_word' id='word_1_234' title='bbox 727 1483 918 1511; x_wconf 88' lang='lat' dir='ltr'><strong>accedentibus</strong></span> <span class='ocrx_word' id='word_1_235' title='bbox 931 1489 1030 1517; x_wconf 81' lang='lat' dir='ltr'><strong>rogan-</strong></span> 
     </span>
    </p>
   </div>
   <div class='ocr_carea' id='block_1_30' title="bbox 239 1528 1033 1567">
    <p class='ocr_par' dir='ltr' id='par_1_30' title="bbox 239 1528 1033 1567">
     <span class='ocr_line' id='line_1_30' title="bbox 239 1528 1033 1567; baseline -0.006 -8"><span class='ocrx_word' id='word_1_236' title='bbox 239 1533 363 1567; x_wconf 85' lang='lat' dir='ltr'><strong>tibusqne</strong></span> <span class='ocrx_word' id='word_1_237' title='bbox 374 1531 474 1559; x_wconf 65' lang='lat' dir='ltr'><strong>.ludteis</strong></span> <span class='ocrx_word' id='word_1_238' title='bbox 485 1531 530 1566; x_wconf 88' lang='lat' dir='ltr'><strong>qui</strong></span> <span class='ocrx_word' id='word_1_239' title='bbox 546 1530 733 1562; x_wconf 85' lang='lat' dir='ltr'><strong>crediderant,</strong></span> <span class='ocrx_word' id='word_1_240' title='bbox 749 1537 780 1557; x_wconf 78' lang='lat' dir='ltr'><strong>ea</strong></span> <span class='ocrx_word' id='word_1_241' title='bbox 792 1537 852 1563; x_wconf 77' lang='lat' dir='ltr'><strong>qute</strong></span> <span class='ocrx_word' id='word_1_242' title='bbox 867 1528 955 1557; x_wconf 88' lang='lat' dir='ltr'><strong>verbis</strong></span> <span class='ocrx_word' id='word_1_243' title='bbox 971 1535 1033 1563; x_wconf 81' lang='lat' dir='ltr'><strong>pro-</strong></span> 
     </span>
    </p>
   </div>
   <div class='ocr_carea' id='block_1_31' title="bbox 236 1574 1030 1612">
    <p class='ocr_par' dir='ltr' id='par_1_31' title="bbox 236 1574 1030 1612">
     <span class='ocr_line' id='line_1_31' title="bbox 236 1574 1030 1612; baseline -0.005 -7"><span class='ocrx_word' id='word_1_244' title='bbox 236 1579 336 1606; x_wconf 77' lang='lat' dir='ltr'><strong>tulerat</strong></span> <span class='ocrx_word' id='word_1_245' title='bbox 347 1578 430 1606; x_wconf 87' lang='lat' dir='ltr'><strong>literis</strong></span> <span class='ocrx_word' id='word_1_246' title='bbox 439 1578 571 1612; x_wconf 86' lang='lat' dir='ltr'><strong>descripta</strong></span> <span class='ocrx_word' id='word_1_247' title='bbox 586 1576 680 1604; x_wconf 83' lang='lat' dir='ltr'><strong>iisdem</strong></span> <span class='ocrx_word' id='word_1_248' title='bbox 692 1576 834 1610; x_wconf 88' lang='lat' dir='ltr'><strong>reliquisse</strong></span> <span class='ocrx_word' id='word_1_249' title='bbox 843 1596 850 1608; x_wconf 90' lang='lat'><strong>,</strong></span> <span class='ocrx_word' id='word_1_250' title='bbox 862 1580 889 1602; x_wconf 92' lang='lat' dir='ltr'><strong>et</strong></span> <span class='ocrx_word' id='word_1_251' title='bbox 901 1574 1030 1605; x_wconf 86' lang='lat' dir='ltr'><strong>Hebraice</strong></span> 
     </span>
    </p>
   </div>
   <div class='ocr_carea' id='block_1_32' title="bbox 238 1620 1031 1659">
    <p class='ocr_par' dir='ltr' id='par_1_32' title="bbox 238 1620 1031 1659">
     <span class='ocr_line' id='line_1_32' title="bbox 238 1620 1031 1659; baseline -0.004 -9"><span class='ocrx_word' id='word_1_252' title='bbox 238 1624 413 1658; x_wconf 81' lang='lat' dir='ltr'><strong>Evangelium</strong></span> <span class='ocrx_word' id='word_1_253' title='bbox 429 1623 588 1659; x_wconf 82' lang='lat' dir='ltr'><strong>scripsisse:</strong></span> <span class='ocrx_word' id='word_1_254' title='bbox 605 1622 720 1649; x_wconf 82' lang='lat' dir='ltr'><strong>Marcum</strong></span> <span class='ocrx_word' id='word_1_255' title='bbox 732 1622 795 1649; x_wconf 90' lang='lat' dir='ltr'><strong>item</strong></span> <span class='ocrx_word' id='word_1_256' title='bbox 809 1621 835 1648; x_wconf 93' lang='lat' dir='ltr'><strong>in</strong></span> <span class='ocrx_word' id='word_1_257' title='bbox 847 1620 963 1656; x_wconf 65' lang='lat' dir='ltr'><strong>Egypto</strong></span> <span class='ocrx_word' id='word_1_258' title='bbox 984 1628 1031 1647; x_wconf 93' lang='lat' dir='ltr'><strong>ro-</strong></span> 
     </span>
    </p>
   </div>
   <div class='ocr_carea' id='block_1_33' title="bbox 237 1666 1029 1705">
    <p class='ocr_par' dir='ltr' id='par_1_33' title="bbox 237 1666 1029 1705">
     <span class='ocr_line' id='line_1_33' title="bbox 237 1666 1029 1705; baseline -0.004 -9"><span class='ocrx_word' id='word_1_259' title='bbox 237 1674 300 1705; x_wconf 76' lang='lat' dir='ltr'><strong>gatu</strong></span> <span class='ocrx_word' id='word_1_260' title='bbox 313 1669 504 1704; x_wconf 91' lang='lat' dir='ltr'><strong>discipulorum</strong></span> <span class='ocrx_word' id='word_1_261' title='bbox 516 1669 630 1703; x_wconf 90' lang='lat' dir='ltr'><strong>idipsum</strong></span> <span class='ocrx_word' id='word_1_262' title='bbox 645 1667 750 1695; x_wconf 81' lang='lat' dir='ltr'><strong>fecisse.</strong></span> <span class='ocrx_word' id='word_1_263' title='bbox 763 1667 865 1694; x_wconf 87' lang='lat' dir='ltr'><strong>Idcirco</strong></span> <span class='ocrx_word' id='word_1_264' title='bbox 877 1666 1029 1700; x_wconf 68' lang='lat' dir='ltr'><strong>Matthazus,</strong></span> 
     </span>
    </p>
   </div>
   <div class='ocr_carea' id='block_1_34' title="bbox 238 1711 1030 1751">
    <p class='ocr_par' dir='ltr' id='par_1_34' title="bbox 238 1711 1030 1751">
     <span class='ocr_line' id='line_1_34' title="bbox 238 1711 1030 1751; baseline -0.004 -9"><span class='ocrx_word' id='word_1_265' title='bbox 238 1721 329 1751; x_wconf 91' lang='lat' dir='ltr'><strong>utpote</strong></span> <span class='ocrx_word' id='word_1_266' title='bbox 343 1716 387 1751; x_wconf 91' lang='lat' dir='ltr'><strong>qui</strong></span> <span class='ocrx_word' id='word_1_267' title='bbox 404 1715 524 1742; x_wconf 62' lang='lat' dir='ltr'><strong>Hebraeis</strong></span> <span class='ocrx_word' id='word_1_268' title='bbox 542 1714 687 1746; x_wconf 77' lang='lat' dir='ltr'><strong>Scriberet,</strong></span> <span class='ocrx_word' id='word_1_269' title='bbox 704 1713 770 1740; x_wconf 90' lang='lat' dir='ltr'><strong>nihil</strong></span> <span class='ocrx_word' id='word_1_270' title='bbox 792 1713 864 1740; x_wconf 87' lang='lat' dir='ltr'><strong>aliud</strong></span> <span class='ocrx_word' id='word_1_271' title='bbox 887 1711 1030 1740; x_wconf 86' lang='lat' dir='ltr'><strong>ostendere</strong></span> 
     </span>
    </p>
   </div>
   <div class='ocr_carea' id='block_1_35' title="bbox 237 1758 1030 1797">
    <p class='ocr_par' dir='ltr' id='par_1_35' title="bbox 237 1758 1030 1797">
     <span class='ocr_line' id='line_1_35' title="bbox 237 1758 1030 1797; baseline -0.005 -8"><span class='ocrx_word' id='word_1_272' title='bbox 237 1762 353 1795; x_wconf 81' lang='lat' dir='ltr'><strong>studuit,</strong></span> <span class='ocrx_word' id='word_1_273' title='bbox 377 1769 456 1797; x_wconf 89' lang='lat' dir='ltr'><strong>quam</strong></span> <span class='ocrx_word' id='word_1_274' title='bbox 470 1761 540 1796; x_wconf 88' lang='lat' dir='ltr'><strong>quod</strong></span> <span class='ocrx_word' id='word_1_275' title='bbox 555 1761 589 1788; x_wconf 91' lang='lat' dir='ltr'><strong>ab</strong></span> <span class='ocrx_word' id='word_1_276' title='bbox 603 1760 756 1788; x_wconf 90' lang='lat' dir='ltr'><strong>Abrahamo</strong></span> <span class='ocrx_word' id='word_1_277' title='bbox 768 1764 796 1787; x_wconf 86' lang='lat' dir='ltr'><strong>et</strong></span> <span class='ocrx_word' id='word_1_278' title='bbox 818 1758 917 1786; x_wconf 88' lang='lat' dir='ltr'><strong>Davide</strong></span> <span class='ocrx_word' id='word_1_279' title='bbox 942 1764 1030 1786; x_wconf 90' lang='lat' dir='ltr'><strong>ortum</strong></span> 
     </span>
    </p>
   </div>
   <div class='ocr_carea' id='block_1_36' title="bbox 237 1804 1031 1841">
    <p class='ocr_par' dir='ltr' id='par_1_36' title="bbox 237 1804 1031 1841">
     <span class='ocr_line' id='line_1_36' title="bbox 237 1804 1031 1841; baseline -0.006 -6"><span class='ocrx_word' id='word_1_280' title='bbox 237 1808 348 1835; x_wconf 86' lang='lat' dir='ltr'><strong>duceret</strong></span> <span class='ocrx_word' id='word_1_281' title='bbox 360 1816 366 1834; x_wconf 96' lang='lat'>:</span> <span class='ocrx_word' id='word_1_282' title='bbox 389 1807 475 1835; x_wconf 81' lang='lat' dir='ltr'><strong>Lucas</strong></span> <span class='ocrx_word' id='word_1_283' title='bbox 489 1814 554 1834; x_wconf 86' lang='lat' dir='ltr'><strong>vero</strong></span> <span class='ocrx_word' id='word_1_284' title='bbox 564 1828 572 1839; x_wconf 86' lang='lat'><strong>,</strong></span> <span class='ocrx_word' id='word_1_285' title='bbox 586 1806 685 1841; x_wconf 87' lang='lat' dir='ltr'><strong>quippe</strong></span> <span class='ocrx_word' id='word_1_286' title='bbox 698 1805 743 1841; x_wconf 92' lang='lat' dir='ltr'><strong>qui</strong></span> <span class='ocrx_word' id='word_1_287' title='bbox 759 1805 883 1833; x_wconf 88' lang='lat' dir='ltr'><strong>omnibus</strong></span> <span class='ocrx_word' id='word_1_288' title='bbox 898 1804 977 1832; x_wconf 89' lang='lat' dir='ltr'><strong>simul</strong></span> <span class='ocrx_word' id='word_1_289' title='bbox 992 1804 1031 1831; x_wconf 92' lang='lat' dir='ltr'><strong>lo-</strong></span> 
     </span>
    </p>
   </div>
   <div class='ocr_carea' id='block_1_37' title="bbox 238 1850 1030 1889">
    <p class='ocr_par' dir='ltr' id='par_1_37' title="bbox 238 1850 1030 1889">
     <span class='ocr_line' id='line_1_37' title="bbox 238 1850 1030 1889; baseline -0.005 -8"><span class='ocrx_word' id='word_1_290' title='bbox 238 1859 384 1889; x_wconf 83' lang='lat' dir='ltr'><strong>queretur,</strong></span> <span class='ocrx_word' id='word_1_291' title='bbox 399 1853 479 1880; x_wconf 89' lang='lat' dir='ltr'><strong>altius</strong></span> <span class='ocrx_word' id='word_1_292' title='bbox 491 1860 642 1879; x_wconf 87' lang='lat' dir='ltr'><strong>sermonem</strong></span> <span class='ocrx_word' id='word_1_293' title='bbox 658 1851 777 1879; x_wconf 75' lang='lat' dir='ltr'><strong>extendit</strong></span> <span class='ocrx_word' id='word_1_294' title='bbox 787 1872 794 1883; x_wconf 90' lang='lat'><strong>,</strong></span> <span class='ocrx_word' id='word_1_295' title='bbox 809 1856 836 1878; x_wconf 91' lang='lat' dir='ltr'><strong>et</strong></span> <span class='ocrx_word' id='word_1_296' title='bbox 851 1851 883 1878; x_wconf 90' lang='lat' dir='ltr'><strong>ad</strong></span> <span class='ocrx_word' id='word_1_297' title='bbox 898 1850 1030 1878; x_wconf 82' lang='lat' dir='ltr'><strong>Adamum</strong></span> 
     </span>
    </p>
   </div>
   <div class='ocr_carea' id='block_1_38' title="bbox 239 1895 1030 1935">
    <p class='ocr_par' dir='ltr' id='par_1_38' title="bbox 239 1895 1030 1935">
     <span class='ocr_line' id='line_1_38' title="bbox 239 1895 1030 1935; baseline -0.005 -8"><span class='ocrx_word' id='word_1_298' title='bbox 239 1907 322 1935; x_wconf 88' lang='lat' dir='ltr'><strong>usque</strong></span> <span class='ocrx_word' id='word_1_299' title='bbox 342 1899 520 1935; x_wconf 81' lang='lat' dir='ltr'><strong>progreditur.</strong></span> <span class='ocrx_word' id='word_1_300' title='bbox 548 1898 593 1926; x_wconf 81' lang='lat' dir='ltr'><strong>Ille</strong></span> <span class='ocrx_word' id='word_1_301' title='bbox 615 1898 722 1934; x_wconf 88' lang='lat' dir='ltr'><strong>quidem</strong></span> <span class='ocrx_word' id='word_1_302' title='bbox 737 1906 750 1924; x_wconf 90' lang='lat' dir='ltr'><strong>a</strong></span> <span class='ocrx_word' id='word_1_303' title='bbox 765 1897 937 1932; x_wconf 74' lang='lat' dir='ltr'><strong>generatione</strong></span> <span class='ocrx_word' id='word_1_304' title='bbox 957 1895 1030 1923; x_wconf 80' lang='lat' dir='ltr'><strong>ducit</strong></span> 
     </span>
    </p>
   </div>
   <div class='ocr_carea' id='block_1_39' title="bbox 238 1943 1028 1980">
    <p class='ocr_par' dir='ltr' id='par_1_39' title="bbox 238 1943 1028 1980">
     <span class='ocr_line' id='line_1_39' title="bbox 238 1943 1028 1980; baseline -0.005 -7"><span class='ocrx_word' id='word_1_305' title='bbox 238 1946 376 1973; x_wconf 79' lang='lat' dir='ltr'><strong>exordium</strong></span> <span class='ocrx_word' id='word_1_306' title='bbox 393 1954 400 1972; x_wconf 93' lang='lat'><strong>:</strong></span> <span class='ocrx_word' id='word_1_307' title='bbox 421 1944 487 1972; x_wconf 89' lang='lat' dir='ltr'><strong>nihil</strong></span> <span class='ocrx_word' id='word_1_308' title='bbox 501 1945 599 1980; x_wconf 87' lang='lat' dir='ltr'><strong>quippe</strong></span> <span class='ocrx_word' id='word_1_309' title='bbox 613 1949 665 1971; x_wconf 86' lang='lat' dir='ltr'><strong>tam</strong></span> <span class='ocrx_word' id='word_1_310' title='bbox 682 1943 774 1971; x_wconf 68' lang='lat' dir='ltr'><strong>.ludteo</strong></span> <span class='ocrx_word' id='word_1_311' title='bbox 789 1943 894 1977; x_wconf 86' lang='lat' dir='ltr'><strong>placere</strong></span> <span class='ocrx_word' id='word_1_312' title='bbox 907 1946 1028 1977; x_wconf 84' lang='lat' dir='ltr'><strong>poterat,</strong></span> 
     </span>
    </p>
   </div>
   <div class='ocr_carea' id='block_1_40' title="bbox 237 1988 1031 2027">
    <p class='ocr_par' dir='ltr' id='par_1_40' title="bbox 237 1988 1031 2027">
     <span class='ocr_line' id='line_1_40' title="bbox 237 1988 1031 2027; baseline -0.005 -9"><span class='ocrx_word' id='word_1_313' title='bbox 237 1999 316 2027; x_wconf 87' lang='lat' dir='ltr'><strong>quam</strong></span> <span class='ocrx_word' id='word_1_314' title='bbox 333 1991 354 2018; x_wconf 88' lang='lat' dir='ltr'><strong>si</strong></span> <span class='ocrx_word' id='word_1_315' title='bbox 376 1990 512 2018; x_wconf 87' lang='lat' dir='ltr'><strong>Christum</strong></span> <span class='ocrx_word' id='word_1_316' title='bbox 537 1989 651 2017; x_wconf 69' lang='lat' dir='ltr'><strong>Abrahaa</strong></span> <span class='ocrx_word' id='word_1_317' title='bbox 665 1994 694 2017; x_wconf 91' lang='lat' dir='ltr'><strong>et</strong></span> <span class='ocrx_word' id='word_1_318' title='bbox 715 1989 820 2016; x_wconf 89' lang='lat' dir='ltr'><strong>Davidis</strong></span> <span class='ocrx_word' id='word_1_319' title='bbox 841 1988 956 2015; x_wconf 88' lang='lat' dir='ltr'><strong>disceret</strong></span> <span class='ocrx_word' id='word_1_320' title='bbox 969 1995 1031 2015; x_wconf 87' lang='lat' dir='ltr'><strong>esse</strong></span> 
     </span>
    </p>
   </div>
   <div class='ocr_carea' id='block_1_41' title="bbox 238 2029 1030 2073">
    <p class='ocr_par' dir='ltr' id='par_1_41' title="bbox 238 2029 1030 2073">
     <span class='ocr_line' id='line_1_41' title="bbox 238 2029 1030 2073; baseline -0.008 -8"><span class='ocrx_word' id='word_1_321' title='bbox 238 2029 362 2073; x_wconf 87' lang='lat' dir='ltr'><strong>nepotem</strong></span> <span class='ocrx_word' id='word_1_322' title='bbox 374 2045 382 2070; x_wconf 87' lang='lat'><strong>;</strong></span> <span class='ocrx_word' id='word_1_323' title='bbox 397 2037 440 2064; x_wconf 88' lang='lat' dir='ltr'><strong>hic</strong></span> <span class='ocrx_word' id='word_1_324' title='bbox 453 2043 518 2063; x_wconf 88' lang='lat' dir='ltr'><strong>vero</strong></span> <span class='ocrx_word' id='word_1_325' title='bbox 530 2043 609 2063; x_wconf 86' lang='lat' dir='ltr'><strong>secus</strong></span> <span class='ocrx_word' id='word_1_326' title='bbox 621 2043 628 2068; x_wconf 92' lang='lat'><strong>;</strong></span> <span class='ocrx_word' id='word_1_327' title='bbox 645 2043 706 2062; x_wconf 85' lang='lat' dir='ltr'><strong>nam</strong></span> <span class='ocrx_word' id='word_1_328' title='bbox 720 2034 810 2061; x_wconf 85' lang='lat' dir='ltr'><strong>multis</strong></span> <span class='ocrx_word' id='word_1_329' title='bbox 826 2034 898 2068; x_wconf 87' lang='lat' dir='ltr'><strong>prius</strong></span> <span class='ocrx_word' id='word_1_330' title='bbox 912 2041 1030 2061; x_wconf 86' lang='lat' dir='ltr'><strong>comme-</strong></span> 
     </span>
    </p>
   </div>
   <div class='ocr_carea' id='block_1_42' title="bbox 237 2079 1030 2117">
    <p class='ocr_par' dir='ltr' id='par_1_42' title="bbox 237 2079 1030 2117">
     <span class='ocr_line' id='line_1_42' title="bbox 237 2079 1030 2117; baseline -0.008 -6"><span class='ocrx_word' id='word_1_331' title='bbox 237 2083 358 2116; x_wconf 87' lang='lat' dir='ltr'><strong>moratis,</strong></span> <span class='ocrx_word' id='word_1_332' title='bbox 370 2082 402 2110; x_wconf 86' lang='lat' dir='ltr'><strong>ad</strong></span> <span class='ocrx_word' id='word_1_333' title='bbox 412 2082 596 2117; x_wconf 82' lang='lat' dir='ltr'><strong>genealogiam</strong></span> <span class='ocrx_word' id='word_1_334' title='bbox 605 2080 701 2108; x_wconf 87' lang='lat' dir='ltr'><strong>deinde</strong></span> <span class='ocrx_word' id='word_1_335' title='bbox 713 2079 838 2115; x_wconf 87' lang='lat' dir='ltr'><strong>procedit.</strong></span> <span class='ocrx_word' id='word_1_336' title='bbox 852 2079 958 2107; x_wconf 91' lang='lat' dir='ltr'><strong>Illorum</strong></span> <span class='ocrx_word' id='word_1_337' title='bbox 969 2085 1030 2114; x_wconf 88' lang='lat' dir='ltr'><strong>por-</strong></span> 
     </span>
    </p>
   </div>
   <div class='ocr_carea' id='block_1_43' title="bbox 236 2124 1029 2162">
    <p class='ocr_par' dir='ltr' id='par_1_43' title="bbox 236 2124 1029 2162">
     <span class='ocr_line' id='line_1_43' title="bbox 236 2124 1029 2162; baseline -0.008 -5"><span class='ocrx_word' id='word_1_338' title='bbox 236 2138 267 2156; x_wconf 88' lang='lat' dir='ltr'><strong>ro</strong></span> <span class='ocrx_word' id='word_1_339' title='bbox 282 2129 453 2157; x_wconf 83' lang='lat' dir='ltr'><strong>concordiam</strong></span> <span class='ocrx_word' id='word_1_340' title='bbox 467 2149 475 2162; x_wconf 89' lang='lat'><strong>,</strong></span> <span class='ocrx_word' id='word_1_341' title='bbox 491 2129 556 2156; x_wconf 84' lang='lat' dir='ltr'><strong>orbe</strong></span> <span class='ocrx_word' id='word_1_342' title='bbox 573 2132 628 2155; x_wconf 85' lang='lat' dir='ltr'><strong>toto</strong></span> <span class='ocrx_word' id='word_1_343' title='bbox 642 2131 708 2154; x_wconf 89' lang='lat' dir='ltr'><strong>teste</strong></span> <span class='ocrx_word' id='word_1_344' title='bbox 725 2126 911 2161; x_wconf 78' lang='lat' dir='ltr'><strong>probabimus,</strong></span> <span class='ocrx_word' id='word_1_345' title='bbox 927 2125 972 2160; x_wconf 90' lang='lat' dir='ltr'><strong>qui</strong></span> <span class='ocrx_word' id='word_1_346' title='bbox 986 2124 1029 2152; x_wconf 87' lang='lat' dir='ltr'><strong>illa</strong></span> 
     </span>
    </p>
   </div>
   <div class='ocr_carea' id='block_1_44' title="bbox 236 2171 1030 2210">
    <p class='ocr_par' dir='ltr' id='par_1_44' title="bbox 236 2171 1030 2210">
     <span class='ocr_line' id='line_1_44' title="bbox 236 2171 1030 2210; baseline -0.008 -7"><span class='ocrx_word' id='word_1_347' title='bbox 236 2177 370 2210; x_wconf 83' lang='lat' dir='ltr'><strong>suscepit;</strong></span> <span class='ocrx_word' id='word_1_348' title='bbox 387 2176 440 2203; x_wconf 90' lang='lat' dir='ltr'><strong>imo</strong></span> <span class='ocrx_word' id='word_1_349' title='bbox 451 2179 533 2202; x_wconf 89' lang='lat' dir='ltr'><strong>testes</strong></span> <span class='ocrx_word' id='word_1_350' title='bbox 544 2173 656 2201; x_wconf 84' lang='lat' dir='ltr'><strong>aderunt</strong></span> <span class='ocrx_word' id='word_1_351' title='bbox 668 2173 717 2207; x_wconf 84' lang='lat' dir='ltr'><strong>ipsi</strong></span> <span class='ocrx_word' id='word_1_352' title='bbox 732 2172 851 2199; x_wconf 82' lang='lat' dir='ltr'><strong>veritatis</strong></span> <span class='ocrx_word' id='word_1_353' title='bbox 863 2171 973 2198; x_wconf 88' lang='lat' dir='ltr'><strong>inimici.</strong></span> <span class='ocrx_word' id='word_1_354' title='bbox 986 2171 1030 2198; x_wconf 82' lang='lat' dir='ltr'><strong>Si~</strong></span> 
     </span>
    </p>
   </div>
   <div class='ocr_carea' id='block_1_45' title="bbox 237 2218 1029 2258">
    <p class='ocr_par' dir='ltr' id='par_1_45' title="bbox 237 2218 1029 2258">
     <span class='ocr_line' id='line_1_45' title="bbox 237 2218 1029 2258; baseline -0.005 -10"><span class='ocrx_word' id='word_1_355' title='bbox 237 2223 343 2258; x_wconf 85' lang='lat' dir='ltr'><strong>quidem</strong></span> <span class='ocrx_word' id='word_1_356' title='bbox 360 2222 450 2249; x_wconf 73' lang='lat' dir='ltr'><strong>multa:</strong></span> <span class='ocrx_word' id='word_1_357' title='bbox 470 2225 529 2256; x_wconf 89' lang='lat' dir='ltr'><strong>post</strong></span> <span class='ocrx_word' id='word_1_358' title='bbox 548 2220 606 2248; x_wconf 89' lang='lat' dir='ltr'><strong>illos</strong></span> <span class='ocrx_word' id='word_1_359' title='bbox 626 2220 742 2247; x_wconf 70' lang='lat' dir='ltr'><strong>haereses</strong></span> <span class='ocrx_word' id='word_1_360' title='bbox 765 2218 929 2254; x_wconf 87' lang='lat' dir='ltr'><strong>pullularunt</strong></span> <span class='ocrx_word' id='word_1_361' title='bbox 941 2239 949 2250; x_wconf 87' lang='lat'><strong>,</strong></span> <span class='ocrx_word' id='word_1_362' title='bbox 963 2224 1029 2245; x_wconf 91' lang='lat' dir='ltr'><strong>con-</strong></span> 
     </span>
    </p>
   </div>
   <div class='ocr_carea' id='block_1_46' title="bbox 237 2264 1030 2303">
    <p class='ocr_par' dir='ltr' id='par_1_46' title="bbox 237 2264 1030 2303">
     <span class='ocr_line' id='line_1_46' title="bbox 237 2264 1030 2303; baseline -0.006 -8"><span class='ocrx_word' id='word_1_363' title='bbox 237 2269 317 2296; x_wconf 84' lang='lat' dir='ltr'><strong>traria</strong></span> <span class='ocrx_word' id='word_1_364' title='bbox 329 2269 360 2294; x_wconf 90' lang='lat' dir='ltr'><strong>iis</strong></span> <span class='ocrx_word' id='word_1_365' title='bbox 372 2275 430 2303; x_wconf 68' lang='lat' dir='ltr'><strong>qua:</strong></span> <span class='ocrx_word' id='word_1_366' title='bbox 444 2267 512 2294; x_wconf 87' lang='lat' dir='ltr'><strong>dicta</strong></span> <span class='ocrx_word' id='word_1_367' title='bbox 525 2271 588 2294; x_wconf 88' lang='lat' dir='ltr'><strong>sunt</strong></span> <span class='ocrx_word' id='word_1_368' title='bbox 600 2266 739 2299; x_wconf 88' lang='lat' dir='ltr'><strong>opinantes</strong></span> <span class='ocrx_word' id='word_1_369' title='bbox 752 2286 759 2296; x_wconf 84' lang='lat'><strong>,</strong></span> <span class='ocrx_word' id='word_1_370' title='bbox 779 2272 891 2299; x_wconf 90' lang='lat' dir='ltr'><strong>quarum</strong></span> <span class='ocrx_word' id='word_1_371' title='bbox 904 2264 1030 2291; x_wconf 68' lang='lat' dir='ltr'><strong>aliteom-</strong></span> 
     </span>
    </p>
   </div>
   <div class='ocr_carea' id='block_1_47' title="bbox 236 2310 1029 2350">
    <p class='ocr_par' dir='ltr' id='par_1_47' title="bbox 236 2310 1029 2350">
     <span class='ocr_line' id='line_1_47' title="bbox 236 2310 1029 2350; baseline -0.009 -8"><span class='ocrx_word' id='word_1_372' title='bbox 236 2315 280 2342; x_wconf 89' lang='lat' dir='ltr'><strong>nia</strong></span> <span class='ocrx_word' id='word_1_373' title='bbox 301 2323 358 2350; x_wconf 70' lang='lat' dir='ltr'><strong>qua:</strong></span> <span class='ocrx_word' id='word_1_374' title='bbox 379 2314 475 2348; x_wconf 88' lang='lat' dir='ltr'><strong>scripta</strong></span> <span class='ocrx_word' id='word_1_375' title='bbox 495 2316 558 2340; x_wconf 79' lang='lat' dir='ltr'><strong>sunt</strong></span> <span class='ocrx_word' id='word_1_376' title='bbox 576 2315 757 2346; x_wconf 84' lang='lat' dir='ltr'><strong>acceperunt;</strong></span> <span class='ocrx_word' id='word_1_377' title='bbox 778 2310 838 2337; x_wconf 71' lang='lat' dir='ltr'><strong>alia:</strong></span> <span class='ocrx_word' id='word_1_378' title='bbox 857 2317 921 2337; x_wconf 89' lang='lat' dir='ltr'><strong>vero</strong></span> <span class='ocrx_word' id='word_1_379' title='bbox 941 2315 1029 2344; x_wconf 89' lang='lat' dir='ltr'><strong>partes</strong></span> 
     </span>
    </p>
   </div>
   <div class='ocr_carea' id='block_1_48' title="bbox 237 2356 1028 2395">
    <p class='ocr_par' dir='ltr' id='par_1_48' title="bbox 237 2356 1028 2395">
     <span class='ocr_line' id='line_1_48' title="bbox 237 2356 1028 2395; baseline -0.009 -6"><span class='ocrx_word' id='word_1_380' title='bbox 237 2366 339 2389; x_wconf 88' lang='lat' dir='ltr'><strong>tantum</strong></span> <span class='ocrx_word' id='word_1_381' title='bbox 359 2360 486 2395; x_wconf 88' lang='lat' dir='ltr'><strong>quasdam</strong></span> <span class='ocrx_word' id='word_1_382' title='bbox 498 2359 680 2391; x_wconf 88' lang='lat' dir='ltr'><strong>admiserunt,</strong></span> <span class='ocrx_word' id='word_1_383' title='bbox 695 2361 722 2384; x_wconf 91' lang='lat' dir='ltr'><strong>et</strong></span> <span class='ocrx_word' id='word_1_384' title='bbox 732 2356 802 2392; x_wconf 80' lang='lat' dir='ltr'><strong>apud</strong></span> <span class='ocrx_word' id='word_1_385' title='bbox 813 2363 842 2384; x_wconf 89' lang='lat' dir='ltr'><strong>se</strong></span> <span class='ocrx_word' id='word_1_386' title='bbox 853 2356 960 2383; x_wconf 88' lang='lat' dir='ltr'><strong>mutilas</strong></span> <span class='ocrx_word' id='word_1_387' title='bbox 970 2363 1028 2382; x_wconf 78' lang='lat' dir='ltr'><strong>ser-</strong></span> 
     </span>
    </p>
   </div>
   <div class='ocr_carea' id='block_1_49' title="bbox 236 2403 1029 2441">
    <p class='ocr_par' dir='ltr' id='par_1_49' title="bbox 236 2403 1029 2441">
     <span class='ocr_line' id='line_1_49' title="bbox 236 2403 1029 2441; baseline -0.008 -6"><span class='ocrx_word' id='word_1_388' title='bbox 236 2412 309 2435; x_wconf 86' lang='lat' dir='ltr'><strong>vaut.</strong></span> <span class='ocrx_word' id='word_1_389' title='bbox 330 2407 406 2440; x_wconf 79' lang='lat' dir='ltr'><strong>Quod</strong></span> <span class='ocrx_word' id='word_1_390' title='bbox 421 2407 443 2434; x_wconf 92' lang='lat' dir='ltr'><strong>si</strong></span> <span class='ocrx_word' id='word_1_391' title='bbox 460 2413 545 2441; x_wconf 83' lang='lat' dir='ltr'><strong>pugna</strong></span> <span class='ocrx_word' id='word_1_392' title='bbox 567 2405 654 2439; x_wconf 87' lang='lat' dir='ltr'><strong>aliqua</strong></span> <span class='ocrx_word' id='word_1_393' title='bbox 667 2404 694 2432; x_wconf 89' lang='lat' dir='ltr'><strong>in</strong></span> <span class='ocrx_word' id='word_1_394' title='bbox 709 2404 786 2431; x_wconf 91' lang='lat' dir='ltr'><strong>dictis</strong></span> <span class='ocrx_word' id='word_1_395' title='bbox 802 2407 890 2435; x_wconf 84' lang='lat' dir='ltr'><strong>esset,</strong></span> <span class='ocrx_word' id='word_1_396' title='bbox 905 2403 957 2430; x_wconf 74' lang='lat' dir='ltr'><strong>illa:</strong></span> <span class='ocrx_word' id='word_1_397' title='bbox 970 2410 1029 2436; x_wconf 71' lang='lat' dir='ltr'><strong>qua:</strong></span> 
     </span>
    </p>
   </div>
   <div class='ocr_carea' id='block_1_50' title="bbox 237 2450 1027 2486">
    <p class='ocr_par' dir='ltr' id='par_1_50' title="bbox 237 2450 1027 2486">
     <span class='ocr_line' id='line_1_50' title="bbox 237 2450 1027 2486; baseline -0.008 -4"><span class='ocrx_word' id='word_1_398' title='bbox 237 2462 269 2483; x_wconf 83' lang='lat' dir='ltr'><strong>ex</strong></span> <span class='ocrx_word' id='word_1_399' title='bbox 282 2454 394 2481; x_wconf 84' lang='lat' dir='ltr'><strong>adverso</strong></span> <span class='ocrx_word' id='word_1_400' title='bbox 407 2453 551 2486; x_wconf 90' lang='lat' dir='ltr'><strong>loquuntur</strong></span> <span class='ocrx_word' id='word_1_401' title='bbox 561 2452 678 2479; x_wconf 64' lang='lat' dir='ltr'><strong>haereses</strong></span> <span class='ocrx_word' id='word_1_402' title='bbox 689 2459 741 2478; x_wconf 92' lang='lat' dir='ltr'><strong>non</strong></span> <span class='ocrx_word' id='word_1_403' title='bbox 752 2450 839 2477; x_wconf 89' lang='lat' dir='ltr'><strong>omnia</strong></span> <span class='ocrx_word' id='word_1_404' title='bbox 852 2450 1027 2486; x_wconf 81' lang='lat' dir='ltr'><strong>recepissent,</strong></span> 
     </span>
    </p>
   </div>
   <div class='ocr_carea' id='block_1_51' title="bbox 236 2495 1025 2534">
    <p class='ocr_par' dir='ltr' id='par_1_51' title="bbox 236 2495 1025 2534">
     <span class='ocr_line' id='line_1_51' title="bbox 236 2495 1025 2534; baseline -0.006 -6"><span class='ocrx_word' id='word_1_405' title='bbox 236 2501 284 2528; x_wconf 90' lang='lat' dir='ltr'><strong>sed</strong></span> <span class='ocrx_word' id='word_1_406' title='bbox 307 2500 377 2527; x_wconf 81' lang='lat' dir='ltr'><strong>illam</strong></span> <span class='ocrx_word' id='word_1_407' title='bbox 398 2502 499 2526; x_wconf 90' lang='lat' dir='ltr'><strong>tantum</strong></span> <span class='ocrx_word' id='word_1_408' title='bbox 515 2503 616 2534; x_wconf 88' lang='lat' dir='ltr'><strong>partem</strong></span> <span class='ocrx_word' id='word_1_409' title='bbox 630 2505 690 2533; x_wconf 81' lang='lat' dir='ltr'><strong>qua:</strong></span> <span class='ocrx_word' id='word_1_410' title='bbox 705 2497 753 2524; x_wconf 90' lang='lat' dir='ltr'><strong>sibi</strong></span> <span class='ocrx_word' id='word_1_411' title='bbox 770 2495 859 2524; x_wconf 86' lang='lat' dir='ltr'><strong>favere</strong></span> <span class='ocrx_word' id='word_1_412' title='bbox 872 2496 1025 2529; x_wconf 81' lang='lat' dir='ltr'><strong>videretur;</strong></span> 
     </span>
    </p>
   </div>
   <div class='ocr_carea' id='block_1_52' title="bbox 239 2539 1028 2581">
    <p class='ocr_par' dir='ltr' id='par_1_52' title="bbox 239 2539 1028 2581">
     <span class='ocr_line' id='line_1_52' title="bbox 239 2539 1028 2581; baseline -0.013 -8"><span class='ocrx_word' id='word_1_413' title='bbox 239 2554 327 2581; x_wconf 86' lang='lat' dir='ltr'><strong>neque</strong></span> <span class='ocrx_word' id='word_1_414' title='bbox 336 2545 388 2572; x_wconf 59' lang='lat' dir='ltr'><strong>illae</strong></span> <span class='ocrx_word' id='word_1_415' title='bbox 400 2552 460 2579; x_wconf 69' lang='lat' dir='ltr'><strong>qua:</strong></span> <span class='ocrx_word' id='word_1_416' title='bbox 471 2549 572 2578; x_wconf 88' lang='lat' dir='ltr'><strong>partem</strong></span> <span class='ocrx_word' id='word_1_417' title='bbox 588 2544 761 2576; x_wconf 86' lang='lat' dir='ltr'><strong>acceperunt,</strong></span> <span class='ocrx_word' id='word_1_418' title='bbox 771 2539 805 2566; x_wconf 93' lang='lat' dir='ltr'><strong>ab</strong></span> <span class='ocrx_word' id='word_1_419' title='bbox 818 2539 862 2566; x_wconf 90' lang='lat' dir='ltr'><strong>illa</strong></span> <span class='ocrx_word' id='word_1_420' title='bbox 875 2543 950 2574; x_wconf 88' lang='lat' dir='ltr'><strong>parte</strong></span> <span class='ocrx_word' id='word_1_421' title='bbox 962 2544 1028 2564; x_wconf 88' lang='lat' dir='ltr'><strong>con-</strong></span> 
     </span>
    </p>
   </div>
   <div class='ocr_carea' id='block_1_53' title="bbox 239 2582 1027 2622">
    <p class='ocr_par' dir='ltr' id='par_1_53' title="bbox 239 2582 1027 2622">
     <span class='ocr_line' id='line_1_53' title="bbox 239 2582 1027 2622; baseline -0.01 -6"><span class='ocrx_word' id='word_1_422' title='bbox 239 2590 429 2620; x_wconf 86' lang='lat' dir='ltr'><strong>vincerentur,</strong></span> <span class='ocrx_word' id='word_1_423' title='bbox 443 2591 553 2622; x_wconf 87' lang='lat' dir='ltr'><strong>propter</strong></span> <span class='ocrx_word' id='word_1_424' title='bbox 575 2586 697 2622; x_wconf 88' lang='lat' dir='ltr'><strong>ipsorum</strong></span> <span class='ocrx_word' id='word_1_425' title='bbox 722 2584 935 2619; x_wconf 81' lang='lat' dir='ltr'><strong>fragmentorum</strong></span> <span class='ocrx_word' id='word_1_426' title='bbox 956 2582 1027 2609; x_wconf 89' lang='lat' dir='ltr'><strong>noti-</strong></span> 
     </span>
    </p>
   </div>
   <div class='ocr_carea' id='block_1_54' title="bbox 241 2627 1028 2669">
    <p class='ocr_par' dir='ltr' id='par_1_54' title="bbox 241 2627 1028 2669">
     <span class='ocr_line' id='line_1_54' title="bbox 241 2627 1028 2669; baseline -0.011 -7"><span class='ocrx_word' id='word_1_427' title='bbox 241 2634 397 2669; x_wconf 88' lang='lat' dir='ltr'><strong>tiam,quasi</strong></span> <span class='ocrx_word' id='word_1_428' title='bbox 407 2632 604 2661; x_wconf 87' lang='lat' dir='ltr'><strong>clamitantium</strong></span> <span class='ocrx_word' id='word_1_429' title='bbox 618 2639 696 2659; x_wconf 88' lang='lat' dir='ltr'><strong>suam</strong></span> <span class='ocrx_word' id='word_1_430' title='bbox 709 2638 770 2658; x_wconf 83' lang='lat' dir='ltr'><strong>cuin</strong></span> <span class='ocrx_word' id='word_1_431' title='bbox 782 2633 838 2657; x_wconf 88' lang='lat' dir='ltr'><strong>toto</strong></span> <span class='ocrx_word' id='word_1_432' title='bbox 846 2627 906 2655; x_wconf 87' lang='lat' dir='ltr'><strong>libri</strong></span> <span class='ocrx_word' id='word_1_433' title='bbox 914 2634 1028 2662; x_wconf 86' lang='lat' dir='ltr'><strong>corpore</strong></span> 
     </span>
    </p>
   </div>
   <div class='ocr_carea' id='block_1_55' title="bbox 270 2750 1026 2785">
    <p class='ocr_par' dir='ltr' id='par_1_55' title="bbox 270 2750 1026 2785">
     <span class='ocr_line' id='line_1_55' title="bbox 270 2750 1026 2785; baseline -0.005 -6"><span class='ocrx_word' id='word_1_434' title='bbox 270 2757 277 2771; x_wconf 82' lang='grc'>¹</span> <span class='ocrx_word' id='word_1_435' title='bbox 288 2754 330 2779; x_wconf 81' lang='lat' dir='ltr'><strong>Sic</strong></span> <span class='ocrx_word' id='word_1_436' title='bbox 341 2752 417 2778; x_wconf 68' lang='lat' dir='ltr'><strong>Savil.</strong></span> <span class='ocrx_word' id='word_1_437' title='bbox 429 2754 553 2785; x_wconf 69' lang='lat' dir='ltr'><strong>et_omnes</strong></span> <span class='ocrx_word' id='word_1_438' title='bbox 561 2757 627 2785; x_wconf 70' lang='lat' dir='ltr'><strong>pene</strong></span> <span class='ocrx_word' id='word_1_439' title='bbox 645 2750 700 2775; x_wconf 85' lang='lat' dir='ltr'><strong>Mss.</strong></span> <span class='ocrx_word' id='word_1_440' title='bbox 712 2753 786 2782; x_wconf 84' lang='lat' dir='ltr'><strong>atque</strong></span> <span class='ocrx_word' id='word_1_441' title='bbox 798 2750 831 2775; x_wconf 85' lang='lat' dir='ltr'><strong>ita</strong></span> <span class='ocrx_word' id='word_1_442' title='bbox 844 2752 905 2782; x_wconf 75' lang='lat' dir='ltr'><strong>legit</strong></span> <span class='ocrx_word' id='word_1_443' title='bbox 918 2750 1026 2776; x_wconf 82' lang='lat' dir='ltr'><strong>Auianus</strong></span> 
     </span>
    </p>
   </div>
   <div class='ocr_carea' id='block_1_56' title="bbox 238 2781 687 2811">
    <p class='ocr_par' dir='ltr' id='par_1_56' title="bbox 238 2781 687 2811">
     <span class='ocr_line' id='line_1_56' title="bbox 238 2781 687 2811; baseline -0.011 0"><span class='ocrx_word' id='word_1_444' title='bbox 238 2790 316 2811; x_wconf 81' lang='lat' dir='ltr'><strong>recte.</strong></span> <span class='ocrx_word' id='word_1_445' title='bbox 331 2785 428 2811; x_wconf 68' lang='grc' dir='ltr'><strong>Μαι-ει.1</strong></span> <span class='ocrx_word' id='word_1_446' title='bbox 440 2782 477 2807; x_wconf 84' lang='lat' dir='ltr'><strong>sin</strong></span> <span class='ocrx_word' id='word_1_447' title='bbox 489 2781 569 2806; x_wconf 79' lang='lat' dir='ltr'><strong>omnia</strong></span> <span class='ocrx_word' id='word_1_448' title='bbox 580 2781 687 2806; x_wconf 77' lang='lat' dir='ltr'><strong>tlirersu.</strong></span> 
     </span>
    </p>
   </div>
   <div class='ocr_carea' id='block_1_57' title="bbox 269 2811 1026 2843">
    <p class='ocr_par' dir='ltr' id='par_1_57' title="bbox 269 2811 1026 2843">
     <span class='ocr_line' id='line_1_57' title="bbox 269 2811 1026 2843; baseline -0.005 -3"><span class='ocrx_word' id='word_1_449' title='bbox 269 2818 278 2831; x_wconf 69' lang='grc' dir='ltr'>π</span> <span class='ocrx_word' id='word_1_450' title='bbox 293 2816 327 2840; x_wconf 87' lang='lat' dir='ltr'><strong>lta</strong></span> <span class='ocrx_word' id='word_1_451' title='bbox 339 2819 406 2839; x_wconf 83' lang='lat' dir='ltr'><strong>recte</strong></span> <span class='ocrx_word' id='word_1_452' title='bbox 418 2813 493 2838; x_wconf 82' lang='lat' dir='ltr'><strong>Savit.</strong></span> <span class='ocrx_word' id='word_1_453' title='bbox 507 2815 532 2837; x_wconf 83' lang='lat' dir='ltr'><strong>et</strong></span> <span class='ocrx_word' id='word_1_454' title='bbox 544 2811 702 2842; x_wconf 77' lang='lat' dir='ltr'><strong>manuscripti</strong></span> <span class='ocrx_word' id='word_1_455' title='bbox 712 2818 814 2840; x_wconf 80' lang='lat' dir='ltr'><strong>omnes;</strong></span> <span class='ocrx_word' id='word_1_456' title='bbox 828 2816 902 2843; x_wconf 85' lang='lat' dir='ltr'><strong>atque.</strong></span> <span class='ocrx_word' id='word_1_457' title='bbox 915 2811 947 2836; x_wconf 88' lang='lat' dir='ltr'><strong>ita</strong></span> <span class='ocrx_word' id='word_1_458' title='bbox 962 2811 1026 2843; x_wconf 82' lang='lat' dir='ltr'><strong>legit</strong></span> 
     </span>
    </p>
   </div>
   <div class='ocr_carea' id='block_1_58' title="bbox 238 2843 968 2874">
    <p class='ocr_par' dir='ltr' id='par_1_58' title="bbox 238 2843 968 2874">
     <span class='ocr_line' id='line_1_58' title="bbox 238 2843 968 2874; baseline -0.007 -3"><span class='ocrx_word' id='word_1_459' title='bbox 238 2847 356 2872; x_wconf 67' lang='lat' dir='ltr'><strong>Atrianus.</strong></span> <span class='ocrx_word' id='word_1_460' title='bbox 371 2846 457 2870; x_wconf 79' lang='lat' dir='ltr'><strong>Morel.</strong></span> <span class='ocrx_word' id='word_1_461' title='bbox 470 2850 531 2869; x_wconf 84' lang='lat' dir='ltr'><strong>vero</strong></span> <span class='ocrx_word' id='word_1_462' title='bbox 540 2843 611 2874; x_wconf 83' lang='lat' dir='ltr'><strong>legit,</strong></span> <span class='ocrx_word' id='word_1_463' title='bbox 623 2843 713 2873; x_wconf 76' lang='lat' dir='ltr'><strong>omnia,</strong></span> <span class='ocrx_word' id='word_1_464' title='bbox 727 2850 779 2873; x_wconf 83' lang='lat' dir='ltr'><strong>pro,</strong></span> <span class='ocrx_word' id='word_1_465' title='bbox 792 2843 867 2868; x_wconf 82' lang='lat' dir='ltr'><strong>multa</strong></span> <span class='ocrx_word' id='word_1_466' title='bbox 879 2850 885 2872; x_wconf 83' lang='lat'><strong>;</strong></span> <span class='ocrx_word' id='word_1_467' title='bbox 897 2844 968 2868; x_wconf 86' lang='lat' dir='ltr'><strong>male.</strong></span> 
     </span>
    </p>
   </div>
   <div class='ocr_carea' id='block_1_59' title="bbox 1101 187 1889 225">
    <p class='ocr_par' dir='ltr' id='par_1_59' title="bbox 1101 187 1889 225">
     <span class='ocr_line' id='line_1_59' title="bbox 1101 187 1889 225; baseline 0.003 -9"><span class='ocrx_word' id='word_1_468' title='bbox 1101 187 1318 217; x_wconf 85' lang='lat' dir='ltr'><strong>consensionem.</strong></span> <span class='ocrx_word' id='word_1_469' title='bbox 1335 187 1567 221; x_wconf 79' lang='lat' dir='ltr'><strong>Quemadmodum</strong></span> <span class='ocrx_word' id='word_1_470' title='bbox 1582 187 1604 215; x_wconf 90' lang='lat' dir='ltr'><strong>si</strong></span> <span class='ocrx_word' id='word_1_471' title='bbox 1623 194 1657 215; x_wconf 79' lang='lat' dir='ltr'><strong>ex</strong></span> <span class='ocrx_word' id='word_1_472' title='bbox 1672 188 1755 216; x_wconf 79' lang='lat' dir='ltr'><strong>latere</strong></span> <span class='ocrx_word' id='word_1_473' title='bbox 1770 188 1889 225; x_wconf 89' lang='lat' dir='ltr'><strong>aliquam</strong></span> 
     </span>
    </p>
   </div>
   <div class='ocr_carea' id='block_1_60' title="bbox 1101 234 1889 271">
    <p class='ocr_par' dir='ltr' id='par_1_60' title="bbox 1101 234 1889 271">
     <span class='ocr_line' id='line_1_60' title="bbox 1101 234 1889 271; baseline 0.001 -9"><span class='ocrx_word' id='word_1_474' title='bbox 1101 239 1206 270; x_wconf 89' lang='lat' dir='ltr'><strong>partem</strong></span> <span class='ocrx_word' id='word_1_475' title='bbox 1217 241 1320 267; x_wconf 87' lang='lat' dir='ltr'><strong>sumas,</strong></span> <span class='ocrx_word' id='word_1_476' title='bbox 1334 234 1362 261; x_wconf 91' lang='lat' dir='ltr'><strong>in</strong></span> <span class='ocrx_word' id='word_1_477' title='bbox 1373 234 1416 260; x_wconf 92' lang='lat' dir='ltr'><strong>illa</strong></span> <span class='ocrx_word' id='word_1_478' title='bbox 1426 237 1502 268; x_wconf 87' lang='lat' dir='ltr'><strong>parte</strong></span> <span class='ocrx_word' id='word_1_479' title='bbox 1513 241 1544 260; x_wconf 84' lang='lat' dir='ltr'><strong>ca</strong></span> <span class='ocrx_word' id='word_1_480' title='bbox 1554 234 1647 261; x_wconf 90' lang='lat' dir='ltr'><strong>omnia</strong></span> <span class='ocrx_word' id='word_1_481' title='bbox 1659 234 1779 263; x_wconf 83' lang='lat' dir='ltr'><strong>invenies</strong></span> <span class='ocrx_word' id='word_1_482' title='bbox 1789 244 1819 263; x_wconf 89' lang='lat' dir='ltr'><strong>ex</strong></span> <span class='ocrx_word' id='word_1_483' title='bbox 1833 237 1889 271; x_wconf 85' lang='lat' dir='ltr'><strong>qui-</strong></span> 
     </span>
    </p>
   </div>
   <div class='ocr_carea' id='block_1_61' title="bbox 1101 280 1888 314">
    <p class='ocr_par' dir='ltr' id='par_1_61' title="bbox 1101 280 1888 314">
     <span class='ocr_line' id='line_1_61' title="bbox 1101 280 1888 314; baseline 0.001 -5"><span class='ocrx_word' id='word_1_484' title='bbox 1101 282 1264 309; x_wconf 87' lang='lat' dir='ltr'><strong>busconstat</strong></span> <span class='ocrx_word' id='word_1_485' title='bbox 1274 285 1358 308; x_wconf 89' lang='lat' dir='ltr'><strong>totum</strong></span> <span class='ocrx_word' id='word_1_486' title='bbox 1366 280 1888 314; x_wconf 85' lang='lat' dir='ltr'><strong>animal,nervos,venas,ossa,arterias.</strong></span> 
     </span>
    </p>
   </div>
   <div class='ocr_carea' id='block_1_62' title="bbox 1100 325 1889 362">
    <p class='ocr_par' dir='ltr' id='par_1_62' title="bbox 1100 325 1889 362">
     <span class='ocr_line' id='line_1_62' title="bbox 1100 325 1889 362; baseline 0.001 -8"><span class='ocrx_word' id='word_1_487' title='bbox 1100 327 1270 362; x_wconf 78' lang='lat' dir='ltr'><strong>sanguinem.</strong></span> <span class='ocrx_word' id='word_1_488' title='bbox 1282 330 1309 354; x_wconf 83' lang='lat' dir='ltr'><strong>et</strong></span> <span class='ocrx_word' id='word_1_489' title='bbox 1325 325 1418 359; x_wconf 85' lang='lat' dir='ltr'><strong>totius,</strong></span> <span class='ocrx_word' id='word_1_490' title='bbox 1431 330 1460 357; x_wconf 84' lang='lat' dir='ltr'><strong>ut</strong></span> <span class='ocrx_word' id='word_1_491' title='bbox 1478 326 1513 354; x_wconf 92' lang='lat' dir='ltr'><strong>ita</strong></span> <span class='ocrx_word' id='word_1_492' title='bbox 1535 326 1635 360; x_wconf 89' lang='lat' dir='ltr'><strong>dicam,</strong></span> <span class='ocrx_word' id='word_1_493' title='bbox 1647 334 1745 354; x_wconf 83' lang='lat' dir='ltr'><strong>massae</strong></span> <span class='ocrx_word' id='word_1_494' title='bbox 1757 327 1889 356; x_wconf 89' lang='lat' dir='ltr'><strong>indicium</strong></span> 
     </span>
    </p>
   </div>
   <div class='ocr_carea' id='block_1_63' title="bbox 1100 371 1888 407">
    <p class='ocr_par' dir='ltr' id='par_1_63' title="bbox 1100 371 1888 407">
     <span class='ocr_line' id='line_1_63' title="bbox 1100 371 1888 407; baseline 0.001 -7"><span class='ocrx_word' id='word_1_495' title='bbox 1100 377 1127 400; x_wconf 85' lang='lat' dir='ltr'><strong>et</strong></span> <span class='ocrx_word' id='word_1_496' title='bbox 1135 372 1329 400; x_wconf 88' lang='lat' dir='ltr'><strong>documentum</strong></span> <span class='ocrx_word' id='word_1_497' title='bbox 1344 380 1350 398; x_wconf 88' lang='lat'>:</span> <span class='ocrx_word' id='word_1_498' title='bbox 1365 372 1405 399; x_wconf 89' lang='lat' dir='ltr'><strong>sic</strong></span> <span class='ocrx_word' id='word_1_499' title='bbox 1421 372 1503 399; x_wconf 91' lang='lat' dir='ltr'><strong>etiam</strong></span> <span class='ocrx_word' id='word_1_500' title='bbox 1523 372 1549 399; x_wconf 94' lang='lat' dir='ltr'><strong>in</strong></span> <span class='ocrx_word' id='word_1_501' title='bbox 1566 371 1715 407; x_wconf 88' lang='lat' dir='ltr'><strong>Scripturis</strong></span> <span class='ocrx_word' id='word_1_502' title='bbox 1726 372 1816 400; x_wconf 86' lang='lat' dir='ltr'><strong>videre</strong></span> <span class='ocrx_word' id='word_1_503' title='bbox 1827 379 1888 407; x_wconf 89' lang='lat' dir='ltr'><strong>est;</strong></span> 
     </span>
    </p>
   </div>
   <div class='ocr_carea' id='block_1_64' title="bbox 1100 416 1889 452">
    <p class='ocr_par' dir='ltr' id='par_1_64' title="bbox 1100 416 1889 452">
     <span class='ocr_line' id='line_1_64' title="bbox 1100 416 1889 452; baseline 0.003 -8"><span class='ocrx_word' id='word_1_504' title='bbox 1100 416 1276 452; x_wconf 86' lang='lat' dir='ltr'><strong>conspicuam</strong></span> <span class='ocrx_word' id='word_1_505' title='bbox 1291 416 1414 443; x_wconf 87' lang='lat' dir='ltr'><strong>videlicet</strong></span> <span class='ocrx_word' id='word_1_506' title='bbox 1424 416 1593 451; x_wconf 82' lang='lat' dir='ltr'><strong>singulorum</strong></span> <span class='ocrx_word' id='word_1_507' title='bbox 1610 416 1744 444; x_wconf 90' lang='lat' dir='ltr'><strong>dictorum</strong></span> <span class='ocrx_word' id='word_1_508' title='bbox 1756 425 1817 444; x_wconf 90' lang='lat' dir='ltr'><strong>cum</strong></span> <span class='ocrx_word' id='word_1_509' title='bbox 1832 422 1889 446; x_wconf 86' lang='lat' dir='ltr'><strong>toto</strong></span> 
     </span>
    </p>
   </div>
   <div class='ocr_carea' id='block_1_65' title="bbox 1100 462 1887 498">
    <p class='ocr_par' dir='ltr' id='par_1_65' title="bbox 1100 462 1887 498">
     <span class='ocr_line' id='line_1_65' title="bbox 1100 462 1887 498; baseline 0.001 -8"><span class='ocrx_word' id='word_1_510' title='bbox 1100 462 1268 491; x_wconf 79' lang='lat' dir='ltr'><strong>allinitatem.</strong></span> <span class='ocrx_word' id='word_1_511' title='bbox 1282 462 1309 490; x_wconf 90' lang='lat' dir='ltr'><strong>Si</strong></span> <span class='ocrx_word' id='word_1_512' title='bbox 1318 467 1408 489; x_wconf 83' lang='lat' dir='ltr'><strong>autem</strong></span> <span class='ocrx_word' id='word_1_513' title='bbox 1422 462 1661 495; x_wconf 87' lang='lat' dir='ltr'><strong>dissonarent,non</strong></span> <span class='ocrx_word' id='word_1_514' title='bbox 1674 463 1887 498; x_wconf 87' lang='lat' dir='ltr'><strong>deprehendere-</strong></span> 
     </span>
    </p>
   </div>
   <div class='ocr_carea' id='block_1_66' title="bbox 1099 508 1888 544">
    <p class='ocr_par' dir='ltr' id='par_1_66' title="bbox 1099 508 1888 544">
     <span class='ocr_line' id='line_1_66' title="bbox 1099 508 1888 544; baseline 0.001 -8"><span class='ocrx_word' id='word_1_515' title='bbox 1099 514 1173 536; x_wconf 89' lang='lat' dir='ltr'><strong>retur</strong></span> <span class='ocrx_word' id='word_1_516' title='bbox 1184 509 1240 537; x_wconf 58' lang='lat' dir='ltr'><strong>haec</strong></span> <span class='ocrx_word' id='word_1_517' title='bbox 1249 508 1581 543; x_wconf 87' lang='lat' dir='ltr'><strong>allinitas,lotumquejam</strong></span> <span class='ocrx_word' id='word_1_518' title='bbox 1590 508 1654 536; x_wconf 86' lang='lat' dir='ltr'><strong>olim</strong></span> <span class='ocrx_word' id='word_1_519' title='bbox 1664 508 1761 544; x_wconf 79' lang='lat' dir='ltr'><strong>dogma</strong></span> <span class='ocrx_word' id='word_1_520' title='bbox 1769 510 1888 537; x_wconf 87' lang='lat' dir='ltr'><strong>solutum</strong></span> 
     </span>
    </p>
   </div>
   <div class='ocr_carea' id='block_1_67' title="bbox 1101 554 1888 590">
    <p class='ocr_par' dir='ltr' id='par_1_67' title="bbox 1101 554 1888 590">
     <span class='ocr_line' id='line_1_67' title="bbox 1101 554 1888 590; baseline 0.001 -8"><span class='ocrx_word' id='word_1_521' title='bbox 1101 554 1206 588; x_wconf 81' lang='lat' dir='ltr'><strong>fuisset;</strong></span> <span class='ocrx_word' id='word_1_522' title='bbox 1220 562 1282 582; x_wconf 91' lang='lat' dir='ltr'><strong>nam</strong></span> <span class='ocrx_word' id='word_1_523' title='bbox 1297 554 1379 582; x_wconf 84' lang='lat' dir='ltr'><strong>Omne</strong></span> <span class='ocrx_word' id='word_1_524' title='bbox 1390 563 1510 590; x_wconf 82' lang='lat' dir='ltr'><strong>regnum,</strong></span> <span class='ocrx_word' id='word_1_525' title='bbox 1523 555 1620 590; x_wconf 88' lang='lat' dir='ltr'><strong>inquit,</strong></span> <span class='ocrx_word' id='word_1_526' title='bbox 1633 555 1660 582; x_wconf 77' lang='lat' dir='ltr'><strong>in</strong></span> <span class='ocrx_word' id='word_1_527' title='bbox 1672 563 1699 582; x_wconf 69' lang='grc' dir='ltr'><strong>ιι</strong></span> <span class='ocrx_word' id='word_1_528' title='bbox 1708 555 1822 583; x_wconf 78' lang='lat' dir='ltr'><strong>divisum</strong></span> <span class='ocrx_word' id='word_1_529' title='bbox 1836 564 1888 583; x_wconf 82' lang='lat' dir='ltr'><strong>non</strong></span> 
     </span>
    </p>
   </div>
   <div class='ocr_carea' id='block_1_68' title="bbox 1099 600 1888 637">
    <p class='ocr_par' dir='ltr' id='par_1_68' title="bbox 1099 600 1888 637">
     <span class='ocr_line' id='line_1_68' title="bbox 1099 600 1888 637; baseline 0 -9"><span class='ocrx_word' id='word_1_530' title='bbox 1099 601 1179 628; x_wconf 77' lang='lat' dir='ltr'><strong>stabit</strong></span> <span class='ocrx_word' id='word_1_531' title='bbox 1187 600 1263 635; x_wconf 85' lang='lat' dir='ltr'><strong>(Luc.</strong></span> <span class='ocrx_word' id='word_1_532' title='bbox 1271 601 1329 629; x_wconf 71' lang='grc' dir='ltr'><strong>ΗΑ</strong></span> <span class='ocrx_word' id='word_1_533' title='bbox 1335 601 1374 636; x_wconf 90' lang='lat'><strong>7).</strong></span> <span class='ocrx_word' id='word_1_534' title='bbox 1384 600 1461 629; x_wconf 87' lang='lat' dir='ltr'><strong>Nunc</strong></span> <span class='ocrx_word' id='word_1_535' title='bbox 1469 605 1558 628; x_wconf 86' lang='lat' dir='ltr'><strong>autem</strong></span> <span class='ocrx_word' id='word_1_536' title='bbox 1572 601 1598 628; x_wconf 96' lang='lat' dir='ltr'><strong>in</strong></span> <span class='ocrx_word' id='word_1_537' title='bbox 1610 601 1659 628; x_wconf 89' lang='lat' dir='ltr'><strong>hac</strong></span> <span class='ocrx_word' id='word_1_538' title='bbox 1668 601 1726 636; x_wconf 88' lang='lat' dir='ltr'><strong>ipsa</strong></span> <span class='ocrx_word' id='word_1_539' title='bbox 1734 609 1763 629; x_wconf 90' lang='lat' dir='ltr'><strong>re</strong></span> <span class='ocrx_word' id='word_1_540' title='bbox 1776 602 1888 637; x_wconf 83' lang='lat' dir='ltr'><strong>spiritus</strong></span> 
     </span>
    </p>
   </div>
   <div class='ocr_carea' id='block_1_69' title="bbox 1099 646 1888 679">
    <p class='ocr_par' dir='ltr' id='par_1_69' title="bbox 1099 646 1888 679">
     <span class='ocr_line' id='line_1_69' title="bbox 1099 646 1888 679; baseline 0.001 -6"><span class='ocrx_word' id='word_1_541' title='bbox 1099 646 1186 673; x_wconf 91' lang='lat' dir='ltr'><strong>virtus</strong></span> <span class='ocrx_word' id='word_1_542' title='bbox 1200 647 1298 679; x_wconf 89' lang='lat' dir='ltr'><strong>elucet.</strong></span> <span class='ocrx_word' id='word_1_543' title='bbox 1315 647 1434 675; x_wconf 87' lang='lat' dir='ltr'><strong>suadens</strong></span> <span class='ocrx_word' id='word_1_544' title='bbox 1448 647 1614 679; x_wconf 85' lang='lat' dir='ltr'><strong>hominibus,</strong></span> <span class='ocrx_word' id='word_1_545' title='bbox 1630 652 1658 674; x_wconf 90' lang='lat' dir='ltr'><strong>ut</strong></span> <span class='ocrx_word' id='word_1_546' title='bbox 1676 647 1750 675; x_wconf 88' lang='lat' dir='ltr'><strong>circa</strong></span> <span class='ocrx_word' id='word_1_547' title='bbox 1771 648 1814 675; x_wconf 90' lang='lat' dir='ltr'><strong>illa</strong></span> <span class='ocrx_word' id='word_1_548' title='bbox 1831 655 1888 674; x_wconf 22' lang='lat' dir='ltr'><strong>mae</strong></span> 
     </span>
    </p>
   </div>
   <div class='ocr_carea' id='block_1_70' title="bbox 1098 691 1888 727">
    <p class='ocr_par' dir='ltr' id='par_1_70' title="bbox 1098 691 1888 727">
     <span class='ocr_line' id='line_1_70' title="bbox 1098 691 1888 727; baseline 0.003 -9"><span class='ocrx_word' id='word_1_549' title='bbox 1098 691 1140 726; x_wconf 87' lang='lat' dir='ltr'><strong>gis</strong></span> <span class='ocrx_word' id='word_1_550' title='bbox 1158 692 1312 719; x_wconf 81' lang='lat' dir='ltr'><strong>necessaria</strong></span> <span class='ocrx_word' id='word_1_551' title='bbox 1330 697 1356 719; x_wconf 88' lang='lat' dir='ltr'><strong>et</strong></span> <span class='ocrx_word' id='word_1_552' title='bbox 1375 693 1498 727; x_wconf 76' lang='lat' dir='ltr'><strong>urgentia</strong></span> <span class='ocrx_word' id='word_1_553' title='bbox 1523 697 1680 726; x_wconf 83' lang='lat' dir='ltr'><strong>versantes,</strong></span> <span class='ocrx_word' id='word_1_554' title='bbox 1703 693 1771 721; x_wconf 89' lang='lat' dir='ltr'><strong>nihil</strong></span> <span class='ocrx_word' id='word_1_555' title='bbox 1791 693 1824 720; x_wconf 91' lang='lat' dir='ltr'><strong>ab</strong></span> <span class='ocrx_word' id='word_1_556' title='bbox 1845 694 1888 720; x_wconf 90' lang='lat' dir='ltr'><strong>bis</strong></span> 
     </span>
    </p>
   </div>
   <div class='ocr_carea' id='block_1_71' title="bbox 1098 735 1428 773">
    <p class='ocr_par' dir='ltr' id='par_1_71' title="bbox 1098 735 1428 773">
     <span class='ocr_line' id='line_1_71' title="bbox 1098 735 1428 773; baseline 0.006 -10"><span class='ocrx_word' id='word_1_557' title='bbox 1098 735 1213 764; x_wconf 86' lang='lat' dir='ltr'><strong>minutis</strong></span> <span class='ocrx_word' id='word_1_558' title='bbox 1228 737 1360 763; x_wconf 77' lang='lat' dir='ltr'><strong>Luduntur</strong></span> <span class='ocrx_word' id='word_1_559' title='bbox 1377 737 1428 773; x_wconf 74' lang='grc' dir='ltr'><strong>(ιι).</strong></span> 
     </span>
    </p>
   </div>
   <div class='ocr_carea' id='block_1_72' title="bbox 1130 817 1886 856">
    <p class='ocr_par' dir='ltr' id='par_1_72' title="bbox 1130 817 1886 856">
     <span class='ocr_line' id='line_1_72' title="bbox 1130 817 1886 856; baseline -0.008 -7"><span class='ocrx_word' id='word_1_560' title='bbox 1130 822 1156 850; x_wconf 71' lang='grc'><strong>4.</strong></span> <span class='ocrx_word' id='word_1_561' title='bbox 1173 821 1390 856; x_wconf 73' lang='lat' dir='ltr'><strong>Evangelistarum</strong></span> <span class='ocrx_word' id='word_1_562' title='bbox 1412 819 1542 846; x_wconf 78' lang='lat' dir='ltr'><strong>consensio</strong></span> <span class='ocrx_word' id='word_1_563' title='bbox 1570 818 1721 845; x_wconf 74' lang='lat' dir='ltr'><strong>vindicatur.</strong></span> <span class='ocrx_word' id='word_1_564' title='bbox 1741 817 1886 844; x_wconf 71' lang='lat' dir='ltr'><strong>Piscatores</strong></span> 
     </span>
    </p>
   </div>
   <div class='ocr_carea' id='block_1_73' title="bbox 1094 864 1884 900">
    <p class='ocr_par' dir='ltr' id='par_1_73' title="bbox 1094 864 1884 900">
     <span class='ocr_line' id='line_1_73' title="bbox 1094 864 1884 900; baseline -0.006 -5"><span class='ocrx_word' id='word_1_565' title='bbox 1094 872 1118 895; x_wconf 84' lang='lat' dir='ltr'><strong>et</strong></span> <span class='ocrx_word' id='word_1_566' title='bbox 1129 867 1243 894; x_wconf 80' lang='lat' dir='ltr'><strong>illiterati</strong></span> <span class='ocrx_word' id='word_1_567' title='bbox 1258 875 1307 893; x_wconf 86' lang='lat' dir='ltr'><strong>non</strong></span> <span class='ocrx_word' id='word_1_568' title='bbox 1321 867 1371 893; x_wconf 80' lang='lat' dir='ltr'><strong>nisi</strong></span> <span class='ocrx_word' id='word_1_569' title='bbox 1384 866 1474 892; x_wconf 81' lang='lat' dir='ltr'><strong>virtute</strong></span> <span class='ocrx_word' id='word_1_570' title='bbox 1484 865 1568 892; x_wconf 83' lang='lat' dir='ltr'><strong>divina</strong></span> <span class='ocrx_word' id='word_1_571' title='bbox 1584 871 1687 900; x_wconf 82' lang='lat' dir='ltr'><strong>potuere</strong></span> <span class='ocrx_word' id='word_1_572' title='bbox 1699 864 1884 899; x_wconf 78' lang='lat' dir='ltr'><strong>philosophari.</strong></span> 
     </span>
    </p>
   </div>
   <div class='ocr_carea' id='block_1_74' title="bbox 1094 910 1884 946">
    <p class='ocr_par' dir='ltr' id='par_1_74' title="bbox 1094 910 1884 946">
     <span class='ocr_line' id='line_1_74' title="bbox 1094 910 1884 946; baseline -0.004 -7"><span class='ocrx_word' id='word_1_573' title='bbox 1094 911 1211 940; x_wconf 78' lang='lat' dir='ltr'><strong>Platonis</strong></span> <span class='ocrx_word' id='word_1_574' title='bbox 1222 912 1329 938; x_wconf 82' lang='lat' dir='ltr'><strong>ridicula</strong></span> <span class='ocrx_word' id='word_1_575' title='bbox 1339 911 1489 946; x_wconf 73' lang='lat' dir='ltr'><strong>respublica.</strong></span> <span class='ocrx_word' id='word_1_576' title='bbox 1505 925 1541 930; x_wconf 95' lang='lat'><strong>—</strong></span> <span class='ocrx_word' id='word_1_577' title='bbox 1550 910 1663 938; x_wconf 85' lang='lat' dir='ltr'><strong>Ubinam</strong></span> <span class='ocrx_word' id='word_1_578' title='bbox 1676 915 1764 937; x_wconf 89' lang='lat' dir='ltr'><strong>autem</strong></span> <span class='ocrx_word' id='word_1_579' title='bbox 1780 910 1884 936; x_wconf 91' lang='lat' dir='ltr'><strong>illorutn</strong></span> 
     </span>
    </p>
   </div>
   <div class='ocr_carea' id='block_1_75' title="bbox 1093 956 1885 993">
    <p class='ocr_par' dir='ltr' id='par_1_75' title="bbox 1093 956 1885 993">
     <span class='ocr_line' id='line_1_75' title="bbox 1093 956 1885 993; baseline -0.003 -8"><span class='ocrx_word' id='word_1_580' title='bbox 1093 958 1188 993; x_wconf 78' lang='lat' dir='ltr'><strong>singuli</strong></span> <span class='ocrx_word' id='word_1_581' title='bbox 1214 958 1386 992; x_wconf 86' lang='lat' dir='ltr'><strong>scripserint,</strong></span> <span class='ocrx_word' id='word_1_582' title='bbox 1403 964 1456 984; x_wconf 88' lang='lat' dir='ltr'><strong>non</strong></span> <span class='ocrx_word' id='word_1_583' title='bbox 1474 962 1515 984; x_wconf 88' lang='lat' dir='ltr'><strong>est</strong></span> <span class='ocrx_word' id='word_1_584' title='bbox 1532 956 1602 991; x_wconf 93' lang='lat' dir='ltr'><strong>quod</strong></span> <span class='ocrx_word' id='word_1_585' title='bbox 1618 956 1729 983; x_wconf 89' lang='lat' dir='ltr'><strong>multum</strong></span> <span class='ocrx_word' id='word_1_586' title='bbox 1751 956 1885 991; x_wconf 74' lang='lat' dir='ltr'><strong>disquire-</strong></span> 
     </span>
    </p>
   </div>
   <div class='ocr_carea' id='block_1_76' title="bbox 1093 1003 1884 1040">
    <p class='ocr_par' dir='ltr' id='par_1_76' title="bbox 1093 1003 1884 1040">
     <span class='ocr_line' id='line_1_76' title="bbox 1093 1003 1884 1040; baseline -0.001 -9"><span class='ocrx_word' id='word_1_587' title='bbox 1093 1011 1172 1032; x_wconf 85' lang='lat' dir='ltr'><strong>mus:</strong></span> <span class='ocrx_word' id='word_1_588' title='bbox 1188 1003 1258 1040; x_wconf 90' lang='lat' dir='ltr'><strong>quod</strong></span> <span class='ocrx_word' id='word_1_589' title='bbox 1285 1009 1373 1031; x_wconf 85' lang='lat' dir='ltr'><strong>autem</strong></span> <span class='ocrx_word' id='word_1_590' title='bbox 1395 1011 1447 1031; x_wconf 91' lang='lat' dir='ltr'><strong>non</strong></span> <span class='ocrx_word' id='word_1_591' title='bbox 1470 1005 1538 1031; x_wconf 89' lang='lat' dir='ltr'><strong>alius</strong></span> <span class='ocrx_word' id='word_1_592' title='bbox 1562 1003 1690 1031; x_wconf 85' lang='lat' dir='ltr'><strong>adversus</strong></span> <span class='ocrx_word' id='word_1_593' title='bbox 1713 1004 1794 1031; x_wconf 90' lang='lat' dir='ltr'><strong>alium</strong></span> <span class='ocrx_word' id='word_1_594' title='bbox 1815 1004 1884 1031; x_wconf 92' lang='lat' dir='ltr'><strong>scri-</strong></span> 
     </span>
    </p>
   </div>
   <div class='ocr_carea' id='block_1_77' title="bbox 1093 1050 1886 1086">
    <p class='ocr_par' dir='ltr' id='par_1_77' title="bbox 1093 1050 1886 1086">
     <span class='ocr_line' id='line_1_77' title="bbox 1093 1050 1886 1086; baseline 0 -9"><span class='ocrx_word' id='word_1_595' title='bbox 1093 1051 1186 1086; x_wconf 83' lang='lat' dir='ltr'><strong>pserit,</strong></span> <span class='ocrx_word' id='word_1_596' title='bbox 1203 1050 1228 1077; x_wconf 91' lang='lat' dir='ltr'><strong>id</strong></span> <span class='ocrx_word' id='word_1_597' title='bbox 1248 1059 1296 1086; x_wconf 86' lang='lat' dir='ltr'><strong>per</strong></span> <span class='ocrx_word' id='word_1_598' title='bbox 1319 1055 1401 1077; x_wconf 85' lang='lat' dir='ltr'><strong>totum</strong></span> <span class='ocrx_word' id='word_1_599' title='bbox 1423 1051 1512 1085; x_wconf 88' lang='lat' dir='ltr'><strong>operis</strong></span> <span class='ocrx_word' id='word_1_600' title='bbox 1535 1050 1676 1077; x_wconf 83' lang='lat' dir='ltr'><strong>decursum</strong></span> <span class='ocrx_word' id='word_1_601' title='bbox 1701 1050 1886 1077; x_wconf 87' lang='lat' dir='ltr'><strong>demonstrare</strong></span> 
     </span>
    </p>
   </div>
   <div class='ocr_carea' id='block_1_78' title="bbox 1091 1096 1884 1132">
    <p class='ocr_par' dir='ltr' id='par_1_78' title="bbox 1091 1096 1884 1132">
     <span class='ocr_line' id='line_1_78' title="bbox 1091 1096 1884 1132; baseline -0.005 -6"><span class='ocrx_word' id='word_1_602' title='bbox 1091 1098 1256 1126; x_wconf 89' lang='lat' dir='ltr'><strong>conabimur.</strong></span> <span class='ocrx_word' id='word_1_603' title='bbox 1274 1098 1313 1125; x_wconf 86' lang='lat' dir='ltr'><strong>Tu</strong></span> <span class='ocrx_word' id='word_1_604' title='bbox 1328 1105 1392 1125; x_wconf 76' lang='lat' dir='ltr'><strong>vero</strong></span> <span class='ocrx_word' id='word_1_605' title='bbox 1408 1098 1451 1132; x_wconf 89' lang='lat' dir='ltr'><strong>qui</strong></span> <span class='ocrx_word' id='word_1_606' title='bbox 1474 1097 1664 1124; x_wconf 86' lang='lat' dir='ltr'><strong>dissonantiam</strong></span> <span class='ocrx_word' id='word_1_607' title='bbox 1684 1096 1755 1123; x_wconf 87' lang='lat' dir='ltr'><strong>illam</strong></span> <span class='ocrx_word' id='word_1_608' title='bbox 1770 1096 1864 1131; x_wconf 73' lang='lat' dir='ltr'><strong>obiicis</strong></span> <span class='ocrx_word' id='word_1_609' title='bbox 1875 1117 1884 1128; x_wconf 74' lang='lat'><strong>,</strong></span> 
     </span>
    </p>
   </div>
   <div class='ocr_carea' id='block_1_79' title="bbox 1092 1142 1883 1180">
    <p class='ocr_par' dir='ltr' id='par_1_79' title="bbox 1092 1142 1883 1180">
     <span class='ocr_line' id='line_1_79' title="bbox 1092 1142 1883 1180; baseline -0.004 -8"><span class='ocrx_word' id='word_1_610' title='bbox 1092 1145 1201 1180; x_wconf 88' lang='lat' dir='ltr'><strong>perinde</strong></span> <span class='ocrx_word' id='word_1_611' title='bbox 1212 1145 1312 1172; x_wconf 90' lang='lat' dir='ltr'><strong>facisac</strong></span> <span class='ocrx_word' id='word_1_612' title='bbox 1320 1144 1342 1172; x_wconf 87' lang='lat' dir='ltr'><strong>si</strong></span> <span class='ocrx_word' id='word_1_613' title='bbox 1353 1143 1448 1171; x_wconf 87' lang='lat' dir='ltr'><strong>eadem</strong></span> <span class='ocrx_word' id='word_1_614' title='bbox 1461 1144 1516 1178; x_wconf 84' lang='lat' dir='ltr'><strong>ipsa</strong></span> <span class='ocrx_word' id='word_1_615' title='bbox 1529 1143 1620 1173; x_wconf 76' lang='lat' dir='ltr'><strong>verba.</strong></span> <span class='ocrx_word' id='word_1_616' title='bbox 1632 1142 1743 1170; x_wconf 89' lang='lat' dir='ltr'><strong>eosdem</strong></span> <span class='ocrx_word' id='word_1_617' title='bbox 1757 1142 1883 1178; x_wconf 85' lang='lat' dir='ltr'><strong>loquendi</strong></span> 
     </span>
    </p>
   </div>
   <div class='ocr_carea' id='block_1_80' title="bbox 1091 1188 1885 1224">
    <p class='ocr_par' dir='ltr' id='par_1_80' title="bbox 1091 1188 1885 1224">
     <span class='ocr_line' id='line_1_80' title="bbox 1091 1188 1885 1224; baseline -0.004 -6"><span class='ocrx_word' id='word_1_618' title='bbox 1091 1189 1186 1218; x_wconf 90' lang='lat' dir='ltr'><strong>modos</strong></span> <span class='ocrx_word' id='word_1_619' title='bbox 1205 1189 1325 1224; x_wconf 84' lang='lat' dir='ltr'><strong>proferre</strong></span> <span class='ocrx_word' id='word_1_620' title='bbox 1344 1189 1462 1223; x_wconf 73' lang='lat' dir='ltr'><strong>iuberes.</strong></span> <span class='ocrx_word' id='word_1_621' title='bbox 1478 1188 1595 1216; x_wconf 88' lang='lat' dir='ltr'><strong>Necdum</strong></span> <span class='ocrx_word' id='word_1_622' title='bbox 1610 1188 1706 1220; x_wconf 82' lang='lat' dir='ltr'><strong>dicnm,</strong></span> <span class='ocrx_word' id='word_1_623' title='bbox 1733 1195 1779 1215; x_wconf 90' lang='lat' dir='ltr'><strong>eos</strong></span> <span class='ocrx_word' id='word_1_624' title='bbox 1792 1188 1837 1223; x_wconf 91' lang='lat' dir='ltr'><strong>qui</strong></span> <span class='ocrx_word' id='word_1_625' title='bbox 1851 1188 1885 1215; x_wconf 87' lang='lat' dir='ltr'><strong>de</strong></span> 
     </span>
    </p>
   </div>
   <div class='ocr_carea' id='block_1_81' title="bbox 1091 1234 1884 1271">
    <p class='ocr_par' dir='ltr' id='par_1_81' title="bbox 1091 1234 1884 1271">
     <span class='ocr_line' id='line_1_81' title="bbox 1091 1234 1884 1271; baseline -0.003 -7"><span class='ocrx_word' id='word_1_626' title='bbox 1091 1236 1224 1264; x_wconf 88' lang='lat' dir='ltr'><strong>rhetorica</strong></span> <span class='ocrx_word' id='word_1_627' title='bbox 1237 1240 1265 1263; x_wconf 89' lang='lat' dir='ltr'><strong>et</strong></span> <span class='ocrx_word' id='word_1_628' title='bbox 1277 1236 1310 1263; x_wconf 91' lang='lat' dir='ltr'><strong>de</strong></span> <span class='ocrx_word' id='word_1_629' title='bbox 1324 1235 1490 1271; x_wconf 81' lang='lat' dir='ltr'><strong>philosophia</strong></span> <span class='ocrx_word' id='word_1_630' title='bbox 1499 1234 1641 1262; x_wconf 87' lang='lat' dir='ltr'><strong>admodum</strong></span> <span class='ocrx_word' id='word_1_631' title='bbox 1653 1234 1808 1267; x_wconf 80' lang='lat' dir='ltr'><strong>gloriantur.</strong></span> <span class='ocrx_word' id='word_1_632' title='bbox 1825 1234 1884 1270; x_wconf 89' lang='lat' dir='ltr'><strong>qui—</strong></span> 
     </span>
    </p>
   </div>
   <div class='ocr_carea' id='block_1_82' title="bbox 1091 1281 1882 1318">
    <p class='ocr_par' dir='ltr' id='par_1_82' title="bbox 1091 1281 1882 1318">
     <span class='ocr_line' id='line_1_82' title="bbox 1091 1281 1882 1318; baseline -0.001 -9"><span class='ocrx_word' id='word_1_633' title='bbox 1091 1291 1143 1318; x_wconf 84' lang='lat' dir='ltr'><strong>que</strong></span> <span class='ocrx_word' id='word_1_634' title='bbox 1158 1283 1255 1310; x_wconf 85' lang='lat' dir='ltr'><strong>multos</strong></span> <span class='ocrx_word' id='word_1_635' title='bbox 1271 1282 1352 1309; x_wconf 89' lang='lat' dir='ltr'><strong>libros</strong></span> <span class='ocrx_word' id='word_1_636' title='bbox 1374 1281 1466 1309; x_wconf 87' lang='lat' dir='ltr'><strong>iisdem</strong></span> <span class='ocrx_word' id='word_1_637' title='bbox 1481 1282 1514 1309; x_wconf 88' lang='lat' dir='ltr'><strong>de</strong></span> <span class='ocrx_word' id='word_1_638' title='bbox 1528 1282 1608 1308; x_wconf 89' lang='lat' dir='ltr'><strong>rebus</strong></span> <span class='ocrx_word' id='word_1_639' title='bbox 1632 1281 1813 1316; x_wconf 78' lang='lat' dir='ltr'><strong>scripserunt,</strong></span> <span class='ocrx_word' id='word_1_640' title='bbox 1830 1289 1882 1309; x_wconf 91' lang='lat' dir='ltr'><strong>non</strong></span> 
     </span>
    </p>
   </div>
   <div class='ocr_carea' id='block_1_83' title="bbox 1091 1327 1879 1362">
    <p class='ocr_par' dir='ltr' id='par_1_83' title="bbox 1091 1327 1879 1362">
     <span class='ocr_line' id='line_1_83' title="bbox 1091 1327 1879 1362; baseline 0 -8"><span class='ocrx_word' id='word_1_641' title='bbox 1091 1328 1171 1356; x_wconf 88' lang='lat' dir='ltr'><strong>modo</strong></span> <span class='ocrx_word' id='word_1_642' title='bbox 1179 1334 1271 1355; x_wconf 90' lang='lat' dir='ltr'><strong>mutuo</strong></span> <span class='ocrx_word' id='word_1_643' title='bbox 1286 1328 1462 1362; x_wconf 85' lang='lat' dir='ltr'><strong>discrepasse,</strong></span> <span class='ocrx_word' id='word_1_644' title='bbox 1476 1327 1523 1354; x_wconf 89' lang='lat' dir='ltr'><strong>sed</strong></span> <span class='ocrx_word' id='word_1_645' title='bbox 1537 1327 1616 1353; x_wconf 88' lang='lat' dir='ltr'><strong>etiam</strong></span> <span class='ocrx_word' id='word_1_646' title='bbox 1627 1327 1760 1354; x_wconf 87' lang='lat' dir='ltr'><strong>contraria</strong></span> <span class='ocrx_word' id='word_1_647' title='bbox 1769 1327 1879 1354; x_wconf 87' lang='lat' dir='ltr'><strong>dixisse.</strong></span> 
     </span>
    </p>
   </div>
   <div class='ocr_carea' id='block_1_84' title="bbox 1090 1372 1880 1408">
    <p class='ocr_par' dir='ltr' id='par_1_84' title="bbox 1090 1372 1880 1408">
     <span class='ocr_line' id='line_1_84' title="bbox 1090 1372 1880 1408; baseline -0.001 -7"><span class='ocrx_word' id='word_1_648' title='bbox 1090 1373 1156 1401; x_wconf 83' lang='lat' dir='ltr'><strong>Nam</strong></span> <span class='ocrx_word' id='word_1_649' title='bbox 1170 1373 1241 1401; x_wconf 84' lang='lat' dir='ltr'><strong>aliud</strong></span> <span class='ocrx_word' id='word_1_650' title='bbox 1257 1378 1298 1401; x_wconf 91' lang='lat' dir='ltr'><strong>est</strong></span> <span class='ocrx_word' id='word_1_651' title='bbox 1310 1373 1415 1401; x_wconf 85' lang='lat' dir='ltr'><strong>diverse</strong></span> <span class='ocrx_word' id='word_1_652' title='bbox 1437 1372 1519 1408; x_wconf 88' lang='lat' dir='ltr'><strong>loqui,</strong></span> <span class='ocrx_word' id='word_1_653' title='bbox 1533 1373 1604 1399; x_wconf 89' lang='lat' dir='ltr'><strong>aliud</strong></span> <span class='ocrx_word' id='word_1_654' title='bbox 1619 1373 1761 1408; x_wconf 80' lang='lat' dir='ltr'><strong>pugnantia</strong></span> <span class='ocrx_word' id='word_1_655' title='bbox 1779 1373 1880 1401; x_wconf 87' lang='lat' dir='ltr'><strong>dicere.</strong></span> 
     </span>
    </p>
   </div>
   <div class='ocr_carea' id='block_1_85' title="bbox 1091 1419 1883 1454">
    <p class='ocr_par' dir='ltr' id='par_1_85' title="bbox 1091 1419 1883 1454">
     <span class='ocr_line' id='line_1_85' title="bbox 1091 1419 1883 1454; baseline 0.003 -9"><span class='ocrx_word' id='word_1_656' title='bbox 1091 1419 1125 1446; x_wconf 78' lang='lat' dir='ltr'><strong>At</strong></span> <span class='ocrx_word' id='word_1_657' title='bbox 1139 1419 1204 1446; x_wconf 89' lang='lat' dir='ltr'><strong>nihil</strong></span> <span class='ocrx_word' id='word_1_658' title='bbox 1218 1419 1312 1446; x_wconf 90' lang='lat' dir='ltr'><strong>horum</strong></span> <span class='ocrx_word' id='word_1_659' title='bbox 1326 1419 1387 1446; x_wconf 92' lang='lat' dir='ltr'><strong>dico</strong></span> <span class='ocrx_word' id='word_1_660' title='bbox 1402 1427 1408 1445; x_wconf 87' lang='lat'><strong>:</strong></span> <span class='ocrx_word' id='word_1_661' title='bbox 1425 1419 1494 1446; x_wconf 89' lang='lat' dir='ltr'><strong>absit</strong></span> <span class='ocrx_word' id='word_1_662' title='bbox 1504 1419 1574 1446; x_wconf 83' lang='lat' dir='ltr'><strong>enim</strong></span> <span class='ocrx_word' id='word_1_663' title='bbox 1591 1426 1624 1446; x_wconf 92' lang='lat' dir='ltr'><strong>ne</strong></span> <span class='ocrx_word' id='word_1_664' title='bbox 1636 1419 1742 1446; x_wconf 87' lang='lat' dir='ltr'><strong>illorum</strong></span> <span class='ocrx_word' id='word_1_665' title='bbox 1753 1419 1883 1454; x_wconf 89' lang='lat' dir='ltr'><strong>insipien-</strong></span> 
     </span>
    </p>
   </div>
   <div class='ocr_carea' id='block_1_86' title="bbox 1091 1464 1885 1500">
    <p class='ocr_par' dir='ltr' id='par_1_86' title="bbox 1091 1464 1885 1500">
     <span class='ocr_line' id='line_1_86' title="bbox 1091 1464 1885 1500; baseline 0.003 -10"><span class='ocrx_word' id='word_1_666' title='bbox 1091 1466 1126 1491; x_wconf 87' lang='lat' dir='ltr'><strong>tia</strong></span> <span class='ocrx_word' id='word_1_667' title='bbox 1142 1469 1201 1492; x_wconf 90' lang='lat' dir='ltr'><strong>ntar</strong></span> <span class='ocrx_word' id='word_1_668' title='bbox 1215 1464 1248 1492; x_wconf 88' lang='lat' dir='ltr'><strong>ad</strong></span> <span class='ocrx_word' id='word_1_669' title='bbox 1271 1465 1415 1499; x_wconf 85' lang='lat' dir='ltr'><strong>parandam</strong></span> <span class='ocrx_word' id='word_1_670' title='bbox 1438 1464 1642 1497; x_wconf 86' lang='lat' dir='ltr'><strong>defensionem;</strong></span> <span class='ocrx_word' id='word_1_671' title='bbox 1654 1472 1740 1500; x_wconf 88' lang='lat' dir='ltr'><strong>neque</strong></span> <span class='ocrx_word' id='word_1_672' title='bbox 1752 1465 1822 1492; x_wconf 90' lang='lat' dir='ltr'><strong>enim</strong></span> <span class='ocrx_word' id='word_1_673' title='bbox 1839 1474 1885 1492; x_wconf 89' lang='lat' dir='ltr'><strong>ve-</strong></span> 
     </span>
    </p>
   </div>
   <div class='ocr_carea' id='block_1_87' title="bbox 1090 1511 1883 1545">
    <p class='ocr_par' dir='ltr' id='par_1_87' title="bbox 1090 1511 1883 1545">
     <span class='ocr_line' id='line_1_87' title="bbox 1090 1511 1883 1545; baseline 0.001 -7"><span class='ocrx_word' id='word_1_674' title='bbox 1090 1511 1135 1538; x_wconf 89' lang='lat' dir='ltr'><strong>lim</strong></span> <span class='ocrx_word' id='word_1_675' title='bbox 1145 1519 1175 1538; x_wconf 80' lang='lat' dir='ltr'><strong>ex</strong></span> <span class='ocrx_word' id='word_1_676' title='bbox 1192 1511 1330 1538; x_wconf 86' lang='lat' dir='ltr'><strong>mendacio</strong></span> <span class='ocrx_word' id='word_1_677' title='bbox 1344 1511 1482 1538; x_wconf 86' lang='lat' dir='ltr'><strong>veritatem</strong></span> <span class='ocrx_word' id='word_1_678' title='bbox 1500 1511 1606 1538; x_wconf 83' lang='lat' dir='ltr'><strong>firmare</strong></span> <span class='ocrx_word' id='word_1_679' title='bbox 1621 1520 1628 1538; x_wconf 87' lang='lat'><strong>:</strong></span> <span class='ocrx_word' id='word_1_680' title='bbox 1646 1512 1692 1538; x_wconf 88' lang='lat' dir='ltr'><strong>sed</strong></span> <span class='ocrx_word' id='word_1_681' title='bbox 1708 1511 1772 1538; x_wconf 90' lang='lat' dir='ltr'><strong>illud</strong></span> <span class='ocrx_word' id='word_1_682' title='bbox 1787 1519 1883 1545; x_wconf 83' lang='lat' dir='ltr'><strong>rogare</strong></span> 
     </span>
    </p>
   </div>
   <div class='ocr_carea' id='block_1_88' title="bbox 1091 1557 1884 1594">
    <p class='ocr_par' dir='ltr' id='par_1_88' title="bbox 1091 1557 1884 1594">
     <span class='ocr_line' id='line_1_88' title="bbox 1091 1557 1884 1594; baseline 0.009 -14"><span class='ocrx_word' id='word_1_683' title='bbox 1091 1557 1180 1588; x_wconf 85' lang='lat' dir='ltr'><strong>velim,</strong></span> <span class='ocrx_word' id='word_1_684' title='bbox 1198 1557 1331 1590; x_wconf 83' lang='lat' dir='ltr'><strong>quomodo</strong></span> <span class='ocrx_word' id='word_1_685' title='bbox 1354 1557 1431 1583; x_wconf 82' lang='lat' dir='ltr'><strong>fidem</strong></span> <span class='ocrx_word' id='word_1_686' title='bbox 1455 1558 1614 1585; x_wconf 87' lang='lat' dir='ltr'><strong>meruissent</strong></span> <span class='ocrx_word' id='word_1_687' title='bbox 1628 1565 1658 1586; x_wconf 84' lang='lat' dir='ltr'><strong>ea</strong></span> <span class='ocrx_word' id='word_1_688' title='bbox 1680 1566 1740 1594; x_wconf 68' lang='lat' dir='ltr'><strong>qua!</strong></span> <span class='ocrx_word' id='word_1_689' title='bbox 1760 1559 1884 1587; x_wconf 85' lang='lat' dir='ltr'><strong>dissona—</strong></span> 
     </span>
    </p>
   </div>
   <div class='ocr_carea' id='block_1_89' title="bbox 1090 1602 1882 1640">
    <p class='ocr_par' dir='ltr' id='par_1_89' title="bbox 1090 1602 1882 1640">
     <span class='ocr_line' id='line_1_89' title="bbox 1090 1602 1882 1640; baseline 0.008 -13"><span class='ocrx_word' id='word_1_690' title='bbox 1090 1602 1167 1628; x_wconf 70' lang='lat' dir='ltr'><strong>rent?</strong></span> <span class='ocrx_word' id='word_1_691' title='bbox 1186 1609 1238 1636; x_wconf 89' lang='lat' dir='ltr'><strong>quo</strong></span> <span class='ocrx_word' id='word_1_692' title='bbox 1254 1607 1330 1637; x_wconf 89' lang='lat' dir='ltr'><strong>pacto</strong></span> <span class='ocrx_word' id='word_1_693' title='bbox 1349 1604 1538 1637; x_wconf 85' lang='lat' dir='ltr'><strong>superassent?</strong></span> <span class='ocrx_word' id='word_1_694' title='bbox 1553 1604 1689 1638; x_wconf 89' lang='lat' dir='ltr'><strong>quomodo</strong></span> <span class='ocrx_word' id='word_1_695' title='bbox 1701 1605 1722 1631; x_wconf 91' lang='lat' dir='ltr'><strong>si</strong></span> <span class='ocrx_word' id='word_1_696' title='bbox 1737 1606 1882 1640; x_wconf 82' lang='lat' dir='ltr'><strong>pugnantia</strong></span> 
     </span>
    </p>
   </div>
   <div class='ocr_carea' id='block_1_90' title="bbox 1090 1646 1881 1682">
    <p class='ocr_par' dir='ltr' id='par_1_90' title="bbox 1090 1646 1881 1682">
     <span class='ocr_line' id='line_1_90' title="bbox 1090 1646 1881 1682; baseline 0.006 -9"><span class='ocrx_word' id='word_1_697' title='bbox 1090 1646 1190 1681; x_wconf 91' lang='lat' dir='ltr'><strong>loquuti</strong></span> <span class='ocrx_word' id='word_1_698' title='bbox 1205 1647 1324 1681; x_wconf 88' lang='lat' dir='ltr'><strong>fuissent,</strong></span> <span class='ocrx_word' id='word_1_699' title='bbox 1339 1647 1553 1682; x_wconf 84' lang='lat' dir='ltr'><strong>admirationem,</strong></span> <span class='ocrx_word' id='word_1_700' title='bbox 1568 1648 1646 1676; x_wconf 76' lang='lat' dir='ltr'><strong>[idem</strong></span> <span class='ocrx_word' id='word_1_701' title='bbox 1657 1655 1683 1677; x_wconf 89' lang='lat' dir='ltr'><strong>et</strong></span> <span class='ocrx_word' id='word_1_702' title='bbox 1697 1650 1881 1678; x_wconf 79' lang='lat' dir='ltr'><strong>celebritatem</strong></span> 
     </span>
    </p>
   </div>
   <div class='ocr_carea' id='block_1_91' title="bbox 1089 1693 1882 1730">
    <p class='ocr_par' dir='ltr' id='par_1_91' title="bbox 1089 1693 1882 1730">
     <span class='ocr_line' id='line_1_91' title="bbox 1089 1693 1882 1730; baseline 0.006 -12"><span class='ocrx_word' id='word_1_703' title='bbox 1089 1695 1190 1718; x_wconf 81' lang='lat' dir='ltr'><strong>tantam</strong></span> <span class='ocrx_word' id='word_1_704' title='bbox 1211 1699 1259 1727; x_wconf 88' lang='lat' dir='ltr'><strong>per</strong></span> <span class='ocrx_word' id='word_1_705' title='bbox 1282 1697 1366 1720; x_wconf 86' lang='lat' dir='ltr'><strong>totum</strong></span> <span class='ocrx_word' id='word_1_706' title='bbox 1389 1693 1481 1720; x_wconf 84' lang='lat' dir='ltr'><strong>orbem</strong></span> <span class='ocrx_word' id='word_1_707' title='bbox 1501 1694 1790 1730; x_wconf 87' lang='lat' dir='ltr'><strong>obtinuissent?Atqui</strong></span> <span class='ocrx_word' id='word_1_708' title='bbox 1807 1696 1882 1723; x_wconf 86' lang='lat' dir='ltr'><strong>multi</strong></span> 
     </span>
    </p>
   </div>
   <div class='ocr_carea' id='block_1_92' title="bbox 1088 1737 1883 1772">
    <p class='ocr_par' dir='ltr' id='par_1_92' title="bbox 1088 1737 1883 1772">
     <span class='ocr_line' id='line_1_92' title="bbox 1088 1737 1883 1772; baseline 0.006 -8"><span class='ocrx_word' id='word_1_709' title='bbox 1088 1742 1166 1765; x_wconf 88' lang='lat' dir='ltr'><strong>erant</strong></span> <span class='ocrx_word' id='word_1_710' title='bbox 1178 1737 1311 1766; x_wconf 88' lang='lat' dir='ltr'><strong>dictorum</strong></span> <span class='ocrx_word' id='word_1_711' title='bbox 1328 1743 1420 1772; x_wconf 81' lang='lat' dir='ltr'><strong>testes.</strong></span> <span class='ocrx_word' id='word_1_712' title='bbox 1435 1744 1464 1766; x_wconf 90' lang='lat' dir='ltr'><strong>ut</strong></span> <span class='ocrx_word' id='word_1_713' title='bbox 1472 1743 1500 1767; x_wconf 90' lang='lat' dir='ltr'><strong>et</strong></span> <span class='ocrx_word' id='word_1_714' title='bbox 1514 1739 1588 1767; x_wconf 90' lang='lat' dir='ltr'><strong>multi</strong></span> <span class='ocrx_word' id='word_1_715' title='bbox 1604 1740 1703 1768; x_wconf 89' lang='lat' dir='ltr'><strong>inimici</strong></span> <span class='ocrx_word' id='word_1_716' title='bbox 1714 1745 1742 1768; x_wconf 86' lang='lat' dir='ltr'><strong>et</strong></span> <span class='ocrx_word' id='word_1_717' title='bbox 1755 1741 1883 1769; x_wconf 83' lang='lat' dir='ltr'><strong>adversa-</strong></span> 
     </span>
    </p>
   </div>
   <div class='ocr_carea' id='block_1_93' title="bbox 1089 1784 1881 1821">
    <p class='ocr_par' dir='ltr' id='par_1_93' title="bbox 1089 1784 1881 1821">
     <span class='ocr_line' id='line_1_93' title="bbox 1089 1784 1881 1821; baseline 0.005 -10"><span class='ocrx_word' id='word_1_718' title='bbox 1089 1784 1132 1811; x_wconf 89' lang='lat' dir='ltr'><strong>rii.</strong></span> <span class='ocrx_word' id='word_1_719' title='bbox 1148 1784 1240 1819; x_wconf 90' lang='lat' dir='ltr'><strong>Neque</strong></span> <span class='ocrx_word' id='word_1_720' title='bbox 1254 1785 1326 1812; x_wconf 89' lang='lat' dir='ltr'><strong>enim</strong></span> <span class='ocrx_word' id='word_1_721' title='bbox 1347 1785 1404 1813; x_wconf 76' lang='lat' dir='ltr'><strong>lucc</strong></span> <span class='ocrx_word' id='word_1_722' title='bbox 1424 1785 1452 1812; x_wconf 90' lang='lat' dir='ltr'><strong>in</strong></span> <span class='ocrx_word' id='word_1_723' title='bbox 1475 1786 1572 1821; x_wconf 81' lang='lat' dir='ltr'><strong>angulo</strong></span> <span class='ocrx_word' id='word_1_724' title='bbox 1592 1785 1690 1820; x_wconf 79' lang='lat' dir='ltr'><strong>scriptu</strong></span> <span class='ocrx_word' id='word_1_725' title='bbox 1711 1786 1881 1819; x_wconf 87' lang='lat' dir='ltr'><strong>defoderunt,</strong></span> 
     </span>
    </p>
   </div>
   <div class='ocr_carea' id='block_1_94' title="bbox 1088 1829 1883 1865">
    <p class='ocr_par' dir='ltr' id='par_1_94' title="bbox 1088 1829 1883 1865">
     <span class='ocr_line' id='line_1_94' title="bbox 1088 1829 1883 1865; baseline 0.005 -9"><span class='ocrx_word' id='word_1_726' title='bbox 1088 1829 1136 1856; x_wconf 77' lang='lat' dir='ltr'><strong>sed</strong></span> <span class='ocrx_word' id='word_1_727' title='bbox 1151 1829 1248 1865; x_wconf 92' lang='lat' dir='ltr'><strong>ubique</strong></span> <span class='ocrx_word' id='word_1_728' title='bbox 1259 1835 1390 1858; x_wconf 87' lang='lat' dir='ltr'><strong>terrarum</strong></span> <span class='ocrx_word' id='word_1_729' title='bbox 1403 1836 1429 1858; x_wconf 92' lang='lat' dir='ltr'><strong>et</strong></span> <span class='ocrx_word' id='word_1_730' title='bbox 1441 1831 1553 1858; x_wconf 91' lang='lat' dir='ltr'><strong>marium</strong></span> <span class='ocrx_word' id='word_1_731' title='bbox 1576 1833 1700 1859; x_wconf 91' lang='lat' dir='ltr'><strong>omnibus</strong></span> <span class='ocrx_word' id='word_1_732' title='bbox 1713 1833 1883 1861; x_wconf 85' lang='lat' dir='ltr'><strong>audientibus</strong></span> 
     </span>
    </p>
   </div>
   <div class='ocr_carea' id='block_1_95' title="bbox 1089 1875 1880 1914">
    <p class='ocr_par' dir='ltr' id='par_1_95' title="bbox 1089 1875 1880 1914">
     <span class='ocr_line' id='line_1_95' title="bbox 1089 1875 1880 1914; baseline 0.005 -11"><span class='ocrx_word' id='word_1_733' title='bbox 1089 1875 1256 1910; x_wconf 85' lang='lat' dir='ltr'><strong>publicarunt</strong></span> <span class='ocrx_word' id='word_1_734' title='bbox 1279 1877 1418 1905; x_wconf 85' lang='lat' dir='ltr'><strong>:inimicis</strong></span> <span class='ocrx_word' id='word_1_735' title='bbox 1435 1878 1611 1912; x_wconf 59' lang='lat' dir='ltr'><strong>prtcseutibus</strong></span> <span class='ocrx_word' id='word_1_736' title='bbox 1635 1879 1692 1906; x_wconf 82' lang='lat' dir='ltr'><strong>lnrc</strong></span> <span class='ocrx_word' id='word_1_737' title='bbox 1715 1880 1880 1914; x_wconf 84' lang='lat' dir='ltr'><strong>legebantur,</strong></span> 
     </span>
    </p>
   </div>
   <div class='ocr_carea' id='block_1_96' title="bbox 1088 1922 1882 1960">
    <p class='ocr_par' dir='ltr' id='par_1_96' title="bbox 1088 1922 1882 1960">
     <span class='ocr_line' id='line_1_96' title="bbox 1088 1922 1882 1960; baseline 0.006 -12"><span class='ocrx_word' id='word_1_738' title='bbox 1088 1922 1309 1955; x_wconf 83' lang='lat' dir='ltr'><strong>quemadmodum</strong></span> <span class='ocrx_word' id='word_1_739' title='bbox 1323 1928 1349 1950; x_wconf 82' lang='lat' dir='ltr'><strong>et</strong></span> <span class='ocrx_word' id='word_1_740' title='bbox 1364 1923 1458 1955; x_wconf 79' lang='lat' dir='ltr'><strong>hodie;</strong></span> <span class='ocrx_word' id='word_1_741' title='bbox 1473 1928 1499 1951; x_wconf 84' lang='lat' dir='ltr'><strong>et</strong></span> <span class='ocrx_word' id='word_1_742' title='bbox 1515 1925 1648 1952; x_wconf 86' lang='lat' dir='ltr'><strong>neminem</strong></span> <span class='ocrx_word' id='word_1_743' title='bbox 1660 1932 1783 1960; x_wconf 83' lang='lat' dir='ltr'><strong>umquam</strong></span> <span class='ocrx_word' id='word_1_744' title='bbox 1797 1926 1882 1953; x_wconf 80' lang='lat' dir='ltr'><strong>ol‘l‘cn-</strong></span> 
     </span>
    </p>
   </div>
   <div class='ocr_carea' id='block_1_97' title="bbox 1087 1966 1881 2005">
    <p class='ocr_par' dir='ltr' id='par_1_97' title="bbox 1087 1966 1881 2005">
     <span class='ocr_line' id='line_1_97' title="bbox 1087 1966 1881 2005; baseline 0.008 -12"><span class='ocrx_word' id='word_1_745' title='bbox 1087 1966 1199 2000; x_wconf 86' lang='lat' dir='ltr'><strong>derunt,</strong></span> <span class='ocrx_word' id='word_1_746' title='bbox 1213 1968 1293 2004; x_wconf 90' lang='lat' dir='ltr'><strong>idque</strong></span> <span class='ocrx_word' id='word_1_747' title='bbox 1310 1969 1370 2004; x_wconf 84' lang='lat' dir='ltr'><strong>jure</strong></span> <span class='ocrx_word' id='word_1_748' title='bbox 1383 1969 1489 1997; x_wconf 75' lang='lat' dir='ltr'><strong>merito.</strong></span> <span class='ocrx_word' id='word_1_749' title='bbox 1507 1969 1599 1996; x_wconf 86' lang='lat' dir='ltr'><strong>Divina</strong></span> <span class='ocrx_word' id='word_1_750' title='bbox 1615 1970 1711 2005; x_wconf 82' lang='lat' dir='ltr'><strong>quippe</strong></span> <span class='ocrx_word' id='word_1_751' title='bbox 1726 1971 1809 1998; x_wconf 83' lang='lat' dir='ltr'><strong>virtus</strong></span> <span class='ocrx_word' id='word_1_752' title='bbox 1823 1977 1881 1999; x_wconf 75' lang='lat' dir='ltr'><strong>erat</strong></span> 
     </span>
    </p>
   </div>
   <div class='ocr_carea' id='block_1_98' title="bbox 1088 2012 1881 2049">
    <p class='ocr_par' dir='ltr' id='par_1_98' title="bbox 1088 2012 1881 2049">
     <span class='ocr_line' id='line_1_98' title="bbox 1088 2012 1881 2049; baseline 0.005 -10"><span class='ocrx_word' id='word_1_753' title='bbox 1088 2019 1149 2046; x_wconf 76' lang='lat' dir='ltr'><strong>qua:</strong></span> <span class='ocrx_word' id='word_1_754' title='bbox 1165 2012 1223 2040; x_wconf 67' lang='lat' dir='ltr'><strong>haec</strong></span> <span class='ocrx_word' id='word_1_755' title='bbox 1240 2014 1328 2041; x_wconf 86' lang='lat' dir='ltr'><strong>omnia</strong></span> <span class='ocrx_word' id='word_1_756' title='bbox 1340 2014 1502 2049; x_wconf 88' lang='lat' dir='ltr'><strong>operabatur</strong></span> <span class='ocrx_word' id='word_1_757' title='bbox 1516 2015 1585 2048; x_wconf 87' lang='lat' dir='ltr'><strong>apud</strong></span> <span class='ocrx_word' id='word_1_758' title='bbox 1608 2023 1759 2043; x_wconf 73' lang='lat' dir='ltr'><strong>lllll\&#39;t&#39;l‘§tl5.</strong></span> <span class='ocrx_word' id='word_1_759' title='bbox 1776 2016 1881 2044; x_wconf 83' lang='lat' dir='ltr'><strong>Etenim</strong></span> 
     </span>
    </p>
   </div>
   <div class='ocr_carea' id='block_1_99' title="bbox 1088 2058 1881 2096">
    <p class='ocr_par' dir='ltr' id='par_1_99' title="bbox 1088 2058 1881 2096">
     <span class='ocr_line' id='line_1_99' title="bbox 1088 2058 1881 2096; baseline 0.006 -12"><span class='ocrx_word' id='word_1_760' title='bbox 1088 2058 1110 2084; x_wconf 84' lang='lat' dir='ltr'><strong>si</strong></span> <span class='ocrx_word' id='word_1_761' title='bbox 1133 2065 1186 2085; x_wconf 91' lang='lat' dir='ltr'><strong>non</strong></span> <span class='ocrx_word' id='word_1_762' title='bbox 1209 2059 1242 2086; x_wconf 88' lang='lat' dir='ltr'><strong>ita</strong></span> <span class='ocrx_word' id='word_1_763' title='bbox 1258 2066 1287 2087; x_wconf 88' lang='lat' dir='ltr'><strong>se</strong></span> <span class='ocrx_word' id='word_1_764' title='bbox 1311 2068 1354 2087; x_wconf 85' lang='lat' dir='ltr'><strong>res</strong></span> <span class='ocrx_word' id='word_1_765' title='bbox 1379 2059 1526 2092; x_wconf 87' lang='lat' dir='ltr'><strong>habuisset,</strong></span> <span class='ocrx_word' id='word_1_766' title='bbox 1551 2061 1685 2095; x_wconf 85' lang='lat' dir='ltr'><strong>quomodo</strong></span> <span class='ocrx_word' id='word_1_767' title='bbox 1715 2062 1881 2096; x_wconf 79' lang='lat' dir='ltr'><strong>publicanus,</strong></span> 
     </span>
    </p>
   </div>
   <div class='ocr_carea' id='block_1_100' title="bbox 1091 2105 1917 2142">
    <p class='ocr_par' dir='ltr' id='par_1_100' title="bbox 1091 2105 1917 2142">
     <span class='ocr_line' id='line_1_100' title="bbox 1091 2105 1917 2142; baseline 0.006 -12"><span class='ocrx_word' id='word_1_768' title='bbox 1091 2105 1206 2138; x_wconf 89' lang='lat' dir='ltr'><strong>piscator</strong></span> <span class='ocrx_word' id='word_1_769' title='bbox 1220 2109 1247 2132; x_wconf 87' lang='lat' dir='ltr'><strong>et</strong></span> <span class='ocrx_word' id='word_1_770' title='bbox 1268 2105 1408 2134; x_wconf 75' lang='lat' dir='ltr'><strong>illiteratus</strong></span> <span class='ocrx_word' id='word_1_771' title='bbox 1430 2107 1486 2134; x_wconf 66' lang='lat' dir='ltr'><strong>haec</strong></span> <span class='ocrx_word' id='word_1_772' title='bbox 1509 2107 1657 2141; x_wconf 81' lang='lat' dir='ltr'><strong>potuissent</strong></span> <span class='ocrx_word' id='word_1_773' title='bbox 1679 2107 1881 2142; x_wconf 75' lang='lat' dir='ltr'><strong>philosophari?</strong></span> <span class='ocrx_word' id='word_1_774' title='bbox 1909 2125 1917 2136; x_wconf 86' lang='lat'><strong>.</strong></span> 
     </span>
    </p>
   </div>
   <div class='ocr_carea' id='block_1_101' title="bbox 1088 2151 1880 2188">
    <p class='ocr_par' dir='ltr' id='par_1_101' title="bbox 1088 2151 1880 2188">
     <span class='ocr_line' id='line_1_101' title="bbox 1088 2151 1880 2188; baseline 0.004 -11"><span class='ocrx_word' id='word_1_775' title='bbox 1088 2151 1153 2183; x_wconf 61' lang='lat' dir='ltr'><strong>Qum</strong></span> <span class='ocrx_word' id='word_1_776' title='bbox 1168 2151 1238 2178; x_wconf 86' lang='lat' dir='ltr'><strong>enim</strong></span> <span class='ocrx_word' id='word_1_777' title='bbox 1261 2159 1294 2179; x_wconf 92' lang='lat' dir='ltr'><strong>ne</strong></span> <span class='ocrx_word' id='word_1_778' title='bbox 1308 2160 1356 2187; x_wconf 91' lang='lat' dir='ltr'><strong>per</strong></span> <span class='ocrx_word' id='word_1_779' title='bbox 1370 2153 1501 2179; x_wconf 89' lang='lat' dir='ltr'><strong>somnium</strong></span> <span class='ocrx_word' id='word_1_780' title='bbox 1517 2153 1623 2187; x_wconf 87' lang='lat' dir='ltr'><strong>quidem</strong></span> <span class='ocrx_word' id='word_1_781' title='bbox 1644 2154 1728 2180; x_wconf 75' lang='lat' dir='ltr'><strong>exteri</strong></span> <span class='ocrx_word' id='word_1_782' title='bbox 1743 2154 1880 2188; x_wconf 79' lang='lat' dir='ltr'><strong>imaginari</strong></span> 
     </span>
    </p>
   </div>
   <div class='ocr_carea' id='block_1_102' title="bbox 1089 2198 1880 2233">
    <p class='ocr_par' dir='ltr' id='par_1_102' title="bbox 1089 2198 1880 2233">
     <span class='ocr_line' id='line_1_102' title="bbox 1089 2198 1880 2233; baseline 0.005 -11"><span class='ocrx_word' id='word_1_783' title='bbox 1089 2202 1240 2231; x_wconf 79' lang='lat' dir='ltr'><strong>potuerant,</strong></span> <span class='ocrx_word' id='word_1_784' title='bbox 1257 2198 1313 2224; x_wconf 81' lang='lat' dir='ltr'><strong>lia-c</strong></span> <span class='ocrx_word' id='word_1_785' title='bbox 1327 2206 1386 2225; x_wconf 78' lang='lat' dir='ltr'><strong>cum</strong></span> <span class='ocrx_word' id='word_1_786' title='bbox 1401 2198 1558 2225; x_wconf 83' lang='lat' dir='ltr'><strong>auctoritate</strong></span> <span class='ocrx_word' id='word_1_787' title='bbox 1575 2207 1667 2233; x_wconf 76' lang='lat' dir='ltr'><strong>niagua</strong></span> <span class='ocrx_word' id='word_1_788' title='bbox 1683 2199 1708 2225; x_wconf 93' lang='lat' dir='ltr'><strong>bi</strong></span> <span class='ocrx_word' id='word_1_789' title='bbox 1724 2200 1880 2226; x_wconf 86' lang='lat' dir='ltr'><strong>annuntiaut</strong></span> 
     </span>
    </p>
   </div>
   <div class='ocr_carea' id='block_1_103' title="bbox 1087 2243 1880 2280">
    <p class='ocr_par' dir='ltr' id='par_1_103' title="bbox 1087 2243 1880 2280">
     <span class='ocr_line' id='line_1_103' title="bbox 1087 2243 1880 2280; baseline 0.004 -10"><span class='ocrx_word' id='word_1_790' title='bbox 1087 2247 1116 2270; x_wconf 87' lang='lat' dir='ltr'><strong>ct</strong></span> <span class='ocrx_word' id='word_1_791' title='bbox 1139 2243 1262 2277; x_wconf 86' lang='lat' dir='ltr'><strong>suadent,</strong></span> <span class='ocrx_word' id='word_1_792' title='bbox 1286 2244 1366 2278; x_wconf 84' lang='lat' dir='ltr'><strong>idque</strong></span> <span class='ocrx_word' id='word_1_793' title='bbox 1389 2252 1441 2272; x_wconf 93' lang='lat' dir='ltr'><strong>non</strong></span> <span class='ocrx_word' id='word_1_794' title='bbox 1460 2245 1539 2272; x_wconf 88' lang='lat' dir='ltr'><strong>modo</strong></span> <span class='ocrx_word' id='word_1_795' title='bbox 1553 2245 1579 2271; x_wconf 92' lang='lat' dir='ltr'><strong>in</strong></span> <span class='ocrx_word' id='word_1_796' title='bbox 1599 2245 1666 2271; x_wconf 85' lang='lat' dir='ltr'><strong>vivis</strong></span> <span class='ocrx_word' id='word_1_797' title='bbox 1689 2251 1808 2280; x_wconf 82' lang='lat' dir='ltr'><strong>agentes,</strong></span> <span class='ocrx_word' id='word_1_798' title='bbox 1835 2246 1880 2273; x_wconf 87' lang='lat' dir='ltr'><strong>sed</strong></span> 
     </span>
    </p>
   </div>
   <div class='ocr_carea' id='block_1_104' title="bbox 1088 2288 1878 2325">
    <p class='ocr_par' dir='ltr' id='par_1_104' title="bbox 1088 2288 1878 2325">
     <span class='ocr_line' id='line_1_104' title="bbox 1088 2288 1878 2325; baseline 0.004 -10"><span class='ocrx_word' id='word_1_799' title='bbox 1088 2289 1168 2315; x_wconf 84' lang='lat' dir='ltr'><strong>etiam</strong></span> <span class='ocrx_word' id='word_1_800' title='bbox 1193 2288 1309 2316; x_wconf 85' lang='lat' dir='ltr'><strong>defuncti</strong></span> <span class='ocrx_word' id='word_1_801' title='bbox 1327 2298 1333 2316; x_wconf 91' lang='lat'><strong><em>:</em></strong></span> <span class='ocrx_word' id='word_1_802' title='bbox 1348 2297 1400 2316; x_wconf 92' lang='lat' dir='ltr'><strong>non</strong></span> <span class='ocrx_word' id='word_1_803' title='bbox 1415 2289 1517 2317; x_wconf 85' lang='lat' dir='ltr'><strong>duobus</strong></span> <span class='ocrx_word' id='word_1_804' title='bbox 1537 2290 1577 2317; x_wconf 89' lang='lat' dir='ltr'><strong>vel</strong></span> <span class='ocrx_word' id='word_1_805' title='bbox 1599 2291 1691 2325; x_wconf 80' lang='lat' dir='ltr'><strong>viginti</strong></span> <span class='ocrx_word' id='word_1_806' title='bbox 1716 2291 1878 2324; x_wconf 87' lang='lat' dir='ltr'><strong>hominibus,</strong></span> 
     </span>
    </p>
   </div>
   <div class='ocr_carea' id='block_1_105' title="bbox 1087 2336 1880 2369">
    <p class='ocr_par' dir='ltr' id='par_1_105' title="bbox 1087 2336 1880 2369">
     <span class='ocr_line' id='line_1_105' title="bbox 1087 2336 1880 2369; baseline 0.005 -9"><span class='ocrx_word' id='word_1_807' title='bbox 1087 2342 1142 2361; x_wconf 92' lang='lat' dir='ltr'><strong>non</strong></span> <span class='ocrx_word' id='word_1_808' title='bbox 1166 2336 1286 2362; x_wconf 88' lang='lat' dir='ltr'><strong>centenis</strong></span> <span class='ocrx_word' id='word_1_809' title='bbox 1302 2336 1342 2363; x_wconf 88' lang='lat' dir='ltr'><strong>vel</strong></span> <span class='ocrx_word' id='word_1_810' title='bbox 1371 2336 1501 2369; x_wconf 90' lang='lat' dir='ltr'><strong>millenis,</strong></span> <span class='ocrx_word' id='word_1_811' title='bbox 1517 2336 1558 2362; x_wconf 88' lang='lat' dir='ltr'><strong>vel</strong></span> <span class='ocrx_word' id='word_1_812' title='bbox 1577 2336 1666 2364; x_wconf 80' lang='lat' dir='ltr'><strong>decies</strong></span> <span class='ocrx_word' id='word_1_813' title='bbox 1689 2337 1818 2369; x_wconf 86' lang='lat' dir='ltr'><strong>millenis;</strong></span> <span class='ocrx_word' id='word_1_814' title='bbox 1834 2337 1880 2364; x_wconf 81' lang='lat' dir='ltr'><strong>scd</strong></span> 
     </span>
    </p>
   </div>
   <div class='ocr_carea' id='block_1_106' title="bbox 1087 2379 1878 2416">
    <p class='ocr_par' dir='ltr' id='par_1_106' title="bbox 1087 2379 1878 2416">
     <span class='ocr_line' id='line_1_106' title="bbox 1087 2379 1878 2416; baseline 0.003 -10"><span class='ocrx_word' id='word_1_815' title='bbox 1087 2379 1207 2413; x_wconf 88' lang='lat' dir='ltr'><strong>urbibus,</strong></span> <span class='ocrx_word' id='word_1_816' title='bbox 1231 2381 1365 2416; x_wconf 82' lang='lat' dir='ltr'><strong>gentibus,</strong></span> <span class='ocrx_word' id='word_1_817' title='bbox 1387 2381 1508 2416; x_wconf 88' lang='lat' dir='ltr'><strong>populis,</strong></span> <span class='ocrx_word' id='word_1_818' title='bbox 1536 2385 1623 2412; x_wconf 62' lang='lat' dir='ltr'><strong>terras,</strong></span> <span class='ocrx_word' id='word_1_819' title='bbox 1653 2381 1730 2414; x_wconf 85' lang='lat' dir='ltr'><strong>mari,</strong></span> <span class='ocrx_word' id='word_1_820' title='bbox 1756 2382 1878 2414; x_wconf 73' lang='lat' dir='ltr'><strong>Grmcim,</strong></span> 
     </span>
    </p>
   </div>
   <div class='ocr_carea' id='block_1_107' title="bbox 1088 2425 1880 2462">
    <p class='ocr_par' dir='ltr' id='par_1_107' title="bbox 1088 2425 1880 2462">
     <span class='ocr_line' id='line_1_107' title="bbox 1088 2425 1880 2462; baseline 0.004 -10"><span class='ocrx_word' id='word_1_821' title='bbox 1088 2425 1265 2453; x_wconf 87' lang='lat' dir='ltr'><strong>barbarorqu</strong></span> <span class='ocrx_word' id='word_1_822' title='bbox 1285 2427 1449 2461; x_wconf 81' lang='lat' dir='ltr'><strong>regionibus,</strong></span> <span class='ocrx_word' id='word_1_823' title='bbox 1465 2427 1522 2454; x_wconf 90' lang='lat' dir='ltr'><strong>orbi</strong></span> <span class='ocrx_word' id='word_1_824' title='bbox 1543 2433 1570 2454; x_wconf 90' lang='lat' dir='ltr'><strong>et</strong></span> <span class='ocrx_word' id='word_1_825' title='bbox 1582 2427 1712 2459; x_wconf 88' lang='lat' dir='ltr'><strong>desertis;</strong></span> <span class='ocrx_word' id='word_1_826' title='bbox 1729 2427 1809 2462; x_wconf 88' lang='lat' dir='ltr'><strong>idque</strong></span> <span class='ocrx_word' id='word_1_827' title='bbox 1819 2436 1880 2455; x_wconf 88' lang='lat' dir='ltr'><strong>cum</strong></span> 
     </span>
    </p>
   </div>
   <div class='ocr_carea' id='block_1_108' title="bbox 1087 2472 1879 2507">
    <p class='ocr_par' dir='ltr' id='par_1_108' title="bbox 1087 2472 1879 2507">
     <span class='ocr_line' id='line_1_108' title="bbox 1087 2472 1879 2507; baseline 0.005 -8"><span class='ocrx_word' id='word_1_828' title='bbox 1087 2472 1121 2500; x_wconf 89' lang='lat' dir='ltr'><strong>de</strong></span> <span class='ocrx_word' id='word_1_829' title='bbox 1134 2473 1241 2507; x_wconf 90' lang='lat' dir='ltr'><strong>scriptis</strong></span> <span class='ocrx_word' id='word_1_830' title='bbox 1254 2478 1377 2507; x_wconf 77' lang='lat' dir='ltr'><strong>ageretur</strong></span> <span class='ocrx_word' id='word_1_831' title='bbox 1388 2478 1508 2501; x_wconf 87' lang='lat' dir='ltr'><strong>naturam</strong></span> <span class='ocrx_word' id='word_1_832' title='bbox 1519 2478 1636 2501; x_wconf 85' lang='lat' dir='ltr'><strong>nostram</strong></span> <span class='ocrx_word' id='word_1_833' title='bbox 1648 2474 1789 2502; x_wconf 89' lang='lat' dir='ltr'><strong>admodum</strong></span> <span class='ocrx_word' id='word_1_834' title='bbox 1801 2482 1879 2503; x_wconf 83' lang='lat' dir='ltr'><strong>exsu-</strong></span> 
     </span>
    </p>
   </div>
   <div class='ocr_carea' id='block_1_109' title="bbox 1088 2518 1879 2553">
    <p class='ocr_par' dir='ltr' id='par_1_109' title="bbox 1088 2518 1879 2553">
     <span class='ocr_line' id='line_1_109' title="bbox 1088 2518 1879 2553; baseline 0.004 -8"><span class='ocrx_word' id='word_1_835' title='bbox 1088 2518 1252 2553; x_wconf 83' lang='lat' dir='ltr'><strong>perantibus.</strong></span> <span class='ocrx_word' id='word_1_836' title='bbox 1270 2519 1337 2546; x_wconf 90' lang='lat' dir='ltr'><strong>Nam</strong></span> <span class='ocrx_word' id='word_1_837' title='bbox 1361 2520 1441 2547; x_wconf 88' lang='lat' dir='ltr'><strong>missa</strong></span> <span class='ocrx_word' id='word_1_838' title='bbox 1467 2525 1549 2553; x_wconf 83' lang='lat' dir='ltr'><strong>terra,</strong></span> <span class='ocrx_word' id='word_1_839' title='bbox 1569 2520 1603 2548; x_wconf 90' lang='lat' dir='ltr'><strong>de</strong></span> <span class='ocrx_word' id='word_1_840' title='bbox 1617 2521 1769 2548; x_wconf 75' lang='lat' dir='ltr'><strong>etelestibns</strong></span> <span class='ocrx_word' id='word_1_841' title='bbox 1792 2521 1879 2548; x_wconf 90' lang='lat' dir='ltr'><strong>omnia</strong></span> 
     </span>
    </p>
   </div>
   <div class='ocr_carea' id='block_1_110' title="bbox 1086 2564 1879 2596">
    <p class='ocr_par' dir='ltr' id='par_1_110' title="bbox 1086 2564 1879 2596">
     <span class='ocr_line' id='line_1_110' title="bbox 1086 2564 1879 2596; baseline 0.005 -5"><span class='ocrx_word' id='word_1_842' title='bbox 1086 2564 1236 2592; x_wconf 85' lang='lat' dir='ltr'><strong>cdisserunt</strong></span> <span class='ocrx_word' id='word_1_843' title='bbox 1251 2573 1257 2591; x_wconf 92' lang='lat'>:</span> <span class='ocrx_word' id='word_1_844' title='bbox 1274 2565 1354 2592; x_wconf 88' lang='lat' dir='ltr'><strong>aliam</strong></span> <span class='ocrx_word' id='word_1_845' title='bbox 1377 2566 1454 2593; x_wconf 90' lang='lat' dir='ltr'><strong>nobis</strong></span> <span class='ocrx_word' id='word_1_846' title='bbox 1469 2566 1626 2594; x_wconf 85' lang='lat' dir='ltr'><strong>inducentes</strong></span> <span class='ocrx_word' id='word_1_847' title='bbox 1643 2568 1722 2594; x_wconf 88' lang='lat' dir='ltr'><strong>vitam</strong></span> <span class='ocrx_word' id='word_1_848' title='bbox 1736 2572 1763 2595; x_wconf 89' lang='lat' dir='ltr'><strong>et</strong></span> <span class='ocrx_word' id='word_1_849' title='bbox 1775 2569 1879 2596; x_wconf 88' lang='lat' dir='ltr'><strong>vivendi</strong></span> 
     </span>
    </p>
   </div>
   <div class='ocr_carea' id='block_1_111' title="bbox 1087 2610 1878 2647">
    <p class='ocr_par' dir='ltr' id='par_1_111' title="bbox 1087 2610 1878 2647">
     <span class='ocr_line' id='line_1_111' title="bbox 1087 2610 1878 2647; baseline 0.009 -12"><span class='ocrx_word' id='word_1_850' title='bbox 1087 2610 1228 2642; x_wconf 85' lang='lat' dir='ltr'><strong>rationem,</strong></span> <span class='ocrx_word' id='word_1_851' title='bbox 1243 2611 1309 2637; x_wconf 88' lang='lat' dir='ltr'><strong>alias</strong></span> <span class='ocrx_word' id='word_1_852' title='bbox 1319 2611 1435 2643; x_wconf 85' lang='lat' dir='ltr'><strong>divitias,</strong></span> <span class='ocrx_word' id='word_1_853' title='bbox 1449 2611 1526 2639; x_wconf 90' lang='lat' dir='ltr'><strong>aliam</strong></span> <span class='ocrx_word' id='word_1_854' title='bbox 1543 2618 1725 2647; x_wconf 87' lang='lat' dir='ltr'><strong>paupertatem</strong></span> <span class='ocrx_word' id='word_1_855' title='bbox 1740 2635 1748 2646; x_wconf 85' lang='lat'><strong>,</strong></span> <span class='ocrx_word' id='word_1_856' title='bbox 1766 2614 1878 2642; x_wconf 86' lang='lat' dir='ltr'><strong>liberta-</strong></span> 
     </span>
    </p>
   </div>
   <div class='ocr_carea' id='block_1_112' title="bbox 1088 2656 1878 2693">
    <p class='ocr_par' dir='ltr' id='par_1_112' title="bbox 1088 2656 1878 2693">
     <span class='ocr_line' id='line_1_112' title="bbox 1088 2656 1878 2693; baseline 0.008 -12"><span class='ocrx_word' id='word_1_857' title='bbox 1088 2660 1151 2687; x_wconf 74' lang='lat' dir='ltr'><strong>teut,</strong></span> <span class='ocrx_word' id='word_1_858' title='bbox 1168 2656 1335 2688; x_wconf 85' lang='lat' dir='ltr'><strong>servitutem,</strong></span> <span class='ocrx_word' id='word_1_859' title='bbox 1351 2658 1428 2684; x_wconf 83' lang='lat' dir='ltr'><strong>aliam</strong></span> <span class='ocrx_word' id='word_1_860' title='bbox 1444 2657 1525 2685; x_wconf 89' lang='lat' dir='ltr'><strong>vitam</strong></span> <span class='ocrx_word' id='word_1_861' title='bbox 1540 2662 1619 2693; x_wconf 86' lang='lat' dir='ltr'><strong>atque</strong></span> <span class='ocrx_word' id='word_1_862' title='bbox 1642 2664 1755 2687; x_wconf 85' lang='lat' dir='ltr'><strong>mortem</strong></span> <span class='ocrx_word' id='word_1_863' title='bbox 1767 2680 1776 2691; x_wconf 82' lang='lat'><strong>.</strong></span> <span class='ocrx_word' id='word_1_864' title='bbox 1800 2660 1878 2687; x_wconf 88' lang='lat' dir='ltr'><strong>alium</strong></span> 
     </span>
    </p>
   </div>
   <div class='ocr_carea' id='block_1_113' title="bbox 1103 2804 1869 2841">
    <p class='ocr_par' dir='ltr' id='par_1_113' title="bbox 1103 2804 1869 2841">
     <span class='ocr_line' id='line_1_113' title="bbox 1103 2804 1869 2841; baseline 0.012 -13"><span class='ocrx_word' id='word_1_865' title='bbox 1103 2805 1160 2841; x_wconf 81' lang='lat' dir='ltr'><strong>__(a)</strong></span> <span class='ocrx_word' id='word_1_866' title='bbox 1176 2804 1351 2841; x_wconf 67' lang='lat' dir='ltr'><strong>Argumentum</strong></span> <span class='ocrx_word' id='word_1_867' title='bbox 1363 2807 1401 2832; x_wconf 87' lang='lat' dir='ltr'><strong>tne</strong></span> <span class='ocrx_word' id='word_1_868' title='bbox 1413 2807 1538 2833; x_wconf 78' lang='lat' dir='ltr'><strong>evolutum</strong></span> <span class='ocrx_word' id='word_1_869' title='bbox 1555 2808 1638 2833; x_wconf 82' lang='lat' dir='ltr'><strong>multis</strong></span> <span class='ocrx_word' id='word_1_870' title='bbox 1650 2810 1745 2835; x_wconf 84' lang='lat' dir='ltr'><strong>videtur</strong></span> <span class='ocrx_word' id='word_1_871' title='bbox 1756 2811 1869 2837; x_wconf 83' lang='lat' dir='ltr'><strong>dilliculta</strong></span> 
     </span>
    </p>
   </div>
   <div class='ocr_carea' id='block_1_114' title="bbox 1091 2836 1307 2861">
    <p class='ocr_par' dir='ltr' id='par_1_114' title="bbox 1091 2836 1307 2861">
     <span class='ocr_line' id='line_1_114' title="bbox 1091 2836 1307 2861; baseline 0.005 -1"><span class='ocrx_word' id='word_1_872' title='bbox 1091 2836 1156 2861; x_wconf 82' lang='lat' dir='ltr'><strong>tibus</strong></span> <span class='ocrx_word' id='word_1_873' title='bbox 1167 2837 1307 2861; x_wconf 55' lang='lat' dir='ltr'><strong>obnoxium.</strong></span> 
     </span>
    </p>
   </div>
  </div>
