2056 3130
181 138 209 165 ΓΙ
763 141 797 169 IN
816 141 959 172 MATTHA

1014 145 1026 173 ί
1062 146 1179 175 HOMIL.
1201 147 1220 175 Ι.
1772 145 1806 178 18

180 195 262 231 μέλλει
279 194 397 230 κρίνειν,
419 194 462 224 ὅτι
482 198 562 224 ἔδωκε
581 197 760 233 σωτηριώδεις
783 199 904 230 ἐντολὰς,
919 199 960 233 ὅτι

178 242 220 268 οὐκ
240 240 362 268 ἐναντίον
377 244 413 278 τῇ
432 243 537 279 Παλαιᾷ
550 244 632 279 νόμον
652 244 819 280 εἰσήνεγκεν,
832 245 873 271 ὃτι
886 243 960 276 Υἱὸς,

175 289 211 314 ὃτι
222 286 392 322 Μονογενὴς,
407 289 451 315 ὃτι
467 290 584 324 γνήσιος,
596 290 637 316 ὃτι
653 289 702 324 τῆς
719 289 804 324 αὐτῆς
815 289 908 321 οὐσίας
923 289 962 324 τῷ

176 334 266 368 Πατρὶ,
281 333 330 359 καὶ
344 334 400 360 ὅσα
414 333 540 361 τοιαῦτα’
553 335 616 370 mp!
632 334 687 370 γὰρ
698 334 784 361 ταῦτα
801 334 900 370 πολλὴν
917 335 962 361 εὐ-

175 381 292 416 ρήσομευ
302 376 393 406 οὖσαν
407 381 498 412 αὐτοῖς
518 381 685 415 συμφωνίαν.
696 380 727 406 Εἰ
740 379 769 407 δέ
783 380 812 406 ἐν
827 381 882 412 τοῖς
900 380 963 407 θαύ-

174 434 235 461 μασι
255 425 292 460 μὴ
308 425 418 459 πάντες
433 427 522 453 πάντα
533 425 620 459 εἷπον,
634 426 691 453 ἀλλ’
705 427 718 452 ὁ
734 426 782 461 μὲν
797 426 893 459 ταῦτα,
908 428 922 453 6
933 426 962 453 δὲ

171 472 269 501 ἐκεῖνα,
284 471 369 498 τοῦτό
394 481 424 499 σε
441 473 478 508 μὴ
493 472 656 508 θορυϐείτω“
675 472 729 498 εἴτε
745 472 799 508 γὰρ
813 469 853 504 εἷς
872 473 962 499 πάντα

170 515 235 548 εἶπε,
253 517 392 552 περισσὸς
405 516 438 553 ἦν
453 519 468 544 ὁ
484 517 539 544 τῶν
553 517 654 544 λοιπῶν
668 517 799 553 ἀριθμός·
819 518 873 544 είτε
894 518 962 544 πάν-

169 571 212 594 τες
224 561 421 597 ἐξηλλαγμένα
436 563 483 590 καὶ
495 562 575 589 καινά
597 562 666 598 πρὸς
681 562 812 598 ἀλλήλους
825 562 959 598 ἔγραψαν,

168 608 215 634 οὒκ
228 607 262 634 ἂν
277 607 373 643 ἐφάνη
391 608 442 643 τῆς
459 607 616 643 συμφωνίας
630 608 648 643 ἡ
663 608 808 640 ἀπόδειξις.
822 609 871 634 Διὰ
883 607 962 634 τοῦτο

169 653 212 679 καὶ
235 653 314 687 κοινῇ
346 653 436 680 πολλὰ
461 652 646 688 διελέχθησαν,
667 653 714 679 καὶ
732 652 847 683 ἕκαστος
871 652 961 679 αὐτῶν

167 699 229 725 ῐδιόν
249 706 277 724 τι
307 698 404 724 λαϐὼν
434 696 521 731 εἶπεν,
541 698 584 724 ἵνα
609 698 678 734 μήτε
699 698 720 713 ³⁷
742 698 870 734 περισσὸς
892 695 961 725 εἶναι

167 744 226 779 δόξῃ
250 745 299 770 καὶ
321 744 526 780 προσερρῖφθαι
550 744 660 776 ἁπλῶς,
687 745 734 771 καὶ
758 745 807 779 τῆς
833 744 961 779 ἀληθείας

167 790 217 816 τῶν
240 790 404 826 λεγομένων
432 790 533 826 ἀκριϐῆ
566 791 740 827 παράσχηται
766 791 816 826 τὴν
845 790 960 825 βάσανον

168 837 230 871 ἡμῖν

199 886 234 917 γ.
243 882 273 909 ’0
287 882 342 917 μὲν
355 880 403 909 οὖν
412 883 521 914 Λουκᾶς
533 883 581 909 καὶ
591 882 639 918 τὴν
647 882 737 909 αἰτίαν
747 882 823 917 φησὶ,
831 881 866 909 δι’
873 881 906 917 ἢν
915 881 961 908 ἐπὶ

167 928 195 954 τὸ
208 928 332 962 γράφειν
350 927 461 964 ἔρχεται
471 935 479 942 ·
495 927 563 955 Ἵνα
576 928 650 962 ἔχῃς
666 929 730 963 γὰρ,
745 927 822 963 φησὶ,
836 927 900 961 περὶ
917 924 961 954 ὦν

168 974 346 1009 κατηχήθης
355 975 455 1009 λόγων
471 974 529 1008 τὴν
541 974 712 1009 ἀσφάλειαν
721 982 728 988 ·
744 973 891 1005 τουτέστιν,
902 973 961 1000 Ἵνα

167 1021 287 1055 συνεχῶς
305 1020 584 1056 ὑπομιμνησκόμενος
602 1020 651 1056 τὴν
665 1019 812 1053 ἀσφάλειαν
825 1019 899 1055 ἔχῃς,
915 1020 962 1046 καὶ

167 1068 195 1094 ἐν
205 1067 349 1102 ἀσφαλείᾳ
360 1067 454 1104 μένῃς.
470 1067 498 1094 '0
508 1066 537 1093 δὲ
550 1066 675 1101 Ἰωάννης
696 1065 776 1097 αὐτὸς
789 1066 837 1100 μὲν
850 1065 961 1101 ἐσίγησε

168 1113 214 1149 τὴν
239 1112 352 1140 αἰτίαν·
369 1113 407 1146 ὡς
430 1113 486 1149 γὰρ
503 1113 581 1147 λόγος
604 1112 686 1147 φησὶν
700 1112 721 1128 ¹⁸
735 1112 835 1139 ἄνωθεν
858 1112 903 1138 καὶ
928 1112 961 1139 ἐκ

168 1160 305 1196 πατέρων
319 1162 360 1193 εἰς
384 1162 458 1196 ἡμᾶς
475 1159 606 1192 καταϐὰς,
627 1159 688 1186 οὐδὲ
704 1159 784 1191 αὐτὸς
800 1159 894 1190 άπλῶς
915 1159 961 1186 ἐπὶ

169 1207 198 1233 τὸ
212 1207 336 1242 γράφειν
349 1206 445 1243 ἦλθεν·
462 1207 519 1234 ἀλλ’
531 1206 625 1242 ἐπειδὴ
644 1207 700 1238 τοῖς
718 1207 808 1242 τρισὶν
825 1207 842 1242 ἡ
860 1206 961 1241 σπουδὴ

170 1252 264 1285 γέγονε
278 1253 321 1288 τῷ
341 1254 391 1289 τῆς
405 1252 559 1288 οἰκονομίας
578 1252 745 1288 ἐνδιατρῖψαι
759 1251 841 1287 λόγῳ,
859 1252 907 1278 καὶ
921 1251 959 1288 [7]

170 1297 202 1323 τὰ
216 1297 269 1332 τῆς
283 1297 412 1333 θεότητος
428 1297 595 1325 ἐκινδύνευεν
608 1298 817 1324 άποσιωπᾶσθαι
829 1298 960 1333 δόγματα,

171 1343 215 1369 τοῦ
238 1344 361 1379 Χριστοῦ
379 1346 540 1380 κινήσαντος
562 1344 641 1371 αὑτὸν
662 1344 765 1375 λοιπὸν,
780 1343 865 1375 οὕτως
880 1341 961 1379 ἦλθεν

171 1389 217 1415 ἐπὶ
241 1390 292 1425 τὴν
310 1390 490 1426 εὐαγγελικὴν
511 1390 683 1426 συγγραφήν.
704 1390 759 1416 Καὶ
781 1389 859 1416 τοῦτο
882 1389 961 1424 δῆλον

172 1434 219 1460 καὶ
237 1434 269 1467 ἐξ
285 1436 373 1470 αὐτῆς
387 1437 436 1472 τῆς
451 1436 580 1472 ἰστορίας,
599 1436 646 1462 καὶ
660 1435 715 1461 τῶν
730 1434 776 1461 τοῦ
796 1434 959 1468 Εὐαγγελίου

173 1480 336 1515 προοιμίων.
360 1481 428 1508 Οὐδέ
443 1480 497 1517 γὰρ
517 1481 617 1517 ὁμοίως
643 1481 700 1511 τοῖς
719 1479 822 1510 λοιποῖς
839 1478 960 1506 κάτωθεν

175 1524 301 1559 ἄρχεται,
316 1526 373 1552 ἀλλ’
387 1526 500 1556 ἄνωθεν.
520 1526 587 1562 πρὸς
602 1527 670 1561 ὅπερ
692 1524 831 1560 ἠπείγετο,
849 1524 898 1551 καὶ
917 1525 962 1552 διὰ

171 1568 251 1594 τοῦτο
266 1570 297 1594 τὸ
311 1568 366 1594 πᾶν
389 1567 491 1602 βιϐλίον
506 1568 663 1604 συνέθηκεν.
678 1569 735 1596 Οὐκ
754 1569 783 1596 ἐν
797 1571 853 1602 τοῖς
869 1579 958 1606 προοι-

175 1613 246 1647 μίοις
262 1613 291 1639 δὲ
311 1614 400 1649 μόνον,
424 1613 493 1640 ἀλλὰ
510 1615 557 1641 καὶ
575 1615 619 1642 διὰ
644 1615 745 1647 παντὸς
766 1616 814 1643 τοῦ
837 1617 960 1652 Εὐαγγέ-

172 1658 229 1684 λίου
245 1659 301 1685 τῶν
323 1659 412 1687 ἄλλων
434 1661 508 1686 ἐστὶν
530 1660 704 1696 ὑψηλότερος.
725 1661 839 1695 Λέγεται
861 1663 890 1689 δέ
913 1663 960 1690 καὶ

173 1704 323 1736 Ματθαῖος,
338 1705 395 1732 τῶν
416 1705 448 1738 ἐξ
463 1705 597 1732 Ἰουδαίων
620 1707 821 1734 πιστευσάντων
846 1708 959 1743 προσελ-

173 1750 274 1777 θόντων
290 1751 366 1786 αὑτῷ
389 1751 438 1778 καὶ
461 1751 721 1787 παρακαλεσάντων,
742 1752 814 1789 άπερ
835 1752 895 1780 εἷπε
915 1753 960 1781 διὰ

174 1797 316 1832 ῥημάτων,
339 1798 427 1825 ταῦτα
459 1798 567 1833 ἀφεῖναι
591 1798 634 1825 διὰ
663 1799 835 1835 γραμμάτων
857 1800 958 1834 αὐτοῖς,

175 1845 221 1869 καὶ
238 1844 271 1879 τῇ
299 1843 355 1870 τῶν
373 1844 507 1879 Ἑϐραίων
532 1846 606 1880 φωνῇ
625 1845 759 1873 συνθεῖναι
780 1846 812 1873 τὸ
835 1847 959 1881 Εὐαγγέ-

173 1888 244 1915 λιον·
273 1890 323 1916 καὶ
341 1890 454 1925 Μάρκος
478 1890 506 1917 δὲ
532 1891 561 1917 ἐν
583 1891 722 1927 Αἰγύπτῳ,
748 1892 803 1918 τῶν
829 1893 958 1928 μαθητῶν

173 1935 432 1969 παρακαλεσάντων,
462 1935 527 1962 αὐτὸ
549 1937 570 1952 ¹⁹
595 1937 673 1963 τοῦτο
700 1938 822 1972 ποιῆσαι,
853 1939 903 1966 Διὰ
927 1939 959 1975 δὴ

172 1981 250 2007 τοῦτο
273 1982 289 2008 ὁ
315 1981 366 2017 μὲν
382 1981 531 2014 Ματθαῖος,
547 1982 594 2010 ἇτε
611 1983 747 2018 Ἑϐραίοις
767 1985 890 2020 γράφων,
914 1986 959 2012 οὐ-

172 2026 215 2052 δὲν
228 2027 311 2053 πλέον
336 2026 452 2062 ἐζήτησε
474 2027 576 2060 δεῖξαι,
597 2028 612 2063 ἦ
634 2029 673 2055 ὄτι
695 2029 748 2055 άπὸ
766 2030 890 2066 Ἀϐραάμ
911 2032 958 2058 καί¹

173 2072 254 2098 Δαυῖδ
276 2070 319 2108 ἦν.
340 2073 370 2099 '0
383 2073 412 2099 δέ
427 2074 542 2104 Λουκᾶς,
559 2074 606 2100 ἆτε
621 2075 696 2110 κοινῇ
714 2076 781 2102 πᾶσι
800 2076 955 2112 διαλεγόμε-

173 2127 226 2149 νος,
243 2119 290 2144 καὶ
305 2119 433 2155 ἀνωτέρω
444 2119 489 2146 τὸν
503 2119 580 2153 λόγον
591 2120 696 2155 ἀνάγει,
715 2122 794 2157 μέχρι
808 2122 855 2149 τοῦ
873 2123 958 2159 ’Λδάμ

175 2164 284 2197 προῖὼν.
299 2164 353 2190 Καὶ
364 2165 378 2191 6
395 2165 443 2200 μὲν
458 2165 511 2191 ἀπὸ
526 2166 575 2201 τῆς
588 2166 721 2199 γενέσεως
737 2168 862 2203 ἄρχεται·
880 2169 956 2196 οὐδὲν

174 2209 226 2244 γὰρ
237 2209 326 2241 οὕτως
344 2210 462 2237 ἀνέπαυε
482 2211 528 2238 τὸν
548 2212 682 2246 Ἰουδαῖον,
701 2213 739 2244 ὡς
751 2213 782 2240 τὸ
801 2214 895 2249 μαθεῖν
909 2216 959 2242 αὑ-

173 2254 228 2286 τὸν,
249 2256 291 2282 ὅτι
314 2255 362 2282 τοῦ
387 2255 512 2292 Ἁϐραάμ
528 2256 576 2283 καὶ¹
596 2251 643 2284 τοῦ
664 2257 745 2284 Δαυῖδ
761 2258 871 2293 ἔγγονος
889 2258 922 2296 ἦν
943 2260 956 2286 6

173 2301 288 2336 Χριστός
298 2309 304 2315 ·
319 2301 334 2327 6
347 2301 377 2327 δὲ
390 2302 439 2338 οὐχ
458 2301 554 2335 οὕτως,
575 2302 633 2329 ἀλλ’
643 2303 746 2339 ἐτέρων
763 2304 893 2332 πλειόνων
912 2306 957 2341 μέ-

175 2354 271 2380 μνηται
293 2346 474 2382 πραγμάτων,
496 2346 545 2373 καὶ
567 2347 628 2374 τότε
648 2348 695 2375 ἐπὶ
717 2348 766 2385 τὴν
782 2350 956 2386 γενεαλογίαν

173 2391 291 2427 πρόεισι.
307 2391 363 2427 Τὴν
377 2392 407 2418 δὲ
423 2392 583 2428 συμφωνίαν
605 2393 694 2421 αὐτῶν
719 2395 767 2421 καὶ
782 2396 836 2423 ἀπὸ
851 2396 901 2432 τῆς
919 2398 957 2424 οἰ-

172 2439 307 2475 κουμένης
321 2441 532 2476 παραστῆσομεν
542 2441 591 2477 τῆς
602 2441 750 2478 δεξαμένης
764 2442 798 2470 τὰ
812 2444 954 2479 εἰρημένα,

172 2485 218 2511 καὶ
230 2485 278 2511 ἀπ’
297 2484 388 2512 αὐτῶν
405 2485 460 2512 τῶν
480 2485 529 2521 τῆς
545 2486 673 2521 ἀληθείας
689 2487 803 2523 ἐχθρῶν.
826 2489 881 2516 Καὶ
903 2491 957 2525 γὰρ

173 2531 267 2558 πολλαὶ
297 2531 357 2566 μετ’
381 2531 501 2563 ἐκείνους
519 2532 640 2568 αἱρέσεις
665 2533 823 2569 ἐτέχθησαν,
849 2536 956 2563 ἐναντία

172 2576 329 2609 δοξάζουσαι
345 2577 402 2609 τοῖς
420 2576 588 2613 εἰρημένοις
607 2578 655 2605 καὶ
673 2579 701 2609 αἰ
721 2579 771 2614 μὲν
785 2581 872 2607 πάντα
892 2590 957 2608 κατ-

173 2622 296 2656 εδέξαντο
317 2623 352 2650 τὰ
373 2622 516 2658 λεχθέντα,
539 2623 568 2650 αἰ
590 2623 619 2650 δὲ
636 2624 706 2660 μέρη
729 2625 785 2652 τῶν
806 2626 957 2662 εἰρημένων

173 2668 343 2703 ἀποκόψασαι
357 2668 412 2695 τῶν
427 2668 536 2701 λοιπῶν,
549 2668 620 2696 οὕτω
634 2671 698 2705 παρ’
711 2670 821 2703 ἑαυταῖς
834 2671 954 2708 ἔχουσιν.

174 2714 203 2740 Εἰ
213 2714 242 2740 δέ
258 2713 332 2749 μάχη
341 2722 383 2745 τις
390 2711 424 2749 ἦν
433 2714 463 2741 ἐν
471 2714 528 2746 τοῖς
536 2715 596 2749 εἰρη
601 2714 699 2750 μένοις.
712 2715 769 2742 οὔτ’
781 2716 815 2743 ἂν
822 2717 850 2743 αἱ
863 2717 957 2744 τάναν-

172 2759 216 2786 τία
229 2759 357 2793 λέγουσαι
369 2759 478 2786 ἅπαντα
495 2759 528 2786 ἂν
545 2759 678 2793 ἐδέξαντο,
691 2761 760 2788 ἀλλὰ
777 2762 859 2798 μέρος
874 2763 905 2789 τὸ
918 2763 957 2790 δο-

173 2804 236 2831 κοῦν
259 2805 356 2837 αὑταῖς
380 2803 420 2840 [8]
438 2804 556 2840 συνᾴδειν
567 2813 574 2820 ·
589 2805 644 2832 οὔτ’
659 2806 692 2834 ἂν
706 2807 735 2833 αἱ
757 2807 839 2843 μέρος
855 2809 956 2836 ἀπολα-

210 2916 321 2965 Ζὲυέξι
336 2917 617 2965 πάρ-,ηἱῖλγάξέιέιοε
630 2919 767 2965 ξρησθίξὲ
779 2921 857 2965 λδὲίθὲ
870 2922 926 2965 ἔχει

174 2951 193 2966 ¹¹
208 2951 254 2979 Sic
266 2959 341 2987 arm.
358 2957 389 2980 cl
411 2952 493 2979 codd.
515 2951 608 2987 ἐδέχθη
624 2951 675 2981 Ᾱηζ
693 2951 763 2982 Εἱίιί.

170 2987 244 3014 οὐδέν
257 2986 288 3014 C.
306 2988 340 3014 D.

384 2956 493 3003 Lucggd:
517 2956 610 3003 ἐδέχθη
624 2956 675 3003 Λτη.
693 2956 763 3003 Εὲιέιίι.
797 2958 831 2996 βξ
842 2957 882 2983 δεῖ
903 2956 979 3003 liam].
997 2958 1212 3003 διιτχυρίσασθαι
1234 2956 1492 3003 Ο.“δυνατδν’διισχ.
1517 2960 1548 2988 ι).

428 2989 462 3014 τά
473 2996 527 3015 om.
545 2989 573 3016 Α.
591 2989 621 3017 C.
638 2990 669 3017 D.
709 2992 730 3007 ²⁶
748 2991 844 3027 Incipit
860 2989 949 3019 cudci
961 2989 988 3019 Β.

1018 202 1115 229 ϐοῦσαι
1131 201 1330 237 διηλέγχθησαν
1340 201 1362 217 ’⁸
1377 201 1431 227 ἀπὸ
1448 201 1495 228 τοῦ
1516 202 1625 238 μέρους,
1637 204 1673 236 ὡς
1683 205 1750 240 μηδὲ
1766 205 1801 232 τὰ

1024 248 1154 284 κόμματα
1176 248 1245 274 αὐτὰ
1267 247 1416 279 λανθάνειν,
1440 247 1507 274 ἀλλὰ
1532 248 1596 284 βοᾷν
1614 249 1664 285 τὴν
1685 251 1752 286 πρὸς
1770 252 1801 279 τὸ

1018 294 1078 322 ὅλον
1100 294 1179 330 σῶμα
1195 293 1364 329 συγγένειαν.
1391 295 1445 321 Καὶ
1461 293 1587 330 καθάπερ
1603 294 1636 321 ἂν
1654 294 1708 321 ἀπὸ
1721 295 1806 321 πλευ·-

1018 342 1070 378 ρᾶς
1089 340 1174 376 λάϐῃς
1188 349 1215 367 τι
1235 340 1327 376 μέρος,
1342 340 1390 367 καὶ
1404 341 1433 367 ἐν
1450 339 1490 376 τῷ
1505 340 1584 376 μέρει
1600 340 1636 367 τά
1651 340 1740 368 πάντα
1763 341 1807 367 εὑ-

1019 386 1122 423 ρήσεις,
1137 385 1183 420 ἀφ’
1201 381 1239 413 ὧν
1254 385 1285 413 τὸ
1303 385 1362 412 ὅλον
1379 385 1450 418 ζῶον
1473 385 1635 421 συνέστηκε,
1650 385 1698 413 καὶ
1711 385 1805 422 νεῦρα,

1017 431 1065 458 καὶ
1078 431 1192 466 φλέϐας,
1211 431 1258 458 καὶ
1277 432 1354 464 ὀστᾶ,
1368 432 1416 459 καὶ
1439 432 1582 468 ἀρτηρίας,
1599 432 1647 459 καὶ
1662 429 1741 467 αἷμα,
1760 433 1808 459 καὶ

1017 477 1177 514 ὁλοκλήρου,
1191 478 1230 510 ὠς
1245 477 1278 505 ἂν
1293 478 1365 505 εἴποι
1383 486 1436 511 τις,
1451 477 1498 504 τοῦ
1515 478 1674 514 φυράματος
1692 479 1805 514 δεῖγμα·

1017 523 1087 551 οὕτω
1106 523 1153 552 καὶ
1168 524 1215 550 ἐπὶ
1230 524 1284 551 τῶν
1305 523 1422 560 Γραφῶν
1442 523 1516 551 ἔστιν
1542 524 1605 551 ἰδεῖν
1626 524 1734 559 ἑκάστῳ
1753 523 1806 550 τῶν

1017 569 1170 606 εἰρημένων
1187 570 1265 606 μέρει
1279 570 1330 606 τὴν
1345 570 1392 598 τοῦ
1409 571 1509 602 παντὸς
1526 570 1685 605 συγγένειαν
1698 570 1808 605 διαφαι-

1016 617 1143 652 νομένην.
1157 617 1189 643 Εἰ
1204 616 1232 643 δὲ
1246 616 1403 651 διεφώνουν,
1419 616 1476 643 οὔτ’
1495 616 1529 644 ἂν
1551 616 1629 643 τοῦτο
1654 615 1761 651 ἐδείχθη
1773 616 1806 647 ¹¹,

1017 664 1064 690 καὶ
1092 663 1159 690 αὐτὸ
1188 662 1272 690 πάλαι
1303 663 1336 690 ἂν
1367 663 1476 698 διελύθη
1509 663 1540 690 τὸ
1573 663 1682 698 δόγμα·
1719 661 1808 689 Πᾶσα

1017 709 1072 744 γὰρ
1088 708 1243 741 βασιλεία,
1261 708 1354 744 φησὶν,
1373 708 1419 743 ἐφ’
1437 708 1547 744 ἑαυτῆς
1567 707 1745 743 μερισθεῖσα
1762 708 1799 734 οὺ

1017 754 1210 788 σταθήσεται.
1227 753 1285 781 Νῦν
1310 754 1338 780 δέ
1358 754 1410 782 κᾶν
1426 755 1514 790 τούτῳ
1538 753 1585 780 τοῦ
1608 753 1767 789 Πνεύματος
1789 753 1806 787 ἡ

1019 800 1095 834 ἰσχὺς
1115 799 1238 835 λάμπει,
1263 799 1382 826 πείσασα
1406 799 1469 831 τοὺς
1492 798 1670 834 ἀνθρώπους,
1696 798 1808 834 περὶτὰ

1017 844 1217 880 ἀναγκαιότερα
1237 844 1285 871 καὶ
1305 844 1502 878 κατεπείγοντα
1522 844 1701 879 γενομένους,
1724 842 1808 878 μηδὲν

1017 891 1070 917 ἀπὸ
1083 891 1138 917 τῶν
1152 890 1257 926 μικρῶν
1269 890 1371 917 τούτων
1386 890 1638 926 παραϐλὰπτεσθαι.
1704 884 1726 913 a'"

1050 936 1082 963 δ’.
1102 936 1185 963 Ἔνθα
1207 937 1255 971 μὲν
1272 934 1318 963 οὖν
1333 936 1448 968 ἕκαστος
1465 936 1612 972 διατρίϐων
1628 937 1758 972 ἔγραψεν,
1774 938 1804 964 οὺ

1017 982 1120 1017 σφόδρα
1133 982 1199 1017 ἡμῖν
1212 982 1251 1008 δεῖ
1263 982 1452 1018 ἰσχυρίσασθαι
1462 983 1496 998 ¹¹’
1507 983 1548 1009 ὅτι
1562 982 1591 1009 δέ
1605 983 1635 1009 οὐ
1650 983 1709 1010 κατ’
1723 983 1806 1019 ἀλλή-

1014 1028 1068 1055 λων
1082 1028 1209 1064 ἕστησαν,
1225 1028 1304 1055 τοῦτο
1316 1028 1360 1055 διὰ
1372 1027 1463 1063 πάσης
1479 1028 1527 1063 τῆς
1540 1029 1732 1064 πραγματείας
1747 1038 1807 1056 πει-

1017 1073 1155 1110 ρασόμεθα
1167 1073 1316 1107 ἀποδεῖξαι.
1332 1074 1368 1100 Σῦ
1388 1073 1417 1100 δέ
1431 1073 1530 1100 ταύτὸν
1544 1075 1640 1106 ποιεῖς,
1656 1073 1805 1109 διαφωνίαν

1015 1120 1186 1155 αἰτιώμενος,
1197 1120 1291 1156 ὥσπερ
1300 1119 1333 1147 ἂν
1342 1120 1366 1146 εἰ
1375 1119 1422 1147 καὶ
1431 1120 1541 1156 ῥήματα
1554 1120 1589 1146 τά
1603 1120 1673 1146 αὐτὰ
1681 1120 1805 1153 ἐκέλευες

1014 1166 1112 1198 εἰπεῖν,
1127 1165 1174 1192 καὶ
1189 1164 1307 1201 τρόπους
1319 1165 1429 1197 λέξεων.
1451 1165 1507 1192 Καὶ
1521 1166 1598 1192 οῦπω
1617 1165 1690 1198 λέγω
1704 1166 1745 1192 ὅτι
1758 1166 1805 1193 καὶ

1013 1211 1039 1237 οἰ
1064 1212 1135 1246 μέγα
1151 1210 1198 1237 ἐπὶ
1217 1211 1348 1246 ῥητορικῇ
1370 1211 1418 1237 καὶ
1432 1211 1576 1247 φιλοσοφίᾳ
1600 1211 1802 1246 κομπάζοντες,

1014 1255 1107 1282 πολλοὶ
1122 1254 1207 1282 πολλὰ
1222 1255 1311 1290 βιϐλία
1321 1255 1476 1290 γράψαντες
1486 1255 1550 1290 περὶ
1563 1255 1617 1282 τῶν
1632 1255 1722 1282 αὐτῶν
1735 1264 1804 1290 πρα-

1014 1300 1138 1336 γμάτων,
1149 1300 1180 1326 οὐ
1196 1299 1277 1336 μόνον
1290 1300 1382 1332 ἁπλῶς
1395 1299 1574 1335 διεφώνησαν,
1589 1300 1656 1327 άλλά
1669 1300 1716 1326 καὶ
1726 1301 1804 1328 ἐναν-

1013 1345 1080 1377 τίως
1102 1345 1227 1381 ἀλλήλοις
1244 1343 1332 1372 εἷπον.
1349 1345 1404 1372 Καὶ
1417 1345 1471 1382 γὰρ
1489 1346 1582 1382 ἕτερόν
1596 1347 1654 1373 ἐστι
1667 1346 1803 1382 διαφόρως

1014 1391 1112 1424 εἰπεῖν,
1128 1392 1175 1418 καὶ
1188 1391 1359 1427 μαχομένους
1372 1392 1469 1418 εἰπεῖν.
1479 1392 1562 1419 Οὐδὲν
1570 1393 1594 1408 ⁸³
1606 1392 1708 1420 τούτων
1719 1393 1801 1428 λέγω’

1016 1437 1052 1473 μή
1067 1445 1111 1472 μοι
1122 1437 1227 1472 γένοιτο
1238 1437 1277 1464 ’ἐκ
1297 1437 1348 1472 τῆς
1372 1437 1483 1464 ἐκείνων
1496 1438 1645 1474 παρανοίας
1666 1439 1801 1466 συνθεῖναι

1013 1482 1062 1518 τὴν
1084 1482 1232 1517 ἀπολογίαν
1249 1491 1257 1499 ο
1284 1482 1345 1509 οὐδὲ
1371 1483 1426 1518 γὰρ
1452 1483 1507 1510 ἀπὸ
1539 1483 1585 1510 τοῦ
1613 1483 1727 1518 ψεύδους
1751 1485 1802 1520 τὴν

1013 1529 1141 1565 ἀλήθειαν
1158 1529 1342 1564 συστήσασθαι
1361 1529 1502 1565 βούλομαι.
1529 1530 1598 1557 Ἀλλ’
1610 1531 1698 1558 ἐκεῖνο
1717 1531 1801 1567 ἡδέως

1015 1567 1048 1595 ἂν
1064 1569 1189 1604 ἐροίμην,
1205 1568 1267 1599 Πῶς
1283 1567 1430 1602 ἐπιστεύθη
1449 1568 1484 1594 τὰ
1496 1569 1517 1583 ³³
1531 1568 1732 1602 διαφωνοῦντα;
1748 1577 1802 1599 πως

1014 1612 1152 1648 ἐκράτησε
1164 1621 1172 1645 ;
1186 1612 1246 1644 πῶς
1266 1613 1375 1639 ἐναντία
1399 1612 1523 1646 λέγοντες
1542 1612 1735 1648 ἐθαυμάζοντο,
1763 1612 1802 1649 [9]

1014 1657 1196 1690 ἐπιστεύοντο,
1227 1657 1441 1692 άνεκηρύττοντο
1468 1656 1608 1692 πανταχοῦ
1635 1657 1685 1692 τῆς
1712 1658 1799 1684 οἰκου-

1016 1703 1101 1739 μένης
1113 1712 1122 1736 ;
1133 1704 1228 1730 Καίτοι
1247 1703 1340 1730 πολλοὶ
1351 1703 1375 1729 οἰ
1394 1703 1531 1739 μάρτυρες
1545 1703 1568 1719 ¹⁸
1582 1703 1637 1730 τῶν
1651 1703 1801 1738 λεγομένων

1012 1746 1092 1784 ἦσαν,
1109 1749 1201 1776 πολλοὶ
1215 1749 1244 1776 δὲ
1259 1748 1308 1776 καὶ
1326 1749 1352 1775 οἰ
1366 1748 1458 1784 ἐχθροὶ
1477 1749 1524 1775 καὶ
1543 1748 1677 1784 πολέμιοι.
1692 1749 1730 1776 οὐ
1749 1750 1801 1784 γὰρ

1013 1796 1043 1823 ἐν
1066 1795 1153 1831 γωνίᾳ
1178 1796 1228 1831 μιᾷ
1253 1795 1411 1831 γράψαντες
1438 1795 1507 1822 αὐτὰ
1531 1794 1706 1830 κατώρυξαν,
1735 1795 1801 1822 ἀλλὰ

1013 1841 1151 1876 πανταχοῦ
1164 1841 1216 1877 γῆς
1229 1841 1276 1868 καὶ
1286 1841 1421 1876 θαλάττης
1431 1841 1560 1876 ἥπλωσαν
1568 1841 1620 1868 ὑπὸ
1627 1842 1687 1873 ταῖς
1696 1841 1801 1868 πάντων

1013 1886 1126 1918 άκοιῑς·
1143 1887 1190 1914 καὶ
1203 1887 1309 1922 ἐχθρῶν
1328 1887 1469 1923 παρόντων
1488 1886 1575 1914 ταῦτα
1593 1886 1801 1922 ἀνεγινώσκετο,

1013 1933 1139 1968 καθάπερ
1159 1933 1206 1960 καὶ
1228 1932 1285 1966 νῦν,
1304 1933 1351 1960 καὶ
1375 1933 1470 1960 οὐδένα
1483 1933 1558 1960 οὐδὲν
1575 1933 1630 1960 τῶν
1650 1933 1801 1969 εἰρημένων

1014 1978 1198 2006 ὲσκανδάλισε.
1209 1979 1264 2006 Καὶ
1275 1979 1348 2015 μάλα
1359 1979 1481 2010 εἰκότως·
1502 1978 1562 2006 θεία
1575 1978 1629 2014 γὰρ
1638 1978 1753 2013 δύναμις
1768 1976 1801 2014 ἦν

1013 2025 1030 2061 ὴ
1041 2025 1129 2052 πάντα
1138 2025 1251 2052 ἐπιοῦσα
1259 2025 1307 2052 καὶ
1316 2024 1485 2061 κατορθοῦσα
1491 2024 1566 2061 παρὰ
1580 2025 1671 2052 πᾶσιν.
1691 2024 1766 2051 Ἑπεί
1779 2025 1801 2051 εὶ

1015 2070 1053 2106 μὴ
1071 2071 1151 2098 τοῦτο
1165 2069 1216 2106 ἦν,
1236 2071 1295 2102 πῶς
1310 2071 1324 2097 6
1338 2069 1466 2106 τελώνης.
1483 2071 1531 2097 καὶ
1554 2070 1568 2096 6
1587 2069 1679 2101 ἁλιεὺς
1690 2089 1698 2101 ,
1722 2070 1769 2096 καὶ
1787 2069 1802 2095 6

1013 2116 1196 2152 ἀγράμματος
1211 2117 1323 2143 τοιαῦτα
1338 2116 1513 2151 ἐφιλοσόφει;
1534 2116 1567 2142 Ἃ
1589 2115 1642 2151 γὰρ
1661 2114 1721 2141 οὐδέ
1735 2115 1801 2151 ὄναρ

1013 2162 1039 2188 οἱ
1049 2162 1148 2195 ἔξωθεν
1164 2162 1529 2198 φαντασθῆναιὴδυνήθησάν
1545 2170 1622 2195 ποτε,
1632 2161 1720 2188 ταῦτα
1729 2158 1801 2188 οὗτοι

1016 2207 1086 2243 μετὰ
1100 2207 1200 2243 πολλῆς
1210 2208 1260 2242 τῆς
1280 2208 1466 2244 πληροφορίας
1482 2208 1530 2235 καὶ
1541 2207 1739 2241 ἀπαγγέλλουσι
1755 2206 1800 2233 καλ

1014 2253 1153 2280 πείθουσι·
1169 2253 1216 2280 καὶ
1225 2253 1285 2288 οὐχ).
1300 2253 1401 2286 ζῶντες
1415 2253 1503 2288 μόνον,
1525 2253 1594 2280 ἀλλὰ
1613 2254 1660 2279 καὶ
1675 2252 1798 2287 τελευτή-

1014 2307 1110 2331 σαντες
1119 2307 1126 2314 ·
1140 2299 1200 2326 οὐδὲ
1207 2298 1254 2326 δύο
1268 2300 1313 2326 καὶ
1327 2300 1429 2326 εἴκοσιν
1443 2297 1612 2334 ἀνθρώπους,
1628 2298 1688 2324 οὐδὲ
1703 2297 1801 2324 ἐκατὺν

1014 2345 1061 2372 καὶ
1078 2345 1181 2380 χιλίους
1194 2345 1242 2371 καὶ
1260 2345 1374 2381 μυρίους
1386 2365 1394 2377 ,
1411 2344 1480 2371 άλλά
1499 2344 1592 2375 πόλεις
1610 2344 1657 2370 καὶ
1672 2342 1736 2379 ἔθνη
1754 2343 1801 2369 καὶ

1013 2391 1115 2427 δήμους
1129 2410 1137 2423 ,
1168 2390 1215 2418 καὶ
1234 2391 1286 2426 γῆν
1309 2391 1356 2417 καὶ
1372 2389 1525 2422 θάλασσαν,
1549 2388 1597 2416 καὶ
1620 2387 1732 2415 Ἐλλάδα
1753 2388 1800 2415 καὶ

1014 2437 1150 2473 βάρϐαρον
1160 2456 1167 2469 ,
1178 2437 1225 2464 καὶ
1243 2437 1292 2473 τὴν
1301 2437 1463 2473 οἰκουμένην
1473 2436 1521 2464 καὶ
1536 2436 1586 2471 τὴν
1594 2435 1720 2471 ἀοίκητον
1731 2444 1737 2451 ·
1752 2435 1799 2461 καὶ

1013 2485 1078 2521 περὶ
1102 2485 1272 2521 πραγμάτων
1283 2485 1306 2501 ³⁸
1322 2484 1424 2520 σφόδρα
1438 2484 1487 2520 τὴν
1505 2484 1643 2520 ἡμετέραν
1668 2482 1800 2519 ὑπερϐαι-

1012 2531 1111 2559 νόντων
1135 2531 1226 2566 φύσιν.
1249 2530 1304 2567 Τὴν
1323 2531 1379 2566 γὰρ
1397 2531 1448 2566 γῆν
1468 2531 1599 2565 ἀφέντες,
1623 2529 1712 2557 πάντα
1735 2529 1799 2565 περὶ

1011 2577 1065 2604 τῶν
1089 2577 1118 2604 ἐν
1143 2577 1266 2613 οὐρανοῖς
1294 2576 1482 2611 διαλέγονται,
1511 2576 1607 2612 ἑτέραν
1633 2576 1700 2611 ἡμῖν
1725 2574 1798 2610 ζωὴν

1011 2623 1167 2657 εἰσάγοντες
1181 2623 1228 2650 καὶ
1250 2623 1307 2659 βίον
1327 2622 1416 2655 ἄλλον,
1441 2622 1490 2650 καὶ
1505 2622 1620 2650 πλοῦτον
1632 2623 1680 2648 καὶ
1691 2621 1796 2653 πενίαν,

1011 2669 1059 2697 καὶ
1071 2669 1227 2705 ἐλευθερίαν
1237 2669 1285 2696 καὶ
1298 2668 1430 2703 δουλείαν,
1451 2669 1500 2696 καὶ
1519 2669 1591 2704 ζωὴν
1607 2668 1654 2695 καὶ
1671 2667 1796 2695 θάνατον.

1011 2716 1057 2742 καὶ
1071 2715 1173 2750 κόσμον
1196 2715 1244 2742 καὶ
1266 2715 1414 2747 πολιτείαν,
1430 2715 1517 2742 πάντα
1538 2714 1734 2750 ἐξηλλαγμένα.
1759 2712 1797 2739 Οὐ

1010 2761 1136 2796 καθάπερ
1151 2761 1272 2793 Πλάτων,
1289 2762 1304 2788 6
1317 2761 1366 2797 τὴν
1383 2760 1584 2795 καταγέλαστον
1603 2759 1799 2796 ἐκείνηνπολι-

1009 2807 1084 2835 τείαν
1102 2807 1217 2840 συνθεὶς,
1229 2807 1276 2834 καὶ
1288 2808 1392 2845 Ζήνων,
1409 2808 1457 2835 καὶ
1466 2807 1494 2834 εἴ
1503 2816 1545 2840 τις
1552 2808 1644 2844 ἕτερος
1661 2807 1798 2834 πολιτείαν

1010 2921 1117 2961 ¹⁹αὺτό]
1131 2923 1222 2961 αὐτόν.
1238 2923 1304 2961 αὐτὸ
1322 2923 1522 2961 διηλέγχθησαν
1531 2925 1562 2952 Ε.
1600 2925 1623 2961 ’θ
1636 2924 1696 2952 Vid.
1706 2925 1800 2961 adﬂat:

1601 2960 1624 2976 υ
1641 2960 1729 2997 οὐδὲν]
1743 2958 1800 2988 ἀλλτ

1042 2994 1066 3009 ²⁶
1077 2994 1247 3028 γραμμάτων
1262 2994 1292 3021 Β.
