2056 3130
255 144 289 173 I9
600 145 628 174 S.
647 146 790 175 JOANNIS
809 146 1052 175 CIIRYSOSTOMI
1072 146 1231 175 ARCIIIEP.
1252 144 1526 174 CONSTANTINOP.
1841 143 1878 169 20

251 203 390 239 ἔγραψεν,
414 203 431 238 ἥ
460 203 557 238 νόμους
585 202 743 238 συνέθηκεν.
769 202 824 229 Καὶ
847 201 898 237 γάρ
923 200 1036 227 αὐτόθεν

252 250 370 279 ἅπαντες
391 247 542 274 ἐδείκνυντο
564 245 647 278 οὗτοι,
663 248 705 274 ὅτι
722 246 830 282 πνεῦμα
843 245 968 282 πονηρὸν,
990 245 1037 271 καὶ

251 294 356 330 δαίμων
372 302 414 325 τις
441 293 537 329 ἄγριος
562 292 688 328 πολεμῶν
710 292 788 327 ἡμῶν
811 293 846 327 τῇ
873 291 963 325 φύσει,
990 290 1038 317 καὶ

253 339 430 375 σωφροσύνης
456 338 562 374 ἐχθρὸς,
584 338 632 365 καὶ
653 337 780 370 εὐταξίας
802 336 866 373 [10]
891 337 1036 372 πολέμιος,

252 385 343 412 πάντα
351 385 407 413 ἀνω
415 385 462 412 καὶ
473 385 548 412 κάτω
560 383 655 416 ποιῶν,
669 384 800 419 ἐνήχησεν
810 382 898 409 αὐτῶν
909 383 942 417 τῇ
952 381 1036 418 ψυχῇ.

254 431 338 458 Ὅταν
360 430 415 466 γὰρ
437 429 528 461 κοινὰς
551 430 617 456 πᾶσι
640 430 688 461 τὰς
710 430 843 463 γυναῖκας
864 427 971 459 ποιῶσι,
991 427 1038 454 καὶ

252 475 404 512 παρθένους
425 475 617 511 γυμνώσαντες
631 475 677 501 ἐπὶ
691 474 740 510 τῆς
751 473 919 508 παλαίστρας
936 472 1039 507 ἄγωσιν

253 523 299 550 ἐπὶ
314 523 378 550 θέαν
394 522 555 558 ἀνθρώπων,
571 523 619 550 καὶ
640 521 787 556 λαθραίους
813 519 1039 551 κατασκευάζωσι

252 569 369 607 γάμους,
387 569 476 595 πάντα
491 568 558 604 όμοῦ
573 569 594 584 "’
613 567 756 603 μιγνύντες
776 567 823 594 καὶ
845 566 1039 602 συνταράττον-

252 622 310 645 τες,
325 614 348 630 ’⁸
359 613 405 640 καὶ
421 614 484 645 τοὺς
499 614 578 649 ὄρους
591 613 641 647 τῆς
663 612 769 647 φύσεως
789 611 997 647 ἀνατρέποντες,
1014 611 1040 638 τί

253 658 346 693 ἓτερον
375 658 450 685 ἐστιν
479 658 591 689 είπεῖν;
619 658 680 684 ’Ότι
707 656 762 692 γὰρ
787 655 922 691 δαιμόνων
949 656 1041 683 ἐκεῖνα

255 704 362 730 ἅπαντα
378 703 521 738 εὑρήματα
536 703 583 729 καὶ
599 701 675 736 παρὰ
690 701 770 736 φύσιν
784 700 819 727 τὰ
832 700 975 736 λεγόμενα,
994 700 1041 726 καὶ

254 749 323 784 αὑτὴ
337 749 536 784 μαρτυρήσειεν
544 747 577 775 ἃν
592 748 657 783 ἡμῖν
670 748 686 783 ἡ
702 747 792 781 φύσις,
807 747 857 774 οὐκ
869 745 1039 781 ἀνασχομένη

255 797 310 823 τῶν
319 797 487 832 είρημένωνν
501 796 549 823 καὶ
562 796 648 823 ταῦτα
660 796 689 822 ού
704 795 773 831 μετά
783 795 920 831 διωγμῶν,
929 795 958 822 οὺ
973 794 1042 830 μετά

257 843 398 875 κινδύνων,
415 844 446 870 οὐ
465 842 534 878 μετὰ
557 842 692 878 πολέμων,
710 841 778 869 ἀλλά
792 842 860 877 μετὰ
880 841 972 873 ἁδείας
994 841 1041 868 καὶ

256 888 412 924 ἐλευθερίας
428 888 536 923 ἀπάσης
554 887 723 924 γραφόντων,
747 887 794 914 καὶ
811 886 918 918 πολλοῖς
941 886 1040 912 πολλα-

255 933 335 969 χόθεν
361 934 596 966 καλλωπιζόντων.
615 935 655 962 Τὰ
670 934 698 961 δὲ
720 934 774 960 τῶν
795 934 902 966 ἀλιέων,
930 934 1040 961 ἐλαυνο-

258 980 345 1014 μένων
358 1000 364 1012 ,
389 980 609 1016 μαστιζομένων,
627 980 834 1007 κινδυνευόντων
844 999 852 1012 ,
868 980 916 1006 καὶ
938 979 1041 1006 ίδιῶται

255 1024 304 1052 καὶ
316 1025 403 1059 σοφοὶ,
422 1025 468 1053 καὶ
476 1025 563 1052 δοῦλοι
574 1026 621 1052 καὶ
636 1025 783 1061 ἐλεύθεροι,
801 1025 847 1052 καὶ
861 1025 979 1060 βασιλεῖς
994 1025 1042 1052 καὶ

257 1071 432 1106 στρατιῶται,
452 1071 501 1098 καὶ
515 1070 647 1107 βάρϐαροι
658 1071 706 1099 καὶ
717 1071 856 1106 Ἕλληνες,
871 1071 940 1106 μετὰ
951 1071 1042 1107 πάσης

255 1115 380 1148 ἐδέξαντο
393 1116 443 1152 τῆς
459 1116 575 1148 εὐνοίας.

292 1161 324 1188 ε’.
335 1162 390 1189 Καὶ
402 1163 453 1190 οὐκ
465 1162 498 1190 ἂν
512 1163 585 1198 ἔχοις
597 1163 697 1195 εἰπεῖν,
718 1164 760 1190 ὅτι
774 1162 819 1190 διὰ
835 1162 866 1190 τὸ
881 1162 966 1199 μικρὰ
974 1160 1042 1191 εἶναι

255 1207 396 1234 ταῦτακαὶ
412 1209 581 1244 χαμαίζηλα,
601 1209 790 1244 εὖπαράδεκτα
806 1208 917 1243 γέγονεν
936 1209 1021 1237 ἅπασι
1035 1219 1041 1225 ·

257 1253 305 1279 καὶ
316 1253 369 1288 γὰρ
377 1254 467 1289 πολλῷ
476 1255 562 1282 ταῦτα
575 1254 686 1281 ἐκείνων
696 1254 810 1289 ύψηλᾷτε
815 1263 858 1289 ρα.
877 1255 1042 1290 Παρθενείας

260 1301 310 1336 μὲν
322 1301 387 1337 γὰρ,
405 1301 504 1328 ἐκεῖνοι
516 1302 576 1328 οὺδέ
592 1302 658 1337 ὄναρ
671 1304 731 1330 οὐδὲ
740 1304 761 1321 ’⁸
776 1304 861 1339 ὄνομα
874 1304 1044 1341 ὲφαντάσθη-

259 1355 319 1378 σαν,
338 1346 399 1373 οὺδέ
421 1347 624 1383 ἀκτημοσύνης,
641 1349 701 1375 οὑδέ
723 1349 860 1383 νηστείας,
887 1349 948 1376 οὐδέ
974 1359 1046 1382 τινος

257 1393 336 1420 ἄλλου
359 1392 414 1420 τῶν
428 1393 546 1427 ὑψηλῶν.
563 1394 595 1420 Οἱ
616 1394 645 1420 δέ
663 1395 727 1430 παρ’
741 1396 805 1430 ἡμῖν
827 1395 878 1422 οὐκ
900 1395 1046 1431 ἐπιθυμίαν

257 1438 409 1474 ἐξορίζουσι
431 1439 522 1473 μόνον,
540 1439 600 1466 οὐδὲ
616 1439 714 1474 πρᾶξιν
731 1441 900 1474 κολάζουσιν,
917 1441 985 1468 ἀλλὰ
999 1442 1046 1468 καὶ

257 1484 318 1519 ὄψιν
331 1484 490 1516 ἀκόλαστον,
503 1485 549 1511 καὶ
568 1485 678 1520 ῥήματα
699 1486 844 1520 ὑϐριστικά
856 1507 864 1518 ,
883 1486 929 1512 καὶ¹
942 1486 1047 1520 γέλωτα

258 1530 386 1561 ἄτακτον,
403 1530 448 1556 καὶ
463 1531 565 1565 σχῆμα,
586 1531 633 1557 καὶ
651 1530 780 1566 βάδισμα,
797 1532 843 1558 καὶ
854 1532 988 1567 κραυγὴν,
1000 1533 1048 1559 καὶ

259 1576 340 1611 μέχρι
352 1575 407 1602 τῶν
419 1576 589 1611 μικροτάτων
603 1577 754 1612 προάγουσι
768 1577 817 1613 τὴν
833 1578 985 1614 ἀκρίϐειαν,
1000 1579 1047 1605 καὶ

257 1622 308 1657 τὴν
320 1622 482 1658 οἰκουμένην
497 1623 605 1649 ἃπασαν
619 1623 666 1650 τοῦ
676 1625 726 1660 τῆς
740 1624 887 1660 παρθενίας
896 1625 1046 1660 ἐνέπλησαν

259 1667 354 1701 φυτοῦ.
372 1668 427 1694 Kul
442 1668 505 1703 περὶ
519 1669 586 1695 Θεοῦ
599 1669 627 1695 δὲ
639 1669 725 1696 ταῦτα
741 1670 894 1704 φιλοσοφεῖν
905 1671 1044 1703 πείθουσι,

259 1713 306 1739 καὶ
321 1713 375 1739 τῶν
388 1714 418 1740 ἐν
432 1714 554 1749 οὐρανοῖς
573 1715 753 1750 πραγμάτων,
771 1715 789 1743 ὃ.
805 1716 898 1751 μηδεὶς
913 1716 1047 1752 μηδέποτε

259 1759 372 1785 ἐκείνων
390 1759 458 1793 μηδὲ
470 1760 511 1791 είς
521 1759 582 1787 νοῦν
597 1760 688 1787 λαϐεῖν
706 1761 809 1796 ἴσχυσε.
827 1761 888 1792 Πῶς
904 1761 960 1798 [Η]
973 1762 1027 1798 γὰρ
1038 1783 1045 1795 ,

259 1805 283 1830 οἰ
301 1804 444 1831 κνωδάλων
460 1805 507 1832 καὶ
522 1805 623 1841 θηρίων
634 1807 721 1841 χαμαὶ
731 1807 868 1842 ἑρπόντων
881 1808 928 1834 καὶ
947 1808 1046 1844 ἐτέρων

259 1851 430 1886 ἁτιμοτέρων
452 1851 558 1883 εἰκόνας
582 1852 806 1888 οεοποιήσαντες;
828 1854 896 1880 Ἀλλ’
913 1855 987 1890 ὅμως
1000 1855 1047 1882 καὶ

260 1897 356 1932 ἐδέχθη
377 1899 424 1924 καὶ
438 1898 585 1932 ἐπιστεύθη
605 1899 638 1925 τά
652 1899 742 1934 ὑψηλὰ
757 1899 843 1927 ταῦτα
853 1900 984 1936 δόγματα,
999 1902 1047 1928 καὶ

260 1943 320 1970 καθ’
338 1943 456 1979 ἑκάστην
481 1945 557 1972 ἀνθεῖ
576 1945 625 1980 τὴν
639 1946 753 1981 ἡμέραν,
770 1948 817 1974 καὶ
833 1948 971 1975 ἐπιδίδωσι
982 1970 988 1975 .
1007 1949 1047 1975 Τὰ

258 1989 287 2015 δὲ
301 1989 413 2017 ἐκείνων
425 1991 528 2026 οἴχεται
549 1992 595 2018 καὶ
617 1992 767 2026 ἀπόλωλεν,
779 1994 916 2029 ἀραχνίων
932 1994 1047 2021 εὐκολώ-

245 2041 336 2070 ’τερον
346 2036 536 2070 ἀφανισθέντα.
555 2037 609 2064 Kul
625 2038 696 2072 μάλα
711 2040 838 2071 εἰκότως·
852 2040 977 2075 δαίμονες
993 2040 1047 2076 γὰρ

258 2081 344 2108 ταῦτα
370 2076 538 2117 διηγόρευον.
563 2083 609 2110 Δίὺ
629 2084 652 2100 ³⁰
673 2085 742 2120 μετά
765 2085 815 2121 τῆς
837 2086 980 2120 ἀσελγείας
1001 2087 1047 2113 καὶ

257 2127 341 2154 πολὺν
356 2127 412 2162 ἔχει
429 2128 475 2155 τὸν
488 2129 578 2162 ζόφον,
590 2130 637 2156 καὶ
648 2130 733 2157 πλείω
746 2131 791 2158 τὸν
809 2131 889 2158 πόνον
900 2131 934 2159 ³¹.
950 2132 983 2158 Τί
993 2131 1046 2168 γὰρ

257 2173 292 2198 ἂν
310 2172 414 2206 γένοιτο
433 2174 699 2211 καταγελαστότερον
715 2177 765 2212 τῆς
778 2176 916 2209 πολιτείας
927 2177 1045 2212 ἐκείνης,

257 2220 286 2244 ἐν
329 2219 397 2253 μετά
413 2219 467 2245 τῶν
483 2220 636 2255 εἰρημένων
653 2222 767 2257 μυρίους
783 2222 923 2254 ἀναλώσας
939 2223 1045 2257 στίχους

256 2267 271 2292 ὁ
286 2266 439 2301 φιλόσοφος,
458 2267 527 2294 ὥστε
543 2268 689 2305 δυνηθῆναι
710 2270 796 2304 δεῖξαι
816 2271 843 2298 τι
863 2271 928 2298 ποτέ
946 2272 1002 2297 ἐστι
1017 2272 1047 2298 τὸ

257 2312 370 2345 δίκαιον,
388 2314 456 2348 μετὰ
467 2315 517 2349 τῆς
529 2316 728 2351 μακρηγορίας,
740 2317 787 2343 καὶ
799 2317 931 2353 ἀσαφείας
946 2318 1046 2352 πολλῆς

258 2356 292 2383 τὰ
306 2358 438 2392 εἰρημένα
454 2359 616 2395 ἐνέπλησεν;
633 2361 721 2398 Ὅπερ
737 2364 762 2390 εἰ
786 2363 833 2390 καί
855 2372 882 2390 τι
909 2364 1045 2398 συμφέρον

259 2400 327 2438 εἶχε,
344 2404 444 2440 σφόδρα
458 2404 592 2440 ἄχρηστον
608 2405 719 2441 ἔμελλεν
735 2405 805 2433 εῖναι
818 2407 858 2442 τῷ
869 2407 923 2434 τῶν
941 2406 1044 2442 ἀνθρώ-

260 2457 318 2475 πων
330 2449 389 2484 βίῳ.
404 2450 435 2477 Εἰ
446 2451 500 2485 γὰρ
519 2452 532 2477 ό
548 2451 681 2486 γεωργὸς,
693 2453 740 2479 καὶ
754 2453 768 2479 ό
783 2453 961 2488 χαλκοτύπος,
975 2454 1044 2480 καὶὸ

259 2494 410 2529 οίκοδόμος,
428 2497 475 2522 καὶ
487 2498 500 2522 ό
515 2497 694 2533 κυϐερνήτης,
714 2498 761 2524 καὶ
777 2498 900 2531 ἕκαστος,
921 2499 974 2526 άπὸ
995 2500 1045 2535 τῆς

259 2539 314 2566 τῶν
329 2541 427 2575 χειρῶν
441 2543 603 2578 τρεφόμενος
620 2544 757 2579 ἐργασίας,
775 2544 864 2580 μέλλοι
878 2544 929 2579 τῆς
947 2545 1045 2580 τέχνης

262 2586 311 2620 μὲν
333 2586 498 2620 ἀφίστασθαι
513 2589 560 2614 καὶ
572 2589 626 2615 τῶν
644 2589 756 2616 δικαίων
774 2590 873 2621 πόνων,
889 2590 1045 2617 ἀναλίσκειν

260 2629 288 2655 δὲ
304 2629 350 2665 έτη
368 2631 433 2657 τόσα
449 2632 495 2658 καὶ
513 2633 588 2665 τόσα,
603 2633 672 2660 ὥστε
693 2635 788 2670 μαθεῖν
803 2635 830 2662 τί
853 2636 917 2662 ποτέ
939 2636 996 2662 ἐστι
1015 2636 1045 2662 τὸ

260 2675 365 2702 δίκαιον
375 2684 381 2690 ·
392 2676 445 2703 καὶ
458 2677 523 2711 πρὶν
538 2677 554 2712 ἢ
576 2678 671 2713 μαθεῖν
684 2680 812 2712 πολλάκις
829 2680 926 2715 φθάσει
943 2682 965 2697 ³⁸
976 2681 1046 2717 λιμῷ

261 2719 431 2756 διαφθαρεὶς,
450 2722 497 2748 καὶ
510 2723 689 2752 ἀπελεύσεται
708 2725 753 2752 διὰ
774 2725 806 2751 τὸ
831 2725 935 2753 δίκαιον
956 2726 1044 2759 τοῦτο,

263 2765 332 2800 μήτε
350 2765 404 2791 τῶν
419 2765 505 2794 ἄλλων
520 2767 574 2793 τῶν
591 2769 731 2804 χρησίμων
750 2770 835 2805 μηδὲν
864 2771 956 2806 μαθὼν
968 2792 975 2804 ,
1000 2772 1046 2799 καὶ

262 2809 341 2845 βιαίῳ
373 2810 481 2848 θανάτῳ
503 2813 658 2846 καταλύσας
688 2815 733 2841 τὸν
763 2815 830 2850 βίον.
864 2817 932 2844 Ἀλλ’
958 2817 988 2844 οὺ
1012 2818 1046 2844 τὰ

303 2878 325 2894 ’⁷
338 2879 418 2915 ὁμοῦ]
432 2879 501 2906 Add.
511 2879 639 2915 χρήματα
655 2879 685 2905 Β.

272 2915 343 2942 Add.
365 2915 412 2941 καὶ
428 2915 498 2941 Ειίιί,
536 2915 556 2929 ³¹

723 2879 745 2895 ’⁸
758 2877 995 2913 συνταράττοντες]
1008 2879 1199 2910 συντάττοντες
1212 2878 1243 2905 Β.
1263 2877 1295 2905 Ε.
1315 2887 1367 2912 συγ

580 2914 663 2940 πλείω
680 2914 724 2940 τὸν
742 2913 832 2948 πόνον]
843 2914 888 2941 Sic
904 2914 955 2941 An.
975 2914 1040 2940 Arln

1108 2913 1189 2940 codd.
1205 2913 1287 2948 πλέον
1301 2913 1332 2940 τὸ
1346 2913 1446 2940 ἄτοπον
1463 2913 1559 2947 Steph.
1569 2913 1632 2940 Sav.

1093 203 1216 239 ἡμέτερα
1229 202 1342 230 τοιαῦτα
1351 211 1357 219 ·
1375 203 1443 230 ἀλλά
1458 204 1506 230 καὶ
1520 203 1551 231 τὸ
1564 203 1684 236 δίκαιον,
1707 204 1754 230 καὶ
1768 203 1798 230 τὺ
1810 203 1877 240 πρέ-

1094 261 1162 285 πον,
1189 251 1236 279 καὶ
1256 251 1287 278 τὸ
1304 251 1463 287 συμφέρον,
1490 252 1538 278 καὶ
1561 252 1652 279 πᾶσαν
1674 251 1767 283 ἀπλῶς
1789 250 1838 287 τὴν
1854 251 1878 267 ³³

1095 297 1195 332 ἀρετὴν
1215 297 1243 324 ἐν
1266 297 1379 333 βραχέσι
1405 297 1452 324 καὶ
1474 297 1572 332 σαφέσι
1590 296 1729 324 συλλαϐὼν
1745 297 1877 332 ῥήμασιν,

1095 342 1212 375 ἐδίδαξεν
1227 343 1301 378 ἡμᾶς
1315 344 1330 370 ὁ
1343 342 1459 378 Χριστός
1470 351 1476 358 ·
1491 342 1557 369 ποτέ
1584 342 1633 378 μὲν
1649 342 1745 377 λέγων,
1771 342 1811 368 ὅτι
1833 341 1881 367 Ἐν

1095 387 1187 415 δυσὶν
1193 387 1331 420 ἐντολαῖς
1341 389 1358 414 ό
1366 388 1458 422 νόμος
1466 387 1513 414 καί
1528 388 1554 414 ol
1564 386 1712 422 προφῆται
1722 386 1881 421 κρέμανται

1096 433 1229 464 τουτέστι,
1244 434 1277 468 τῇ
1293 433 1341 460 τοῦ
1365 433 1433 460 Θεοῦ
1451 432 1556 468 ἀγάπῃ,
1578 433 1625 459 καὶ
1639 433 1673 468 τῇ
1688 432 1734 458 τοῦ
1749 432 1860 467 πλησίον
1872 439 1880 446 ⁵

1098 478 1163 504 ποτε
1175 478 1203 504 δὲ
1218 477 1315 512 λέγων,
1331 478 1410 506 Ὅσα
1425 477 1464 506 ἂν
1471 478 1577 512 θέλητε
1591 478 1641 505 ἵνα
1660 477 1788 506 ποιῶσιν
1812 477 1883 512 ὑμῖν

1098 524 1124 550 ol
1135 522 1295 557 ἅνθρωποι,
1312 523 1361 551 καὶ
1378 523 1462 558 ὑμεῖς
1480 523 1589 551 ποιεῖτε
1599 522 1709 556 αὐτοῖς.
1719 520 1813 556 Οὗτος
1827 521 1883 557 γάρ

1099 568 1184 596 ἐστιν
1198 570 1314 604 ὁνόμος
1325 569 1375 597 καὶ
1389 571 1415 597 οἱ
1432 568 1687 605 προφῆται.”Απερ
1701 568 1749 595 καὶ
1762 568 1883 604 γηπόνῳ,

1100 615 1147 641 καὶ
1159 614 1263 650 οἰκέτῃ,
1288 615 1336 642 καὶ
1354 616 1462 650 γυναικὶ
1478 616 1560 651 χήρᾳ,
1575 615 1623 642 καὶ
1638 614 1714 641 παιδὶ
1738 613 1821 649 αύτῷ,
1838 613 1886 641 καὶ

1100 659 1138 695 τῷ
1154 660 1255 695 σφόδρα
1280 661 1384 696 ἀνοήτῳ
1396 661 1516 688 δοκοῦντι
1536 659 1616 694 εἶναι,
1634 660 1721 688 πάντα
1734 659 1885 686 εὑσύνοπτα

1102 706 1149 732 καὶ
1165 706 1243 741 ῥᾴδια
1257 707 1435 742 καταμαθεῖν.
1446 707 1564 734 Τοιαῦτα
1573 706 1627 742 γὰρ
1636 706 1671 733 τὰ
1685 706 1733 741 τῆς
1745 705 1884 741 ἀληθείας·

1103 750 1159 786 [12]
1172 752 1218 778 καί¹
1235 754 1368 789 μαρτυρεῖ
1377 753 1431 780 τῶν
1445 753 1616 789 πραγμάτων
1634 752 1666 778 τὸ
1678 751 1765 783 τέλος.
1782 751 1886 782 Πάντες

1099 796 1166 832 γοῦν
1178 797 1278 832 ἔμαθον
1290 797 1324 824 τὰ
1336 797 1470 833 πρακτέα·
1485 798 1533 824 καὶ
1544 799 1593 824 οὐκ
1604 797 1703 832 ἔμαθον
1714 797 1802 832 μόνον,
1817 796 1882 824 ἀλλὰ

1100 843 1147 869 καὶ
1161 842 1314 878 ἐζήλωσαν·
1332 843 1379 870 καὶ
1391 843 1442 870 οὐκ
1459 843 1488 869 ἐν
1499 844 1559 875 ταῖς
1574 843 1665 869 πόλεσι
1678 843 1768 878 μόνον,
1784 844 1844 871 οὐδὲ
1853 845 1882 872 ὲν

1102 887 1198 922 μέσαις
1209 889 1268 920 ταῖς
1284 888 1406 924 ἀγοραῖς.
1423 887 1491 915 ἀλλὰ
1506 889 1553 915 καὶ
1564 890 1592 916 ἐν
1610 890 1670 920 ταῖς
1685 889 1817 925 κορυφαῖς
1829 889 1882 915 τῶν

1100 933 1181 968 ὀρῶν.
1203 934 1257 960 Kul
1285 933 1340 969 γάρ
1361 933 1419 960 ἐκεῖ
1439 933 1539 970 πολλὴν
1562 934 1623 969 όψει
1647 935 1697 970 τήν
1725 934 1882 969 φιλοσοφίαν

1100 976 1192 1011 οὖσαν,
1208 979 1254 1006 καὶ
1271 980 1366 1015 χοροὺς
1386 979 1509 1014 ἀγγέλων
1537 980 1566 1006 ἐν
1594 980 1755 1016 ἀνθρωπίνῳ
1777 980 1882 1016 σώματι

1101 1023 1268 1059 λάμποντας,
1285 1025 1332 1051 καὶ
1347 1025 1396 1061 τὴν
1414 1024 1468 1052 τῶν
1477 1025 1598 1061 οὐρανῶν
1615 1026 1751 1052 πολιτείαν
1767 1026 1881 1053 ἐνταῦθα

1102 1070 1278 1106 φαινομένην.
1304 1071 1360 1097 Kul
1387 1071 1441 1106 γὰρ
1465 1070 1601 1097 πολιτείαν
1624 1071 1745 1106 ἔγραψαν
1767 1073 1833 1107 ἡμῖν
1858 1072 1882 1098 οἱ

1103 1115 1197 1148 ἁλιεῖς,
1222 1115 1272 1142 οὐκ
1291 1116 1345 1142 ἀπὸ
1361 1116 1464 1143 παίδων
1489 1115 1664 1148 κελεύσαντες
1688 1117 1882 1152 λαμϐάνεσθαι,

1102 1161 1228 1197 καθάπερ
1245 1163 1354 1196 ἐκεῖνοι,
1369 1163 1429 1189 οὐδὲ
1448 1162 1533 1190 τόσων
1560 1163 1607 1189 καὶ
1622 1163 1707 1190 τόσων
1721 1163 1788 1190 ἐτῶν
1805 1172 1881 1198 νομο-

1103 1207 1243 1239 θετοῦντες
1267 1206 1336 1235 εἶναι
1358 1208 1404 1235 τὸν
1420 1209 1444 1225 ³⁸
1458 1209 1584 1244 ἐνάρετον
1598 1217 1605 1224 ·
1624 1209 1681 1236 ἀλλ’
1703 1209 1795 1241 ἁπλῶς
1810 1210 1883 1243 πάσῃ

1103 1253 1289 1289 διαλεγόμενοι
1303 1254 1406 1290 ἡλικίᾳ.
1423 1254 1528 1281 Ἐκεῖνα
1546 1255 1594 1290 μὲν
1606 1254 1660 1290 γὰρ
1670 1275 1678 1287 ,
1702 1255 1805 1282 παίδων
1821 1255 1878 1282 παί-

1103 1307 1180 1334 γνια·
1195 1299 1282 1326 ταῦτα
1305 1300 1348 1333 δέ,
1372 1301 1541 1336 πραγμάτων
1555 1301 1678 1337 ἀλήθεια.
1697 1301 1750 1328 Καὶ
1761 1302 1842 1328 τόπον
1857 1299 1887 1328 δὲ

1104 1346 1247 1373 ἀπέδωκαν
1275 1347 1309 1382 τῇ
1338 1347 1460 1384 πολιτείᾳ
1487 1347 1573 1384 ταύτῃ
1604 1349 1649 1375 τὸν
1675 1348 1789 1384 οὐρανὸν
1803 1368 1810 1380 ,
1837 1347 1885 1375 καὶ

1104 1391 1228 1427 τεχνίτην
1249 1393 1333 1428 αὐτῆς
1346 1393 1391 1419 τὸν
1405 1393 1471 1420 Θεὸν
1483 1395 1644 1429 εἰσήγαγον,
1667 1395 1714 1421 καὶ¹
1739 1393 1885 1429 νομοθέτην

1104 1437 1159 1463 τῶν
1169 1438 1226 1463 ἐκεῖ
1240 1438 1373 1472 κειμένων
1383 1439 1406 1455 ³⁸
1423 1439 1512 1474 νόμων
1523 1447 1529 1454 ·
1547 1439 1641 1475 ὥσπερ
1656 1437 1702 1466 οὖν
1723 1440 1770 1466 καὶ
1792 1439 1883 1475 ἐχρῆν.

1106 1483 1127 1508 Τ
1129 1482 1146 1508 ἀ
1159 1483 1187 1509 δὲ
1203 1482 1307 1523 ἔπαθλα
1320 1484 1370 1518 τῆς
1384 1484 1529 1517 πολιτείας,
1554 1485 1585 1511 οὐ
1601 1485 1687 1520 φύλλα
1702 1484 1813 1520 δάφνης,
1827 1483 1888 1511 οὐδὲ

1107 1528 1225 1559 κότινος,
1243 1520 1304 1556 οῦδὲ
1321 1530 1338 1564 ἡ
1356 1530 1385 1556 ἐν
1400 1531 1553 1566 πρυτανείῳ
1566 1531 1688 1564 σίτησις,
1709 1530 1768 1557 οὐδὲ
1785 1529 1883 1560 εἰκόνες

1107 1575 1215 1609 χαλκαῖ,
1231 1575 1265 1602 τά
1285 1575 1378 1610 ψυχρά
1387 1575 1472 1602 ταῦτα
1482 1576 1528 1602 καὶ
1543 1576 1636 1611 εὐτελῆ
1646 1585 1653 1592 ·
1665 1575 1731 1603 ἀλλά
1743 1575 1799 1610 ζωὴ
1813 1575 1888 1606 τέλος

1108 1621 1158 1646 οὐκ
1171 1620 1280 1656 ἔχουσα,
1293 1621 1340 1647 καὶ
1349 1622 1380 1648 τὸ
1387 1621 1454 1648 Θεοῦ
1468 1621 1594 1656 γενέσθαι
1607 1621 1713 1654 παῖδας,
1727 1621 1774 1648 καὶ
1789 1621 1820 1648 τὸ
1830 1621 1887 1656 μετ’

1108 1664 1232 1698 ἀγγέλων
1241 1664 1372 1700 χορεύειν,
1391 1665 1437 1693 καὶ
1451 1665 1489 1701 τῷ
1501 1665 1586 1701 θρόνῳ
1600 1666 1767 1702 παρεστάναι
1791 1665 1830 1701 τῷ
1841 1665 1888 1700 βα-

1108 1709 1215 1744 σιλικῷ,
1225 1711 1272 1737 καὶ
1284 1710 1415 1745 διηνεκῶς
1428 1709 1498 1738 εἶναι
1516 1711 1586 1746 μετὰ
1602 1711 1730 1747 Χριστοῦ.

1134 1757 1171 1786 ς’.
1179 1755 1344 1790 Δημαγωγοὶ
1351 1755 1380 1782 δὲ
1390 1756 1440 1791 τῆς
1448 1757 1584 1788 πολιτείας
1593 1758 1646 1784 εἰσὶ
1657 1757 1757 1792 ταύτης
1765 1756 1888 1790 τελῶναι,

1108 1800 1156 1827 καὶ
1171 1800 1268 1832 ἁλιεῖς,
1284 1802 1331 1828 καὶ
1356 1803 1521 1838 σκηνοποιοὶ,
1547 1803 1596 1830 οὐκ
1613 1805 1642 1830 ἐν
1655 1804 1742 1839 χρόνῳ
1759 1802 1890 1838 ζήσαντες

1104 1853 1197 1889 ὀλίγῳ,
1217 1853 1285 1880 ἀλλά
1303 1853 1346 1880 διὰ
1359 1854 1458 1885 παντὸς
1475 1853 1583 1886 ζῶντες.
1599 1854 1647 1881 Διά
1660 1854 1739 1881 τοῦτο
1758 1855 1805 1881 καὶ
1821 1855 1891 1890 μετά

1105 1898 1232 1934 τελευτὴν
1258 1899 1322 1930 τοὺς
1351 1898 1575 1933 πολιτευομένους
1598 1899 1633 1926 τὰ
1660 1899 1777 1935 μέγιστα
1795 1899 1890 1934 ὀνῆσαι

1105 1941 1220 1967 δύναιντ’
1235 1941 1278 1968 ἀν.
1295 1941 1387 1977 Ταύτῃ
1406 1943 1438 1977 τῇ
1457 1941 1577 1978 πολιτείᾳ
1585 1943 1701 1978 πόλεμος
1711 1943 1741 1970 οὺ
1761 1943 1829 1978 πρὸς
1843 1944 1891 1970 ἀν-

1106 1985 1241 2021 θρώπους,
1266 1986 1334 2013 ἀλλά
1357 1987 1425 2022 πρὸς
1445 1987 1576 2022 δαίμονας
1598 1988 1645 2014 καὶ
1667 1989 1717 2020 τὰς
1729 1989 1892 2024 ἀσωμάτους

1104 2031 1235 2067 δυνάμεις
1253 2032 1363 2063 ἐκείνας
1388 2033 1456 2059 ἐστί.
1482 2033 1528 2060 Διὸ
1554 2034 1602 2060 καὶ
1630 2035 1781 2070 στρατηγὸς
1800 2035 1892 2066 αὐτοῖς

1104 2078 1154 2104 οὐκ
1185 2077 1345 2112 ἀνθρώπων,
1360 2079 1420 2106 οὐδὲ
1433 2079 1556 2113 ἀγγέλων
1573 2079 1660 2111 οὐδεὶς
1672 2099 1680 2112 ,
1705 2080 1762 2107 ἀλλ’
1780 2080 1860 2112 αὐτὸς
1877 2081 1893 2107 ό

1105 2125 1181 2155 Θεός.
1199 2125 1253 2151 Kul
1262 2125 1297 2152 τὰ
1308 2125 1378 2152 ὅπλα
1391 2125 1419 2152 δὲ
1433 2125 1487 2151 τῶν
1498 2126 1671 2161 στρατιωτῶν
1685 2126 1787 2153 τούτων
1802 2127 1893 2161 μιμεῖ-

1104 2179 1149 2197 ται
1166 2170 1212 2197 τοῦ
1227 2170 1346 2206 πολέμου
1361 2171 1410 2206 τὴν
1423 2171 1503 2206 φύσιν
1513 2179 1520 2186 ·
1534 2172 1564 2198 οὐ
1577 2171 1600 2187 ³⁸
1614 2171 1668 2207 γὰρ
1689 2172 1743 2199 ἀπὸ
1759 2172 1893 2208 δέρματος

1105 2218 1153 2244 καὶ
1180 2217 1289 2253 σιδήρου
1312 2217 1556 2252 κατεσκευασμένα
1583 2218 1673 2249 εἰσὶν,
1707 2217 1764 2253 [15]
1783 2218 1841 2245 ἀλλ’
1863 2218 1894 2250 ἐξ

1105 2263 1234 2297 ἀληθείας
1248 2263 1295 2290 καὶ
1309 2262 1481 2298 δικαιοσύνης
1494 2263 1540 2289 καὶ
1549 2264 1667 2294 πίστεως
1677 2264 1724 2290 καὶ
1735 2263 1893 2298 φιλοσοφιας

1105 2310 1224 2345 ἁπάσης.
1245 2309 1322 2335 Ἐπεὶ
1332 2307 1379 2335 οὖν
1394 2308 1459 2344 περὶ
1471 2309 1522 2343 τῆς
1534 2308 1671 2340 πολιτείας
1686 2309 1788 2345 ταύτης
1804 2310 1851 2336 καὶ
1863 2309 1894 2335 τὸ

1107 2354 1209 2389 βιϐλίον
1233 2353 1313 2381 τοῦτο
1330 2354 1496 2389 γέγραπται,
1523 2354 1570 2381 καὶ
1589 2355 1656 2390 ἡμῖν
1683 2355 1825 2391 πρόκειται
1846 2355 1894 2382 νῦν

1106 2400 1202 2431 εἰπεῖν,
1223 2399 1401 2434 προσέχωμεν
1416 2398 1538 2434 ἀκριϐῶς
1554 2399 1594 2434 τῷ
1607 2399 1740 2436 Ματθαίῳ
1754 2400 1819 2436 περὶ
1828 2400 1894 2427 ταύ-

1105 2453 1155 2480 της
1165 2445 1270 2481 τρανῶς
1281 2445 1303 2460 ³⁷
1322 2444 1515 2480 διαλεγομένῳ.
1530 2445 1567 2472 00
1585 2445 1640 2481 γὰρ
1661 2445 1754 2479 αὑτοῦ,
1770 2446 1837 2473 ἀλλά
1847 2446 1894 2473 τοῦ

1107 2490 1156 2526 τὴν
1171 2489 1314 2517 πολιτείαν
1336 2489 1567 2526 νομοθετήσαντος
1594 2490 1713 2526 Χριστοῦ
1731 2491 1819 2517 πάντα
1835 2491 1895 2518 ἐστὶ

1106 2537 1140 2563 τὰ
1165 2536 1308 2570 λεγόμενα.
1333 2535 1517 2571 Προσέχωμεν
1531 2536 1570 2568 δὲ,
1591 2536 1635 2563 ἵνα
1659 2537 1706 2563 καὶ
1722 2537 1895 2574 ἐγγραφῆναι

1108 2581 1268 2618 δυνηθῶμεν
1288 2581 1329 2613 είς
1343 2582 1440 2617 αὐτὴν,
1459 2582 1507 2609 καὶ
1533 2581 1640 2618 λάμψαι
1667 2583 1737 2618 μετὰ
1760 2583 1816 2610 τῶν
1842 2583 1893 2620 ἠδη

1108 2627 1357 2662 πολιτευσαμένων,
1381 2628 1429 2654 καὶ
1442 2628 1506 2660 τοὺς
1524 2628 1699 2663 ἀμαράντους
1713 2629 1833 2661 ἐκείνους
1846 2630 1894 2656 ἐκ-

1106 2673 1257 2710 δεχομένων
1279 2674 1439 2709 στεφάνους.
1467 2674 1597 2709 Καίτοιγε
1614 2675 1722 2707 πολλοῖς
1747 2675 1858 2708 εὔκολος
1880 2677 1895 2703 ό

1107 2721 1185 2755 λόγος
1196 2718 1274 2753 οὗτος
1289 2719 1358 2749 εἶναι
1369 2721 1452 2754 δοκεῖ,
1465 2721 1499 2748 τὰ
1511 2721 1540 2747 δὲ
1556 2721 1610 2747 τῶν
1633 2722 1782 2757 προφητῶν
1800 2722 1894 2748 δυσκο-

1106 2767 1165 2794 λίαν
1181 2766 1261 2802 έχειν.
1284 2766 1364 2794 Ἀλλὰ
1376 2766 1423 2793 καὶ
1434 2765 1513 2792 τοῦτο
1524 2765 1692 2800 ἀγνοούντων
1702 2767 1760 2793 ἐστί
1771 2767 1800 2793 τὸ
1815 2767 1895 2802 βάθος

1106 2814 1160 2841 τῶν
1172 2814 1390 2850 ἐναποκειμένων
1400 2811 1475 2848 αύτῷ
1483 2812 1506 2829 ³⁸
1515 2813 1668 2848 νοημάτων.
1679 2813 1724 2840 Διὸ
1733 2813 1894 2850 παρακαλῶ,

1368 2877 1475 2912 χέοντες
1491 2878 1524 2906 Α.
1561 2878 1584 2893 ¹⁹
1593 2877 1653 2904 οὐδέ
1663 2885 1717 2905 0m.
1736 2878 1768 2905 Ε.
1806 2878 1828 2894 ³⁸
1841 2874 1893 2912 διό]

1368 2922 1446 2940 τοπον
1463 2913 1559 2947 Steph.
1569 2913 1632 2940 Sav.
1681 2913 1703 2930 "
1718 2913 1809 2948 φθάσῃ
1820 2913 1890 2940 Edd.

1718 2923 1809 2948 φυασῃ
1821 2923 1890 2940 nuu.

273 2949 295 2964 ³³
312 2950 402 2976 πᾶσαν
416 2949 513 2981 ἁπλῶς
524 2949 585 2984 τήν]
599 2949 644 2975 Sic
664 2949 715 2975 An.
729 2953 757 2976 el.
771 2948 857 2976 Codd.
868 2951 957 2976 πᾶσαν
977 2949 1026 2982 τὴν

1106 2958 1138 2983 ην
1157 2949 1233 2984 Ειω,
1256 2947 1283 2984 γ³ξ
1299 2948 1357 2983 τόν]
1374 2948 1403 2974 τό
1417 2948 1486 2975 Edd.
1505 2950 1605 2983 printer
1619 2948 1685 2975 Mor.
1726 2950 1748 2965 ³⁵
1759 2947 1893 2984 κειμένων

270 2990 326 3012 om.
342 2984 456 3014 caedem.
495 2985 517 3001 "
529 2983 649 3018 colei/6%.
668 2983 739 3012 Edd.
778 2984 798 3000 ³⁷
809 2984 912 3020 τρανῶς
927 2992 980 3011 om.
997 2984 1027 3012 Α.

1114 2985 1136 3000 ³³
1149 2983 1234 3016 αὐτῷ]
1252 2983 1296 3010 Sic
1311 2984 1342 3011 E.
1364 2984 1453 3010 αὐτῶν
1467 2983 1498 3010 Α.
1515 2983 1606 3011 cancri
1622 2984 1722 3015 αὐτοῖς,
