2056 3130
146 175 176 204 f9
741 173 773 201 ΙΝ
794 172 940 201 ΜΔΤΤΙΙᾸ

989 173 1001 200 ηι
1033 172 1150 200 nomn
1171 176 1191 206 τ,

141 227 276 259 utendum,
284 228 362 255 aliud
390 230 556 259 institutum
572 253 579 265 ,
596 230 683 257 omnia
704 229 819 263 denique
835 234 944 255 mttlnlzt.

141 276 190 303 Non
202 274 270 301 sicut
295 274 390 307 Plato,
420 278 475 312 qui
503 277 639 305 ridiculam
667 275 945 310 illamrcmpublicam

144 321 259 352 instituit,
281 328 336 348 non
355 322 435 349 sicut
450 323 528 355 Zeno
540 322 594 359 (a),
610 326 636 350 et
655 322 676 349 si
694 321 738 356 qui
753 320 799 348 alii
818 320 852 348 de
868 327 946 355 repu-

139 367 199 395 blica
214 366 364 400 scripsere.
383 368 522 404 legesque
535 368 652 396 edidere.
668 366 805 402 Siquidem
818 366 859 393 vel
873 373 906 392 ex
919 372 948 392 re

138 417 187 442 ipsa
199 409 382 442 conspicuum
395 409 464 442 fuit,
479 411 620 445 malignum
636 411 767 445 spiritum,
781 410 945 438 daemonem—

135 462 182 490 que
195 454 356 490 quempiam
374 454 483 488 ferum,
498 461 599 483 natura:
611 461 708 482 noslrze
722 455 826 482 hostem
837 476 844 484 .
863 456 944 482 casti-

136 501 192 526 tatis
205 500 362 533 inimicum,
381 500 539 528 honestatis
554 500 737 527 adversarium
749 521 756 533 ,
778 501 867 528 omnia
884 508 945 527 sus—

135 549 216 580 tteqne
238 548 403 573 vertentem
423 567 432 579 ,
459 547 517 573 haec
541 546 647 573 illorum
669 545 765 573 animis
788 545 942 573 inseruisse.

133 592 196 619 Cum
209 591 283 618 enim
294 598 407 619 uxores
425 592 551 619 omnibus
564 598 719 618 communes
735 590 842 624 faciant,
859 591 945 618 nudas

135 638 246 673 rirgines
261 636 297 663 ad
322 638 522 671 spectaculum
544 638 661 664 virorum
685 637 710 663 in
730 636 881 671 pain-stram
894 636 944 663 du-

133 689 202 716 rant,
228 682 432 710 clandestinas
454 684 560 718 nuptias
587 687 728 718 apparent,
753 683 841 708 omnia
867 681 944 709 simul

133 729 346 757 cottintiscentes
361 733 395 757 et
411 730 623 761 conturbantes,
641 733 795 763 natum-que
816 728 945 755 terminos

132 779 294 808 cvcrtenles,
313 775 387 810 quid
405 775 478 803 aliud
491 775 526 803 de
540 775 593 802 illis
607 774 659 801 dici
670 774 773 809 possit?
784 773 860 807 Quod
873 773 943 800 enim

134 824 188 848 tunc
201 820 296 848 omnia
320 821 385 848 sint
407 822 561 849 daemonum
576 821 682 848 inventa
705 826 733 848 et
747 824 849 847 naturae
864 827 945 854 repu-

131 867 248 902 gnantia,
265 867 329 902 ipsa
344 873 429 896 certe
444 873 538 896 natura
554 867 712 895 testiﬁcatur
723 888 730 900 ,
745 875 805 902 quae
819 871 846 894 et
860 874 942 902 supra

132 914 207 940 dictis
220 913 362 940 abhorret
387 923 396 941 :
412 918 440 942 et
463 914 508 941 illa
523 921 575 941 non
600 921 660 941 cum
680 913 943 948 persequutionibus,

134 968 184 992 non
192 966 254 987 cum
269 959 415 995 periculis
424 961 467 989 vel
483 960 592 995 praaliis,
607 959 652 986 sed
663 967 722 986 cum
739 959 863 986 libertate
872 959 944 986 omni

133 1010 159 1033 et
172 1005 324 1033 securitate
339 1006 534 1037 scribentium,
558 1009 585 1033 et
597 1009 691 1032 ornatu
713 1005 846 1031 sermonis
858 1004 944 1032 multo

135 1058 204 1086 saepe
231 1051 377 1078 utentium
397 1072 405 1085 ,
429 1050 539 1088 [emissa
565 1049 650 1086 sunt.]
677 1049 776 1077 Contra
793 1057 856 1076 vero
880 1049 938 1077 haec

134 1105 190 1132 qua:
204 1097 363 1132 praedicata
378 1102 442 1125 sunt
454 1104 469 1124 a
481 1097 667 1132 piscatoribus,
680 1096 772 1131 pulsis,
787 1095 944 1123 verberibus

134 1142 219 1175 caesis,
234 1143 309 1169 inter
325 1143 450 1178 pericula
467 1142 637 1170 versantibus
648 1162 655 1174 ,
671 1141 796 1169 inerudili
813 1162 820 1173 ,
837 1143 943 1177 sapien-

136 1193 183 1220 tes,
197 1188 284 1221 servi,
300 1188 397 1223 liberi,
407 1195 496 1225 reges.
508 1189 615 1223 milites,
632 1189 748 1224 barbari,
762 1190 860 1224 Graeci,
878 1199 940 1219 cum

135 1234 204 1262 omni
216 1235 418 1263 benevolentia
430 1242 570 1268 excepere.

166 1343 193 1371 5.
207 1344 311 1379 Neque
328 1351 393 1373 vero
401 1344 493 1373 dicere
507 1346 594 1380 possis
605 1365 612 1378 .
625 1346 700 1380 haec,
713 1348 784 1383 quod
799 1356 881 1384 parva
895 1358 938 1379 es-

134 1394 191 1417 sent
204 1395 236 1418 et
251 1389 376 1419 humilia
386 1410 395 1423 ,
409 1390 488 1419 facile
499 1398 516 1419 a
527 1393 631 1420 cunctis
651 1399 775 1429 suscepta
791 1394 883 1423 fuisse.
895 1396 938 1424 Si-

135 1436 241 1470 quidem
257 1437 326 1465 htec
340 1437 427 1465 multo
449 1437 605 1466 sublimiora
618 1444 681 1466 sunt
694 1440 758 1468 illis.
773 1440 937 1476 Virginitatis

136 1483 205 1512 enim
220 1482 259 1510 illi
274 1490 318 1511 ne
331 1490 430 1511 nomen
443 1483 552 1519 quidem
569 1485 612 1513 vel
634 1494 683 1521 per
694 1487 827 1515 somnium
840 1488 933 1523 imagi-

138 1528 189 1555 nati
208 1533 287 1562 sunt,
312 1536 367 1556 non
388 1534 594 1564 paupertatem,
617 1539 671 1560 non
691 1532 833 1568 jejunium,
850 1542 936 1569 neque

138 1574 295 1609 quampiam
325 1575 406 1603 aliam
431 1583 522 1604 rerum
546 1577 711 1606 sublimium.
731 1578 852 1614 Magistri
873 1588 937 1608 vero

138 1621 221 1647 εωθιτί
246 1628 309 1648 non
331 1622 412 1649 modo
434 1623 679 1658 concupiscentiam
708 1625 858 1659 eliminant,
882 1634 936 1654 non

140 1666 217 1693 modo
243 1668 350 1694 malum
375 1675 444 1702 opus
463 1669 605 1704 castigant,
629 1669 676 1698 sed
698 1670 778 1698 etiam
800 1675 936 1705 aspectum

143 1713 321 1748 impudicum,
334 1714 415 1742 verba
427 1715 631 1749 contumeliosa,
643 1716 726 1744 risum
737 1717 936 1753 immodestum,

141 1759 276 1793 habitum,
293 1761 440 1794 incessum,
455 1761 613 1795 clamorem,
629 1767 656 1790 et
669 1770 754 1798 usque
773 1763 807 1791 ad
828 1765 937 1793 minima

141 1810 296 1833 accuratam
312 1806 483 1841 disciplinam
506 1807 653 1835 extendunt
666 1828 674 1840 ,
687 1813 768 1844 atque
783 1810 937 1838 universum

141 1852 233 1880 urbem
250 1852 412 1888 virginitatis
434 1854 556 1888 germine
570 1854 750 1888 repleverunt.
767 1855 804 1882 De
820 1855 874 1883 Deo
892 1863 939 1883 au-

143 1903 193 1925 tem
206 1899 298 1933 deque
321 1899 474 1927 caelestibus
489 1907 520 1927 ea
540 1899 723 1935 philosophari
742 1901 865 1935 suadent,
880 1910 938 1937 qme

144 1945 206 1972 nulli
224 1953 323 1972 eorum
342 1953 467 1980 umquam
481 1946 507 1972 in
530 1951 647 1973 mentem
672 1947 766 1974 venire
785 1951 938 1982 potuerunt.

144 1986 286 2020 Quomodo
297 1987 370 2014 enim
384 1986 443 2014 haec
456 1988 616 2022 cogitassent
628 1989 672 2023 qui
684 1988 812 2022 ferarum,
827 1997 939 2024 serpen-

145 2034 209 2061 tium
225 2034 396 2068 aliorumque
408 2033 530 2061 viliorum
541 2034 670 2069 imagines
684 2035 711 2062 in
721 2035 832 2063 deorum
844 2044 939 2064 nume-

146 2087 202 2107 rum
213 2078 355 2106 retulere?
368 2079 494 2107 Attamen
509 2078 569 2107 haec
580 2079 703 2106 sublimia
714 2080 838 2116 dogmata
849 2089 939 2109 susce-

146 2135 188 2164 pta
201 2134 231 2157 et
248 2128 351 2156 credita
361 2133 424 2155 sunt
436 2128 462 2155 in
473 2128 584 2164 diesque
603 2127 701 2156 ﬂorent
708 2133 787 2164 atque
794 2134 918 2157 crescunt
930 2138 938 2162 ;

146 2176 253 2203 illorum
266 2182 332 2202 vero
351 2174 438 2201 cultus
455 2173 512 2201 abit
528 2178 556 2201 et
578 2174 665 2209 perit,
679 2178 759 2210 atque
780 2182 939 2203 aranearum

146 2221 209 2248 telis
227 2220 334 2248 facilius
357 2219 503 2247 evanescit.
523 2219 642 2255 llludque
662 2221 781 2248 merito:
804 2219 940 2249 daemones

147 2267 219 2295 enim
247 2267 305 2294 hare
327 2265 509 2301 praedicarunt
530 2275 537 2293 :
560 2271 723 2301 quapropter
745 2274 806 2294 cum
828 2267 939 2295 lascivia

148 2311 369 2340 multambabent
381 2311 712 2347 caliginem-maioremque
725 2312 855 2340 laborem.
870 2313 939 2347 Quid

148 2359 218 2385 enim
241 2357 327 2392 magis
350 2357 494 2385 ridiculum
512 2357 613 2390 fuerit,
627 2365 707 2393 quam
729 2358 868 2393 disciplina
884 2359 939 2392 illa,

149 2404 202 2437 ubi,
217 2408 317 2439 przeter
340 2411 373 2431 ea
395 2411 458 2439 quae
479 2403 550 2431 dicta
573 2408 646 2437 sunt,
660 2404 806 2433 innumeris
831 2406 941 2440 prolatis

150 2450 272 2476 versibus
287 2449 482 2482 philosophus,
501 2454 531 2475 ut
543 2449 605 2484 quid
621 2449 656 2477 sit
669 2450 772 2484 justum
796 2451 940 2484 ostendat,

146 2500 223 2524 tanta
231 2495 394 2530 loquacitate
409 2500 437 2524 et
448 2496 609 2524 obscuritate
620 2496 691 2524 dicta
701 2505 749 2525 sua
761 2499 858 2533 replet,
876 2505 905 2527 ut
919 2500 942 2527 si

147 2541 207 2575 quid
222 2541 304 2569 etiam
320 2542 383 2569 boni
409 2542 539 2569 haberent
551 2563 558 2575 ,
574 2542 716 2570 admodum
733 2549 822 2572 tamen
838 2545 941 2573 inutilia

147 2592 234 2614 essent
255 2588 397 2615 hominum
408 2588 490 2615 vitae?
502 2588 529 2615 Si
542 2589 613 2616 enim
632 2590 758 2624 agricola,
775 2591 816 2618 vel
830 2593 941 2619 aerarius

148 2633 219 2660 faber
238 2634 479 2666 vcl_architectus,
504 2639 550 2662 aut
569 2636 742 2670 gubernator,
767 2642 819 2664 aut.
835 2639 856 2665 si
880 2640 939 2673 quis

145 2679 209 2706 alius
223 2687 332 2713 eorum,
347 2680 394 2714 qui
417 2679 515 2707 diurno
529 2689 655 2708 manuum
673 2690 755 2717 opere
769 2685 868 2711 victum
890 2692 938 2719 pa.-

146 2732 210 2760 rant,
222 2726 305 2754 vellet
318 2726 354 2753 ab
369 2731 428 2753 arte
442 2733 488 2753 sua
500 2727 625 2762 justeque
640 2728 733 2756 labore
753 2729 900 2763 abstinere,
911 2732 937 2758 in

174 2844 211 2876 (α)
228 2844 339 2876 Platonis
350 2842 521 2876 deitepuhliea
533 2850 593 2873 opus
603 2843 698 2876 ignarat
708 2843 834 2869 nemo.Dc
846 2847 941 2870 Zenone

145 2873 206 2900 vero
216 2875 303 2900 t-Llcate
317 2874 376 2899 vide
387 2873 525 2905 Diogenem
536 2875 662 2899 laertiutn.
792 2876 796 2880 '

1747 174 1784 202 20

993 238 1079 266 eaque
1101 238 1130 258 re
1152 231 1250 258 multos
1260 238 1346 258 annos
1359 231 1512 265 absumere,
1528 235 1557 258 ut
1567 231 1629 266 quid
1643 232 1785 268 sitjustuut

992 276 1126 304 edisceret
1141 286 1146 303 :
1165 284 1236 311 smpe
1263 276 1418 311 priusquam
1435 276 1502 304 illud
1527 276 1699 311 edidicisset,
1717 279 1786 307 fame

992 327 1176 357 consumptus,
1200 322 1288 350 abiret
1313 322 1379 357 justi
1407 322 1527 349 discendi
1545 330 1637 356 causa,
1661 328 1689 351 et
1713 325 1786 352 nulla

991 373 1144 404 comparata
1159 368 1217 395 utili
1231 367 1383 403 disciplina,
1400 368 1545 396 violentam
1556 374 1670 396 mortem
1686 370 1783 397 obiret.

993 414 1088 442 Nostra
1103 421 1168 442 vero
1181 421 1234 442 non
1248 414 1402 449 hujusmodi
1413 419 1492 448 sunt;
1506 414 1552 442 sed
1565 415 1667 449 justum
1677 437 1685 448 ,
1700 416 1786 443 hone-

991 466 1071 494 stum,
1089 461 1164 494 utile,
1177 461 1343 496 virtutesque
1362 468 1466 495 omnes,
1481 461 1573 496 paucis
1587 461 1672 496 iisque
1681 462 1786 496 perspi-

991 508 1048 534 cuis
1063 507 1151 535 verbis
1161 506 1283 535 Christus
1294 515 1343 535 nos
1354 507 1458 535 edocuit
1468 507 1549 535 modo
1556 507 1648 535 dicens
1659 516 1666 534 :
1678 507 1712 535 In
1720 508 1785 534 duo-

991 554 1035 581 bus
1049 553 1175 580 mandatis
1189 554 1231 581 lea:
1242 558 1265 580 et
1280 554 1410 588 prop/tela
1422 553 1530 589 pendent
1543 554 1650 589 (Matth.
1661 553 1708 581 22.
1717 554 1763 589 40)
1776 563 1782 587 ;

991 599 1017 626 id
1025 603 1076 632 est,
1095 599 1120 626 iu
1131 599 1177 626 Dei
1193 603 1221 627 et
1232 599 1344 634 proximi
1364 599 1496 630 caritate;
1513 599 1656 635 aliquando
1676 606 1783 628 autem:

993 644 1162 680 Quacumque
1176 645 1251 672 vultis
1271 650 1298 672 ut
1320 645 1415 681 faciant
1429 645 1499 673 vobis
1513 645 1638 678 homines,
1653 650 1676 674 et
1689 654 1732 674 vos
1744 649 1785 682 fa-

990 691 1038 718 cile
1048 690 1109 717 illis.
1121 690 1187 718 "(Et
1199 695 1235 718 est
1247 691 1314 717 enim
1326 691 1368 718 lea:
1385 696 1409 718 et
1428 691 1558 726 prop/tela:
1570 690 1676 726 (Manli.
1689 693 1714 718 7.
1728 692 1783 727 12).

989 737 1055 770 Qua:
1066 741 1093 764 et
1113 737 1246 772 agricolae,
1268 742 1295 765 et
1308 745 1397 770 servo,
1411 742 1438 765 et
1450 737 1552 769 viduae,
1566 742 1594 765 et
1609 746 1702 774 puero,
1730 739 1784 766 imo

990 782 1069 808 etiam
1081 789 1106 809 et
1118 782 1163 816 qui
1178 781 1321 809 admodum
1340 782 1438 810 bardus
1451 789 1511 810 esse
1526 783 1657 815 videatur,
1674 784 1782 812 intelle-

990 832 1034 854 ctu
1049 827 1137 855 facilia
1153 827 1262 855 omnino
1282 832 1354 855 sunt.
1371 828 1434 855 Hinc
1446 833 1487 856 est
1497 829 1568 855 enim
1583 829 1704 857 veritatis
1718 837 1784 857 con-

989 872 1066 900 ditio.
1091 872 1156 900 Illud
1184 877 1272 900 autem
1298 873 1454 901 testiﬁcatur
1479 875 1536 908 ipse
1567 882 1658 901 rerum
1683 875 1781 903 exitus.

989 918 1125 953 Siquidem
1141 926 1236 946 omnes
1249 927 1308 954 quae
1324 918 1425 954 agenda
1447 924 1525 946 erant
1545 919 1707 952 didicerunt,
1725 929 1776 949 nec

989 966 1238 999 didiceruntmodo,
1251 966 1297 993 sed
1310 967 1390 993 etiam
1406 966 1515 1000 exsequi
1529 966 1689 993 studuerunt
1701 974 1707 992 :
1723 973 1776 992 non

985 1014 1011 1040 in
1027 1012 1136 1039 urbibus
1148 1016 1262 1046 tantum,
1272 1019 1322 1039 nec
1334 1012 1359 1039 in
1372 1012 1461 1039 medio
1476 1011 1535 1038 foro
1547 1019 1554 1044 ;
1568 1011 1615 1038 sed
1628 1011 1691 1039 etin
1703 1019 1779 1037 mon-

987 1059 1054 1087 tium
1067 1058 1213 1086 verticibus
1230 1057 1279 1094 (a).
1303 1058 1340 1086 lbi
1366 1058 1437 1085 enim
1459 1058 1570 1085 multam
1585 1057 1676 1085 videas
1690 1057 1777 1092 philo-

987 1104 1120 1139 sophiam,
1135 1103 1232 1131 choros
1246 1103 1402 1138 angelorum
1417 1103 1442 1130 in
1457 1103 1574 1131 humano
1589 1110 1702 1137 corpore
1725 1103 1779 1130 ful-

984 1158 1064 1186 gere,
1081 1154 1109 1178 et
1123 1150 1273 1177 institutum
1287 1150 1395 1177 cmleste
1414 1150 1525 1177 micare.
1547 1149 1614 1176 Nam
1630 1149 1779 1176 institutum

985 1195 1047 1223 vitze
1071 1195 1149 1223 nobis
1166 1195 1315 1230 piscatores
1338 1195 1471 1230 scripsere
1485 1203 1494 1223 :
1511 1202 1564 1222 non
1579 1202 1593 1221 a
1607 1201 1691 1229 puero
1705 1194 1783 1221 insti-

986 1242 1023 1269 tui
1048 1241 1175 1277 jubentes
1198 1246 1227 1268 ut
1242 1241 1277 1268 illi
1293 1241 1463 1276 philosophi,
1479 1248 1533 1268 non
1547 1246 1648 1268 certam
1673 1245 1779 1268 atatem

987 1288 1091 1315 virtutis
1105 1288 1228 1315 studioso
1242 1288 1460 1322 praeseribeutes,
1474 1287 1522 1315 sed
1534 1288 1655 1322 quamvis
1670 1292 1776 1315 natalem

985 1333 1165 1361 instituentes.
1192 1333 1239 1360 Illa
1261 1333 1333 1361 enim
1356 1340 1501 1368 puerorum
1523 1333 1602 1361 ludus
1618 1337 1697 1366 sunt;
1723 1333 1780 1360 ltzrc

985 1382 1084 1411 autem,
1094 1385 1184 1405 rerum
1206 1378 1315 1405 veritas.
1328 1378 1396 1405 Huic
1413 1377 1536 1405 instituto
1553 1377 1639 1406 locum
1663 1379 1783 1413 assigna-

985 1431 1049 1451 vere
1063 1425 1158 1451 caelum
1168 1445 1176 1457 ,
1194 1425 1332 1460 Deumque
1347 1424 1509 1452 induxerunt
1532 1424 1590 1460 ejus
1604 1425 1729 1460 opiﬁcem
1750 1432 1782 1452 ac

987 1469 1073 1504 legum
1088 1470 1201 1497 latorem
1214 1491 1221 1502 ,
1239 1474 1267 1497 ut
1290 1477 1338 1505 par
1352 1470 1462 1497 omnino
1478 1475 1545 1497 erat.
1571 1470 1689 1498 lnstituti
1716 1478 1781 1498 vero

987 1516 1095 1551 pnemia
1107 1537 1114 1547 ,
1131 1523 1183 1543 non
1200 1515 1268 1543 lauri
1292 1515 1366 1549 folia,
1381 1523 1433 1543 non
1456 1516 1564 1544 oleastri
1588 1524 1698 1549 corona,
1724 1524 1778 1544 non

986 1562 1137 1589 convivium
1155 1562 1181 1589 in
1207 1561 1341 1597 Prytaneo
1353 1561 1389 1597 (b)
1402 1583 1409 1594 ,
1430 1569 1483 1589 non
1504 1569 1582 1589 areae
1597 1567 1702 1595 statum,
1728 1570 1782 1590 non

987 1607 1081 1643 frigida
1095 1607 1190 1635 isthmc
1203 1613 1230 1636 et
1241 1608 1330 1635 inania
1346 1616 1353 1634 :
1366 1607 1414 1635 sed
1427 1607 1480 1635 vita
1492 1607 1571 1635 ﬁnem
1585 1615 1637 1635 non
1649 1608 1781 1642 habitura,

987 1654 1082 1683 collata
1105 1655 1221 1682 ﬁliorum
1236 1655 1284 1682 Dei
1308 1653 1436 1687 conditio,
1461 1654 1568 1682 choreae
1590 1662 1651 1682 cum
1681 1655 1785 1690 angelis

987 1705 1064 1733 actm,
1080 1705 1143 1728 ante
1163 1700 1259 1728 solium
1274 1700 1376 1736 regium
1390 1699 1709 1736 prtesentia,perpetuum
1721 1708 1783 1728 cum

987 1746 1093 1775 Christo
1108 1747 1284 1775 consortium.

1025 1847 1052 1877 6.
1068 1846 1152 1882 Hujus
1168 1853 1248 1881 porro
1267 1843 1381 1872 instituti
1399 1844 1525 1871 doctores
1545 1847 1608 1871 sunt
1630 1843 1763 1877 publicani
1775 1866 1783 1876 ,

990 1897 1136 1932 piscatores
1157 1898 1184 1921 et
1197 1893 1372 1921 tentoriorum
1391 1891 1517 1927 opiﬁces,
1538 1899 1590 1919 non
1610 1892 1654 1927 qui
1677 1892 1783 1919 modico

989 1947 1110 1976 tempore
1122 1939 1247 1971 vixerint,
1258 1937 1306 1966 sed
1316 1937 1361 1973 qui
1372 1941 1500 1964 aeternam
1510 1940 1592 1971 agant
1603 1938 1695 1964 vitam.
1707 1937 1783 1964 Ideo-

989 1994 1040 2022 que
1049 1986 1129 2013 etiam
1138 1989 1199 2020 post
1208 1987 1322 2011 mortem
1332 1982 1445 2010 instituti
1459 1986 1604 2010 sectatores
1612 1982 1705 2017 juvare
1718 1989 1782 2018 pos-

989 2033 1052 2059 sint.
1076 2031 1144 2058 Huic
1164 2029 1288 2058 instituto
1310 2028 1410 2056 bellum
1432 2032 1481 2060 est,
1507 2035 1560 2055 non
1582 2027 1711 2055 adversus
1732 2028 1783 2056 ho-

991 2079 1093 2111 mines,
1115 2076 1164 2105 sed
1186 2075 1315 2103 adversus
1332 2074 1469 2102 daamones
1488 2078 1515 2101 et
1537 2073 1710 2108 incorporeas
1724 2074 1783 2101 illas

993 2127 1148 2158 potestates.
1165 2121 1281 2156 Ideoque
1293 2120 1348 2148 dux
1363 2119 1415 2147 illis
1426 2123 1478 2152 est,
1494 2126 1547 2146 non
1562 2118 1654 2152 homo,
1670 2127 1722 2146 non
1734 2127 1782 2146 an-

994 2171 1129 2207 gelus,sed
1138 2171 1195 2206 ipse
1201 2168 1556 2198 Deus.Armaveroillorum
1567 2167 1722 2194 militumad
1730 2167 1767 2194 hu
1774 2181 1782 2186 —

992 2219 1037 2254 jus
1062 2218 1124 2246 belli
1144 2217 1277 2245 rationem
1297 2215 1434 2252 quadrant
1452 2223 1460 2242 :
1479 2222 1567 2249 neque
1586 2214 1659 2241 enim
1677 2221 1708 2241 ex
1726 2213 1781 2248 pel-

989 2275 1057 2298 nbus
1066 2275 1192 2306 parantur
1203 2273 1249 2297 aut
1262 2268 1344 2301 ferro,
1356 2267 1403 2295 sed
1415 2275 1450 2295 ex
1460 2266 1582 2299 veritate,
1588 2265 1708 2300 'Justitia,
1719 2264 1782 2299 ﬁde,

990 2316 1210 2352 philosophiaque
1229 2315 1312 2342 omni.
1327 2314 1457 2348 Quoniam
1482 2313 1562 2348 igitur
1574 2311 1609 2339 de
1631 2310 1784 2346 huiusmodi

991 2363 1132 2400 disciplina
1138 2363 1182 2390 hic
1192 2362 1258 2390 liber
1266 2366 1307 2390 est
1315 2361 1494 2395 conscriptus,
1506 2359 1538 2386 de
1547 2366 1598 2394 qua
1607 2358 1684 2385 nobis
1694 2358 1784 2385 dicere

991 2409 1157 2445 propositum
1172 2412 1213 2436 est
1223 2428 1230 2441 ,
1246 2407 1398 2435 Matthazum
1413 2410 1515 2433 attente
1530 2404 1671 2432 audiamus
1689 2404 1723 2432 de
1736 2403 1784 2431 illa

990 2455 1129 2492 perspicue
1141 2455 1317 2483 disserentem
1331 2462 1338 2480 :
1350 2460 1402 2480 non
1413 2452 1484 2479 enim
1497 2451 1554 2486 eius
1565 2454 1628 2478 sunt
1640 2450 1721 2484 dicta,
1735 2450 1784 2477 sed

989 2502 1098 2535 Christi,
1113 2501 1158 2536 qui
1171 2500 1241 2528 banc
1252 2499 1420 2535 disciplinam
1437 2497 1562 2525 instituit.
1579 2497 1704 2524 Animum
1717 2503 1782 2530 ergo

990 2549 1175 2580 adhibeamus,
1190 2552 1220 2575 ut
1233 2547 1259 2574 in
1274 2546 1320 2574 illa
1331 2552 1481 2573 mereamur
1495 2543 1622 2577 adscribi,
1636 2550 1668 2570 ac
1682 2542 1783 2577 fulgere

990 2604 1051 2624 cum
1068 2596 1101 2623 iis
1116 2595 1160 2630 qui
1175 2594 1225 2621 hoc
1239 2593 1390 2620 institutum
1411 2590 1513 2619 emensi
1538 2590 1703 2618 immortales
1724 2589 1783 2616 illas

991 2648 1119 2677 accepere
1140 2646 1264 2668 coronas.
1288 2638 1377 2666 Multis
1393 2641 1465 2665 certe
1479 2637 1538 2664 huic
1559 2635 1646 2664 facilia
1661 2634 1785 2662 videntur

992 2695 1065 2720 esse,
1080 2686 1271 2722 prophetarum
1287 2691 1354 2712 vero
1374 2683 1444 2711 dicta
1463 2682 1578 2710 multum
1598 2681 1696 2708 habere
1714 2680 1784 2707 difﬁ-

991 2732 1107 2761 cultatis.
1124 2731 1223 2759 Verum
1238 2729 1274 2757 ita
1294 2728 1448 2757 existimant
1470 2727 1506 2761 ii,
1524 2726 1569 2762 qui
1591 2725 1784 2753 sententiarum

1017 2810 1054 2871 Ea;
1070 2810 1110 2835 De
1117 2809 1240 2835 monachis
1251 2810 1276 2834 in
1286 2811 1370 2834 monte
1380 2808 1530 2840 degentibus
1541 2809 1658 2839 loquitur.

1030 2841 1043 2866 b
1070 2840 1286 2871 Prytanenmlocus
1295 2844 1348 2865 erat
1358 2840 1400 2864 ubi
1412 2846 1554 2864 communes
1567 2839 1646 2871 epulae

1030 2839 1054 2872 b)
1070 2840 1286 2873 Prytanenmlocus
1295 2844 1348 2865 erat
1358 2840 1400 2864 ubi
1412 2846 1554 2864 communes
1567 2839 1646 2871 epulo:
1659 2839 1783 2865 dabantur.

987 2872 1017 2896 iis
1028 2871 1069 2904 qui
1080 2871 1112 2897 (lc
1124 2871 1222 2903 publico
1232 2872 1297 2897 bene
1309 2874 1460 2896 meruerant.
