2056 3130
265 151 296 179 Il
615 147 644 174 δ.
662 145 805 174 JOA'NNIS
821 142 1066 173 CHRXSOS'IOMI
1086 140 1246 170 ARCHIEP.
1264 138 1537 169 CONSTANTINOP.
1857 136 1895 165 ἓξ

257 211 293 239 ibi
307 207 503 237 reconditarum
517 205 726 241 profunditatem
738 203 871 238 ignorant.
886 200 1053 235 Quapropter

257 263 334 292 rogo,
341 262 391 282 nos
399 261 458 282 cum
466 259 562 288 magno
570 250 659 279 studio
665 247 825 284 sequamini,
833 250 864 274 ut
869 244 907 273 Ch
911 245 977 273 risto
983 244 1051 272 duce

257 304 285 331 in
298 303 350 330 hoc
361 301 522 336 scriptorum
533 298 642 334 pelagus
652 295 754 332 ingredi
765 295 914 323 valeamus.
925 292 962 321 Ut
972 299 1051 328 porro

259 348 364 377 facilius
378 347 435 374 haec
448 345 587 374 addiscere
601 342 709 379 possitis
720 361 728 374 ,
742 347 869 376 rogamus
883 343 911 366 et
923 338 1051 366 obsecra-

260 402 330 428 mus,
338 393 364 421 id
373 391 443 428 quod
450 392 529 419 etiam
538 391 564 417 in
573 389 633 416 aliis
641 388 841 423 Scripturarum
849 384 925 413 libris
931 383 1055 417 fecimus,

260 445 291 469 ut
298 441 371 469 illam
381 438 525 474 Scriptura;
533 435 680 464 clausulam
688 453 696 467 ,
706 440 786 469 quam
795 430 996 466 interpretaturi
1010 436 1040 456 su
1050 445 1055 449 -

260 491 332 517 mus,
345 482 502 519 prtelibetis,
514 486 544 509 ut
557 482 637 508 lectio
650 480 828 515 cognitionem
840 477 972 513 praecedat
987 477 995 493 '
1006 485 1013 508 ;
1025 476 1052 505 id

259 529 331 565 quod
347 530 373 557 in
388 528 512 557 eunucho
525 527 653 562 conligit,
669 527 794 562 quodque
811 525 922 552 multam
937 524 1054 559 pra-beat

262 577 426 604 facilitatem.
442 575 610 610 Qumstiones
630 573 701 601 enim
724 572 845 608 plurimae
862 576 890 598 et
905 572 1055 606 frequentes

261 627 418 651 occurrunt.
428 621 617 650 Animadverte
628 627 692 654 ergo
706 619 794 645 statim
810 618 835 644 in
848 617 907 652 ipso
918 617 1053 652 Evangelii

261 668 385 701 exordio,
401 673 466 702 quot
478 671 507 695 et
520 670 617 702 quanta
633 664 774 700 qua-renda
788 668 940 691 occurram.
954 662 1054 695 Primo,

262 722 311 742 cur
320 713 430 748 Josepbi
441 711 596 747 genealogia
612 710 734 743 ducatur,
750 710 794 745 qui
805 709 903 737 Christi
918 713 992 744 pater
1004 715 1056 735 non

264 765 332 787 erat.
346 758 481 792 Secundo,
493 757 627 793 quomodo
637 757 744 791 planqu
759 756 810 784 erit
820 756 905 790 ipsum
917 762 948 781 ex
960 754 1058 782 Davide

265 805 397 840 originem
411 804 519 837 ducere,
534 811 594 831 cum
614 803 751 837 ignoretur
765 801 874 836 quinam
896 800 985 827 Maria;
999 807 1056 826 ina-

266 851 316 879 tris
328 851 387 886 ejus
406 850 522 885 majores
536 849 635 877 fuerint
652 857 658 876 :
679 855 766 883 neque
789 847 861 875 enim
883 847 996 882 Virginis
1010 853 1058 881 ge-

265 897 385 933 nealogia
399 897 534 933 descripta
546 895 605 924 fuit.
619 895 722 929 Tertio,
735 902 783 922 cur
795 893 917 929 .losepiii,
931 893 977 928 qui
992 892 1058 920 nihil

265 945 298 972 ad
311 944 510 980 generationem
527 941 650 974 contulit,
664 941 819 977 genealogia
832 942 945 967 ducatur
955 960 963 973 ,
978 939 1060 974 Virgo

266 995 355 1018 autem
368 997 429 1025 qtue
442 993 528 1017 mater
541 993 594 1021 est,
610 995 663 1023 quo
677 991 764 1022 patre,
781 994 830 1013 avo
845 991 871 1014 et
894 985 979 1012 abavo
1001 989 1059 1012 orta

266 1037 302 1064 sit
322 1043 376 1065 non
391 1039 525 1063 narretur.
541 1035 582 1062 Ad
596 1036 654 1062 haec
668 1033 734 1061 illud
753 1033 833 1060 etiam
859 1032 993 1067 inquirere
1014 1038 1062 1066 par

266 1087 319 1116 est,
344 1089 392 1110 eur
407 1081 524 1109 virorum
542 1079 725 1116 genealogiam
746 1086 919 1114 persequens,
935 1077 1062 1105 mulieres

268 1134 357 1156 tanton
380 1127 623 1156 commemoravit:
640 1130 668 1154 et
680 1125 787 1161 quando
799 1124 826 1152 id
846 1125 882 1151 ita
904 1124 956 1160 ipsi
976 1124 1061 1151 visum

269 1179 322 1207 est,
337 1181 386 1201 cur
400 1181 454 1201 non
467 1180 562 1201 omnes
582 1172 708 1200 mulieres
723 1171 887 1204 nominavit,
903 1170 950 1197 sed
974 1169 1062 1197 missis

271 1220 305 1248 iis
318 1228 378 1255 quae
392 1219 428 1247 ob
441 1219 600 1254 probitatem
612 1218 732 1246 celebres
741 1220 818 1246 erant
827 1238 835 1251 ,
848 1221 877 1244 ut
888 1216 954 1244 Sara
967 1220 996 1244 et
1009 1216 1060 1244 Be-

272 1267 364 1300 becca,
380 1271 409 1295 et
422 1265 564 1298 similibus,
580 1265 639 1292 illas
653 1268 755 1292 tantum
770 1263 797 1291 in
811 1263 928 1291 medium
941 1263 1062 1299 protulit,

270 1321 331 1349 quae
343 1313 434 1348 aliquo
446 1312 511 1340 vitio
525 1312 646 1340 celebres
660 1314 738 1338 erant
752 1318 760 1337 :
772 1310 794 1338 si
807 1317 859 1346 qua
874 1309 998 1338 videlicet
1009 1309 1060 1337 for-

271 1360 373 1387 nicaria
386 1363 433 1386 aut
446 1358 565 1386 adultera
576 1361 659 1391 esset,
671 1361 697 1384 et
708 1357 729 1384 si
744 1363 796 1392 qua
808 1361 935 1384 extranea
947 1361 994 1384 aut
1004 1356 1064 1384 bar-

272 1403 422 1431 bara.Nam
439 1411 549 1431 uxorem
562 1402 633 1430 Uriaa
648 1408 675 1430 et
685 1402 836 1430 Thamar-et
848 1402 975 1429 llahabet
986 1401 1060 1428 Ruth

271 1449 495 1477 commemoravit
505 1457 513 1482 ;
523 1456 639 1484 quarum
648 1448 700 1476 alia
707 1447 859 1483 alienigena
869 1447 994 1480 erat,alia
1005 1454 1057 1474 me~

273 1494 368 1527 retrix,
375 1494 429 1522 alia
435 1502 450 1521 a
457 1501 553 1522 socero
561 1494 654 1522 vitiata
662 1493 674 1521 f
674 1494 724 1527 uit,
736 1500 790 1520 non
799 1493 857 1528 lege
865 1491 1006 1523 connubii,
1015 1491 1062 1519 sed

274 1541 363 1567 furata
376 1540 550 1568 concubitum
568 1544 596 1567 et
624 1539 776 1567 meretricis
795 1543 936 1573 assumpta
954 1536 1061 1572 specie:

272 1586 345 1621 quod
357 1590 462 1621 spectat
470 1590 558 1613 autent
569 1584 640 1613 Uriae
651 1584 885 1620 uxorem,ignorat
893 1589 972 1610 nemo
980 1582 1015 1609 ob
1026 1581 1066 1608 fa-

271 1630 618 1666 cinoriscompicuitatem.
625 1630 753 1657 Attamen
760 1629 852 1657 missis
859 1628 921 1656 aliis
927 1626 1064 1660 omnibus,

274 1684 355 1706 nasce
371 1684 475 1706 tantum
488 1678 515 1705 in
528 1677 682 1714 genealogia
696 1678 795 1714 posuit.
810 1679 890 1713 Atqui
904 1678 926 1705 si
941 1678 1069 1705 mulieres

273 1731 491 1753 commemorare
505 1724 642 1759 oportuit,
655 1732 749 1752 omnes
764 1731 907 1752 recensere
925 1731 974 1759 par
992 1728 1069 1757 erat;

271 1770 294 1798 si
310 1778 364 1798 non
377 1777 484 1803 omnes,
499 1774 572 1798 certe
584 1770 679 1805 aliqua:
692 1777 783 1798 earum
799 1770 968 1805 proferendte
981 1775 1069 1802 erant,

271 1823 332 1851 quae
347 1815 447 1844 virtute
469 1815 633 1848 ﬂoruerant,
648 1823 701 1843 non
717 1823 810 1843 earum
831 1823 945 1851 quarum
962 1820 1070 1851 peccata

272 1866 336 1889 sunt
351 1861 503 1889 manifesta.
518 1861 614 1890 Videte
627 1866 725 1897 quanta
741 1862 819 1890 nobis
832 1863 979 1890 attentione
988 1863 1029 1890 vel
1043 1863 1070 1890 in

273 1907 385 1935 exordio
396 1908 431 1935 sit
437 1915 516 1942 opus,
527 1908 632 1936 etiamsi
642 1908 693 1936 hoc
701 1908 840 1936 exordium
847 1908 952 1937 caeteris
960 1908 1069 1943 clarius,

272 1952 327 1980 imo
342 1953 455 1981 fortasse
466 1953 587 1988 plurimis
601 1953 765 1988 superfluum
777 1961 838 1982 esse
858 1953 991 1988 videatur,
1008 1955 1070 1990 quia

273 1999 381 2027 nomina
389 2004 490 2027 tantum
505 2000 618 2035 plurima
629 2000 826 2035 complectitur.
838 2001 902 2028 Post
914 2001 971 2028 hzec
980 2006 1070 2028 autem

241 2049 244 2052 ‘
275 2044 340 2072 illud
354 2045 490 2080 inquirere
503 2053 551 2080 par
565 2050 617 2079 est,
632 2053 681 2073 cur
694 2051 749 2074 tres
766 2053 842 2081 reges
856 2046 988 2074 omiserit.
1003 2046 1070 2074 Nam

272 2090 295 2117 si
317 2097 411 2118 eorum
436 2095 529 2126 utpote
552 2091 696 2119 admodum
724 2092 865 2127 impiorum
892 2092 1000 2120 nomina
1029 2096 1070 2120 ta-

273 2137 344 2170 cuit,
356 2144 444 2172 neque
462 2136 530 2165 alios
545 2138 610 2172 ipsis
634 2137 735 2165 similes
758 2145 969 2166 commemorare
991 2146 1072 2173 opor-

275 2181 334 2209 tuit.
350 2181 408 2209 Alia
425 2182 488 2210 item
508 2183 622 2218 quaestio
636 2182 766 2218 exsurgit.
780 2182 847 2211 Cum
868 2183 1070 2219 quatuordecim

273 2235 334 2256 esse
346 2229 535 2264 generationes
547 2228 669 2263 dixisset,
686 2229 714 2257 in
736 2229 813 2257 tertia
827 2230 914 2257 classe
935 2229 1006 2257 hunc
1021 2237 1070 2257 nu-

273 2282 375 2302 merum
389 2282 442 2302 non
457 2276 584 2304 servavit.
600 2274 721 2311 Itemque
734 2283 782 2303 cur
795 2275 881 2304 Lucas
895 2276 947 2304 alia
961 2276 1069 2304 nomina

273 2321 420 2356 recensuit,
435 2326 463 2350 et
475 2329 523 2350 cur
538 2330 591 2350 non
606 2323 694 2350 solum
709 2331 762 2350 non
777 2321 886 2350 eosdem
902 2330 1006 2356 omnes,
1022 2322 1069 2351 sed

272 2367 354 2394 etiam
370 2368 454 2396 multo
469 2368 560 2404 plures
577 2368 800 2397 commemoravit
815 2377 822 2396 :
844 2367 985 2396 Matthmus
1004 2375 1069 2397 vero

276 2417 304 2440 et
317 2413 384 2441 alios
398 2418 426 2442 et
438 2413 574 2447 diversos,
587 2414 692 2442 etiamsi
715 2414 772 2449 ipse
790 2414 817 2441 in
836 2413 983 2449 .losephum
1004 2413 1068 2442 des-

273 2458 347 2491 ierit,
365 2458 392 2485 in
418 2467 472 2494 quo
496 2465 523 2488 et
545 2460 631 2488 Lucas
656 2460 736 2488 finem
760 2459 832 2487 fecit.
847 2459 944 2488 Videte
963 2459 1069 2495 quantis

273 2503 350 2530 nobis
370 2503 407 2530 sit
419 2511 487 2538 opus
501 2505 598 2540 vigiliis
613 2512 667 2532 non
681 2504 714 2532 ad
729 2504 890 2532 solvendum
906 2504 987 2532 modo
997 2524 1005 2537 ,
1021 2504 1069 2532 sed

272 2549 352 2576 etiam
373 2548 406 2576 ad
427 2549 584 2578 discendum
604 2558 726 2586 quaenam
746 2550 800 2578 sint
818 2550 956 2578 solvenda.
976 2550 1069 2587 Neque

273 2603 368 2630 parum
389 2600 432 2624 est
445 2603 476 2623 ea
492 2596 612 2625 invenire
631 2605 692 2632 quae
706 2601 819 2632 possunt
845 2596 872 2624 in
895 2596 1004 2625 dubium
1023 2605 1069 2625 vo.

272 2642 346 2676 rari;
363 2650 424 2669 nam
439 2642 506 2670 illud
527 2650 633 2678 quoque
646 2643 673 2670 in
696 2643 785 2670 dubiis
807 2646 980 2676 numeratur,
1002 2650 1069 2678 quo-

272 2687 352 2715 modo
363 2687 483 2716 Elisabet
497 2696 528 2715 ex
542 2687 656 2715 Levitica
668 2689 749 2722 tribu,
764 2693 875 2725 cognata
888 2689 922 2716 sit
932 2688 1029 2716 Marte.

307 2855 316 2871 ί
332 2854 426 2885 Motcl.,
439 2857 464 2879 ut
478 2852 544 2878 (cutio
557 2851 679 2878 lectionem
692 2854 824 2884 prttccdat.

1148 196 1173 223 7.
1188 195 1323 223 Conclusio
1337 194 1440 221 moralis
1452 203 1461 221 :
1474 194 1602 221 auditores
1622 200 1638 219 a
1652 191 1802 227 spectaculis
1820 196 1908 222 arcet;

1111 244 1224 270 studium
1246 242 1315 270 verbi
1338 242 1417 269 divini
1438 242 1465 268 in
1483 241 1519 268 eis
1540 241 1651 267 excitare
1672 243 1787 266 conatur.
1802 252 1838 257 —
1853 237 1907 264 Sed

1111 297 1144 317 ne
1153 290 1235 317 multa
1247 288 1326 316 simul
1337 291 1513 323 congerentes
1522 286 1678 313 memoriam
1686 290 1803 312 vestram
1815 284 1910 311 obrua-

1110 343 1170 363 mus
1194 336 1237 363 liic
1247 334 1371 370 loquendi
1383 333 1465 362 finem
1479 332 1616 361 faciemus.
1630 330 1734 359 Sufficit
1746 330 1817 358 enim
1830 328 1908 356 vobis

1114 386 1142 409 ut
1157 380 1309 408 excttemini
1321 401 1328 413 ,
1345 379 1367 406 si
1382 378 1545 414 quaestiones
1568 378 1627 405 illas
1640 377 1775 404 edtscatis.
1791 375 1819 404 Si
1837 383 1902 404 vero

1111 426 1271 455 solutionem
1283 425 1452 457 desideratis,
1464 429 1492 453 et
1505 423 1572 452 illud
1586 430 1692 459 quoque
1704 422 1746 450 vel
1761 427 1903 458 antequam

1112 472 1263 508 loquamur,
1279 472 1305 499 in
1319 476 1408 499 vestra
1423 471 1474 498 erit
1489 473 1622 505 potestate
1638 469 1730 496 situm.
1746 468 1774 496 Si
1789 476 1904 503 namque

1111 526 1159 546 vos
1170 518 1300 546 excitatos
1312 522 1340 545 et
1349 516 1471 545 discendi
1482 515 1593 551 cupidos
1607 515 1731 548 viderim,
1743 514 1904 542 solutionem

1111 564 1188 590 vobis
1202 562 1300 590 afferre
1311 562 1438 595 tentabo;
1453 562 1494 589 sin
1514 561 1662 589 oscitantes
1676 563 1705 587 et
1718 567 1772 587 non
1787 563 1906 586 attentos

1112 617 1296 645 conspexero,
1310 613 1337 636 et
1350 608 1513 644 qumstiones
1524 610 1552 634 et
1564 606 1724 634 solutionem
1739 605 1844 632 illarum
1857 612 1906 631 oe-

1113 655 1236 688 cultabo,
1251 655 1348 682 divina:
1359 655 1511 689 obsequens
1526 652 1575 688 legi
1590 660 1599 680 :
1614 651 1712 683 Nolite,
1728 650 1831 685 inquit,
1847 658 1908 677 aan-

1114 706 1182 728 ctum
1194 701 1256 728 dare
1271 700 1385 733 canibus,
1400 707 1480 734 neque
1492 697 1633 734 proficiatis
1647 696 1798 732 margaritas
1812 700 1908 722 vestras

1113 752 1171 774 ante
1181 754 1280 781 porcos,
1290 754 1321 772 ne
1335 747 1401 781 forte
1410 743 1557 771 canculam!
1567 751 1608 770 eus
1618 742 1722 777 pedibus
1735 742 1786 769 suis
1798 741 1906 777 (Matt/1.

1114 793 1140 820 7.
1156 792 1194 828 6).
1216 791 1281 825 Quis
1295 795 1337 819 est
1349 795 1438 818 autem
1459 790 1503 825 qui
1524 788 1683 817 conculcat?
1702 788 1752 821 Qui
1774 788 1830 815 htec
1854 795 1907 815 non

1115 840 1231 874 pretiosa
1245 843 1272 866 et
1284 838 1387 865 honore
1400 836 1479 872 digna
1490 843 1550 863 esse
1561 839 1663 863 censet.
1675 833 1782 869 Ecquis,
1794 834 1907 869 inquies,

1115 885 1150 912 ita
1166 885 1248 912 miser
1261 887 1313 917 est,
1328 889 1357 911 ut
1372 883 1429 910 haec
1443 890 1496 909 non
1512 881 1614 909 honore
1627 881 1716 916 digna,
1731 888 1780 908 nec
1789 880 1908 907 omnium

1116 930 1307 965 pretiosissima
1321 936 1382 957 esse
1393 927 1495 956 ducat?
1509 927 1533 955 ls
1545 928 1589 962 qui
1604 934 1656 954 non
1669 926 1723 954 illis
1737 930 1838 953 tantum
1851 931 1910 953 stu—

1115 977 1188 1004 dium
1202 975 1323 1009 adhibet,
1348 978 1478 1010 quantum
1503 973 1691 1001 meretricibus
1712 972 1908 1000 mulieribusin

1115 1022 1241 1050 satanicis
1258 1021 1380 1048 theatris.
1403 1020 1442 1048 ibi
1455 1019 1527 1047 enim
1542 1019 1650 1055 plurimi
1667 1022 1736 1046 totos
1749 1018 1806 1046 dies
1820 1022 1911 1045 trans-

1116 1069 1205 1105 igunt,
1232 1068 1369 1102 multaque
1392 1068 1419 1095 in
1434 1074 1464 1094 re
1478 1066 1628 1094 domestica
1649 1065 1796 1101 negligunt,
1816 1064 1853 1092 ob
1868 1064 1911 1091 in-

1116 1116 1302 1152 tempestivam
1317 1115 1388 1142 illam
1409 1113 1612 1149 occupationem
1623 1133 1631 1146 ,
1647 1111 1844 1147 diligenterque
1865 1111 1911 1137 illa

1117 1163 1246 1196 retinent,
1261 1169 1322 1197 qua).
1335 1161 1433 1189 ibidem
1447 1159 1578 1193 audiunt,
1593 1159 1691 1194 illaque
1704 1159 1731 1186 in
1746 1158 1843 1185 anima:
1857 1165 1914 1184 sua:

1117 1209 1262 1245 perniciem
1274 1212 1447 1236 conservant.
1463 1205 1511 1234 Hic
1524 1210 1614 1233 autem
1630 1205 1688 1240 ipso
1704 1204 1760 1232 Deo
1775 1203 1912 1239 loquente,

1117 1264 1151 1284 ne
1166 1255 1306 1282 minimum
1320 1253 1429 1289 quidem
1443 1251 1573 1286 temporis
1591 1257 1702 1278 manere
1716 1250 1819 1277 volunt.
1836 1249 1914 1277 idco-

1117 1309 1170 1337 que
1193 1300 1261 1328 nihil
1274 1306 1418 1327 commune
1438 1298 1568 1325 habemus
1582 1304 1644 1324 cum
1664 1296 1731 1324 cazio
1746 1304 1754 1322 :
1768 1295 1816 1324 sed
1830 1295 1914 1324 verbo

1120 1352 1200 1375 tenus
1218 1346 1280 1373 vita:
1294 1345 1445 1373 institutum
1469 1347 1591 1371 nostrum
1608 1341 1755 1378 peragitur.
1776 1340 1855 1369 Certe
1868 1348 1915 1376 ge-

1120 1393 1236 1420 hennam
1251 1391 1353 1419 idcirco
1366 1390 1437 1418 Deus
1449 1389 1629 1417 comminatus
1639 1392 1691 1421 est,
1703 1395 1758 1415 non
1769 1391 1799 1415 ut
1813 1387 1839 1414 in
1853 1395 1913 1414 eam

1121 1445 1172 1466 nos
1182 1436 1330 1472 conjiciat;
1350 1438 1396 1464 sed
1407 1441 1437 1463 ut
1453 1437 1532 1464 nobis
1549 1437 1710 1470 persuadeat
1730 1438 1910 1472 perniciosam

1122 1483 1196 1510 illam
1222 1482 1393 1518 tyrannidem
1411 1484 1422 1499 ¹
1443 1482 1547 1518 fugere.
1570 1482 1626 1511 Nos
1646 1491 1711 1511 vero
1731 1491 1746 1511 e
1772 1484 1910 1511 contrario

1121 1530 1242 1565 agimus;
1266 1528 1404 1561 audimus,
1426 1535 1454 1557 et
1474 1529 1596 1564 quotidie
1617 1529 1650 1557 ad
1672 1530 1742 1557 viam
1765 1537 1826 1566 qua:
1845 1530 1912 1558 illuc

1121 1575 1196 1603 ducit
1211 1574 1402 1602 accurrimus:
1420 1574 1527 1610 Deoque
1544 1575 1659 1610 jubente
1677 1582 1733 1603 non
1752 1576 1841 1603 solum
1861 1584 1911 1603 au-

1121 1619 1190 1651 dire,
1201 1619 1247 1647 sed
1259 1619 1341 1646 etiam
1353 1619 1425 1646 dicta
1437 1620 1560 1654 exsequi,
1574 1627 1625 1647 nos
1645 1628 1679 1648 ne
1690 1621 1798 1655 quidem
1816 1621 1910 1650 audire

1121 1665 1298 1692 sustinemus.
1319 1664 1496 1698 Quandouam
1519 1665 1603 1700 igitur
1622 1673 1663 1699 ea,
1680 1674 1741 1701 quae
1758 1666 1888 1701 jubemur
1900 1687 1909 1701 ,

1121 1724 1231 1746 suemus
1242 1737 1250 1750 ,
1263 1723 1290 1745 et
1310 1717 1437 1752 operibus
1459 1725 1568 1746 manum
1584 1717 1796 1753 admovebimus,
1811 1720 1914 1755 quandc

1121 1771 1192 1798 a-gre
1206 1769 1233 1791 et
1248 1763 1357 1799 indigne
1372 1764 1484 1792 ferimus
1498 1772 1598 1796 moras,
1617 1765 1660 1792 hic
1675 1766 1708 1793 ad
1727 1766 1914 1794 brevissimum

1123 1809 1252 1845 temporis
1264 1810 1380 1845 spatium
1396 1811 1536 1846 prolatas?
1548 1811 1629 1847 Atqui
1643 1820 1694 1840 nos
1715 1821 1776 1840 cum
1790 1813 1824 1841 de
1836 1813 1914 1842 rebus

1120 1855 1222 1883 frivolis
1234 1856 1315 1884 verba
1330 1856 1469 1892 facientes,
1484 1865 1532 1886 eos
1543 1859 1588 1894 qui
1605 1859 1743 1887 nobiscum
1758 1860 1851 1888 sedent
1863 1869 1914 1888 non

1119 1902 1259 1930 attendere
1291 1903 1472 1938 advertimus,
1498 1904 1526 1932 id
1547 1906 1718 1933 contumeliae
1747 1906 1806 1934 loco
1832 1907 1914 1935 habe-

1121 1956 1205 1981 mus;
1231 1949 1315 1976 Denm
1342 1957 1407 1976 vero
1434 1957 1488 1977 non
1522 1955 1647 1986 putamus
1683 1959 1733 1979 nos
1758 1952 1914 1986 oii‘cndere,

1120 1995 1229 2030 quando
1251 1996 1325 2024 illttm
1350 1997 1383 2024 de
1411 1997 1492 2025 tantis
1516 1998 1597 2025 rebus
1621 1998 1776 2033 loquentem
1802 1999 1914 2034 despici-

1121 2048 1180 2068 mus
1203 2046 1230 2069 et
1245 2041 1298 2068 alio
1320 2042 1414 2070 oculos
1431 2043 1634 2070 convertimus?
1653 2043 1733 2072 Certe
1755 2052 1838 2072 senex
1858 2046 1914 2080 qui-

1119 2088 1159 2114 vis
1181 2095 1304 2123 magnam
1327 2095 1452 2116 emensus
1473 2093 1550 2116 terra:
1574 2094 1686 2124 partem,
1702 2090 1848 2118 stadiorum
1863 2099 1913 2119 nu-

1118 2141 1233 2165 merum,
1257 2134 1363 2161 nrbium
1386 2135 1547 2169 positionem
1567 2139 1595 2163 et
1619 2135 1744 2168 formam,
1770 2142 1864 2171 portus
1882 2145 1913 2164 ac

1118 2178 1205 2207 forum
1218 2176 1424 2215 diligentissime
1437 2181 1514 2208 nobis
1523 2181 1651 2209 describit
1663 2190 1670 2208 :
1684 2187 1711 2209 at
1725 2190 1774 2209 nos
1787 2190 1820 2210 ne
1830 2191 1913 2218 quan—

1118 2229 1174 2252 tum
1188 2225 1297 2260 quidem
1313 2226 1404 2261 procul
1421 2226 1505 2254 simus
1527 2226 1562 2254 ab
1577 2227 1621 2254 ilia
1635 2228 1736 2255 caelesti
1758 2228 1824 2257 urbe
1839 2230 1913 2256 novi-

1117 2277 1192 2303 mus;
1206 2270 1323 2307 alioquin
1337 2276 1427 2300 autem
1439 2272 1489 2299 via:
1500 2272 1690 2308 longitudinem
1703 2274 1825 2302 minuere
1837 2282 1913 2302 cura-

1117 2316 1259 2350 vissemus,
1273 2317 1295 2344 si
1309 2324 1406 2352 nempe
1420 2317 1493 2345 illam
1508 2318 1661 2346 distantiam
1673 2324 1837 2348 teneremus.
1853 2321 1912 2349 Non

1116 2361 1188 2390 enim
1213 2366 1314 2390 tantum
1339 2362 1479 2391 dumtaxat
1500 2371 1515 2391 a
1529 2364 1607 2392 nobis
1629 2364 1711 2393 distat
1730 2366 1827 2394 civitas
1849 2366 1910 2400 illa,

1115 2413 1246 2444 quantum
1258 2413 1300 2437 est
1314 2409 1385 2437 inter
1395 2409 1490 2437 c:elum
1502 2414 1530 2438 et
1541 2415 1638 2438 terram
1655 2411 1826 2440 interstitium
1838 2421 1846 2447 ;
1859 2412 1913 2440 imo

1115 2454 1202 2482 multo
1222 2454 1317 2490 magis,
1332 2455 1354 2483 si
1371 2455 1555 2491 ncgligamus;
1568 2460 1599 2484 ut
1612 2464 1628 2484 e
1649 2458 1785 2486 contrario
1795 2479 1803 2492 ,
1816 2459 1838 2486 si
1853 2463 1911 2486 stu-

1114 2501 1183 2528 diosi
1194 2500 1289 2535 simus,
1304 2501 1330 2528 in
1342 2506 1480 2530 momento
1492 2503 1620 2538 temporis
1633 2503 1665 2531 ad
1677 2503 1838 2538 ejusjanuas
1850 2513 1910 2539 per-

1114 2547 1206 2575 venire
1217 2547 1373 2583 poterimus.
1385 2547 1443 2576 Non
1455 2549 1527 2576 enim
1542 2549 1661 2577 locorum
1673 2549 1850 2586 longitudine,
1864 2551 1910 2579 scd

1114 2595 1234 2622 inslilth
1245 2603 1348 2623 tuorum
1364 2595 1421 2624 limc
1434 2597 1519 2631 spatia
1534 2596 1668 2624 metienda
1684 2602 1757 2625 sunt.

1149 2641 1175 2668 8.
1189 2640 1230 2669 'l'n
1245 2649 1308 2669 vero
1322 2642 1463 2676 prmscntis
1477 2642 1539 2670 vita:
1554 2650 1598 2670 res
1612 2643 1755 2678 diligenter
1779 2644 1865 2677 nosti,
1882 2650 1909 2672 et

1113 2695 1180 2715 nova
1206 2693 1234 2715 et
1246 2689 1353 2724 antiqua
1376 2693 1404 2717 et
1421 2693 1530 2722 vetera,
1555 2689 1743 2725 principesque
1766 2699 1909 2719 munerare

1155 2857 1163 2872 ⁸
1180 2854 1291 2886 Quidam,
1303 2853 1504 2880 consuetudinem.
