2056 3130
163 152 190 179 El
740 150 774 178 IN
794 149 947 179 ΜΑΤἸἮᾹΞ

1037 151 1150 178 ιιοιιιι..
1174 151 1194 178 Ι.
1756 153 1792 180 23

158 197 218 234 μετά
240 195 342 231 πολλῆς
366 196 440 232 ἡμῖν
464 197 580 225 ἕπεσθαι
602 198 651 233 τῆς
667 198 795 232 σπουδῆς,
819 196 888 224 ὥστε
906 198 946 228 είς

156 243 215 270 αὐτὸ
235 242 265 267 τὸ
282 242 410 276 πέλαγος
425 244 482 270 τῶν
504 243 704 279 γεγραμμένων
729 242 874 272 εἰσελθεῖν,
898 241 945 268 τοῦ

155 287 265 326 Χριστοῦ
291 290 512 326 προηγουμένου
540 290 643 325 ταύτης
667 290 733 325 ἡμῖν
753 290 804 325 τῆς
828 289 944 316 εἰσόδου.

155 338 227 362 Ὥστε
244 336 273 362 δὲ
290 336 505 372 εὐμαθέστερον
521 336 646 371 γενέσθαι
666 336 713 363 τὸν
727 336 815 369 λόγον,
830 335 946 370 δεόμεθα

152 384 194 411 καὶ
208 381 433 418 παρακαλοῦμεν
458 383 538 418 (ὅπερ
551 383 599 410 καὶ
611 382 657 409 ἐπὶ
670 382 724 409 τῶν
734 382 821 409 ἄλλων
830 380 946 416 Γραφῶν

152 429 378 463 πεποιήκαμεν),
405 429 612 465 προλαμϐάνειν
639 429 688 464 τὴν
718 427 869 464 περικοπὴν
896 427 946 462 τῆς

153 479 265 516 Γραφῆς.
284 480 320 514 ἣν
335 479 373 506 ἂν
392 481 537 517 μέλλωμεν
553 480 718 516 ἐξηγεῖσθαι,
739 480 781 506 ἕνα
797 482 828 516 τῇ
844 479 945 515 γνῶσει

151 526 166 560 ἡ
188 525 344 557 ἀνάγνωσις
369 526 589 562 προοδοποιοῦσα
605 524 668 562 ﬁ",
693 526 707 552 ὂ
722 526 768 553 καὶ
786 526 832 552 ἐπὶ
845 526 891 553 τοῦ
906 526 943 553 εὑ-

150 569 240 604 νούχου
254 570 368 603 γέγονε,
390 572 441 598 καὶ
458 571 558 607 πολλὴν
578 571 706 606 παράσχῃ
718 571 741 587 ⁸ο
758 566 807 606 τὴν
822 571 947 598 εὐκολίαν

149 615 219 648 ἡμῖν.
238 614 294 640 Καὶ
311 614 373 650 γὰρ
398 616 434 642 τὰ
458 616 611 651 ζητούμενα
638 616 721 643 πολλὰ
735 616 782 642 καὶ
798 616 944 651 ἐπάλληλα.

149 659 218 694 Ὀρα
234 658 302 692 γοῦν
318 660 429 692 εὐθέως
450 662 479 688 ὲν
492 661 643 696 προοιμίοις
659 660 705 687 τοῦ
722 661 887 695 Εὑαγγελίου
900 661 947 687 αὺ-

147 705 201 735 τοῦ,
231 705 304 731 πύσει
331 705 369 733 ἄν
386 715 432 738 τις
448 707 643 742 ὲπαπορήσειε.
661 707 771 742 Πρῶτον
788 706 849 741 μὲν,
875 706 945 737 τινος

148 752 235 778 ἕνεκεν
253 752 268 777 ὁ
289 752 401 788 Ἰωσὴφ
416 754 627 788 γενεαλογεῖται,
649 754 699 780 οὒκ
712 753 749 780 ὢν
769 753 815 780 τοῦ
829 752 946 788 Χριστοῦ

149 798 245 833 πατήρ.
259 797 405 834 Δεύτερον
415 799 454 830 δὲ,
472 800 554 826 πόθεν
569 799 646 826 ἔσται
664 799 741 834 δῆλος
755 799 821 834 ἡμῖν
834 797 888 824 ἀπὸ
899 798 946 824 τοῦ

148 844 225 871 Δαυϊδ
244 845 385 879 κατάγων
400 847 429 873 τὸ
439 846 528 881 γένος,
538 846 587 881 τῆς
600 846 718 881 Μαρίας,
734 846 778 880 ἀφ’
794 843 828 881 ἦς
838 844 945 879 ἐτέχθη.

148 891 199 917 τῶν
215 891 366 926 προγόνων
378 892 571 927 ἀγνοουμένων
582 902 588 907 -
604 891 665 918 οὐδὲ
682 891 736 926 γὰρ
747 890 946 925 ὲγενεαλογήθη

148 937 164 972 ἡ
183 937 337 972 Παρθένος.
360 938 474 973 Τρίτον,
500 938 571 970 τίνος
587 938 680 964 ἕνεκεν
696 938 710 964 ὁ
735 938 783 972 μὲν
802 936 911 972 Ἰωσὴφ,
934 937 948 963 ό

151 983 230 1018 μηδὲν
243 984 391 1011 συντελῶν
405 985 474 1020 πρὸς
486 984 534 1020 τὴν
544 984 678 1020 γέννησιν.
694 983 906 1018 γενεαλογεῖται·
929 983 945 1018 ή

148 1029 175 1055 δὲ
191 1029 346 1064 Παρθένος,
364 1032 384 1066 ὴ
403 1031 450 1057 καὶ
466 1031 556 1066 μήτηρ
575 1030 707 1065 γενομένη
725 1050 732 1062 ,
755 1030 785 1056 οὐ
810 1029 948 1056 δείκνυται

150 1073 225 1100 τίνων
248 1075 389 1110 πατέρων
411 1075 459 1103 καὶ
480 1076 600 1103 πάππων
616 1076 664 1102 καὶ
685 1075 826 1111 προγόνων
839 1075 861 1090 ⁵¹
878 1074 946 1101 ἐστί.

151 1119 226 1145 Μετά
237 1119 350 1147 τούτων
362 1121 438 1154 ἄξιον
455 1122 566 1148 κάκεῖνο
587 1121 644 1157 [14]
660 1121 786 1157 ζητῆσαι,
804 1120 829 1147 τί
848 1120 948 1154 δήποτε

149 1163 190 1190 διὰ
202 1165 257 1191 τῶν
273 1165 389 1201 ἀνδρῶν
403 1167 531 1202 προάγων
547 1168 596 1202 τὴν
611 1167 798 1201 γενεαλογίαν.
823 1165 946 1201 ἐμνήσθη

150 1211 195 1236 καὶ
211 1211 370 1244 γυναικῶν.
385 1213 441 1239 Καὶ¹
459 1213 552 1247 ἐπειδὴ
567 1212 646 1240 τοῦτο
660 1213 683 1229 δ’
698 1212 772 1247 αὐτῷ
783 1211 948 1245 ἐδοξεν,οὑδὲ

150 1256 239 1287 πάσας
255 1256 371 1284 τέθεικε
383 1258 433 1289 τὰς
454 1260 596 1292 γυναῖκας,
620 1258 689 1285 ἀλλά
712 1258 761 1290 τὰς
790 1258 948 1294 εὐδοκίμους

151 1301 357 1337 παραδραμὼν,
376 1300 432 1330 οἷον
447 1303 497 1338 τὴν
511 1304 630 1339 Σάρραν,
653 1304 703 1339 τὴν
720 1303 880 1335 Ῥεϐέκκαν,
901 1301 949 1329 καὶ

149 1346 209 1372 ὅσαι
220 1346 368 1380 τοιαῦται,
391 1347 441 1379 τάς
461 1347 507 1375 ἐπὶ
534 1348 619 1384 κακίᾳ
648 1348 826 1384 βεϐοημένας,
845 1348 947 1380 ταύτας

151 1392 189 1422 είς
207 1391 292 1426 μέσον
318 1393 407 1429 ἧγαγε
421 1393 517 1429 μόνον·
534 1391 591 1422 οἷον
606 1395 632 1421 εἴ
647 1403 689 1426 τις
703 1395 790 1430 πόρνη
814 1395 860 1421 καὶ
887 1403 948 1429 μοι-

152 1437 237 1472 χαλὶς,
255 1437 342 1471 εἴτις
355 1439 388 1466 ὲκ
405 1439 570 1475 παρανόμων
581 1440 688 1474 γάμων,
705 1439 732 1466 εῖ
743 1448 785 1472 τις
801 1439 949 1474 ἀλλόφυλος

154 1482 198 1509 καὶ
217 1482 364 1519 βάρὸαρος
376 1481 420 1519 ἦν.
438 1484 493 1510 Καὶ
509 1484 564 1520 γὰρ
576 1485 625 1520 τῆς
639 1484 686 1511 τοῦ
705 1485 816 1520 Οὐρίου,
839 1485 885 1511 κα¹ι
898 1484 947 1520 τῆς

153 1529 261 1564 Θάμαρ,
277 1530 329 1556 καὶ
343 1530 393 1566 τῆς
409 1530 493 1557 Ῥαάσ
504 1530 537 1562 ⁸³,
559 1531 606 1557 καὶ
620 1531 670 1564 τῆς
691 1530 769 1558 Ῥοὺθ
783 1531 949 1566 ἐμνημόνευ·

156 1583 212 1601 σεν·
238 1572 277 1602 ὧν
301 1577 318 1611 ἡ
336 1576 385 1611 μὲν
400 1575 546 1612 ἀλλογενὴς
561 1574 607 1611 ἦν,
625 1577 642 1611 ἡ
663 1577 692 1603 δὲ
718 1577 816 1612 πόρνη,
833 1578 850 1612 ἡ
865 1577 894 1604 δὲ
910 1576 950 1612 τῷ

156 1620 271 1656 κηδεστῇ
307 1621 488 1657 προσεφθάρη
506 1630 513 1636 ·
550 1622 598 1648 καὶ
624 1622 684 1648 οὐδὲ
709 1621 798 1658 τούτῳ
821 1622 845 1638 ⁸⁸
875 1622 950 1658 νόμῳ

156 1665 255 1698 γάμου,
278 1666 351 1693 ἀλλὰ
370 1667 494 1702 κλέψασα
512 1667 562 1703 τὴν
589 1668 673 1702 μίξιν,
698 1669 745 1695 καὶ
772 1668 875 1704 πόρνης
901 1677 950 1696 πε-

159 1712 289 1748 ριθεμένη
315 1714 488 1749 προσωπεῖον
513 1713 612 1749 ἑαυτῇ·
631 1714 680 1740 καὶ
702 1713 752 1749 τὴν
775 1713 822 1740 τοῦ
849 1714 950 1750 Οὐρίου

158 1764 184 1791 δὲ
198 1764 292 1796 οὐδεὶς
318 1765 412 1798 ἀγνοεί
436 1764 482 1790 διά
509 1764 558 1799 τὴν
585 1763 764 1799 περιφάνειαν
783 1763 829 1789 τοῦ
844 1763 940 1798 τολμήυ

160 1819 250 1845 ματος.
289 1809 359 1837 Ἀλλ’
386 1811 462 1845 ὅμως
491 1809 580 1841 πάσας
620 1809 670 1840 τὰς
706 1808 788 1840 ἄλλας
823 1809 903 1843 ἀφεὶς
932 1808 947 1835 ὁ

159 1854 367 1890 εὐαγγελιστὴς,
382 1854 484 1886 ταύτας
497 1853 609 1888 ἐνέθηκε
620 1854 654 1888 τῇ
671 1853 830 1888 γενεαλογίᾳ
853 1853 946 1888 μόνας.

160 1901 253 1927 Καίτοι
267 1902 293 1927 εί
312 1900 466 1936 μνησθῆναι
486 1900 623 1934 γυναικῶν
641 1899 704 1930 ἔδει,
731 1898 826 1926 πασῶν
842 1899 926 1934 ἐχρῆν
937 1907 946 1915 ν

159 1947 182 1972 εἰ
197 1946 226 1973 δὲ
244 1946 286 1982 μὴ
297 1946 404 1978 πασῶν,
416 1945 473 1973 ἀλλ’
484 1945 573 1978 ὲνίων,
582 1945 636 1972 τῶν
649 1946 677 1972 έν
689 1945 785 1980 ἀρετῇ,
799 1945 830 1971 οὐ
847 1944 901 1971 τῶν
918 1945 948 1970 ὲν

161 1993 340 2028 ἁμαρτήμασι
369 1991 553 2028 βεϐοημένων.
580 1991 672 2018 Εῖδετε
706 1991 793 2026 πόσης
818 1991 884 2026 ἡμῖν
908 1990 948 2016 δεῖ

161 2038 297 2073 προσοχῆς
320 2038 350 2064 ὲν
362 2038 420 2069 τοῖς
435 2036 588 2072 προοιμίοις
608 2034 718 2067 έύθέως.
732 2035 861 2070 Καίτοιγε
875 2035 949 2062 δοκεῖ

163 2084 329 2119 σαφέστερον
343 2081 412 2109 εἶναι
428 2082 482 2109 τῶν
507 2081 594 2109 ἀλλων
612 2081 644 2108 τὸ
662 2081 814 2117 προοίμιον,
837 2081 907 2116 τάχα
920 2080 948 2107 δὲ

163 2130 269 2162 πολλοῖς
285 2129 335 2157 καὶ
348 2129 487 2164 περισσὸν,
503 2127 547 2155 διὰ
560 2127 590 2154 τὸ
601 2127 740 2162 ὀνομάτων
751 2127 867 2162 ἀριθμὸν
878 2124 948 2153 εἶναι

165 2175 253 2209 μόνον.
279 2174 359 2202 Μετὰ
375 2174 454 2200 τοῦτο
478 2173 588 2200 κάκεῖνο
616 2172 690 2205 ἀξιον
718 2172 851 2207 ζητῆσαι,
877 2170 950 2202 τίνος

162 2221 253 2247 ἕνεκεν
264 2221 339 2255 τρεῖς
355 2219 514 2255 παρέδραμε
533 2218 661 2253 βασιλεῖς.
674 2218 707 2245 Εί
718 2218 772 2253 γὰρ
784 2218 821 2249 ὡς
847 2216 949 2252 σφόδρα

163 2266 268 2294 ἁτεεῶν
299 2265 477 2301 ἀπεσιώπησε
502 2265 551 2300 τὴν
576 2263 762 2299 προσηγορίαν
775 2284 782 2296 ,
812 2263 872 2289 οὐδὲ
894 2261 950 2288 τῶν

162 2312 248 2341 ἄλλων
269 2311 325 2338 τῶν
345 2309 475 2337 τοιούτων
498 2309 651 2345 μνησθῆναι
676 2308 740 2335 εδει.
764 2307 821 2335 Καὶ
832 2307 886 2343 γὰρ
902 2305 950 2333 καὶ

161 2357 240 2385 τοῦτο
256 2356 351 2392 ἕτερόν
365 2356 423 2382 ἐστι
439 2355 559 2390 ζήτημα.
574 2353 781 2389 Δεκατέσσαρας
796 2353 850 2388 γὰρ
864 2351 950 2379 είπὼν

164 2404 269 2438 γενεὰς,
281 2403 312 2430 ὲν
331 2403 365 2438 τῇ
385 2401 463 2439 τρίτῃ
480 2400 569 2436 μερίδι
583 2400 629 2427 τὸν
643 2399 760 2435 ἀριθμὸν
781 2399 812 2425 ού
824 2398 949 2425 διέσωσε.

163 2450 218 2477 Καὶ
231 2450 303 2481 τίνος
316 2449 410 2476 ἕνεκεν
425 2449 440 2475 ό
454 2447 504 2484 μὲν
516 2447 622 2478 Λουκᾶς
633 2445 734 2482 ἑτέρων
749 2445 952 2480 ἐμνημόνευσεν

162 2494 312 2530 ὀνομάτων,
340 2494 388 2520 καὶ
404 2493 436 2520 οὺ
461 2492 542 2528 μόνον
567 2492 597 2518 οὐ
623 2491 678 2519 τῶν
699 2490 790 2518 αὐτῶν
809 2490 949 2522 ἁπάντων,

163 2540 229 2567 ἀλλά
243 2540 292 2567 καὶ
307 2538 398 2575 πολλῷ
413 2538 557 2566 πλειόνων·
569 2537 588 2564 ό
600 2537 629 2565 δὲ
642 2536 779 2568 Ματθαῖος
789 2557 797 2569 ,
814 2536 862 2563 καὶ
873 2536 952 2563 ἐλατ-

163 2586 267 2618 τόνων,
291 2585 339 2613 καὶ
357 2584 470 2620 ἑτέρων,
493 2583 615 2618 καίτοιγε
643 2583 683 2614 είς
710 2582 757 2609 τὸν
786 2581 884 2617 Ἰωσὴφ
904 2582 952 2608 καὶ

164 2633 243 2664 αὐτὸς
261 2631 440 2666 τελευτήσας.
456 2630 496 2661 είς
516 2629 546 2656 δν
570 2629 618 2655 καὶ
633 2628 648 2654 ὁ
666 2628 773 2659 Λουκᾶς
792 2626 950 2662 κατέληξεν.

166 2677 222 2714 [15]
246 2677 344 2712 Ὁρᾶτε
359 2677 426 2711 ὅσης
438 2675 591 2711 ἀγρυπνίας
606 2675 672 2710 ἡμῖν
689 2674 784 2710 χρεία,
799 2673 850 2701 οὐκ
864 2674 905 2705 εις
922 2673 954 2700 τὸ

165 2724 243 2752 λῦσαι
258 2724 350 2760 μόνον,
361 2722 431 2749 ἀλλὰ
443 2722 491 2749 καὶ
501 2722 540 2754 είς
555 2721 587 2748 τὸ
599 2720 704 2757 μαθεῖν,
717 2720 777 2747 τινα
793 2719 846 2755 χρὴ
860 2719 951 2746 λῦσαι.

210 2784 232 2800 ²⁹
246 2781 265 2819 ἦ
284 2788 313 2810 et
324 2790 391 2810 mox
404 2781 451 2808 καί
468 2785 532 2809 ante
543 2781 644 2816 πολλήν
658 2788 713 2808 om.
729 2779 780 2807 An.
797 2778 860 2806 Sav.
878 2777 926 2819 καὶ
944 2785 988 2804 om
1004 2785 1047 2811 pr.
1057 2776 1088 2803 B.
1100 2774 1130 2803 ϐ.
1176 2774 1209 2816 f"
1223 2774 1361 2814 παράσχοι
1411 2774 1481 2813 Edd:
1522 2774 1544 2788 "

210 2827 295 2846 ιππων
309 2817 380 2845 Edd.
430 2817 454 2852 ‘f
469 2815 559 2852 τοῦτο]
574 2818 594 2838 +
608 2817 694 2851 δήπου
783 2814 805 2852 ξ’
818 2814 866 2852 καὶ
881 2821 931 2852 της
950 2812 1045 2852 Ῥαὰϐ,
1058 2811 1159 2852 (ξθειιηξ
1176 2818 1203 2852 ul
1217 2809 1373 2852 om'mbus.‘
1396 2807 1419 2824 “
1430 2807 1559 2852 Ξουτοᾲ

407 2842 514 2886 νήψεως
531 2842 576 2878 κᾶὶ
592 2842 755 2886 προσεχείας
769 2848 818 2883 τὴν
832 2842 962 2878 ἀκρόασιν
974 2846 1110 2886 ποιεῖσθαι
1125 2846 1174 2880 τῆς
1188 2845 1342 2888 διηγήσεως
1358 2843 1389 2870 A.
1429 2842 1451 2858 “
1463 2843 1493 2868 τό
1507 2849 1563 2869 om.
1580 2842 1611 2868 Ε.

178 2889 242 2908 ..λυ-ι
263 2889 284 2908 F‘.
314 2887 434 2908 ἐνταῦθα
451 2886 507 2908 Rdd
570 2886 592 2902 ιθ
606 2886 665 2908 δότε
687 2885 717 2908 n.
737 2884 768 2908 (ἶ.
786 2884 817 2908 D.
871 2883 893 2899 δ’
908 2881 1060 2908 τυραννίδα]
1076 2881 1123 2908 Slc
1138 2888 1206 2906 arm.
1220 2879 1364 2908 συνηθειαν
1379 2877 1412 2904 Α.
1427 2877 1458 2904 Ε.
1477 2877 1530 2905 An.
1581 2877 1604 2892 δυ

908 2887 1060 2916 τυραννίόαι
1076 2887 1123 2908 διο
1138 2888 1206 2916 um].
1220 2887 1364 2916 συνηυειαν
1379 2887 1412 2904 A.
1427 2887 1458 2904 ι..
1477 2887 1530 2916 an:

176 2817 295 2847 πάππων
309 2817 380 2845 Edd.

178 2884 245 2924 μόνα
263 2889 296 2915 Ε.
314 2884 519 2924 ἐνταῦθα’ξέᾱᾴ.
546 2921 551 2924 _
570 2886 592 2902 ⁸⁸
606 2884 665 2912 δότε
681 2884 717 2911 Β.
737 2884 768 2911 C.
786 2884 817 2924 Ο.

175 2917 258 2958 ἓιιίςο
275 2923 377 2957 legitur
389 2921 424 2947 δι’
441 2918 478 2948 ὧν
488 2921 654 2958 ἀκούμομεν,
669 2927 730 2956 qua:
743 2919 827 2948 verba
843 2918 942 2946 desum
957 2918 985 2944 in
999 2917 1029 2944 Β.

177 2956 242 2994 ομεν
253 2956 353 2985 omines
370 2961 471 2993 preter
488 2956 518 2983 A.
533 2956 585 2983 An.

1006 206 1074 233 Οὐδὲ
1086 206 1140 242 γὰρ
1154 205 1232 233 τοῦτο
1250 206 1357 241 μικρὸν,
1381 206 1412 233 τὸ
1433 206 1467 234 τὰ
1489 207 1691 243 διαπορούμενα
1712 209 1794 244 δυνη-

1007 252 1086 288 θῆναι
1108 253 1212 287 εὐρεῖν³
1236 253 1283 278 καὶ
1306 252 1360 287 γὰρ
1384 253 1432 279 καὶ
1457 254 1545 279 έκεῖνο
1568 253 1680 288 ἄπορον,
1701 254 1760 286 πῶς
1777 255 1794 290 ἡ

1012 292 1227 324 Ἐλισάὅετάπὸ
1247 297 1297 332 τῆς
1316 297 1462 334 Λευῖτικῆς
1472 297 1558 334 φυλῆς
1568 296 1646 330 οὖσα,
1662 300 1794 335 συγγενὴς

1005 340 1039 378 ἦν
1056 342 1105 377 τῆς
1121 343 1238 378 Μαρίας.

1043 388 1074 420 ζ’.
1087 388 1110 404 ⁸⁸
1129 388 1197 414 Ἀλλ’
1208 388 1252 415 ἵνα
1264 388 1301 424 μὴ
1314 388 1515 425 καταχώσωμεν
1527 389 1604 424 ὑμῶν
1617 389 1666 426 τὴν
1682 391 1794 427 μνήμην

1006 434 1090 461 πολλά
1101 434 1279 468 συνείροντες,
1288 433 1404 461 ἐνταῦθα
1411 434 1480 466 τέως
1488 434 1533 461 τὸν
1545 435 1623 469 λόγον
1638 436 1791 471 στήσωμεν.

1012 480 1104 516 ’Δρκεῖ
1128 480 1182 515 γάρ
1199 480 1263 514 ὑμῖν
1279 481 1320 512 είς
1342 479 1372 507 τὸ
1396 480 1569 516 διεγερθῆναι
1599 481 1647 508 καὶ
1670 482 1700 508 τὸ
1712 482 1735 498 ⁸⁸
1758 483 1792 510 τά

1005 525 1158 560 ζητούμενα
1184 525 1262 560 μόνον
1275 524 1296 541 ⁸⁷
1314 525 1420 561 μαθεῖν.
1448 526 1479 552 El
1499 525 1527 552 δὲ
1543 526 1590 554 καὶ
1613 526 1664 562 τῆς
1688 526 1791 560 λύσεως

1009 566 1089 601 ἐρᾶτε
1101 585 1108 597 ,
1138 568 1184 592 καὶ
1214 566 1310 592 τούτου
1328 567 1380 602 πρὸ
1397 567 1452 593 τῶν
1469 568 1555 601 λόγων
1576 567 1630 594 τῶν
1654 567 1797 603 ἡμετέρων

1008 611 1087 645 ὑμεῖς
1103 610 1202 646 κύριοι.
1215 612 1263 637 Ἂν
1280 612 1329 646 μὲν
1341 612 1396 647 γὰρ
1413 613 1461 639 ἴδω
1476 612 1663 648 διεγερθέντας
1676 613 1723 640 καὶ
1734 615 1796 641 ὲπιι

1008 655 1158 690 θυμοῦντας
1172 656 1278 691 μαθεῖν,
1296 657 1462 692 πειράσομαι
1482 658 1528 684 καὶ
1542 658 1591 693 τὴν
1604 657 1680 684 λύσιν
1696 658 1798 693 ἐπαγα-

1007 702 1080 734 γεῖν·
1098 701 1131 728 ἂν
1144 702 1172 727 δὲ
1182 702 1378 736 χασμωμένους
1395 704 1442 729 καὶ
1461 703 1498 739 μὴ
1516 703 1710 739 προσέχοντας,
1725 704 1794 730 ἀπο-

1007 746 1146 782 κρύψομαι
1161 747 1208 773 καὶ
1223 747 1257 773 τὰ
1274 746 1417 783 ζητήματα
1432 748 1478 775 καὶ
1488 749 1535 784 τὴν
1551 749 1639 781 λύσιν,
1651 749 1714 784 θείῳ
1723 749 1794 784 νόμῳ

1007 793 1166 828 πειθόμενος
1178 801 1184 807 ⁸
1210 794 1258 828 Μὴ
1281 793 1355 820 δῶτε
1369 794 1392 810 ⁸⁸
1406 794 1471 830 γὰρ,
1491 795 1569 830 φησὶ,
1594 795 1631 822 τὰ
1644 795 1712 829 ἅγια
1734 795 1794 828 τοῖς

1007 839 1091 870 κυσὶ,
1106 839 1183 873 μηδὲ
1192 839 1304 873 ﬂights
1319 839 1391 872 τοὺς
1401 842 1586 875 μαργαρίτας
1596 841 1679 875 ὑμῶν
1690 841 1797 876 ἔμπρο-

1008 887 1082 912 σθεν
1096 885 1156 912 τῶν
1176 886 1304 920 χοίρων,
1328 886 1379 913 ἵνα
1404 887 1447 921 μὴ
1475 887 1710 921 καταπατήσωσι
1734 888 1798 920 τοῖς

1008 931 1101 957 ποσίν
1109 930 1273 964 αὐτῶν.Τίς
1286 931 1314 958 δέ
1324 932 1418 960 ἐστινὸ
1433 933 1612 965 καταπατῶνς
1629 934 1657 960 Ὀ
1670 934 1707 969 μὴ
1719 934 1797 969 τίμια

1007 976 1093 1003 ταῦτα
1105 976 1255 1012 ἡγούμενος
1277 977 1325 1004 καὶ
1342 979 1438 1012 σεμνά.
1456 979 1512 1005 Καὶ
1526 979 1568 1011 τίς
1585 979 1672 1011 οὕτως
1691 980 1793 1012 ἄθλιος,

1008 1022 1100 1056 φησὶν,
1124 1022 1162 1054 ὡς
1181 1022 1219 1058 μὴ
1245 1023 1331 1058 σεμνά
1352 1024 1439 1051 ταῦτα
1462 1025 1510 1051 καὶ
1537 1025 1646 1052 πάντων
1670 1026 1797 1061 ἡγεῖσθαι

1007 1067 1174 1104 τιμιώτερα;
1208 1069 1238 1095 Ὁ
1267 1069 1335 1105 μηδὲ
1372 1070 1506 1105 τοσαύτην
1545 1071 1673 1106 παρέχων
1702 1072 1797 1104 αὐτοῖς

1010 1114 1117 1150 σχολὴν,
1135 1115 1200 1151 ὅσην
1223 1117 1282 1147 ταῖς
1298 1116 1411 1152 πόρναις
1432 1116 1554 1151 γυναιξὶν
1576 1117 1605 1143 ὲν
1620 1119 1676 1149 τοῖς
1692 1127 1798 1145 σατανι-

1008 1161 1068 1191 κοῖς
1077 1159 1211 1195 θεάτροις.
1229 1160 1304 1187 Ἐκεῖ
1332 1161 1381 1197 μὲν
1405 1162 1458 1198 γὰρ
1480 1162 1527 1189 καὶ
1552 1162 1760 1198 διημερεύουσιν
1772 1164 1796 1190 ot

1008 1204 1110 1236 πολλοὶ,
1129 1206 1176 1232 καὶ
1189 1205 1273 1232 πολλά
1287 1206 1341 1233 τῶν
1355 1207 1401 1233 ἐπὶ
1421 1207 1470 1243 τῆς
1486 1208 1574 1240 οἰκίας
1585 1208 1738 1244 προδιδόασι
1753 1209 1798 1236 διά

1006 1249 1055 1286 τὴν
1079 1250 1191 1286 ἄκαιρον
1218 1251 1346 1286 ἀσχολίαν
1361 1251 1473 1288 ταύτην,
1502 1253 1549 1280 καὶ
1567 1254 1635 1289 μετά
1654 1255 1797 1289 ἀκριΰείας

1007 1296 1076 1332 ὅπερ
1086 1296 1119 1323 ἃν
1133 1296 1271 1324 ἀκούσωσι
1282 1297 1436 1333 κατέχουσι,
1450 1299 1591 1326 καὶταῦτα
1600 1299 1646 1326 ἐπὶ
1663 1300 1735 1336 λύμῃ
1748 1301 1797 1336 τῆς

1007 1341 1111 1368 ἑαυτῶν
1131 1342 1220 1378 ψυχῆς
1240 1343 1426 1377 φυλάττοντες.
1456 1344 1588 1371 Ἐνταῦθα
1611 1345 1639 1372 δὲ
1654 1346 1702 1373 τοῦ
1727 1347 1795 1373 Θεοῦ

1008 1385 1204 1421 φθεγγομένου,
1215 1387 1276 1414 οὐδὲ
1292 1387 1389 1424 μικρὸν
1401 1388 1542 1424 ἀνέχονται
1552 1391 1719 1426 παραμεῖναι
1733 1391 1796 1427 χρό-

1007 1439 1062 1458 νον.
1077 1432 1126 1459 Διά
1137 1440 1177 1458 τοι
1185 1432 1263 1459 τοῦτο
1270 1433 1346 1460 οὐδὲν
1360 1434 1447 1462 κοινὸν
1463 1434 1561 1470 ἔχομεν
1575 1435 1644 1471 πρὸς
1652 1436 1698 1463 τὸν
1712 1437 1795 1473 ούρα-

1008 1479 1064 1511 νὺν,
1080 1478 1147 1506 ἀλλά
1165 1479 1244 1516 μέχρι
1262 1480 1391 1516 ῥημάτων
1409 1482 1475 1516 ἡμῖν
1486 1482 1503 1517 ἡ
1518 1481 1648 1509 πολιτεία.
1665 1483 1796 1518 Καίτοιγε

1008 1525 1054 1551 καὶ
1062 1525 1174 1559 γέενναν
1188 1525 1233 1552 διὰ
1241 1526 1318 1553 τοῦτο
1341 1526 1487 1562 ἠπείλησεν
1508 1528 1523 1553 ὁ
1539 1527 1614 1559 Θεὸς,
1629 1528 1678 1563 οὐχ
1696 1528 1739 1555 ἴνα
1747 1530 1796 1564 ὲμ-

1008 1570 1089 1606 ϐάλη,
1104 1569 1162 1606 [16]
1175 1570 1232 1597 ἀλλ’
1257 1571 1300 1597 ἵνα
1312 1571 1393 1607 πείσῃ
1404 1573 1497 1606 φυγεῖν
1505 1571 1553 1607 τὴν
1566 1572 1686 1608 χαλεπὴν
1697 1582 1796 1609 τυραν-

1007 1617 1065 1644 νίδα
1072 1617 1093 1633 ⁵³
1110 1618 1211 1653 ταύτην
1223 1619 1256 1647 ⁸ο.
1273 1618 1369 1654 Ἡμεῖς
1383 1619 1408 1645 δὲ
1430 1620 1579 1647 τούναντίον
1594 1622 1733 1657 ποιοῦμεν,
1749 1622 1796 1649 καὶ

1008 1664 1068 1690 καθ’
1083 1664 1201 1700 ἑκάστην
1224 1664 1330 1700 ἡμέραν
1350 1665 1417 1700 πρὸς
1439 1665 1488 1701 τὴν
1505 1666 1563 1692 ἐκεῖ
1586 1666 1720 1701 φέρουσαν
1736 1667 1796 1694 ὁδὸν

1008 1709 1150 1745 τρέχομεν-
1165 1711 1212 1736 καλ¹
1225 1709 1272 1736 τοῦ
1283 1710 1349 1736 Θεοῦ
1363 1710 1521 1742 κελεύοντος
1538 1711 1574 1747 μὴ
1587 1712 1666 1747 μόνον
1675 1712 1796 1745 ἀκούειν,

1009 1755 1077 1782 ἀλλὰ
1093 1756 1140 1782 καὶ
1154 1757 1240 1782 ποιεῖν
1264 1755 1299 1782 τά
1321 1756 1465 1792 λεγόμενα,
1490 1757 1550 1784 οὐδὲ
1571 1757 1686 1785 ἀκοῦσαι
1704 1759 1797 1794 ἀνεχό-

1010 1799 1090 1836 μεθα.
1108 1801 1178 1827 Πότε
1192 1798 1238 1827 οῦν
1254 1801 1404 1837 πράξομεν,
1424 1802 1486 1829 είπέ
1505 1811 1560 1838 μοι,
1575 1803 1608 1830 τὰ
1620 1804 1794 1839 κελευόμενα,

1007 1846 1113 1873 καὶτῶν
1128 1846 1216 1882 ἔργων
1228 1847 1363 1883 ἀψόμεθα,
1376 1848 1440 1874 ὅταν
1455 1848 1522 1883 μηδὲ
1535 1849 1598 1881 τοὺς
1614 1849 1684 1885 ὑπὲρ
1694 1850 1796 1883 τούτων

1004 1891 1101 1926 λόγους
1123 1892 1233 1920 ἀκούειν
1259 1893 1430 1928 ἀνεχώμεθα,
1456 1893 1524 1921 ἀλλά
1551 1894 1728 1929 ἀσχάλλωμεν
1749 1896 1796 1922 καὶ

1009 1937 1136 1974 ἀλύωμεν
1157 1937 1225 1974 πρὸς
1246 1937 1302 1973 τὴν
1323 1938 1441 1966 ἐνταῦθα
1464 1939 1716 1976 διατριΰὴν,καίτοι
1731 1940 1799 1977 βρα-

1008 1983 1084 2018 χεῖαν
1103 1980 1185 2010 οὖσαν
1210 1984 1332 2020 σφοδράς
1348 1983 1415 2011 Εἶτα
1442 1985 1522 2020 ἡμεῖς
1538 1985 1587 2020 μὲν
1602 1986 1667 2021 περὶ
1687 1986 1801 2022 ψυχρῶν

1009 2029 1194 2065 διαλεγόμενοι
1204 2031 1384 2066 πραγμάτων,
1402 2031 1436 2058 ἂν
1451 2032 1513 2064 τοὺς
1524 2032 1747 2068 συγκαθημένους
1762 2033 1801 2068 μὴ

1010 2075 1193 2111 προσέχοντας
1209 2076 1318 2111 ἴδωμεν,
1333 2076 1413 2110 ὓϐριν
1433 2077 1463 2103 τὸ
1479 2077 1596 2113 πρᾶγμά
1618 2086 1718 2112 φαμεν.
1747 2078 1801 2105 Τὸν

1010 2121 1077 2148 Θεὸν
1092 2121 1121 2148 δὲ
1137 2122 1187 2157 ούχ
1205 2122 1345 2157 ἡγούμεθα
1359 2123 1530 2159 παροξύνειν,
1544 2124 1609 2150 ὅταν
1624 2123 1706 2150 αὐτοῦ
1736 2123 1802 2159 περὶ

1009 2166 1137 2194 τοιούτων
1159 2167 1364 2202 διαλεγομένου,
1385 2168 1640 2202 καταφρονήσαντες
1654 2167 1709 2194 τῶν
1721 2167 1800 2202 λεγο-

1011 2212 1110 2248 μένων,
1128 2212 1247 2248 ἑτέρωσε
1265 2212 1426 2248 βλέπωμεν;
1453 2213 1523 2239 Ἀλλ’
1542 2214 1556 2239 ό
1571 2213 1620 2248 μὲν
1637 2212 1801 2248 γεγηρακὼς

1009 2259 1057 2285 καὶ
1081 2257 1181 2294 πολλὴν
1193 2258 1315 2285 ἐπελθὼν
1331 2259 1394 2295 γῆν,
1410 2259 1458 2286 καὶ
1480 2259 1594 2286 σταδίων
1604 2258 1730 2294 ἀριθμὸν,
1753 2258 1801 2285 κα)¹

1009 2305 1115 2332 πόλεων
1126 2305 1225 2337 θέσεις,
1238 2305 1286 2332 καὶ
1302 2305 1430 2340 σχήματα
1444 2305 1491 2332 καὶ
1512 2304 1625 2340 λιμένας
1639 2305 1686 2331 καὶ
1697 2304 1800 2341 ἀγορὰς

1011 2351 1080 2387 μετά
1090 2351 1233 2387 ἀκριϐείας
1245 2352 1311 2387 ἡμῖν
1326 2351 1493 2386 ἀπαγγέλλει
1512 2351 1611 2386 πάσης·
1627 2351 1703 2378 αὐτοὶ
1716 2352 1743 2378 δὲ
1755 2352 1802 2378 οὺ-

1009 2397 1038 2424 δὲ
1050 2397 1112 2424 ὅσον
1122 2396 1261 2433 ἀπέχομεν
1277 2397 1327 2433 τῆς
1337 2398 1367 2424 ἐν
1381 2398 1438 2429 τοῖς
1450 2397 1574 2432 οὐρανοῖς
1591 2397 1693 2429 πόλεως
1711 2397 1799 2433 ἵσμεψ

1008 2439 1027 2478 ἦ
1044 2442 1099 2477 γὰρ
1111 2442 1144 2469 ἀν
1156 2443 1204 2469 καὶ
1215 2442 1423 2478 ἐσπουδάσαμεν
1444 2442 1585 2477 ἐπιτεμεῖν
1604 2441 1633 2468 τὸ
1652 2442 1750 2476 μῆκος,
1775 2443 1801 2469 ει

1009 2490 1041 2516 τὸ
1059 2490 1197 2525 διάστημα
1219 2489 1354 2525 ἔγνωμεν.
1378 2489 1415 2515 Οὺ
1435 2489 1490 2525 γὰρ
1505 2487 1631 2515 τοσοῦτον
1646 2488 1725 2524 ἡμῶν
1746 2488 1801 2523 ἀφ-

1010 2535 1125 2570 έστηκεν
1138 2535 1155 2572 ἡ
1169 2535 1246 2567 πόλις
1260 2535 1362 2570 ἐκείνη,
1378 2535 1440 2561 ὅσον
1465 2533 1579 2569 οὐρανοῦ
1597 2534 1667 2570 πρὸς
1679 2534 1729 2570 τὴν
1748 2534 1800 2569 γῆν

1009 2581 1039 2608 τὸ
1054 2582 1146 2617 μέσον,
1173 2581 1242 2609 ἀλλά
1263 2580 1313 2608 καὶ
1339 2580 1430 2616 πολλῷ
1453 2581 1545 2614 πλέον,
1570 2580 1618 2608 ὲὰν
1643 2581 1798 2616 ἀμελῶμεν·

1009 2626 1105 2663 ὥσπερ
1117 2625 1164 2655 οὖν
1184 2627 1231 2654 ὲάν
1249 2626 1455 2663 σπουδάζωμεν,
1473 2627 1520 2654 καὶ
1544 2627 1575 2654 ὲν
1597 2627 1697 2662 ἀκαρεῖ
1712 2626 1800 2662 χρόνῳ

1009 2675 1056 2701 ἐπὶ
1071 2674 1122 2706 τὰς
1135 2673 1222 2706 πύλας
1242 2674 1327 2709 αὐτῆς
1347 2673 1458 2709 ἥξομεν.
1474 2673 1511 2701 Οὐ
1523 2673 1580 2709 γὰρ
1601 2673 1684 2708 μήκει
1698 2672 1800 2703 τόπων,

1008 2719 1078 2747 ἀλλά
1091 2717 1188 2754 γνώμῃ
1205 2717 1314 2754 τρόπων
1326 2716 1361 2743 τὰ
1375 2717 1549 2751 διαστήματα
1565 2715 1651 2741 ταῦτα
1667 2714 1793 2750 ὥρισται.

1185 2774 1209 2791 ⁵⁸
1223 2773 1361 2810 παράσχοι
1411 2773 1481 2800 Edd.
1522 2772 1544 2788 ⁴¹
1563 2771 1716 2808 προγόνων]
1733 2771 1794 2798 ἐπι-

1187 2818 1203 2833 n
1217 2809 1357 2833 omnibus.
1396 2807 1419 2824 “
1435 2808 1513 2833 τοῦτο
1528 2807 1559 2833 C.
1613 2807 1634 2822 "
1649 2806 1791 2833 ΗΘΙΚΟΝ.

1659 2825 1793 2876 tam

1522 2896 1534 2916 1
1581 2877 1604 2892 ³“
1619 2876 1684 2916 Ῑῖθδι
1693 2876 1796 2916 τσεύτην

1074 2937 1080 2943 .
1105 2916 1136 2942 υ.
1151 2914 1203 2942 Αιι.
1217 2910 1294 2942 Arni.
1311 2921 1373 2941 mox
1384 2916 1448 2947 post
1459 2911 1590 2947 ποιοῦμεν
1601 2911 1706 2939 addunt
1716 2910 1797 2937 ἀκού-
