2056 3130
133 157 163 184 ‘35
708 157 742 184 IN
760 156 973 185 MATTHIEUM
989 155 1107 185 HOMIL.
1140 156 1172 183 ll.
1741 164 1777 192 εις

134 219 208 249 potes,
217 211 264 240 sub
274 211 376 247 quibus
388 215 534 248 przeterito
548 219 667 250 tempore
680 215 799 243 militasti
814 225 821 243 :
834 216 931 243 etiam-

133 267 177 296 que
186 258 389 294 agonotbetam,
406 267 574 288 coronarum
589 260 787 294 distributores,
799 266 826 288 et
836 261 928 294 duces,

131 314 182 342 qua:
195 312 237 332 res
252 303 321 331 nihil
338 305 390 332 tibi
410 306 544 340 prodesse
558 307 654 334 valent.
671 306 735 341 Quis
749 315 813 334 vero
826 307 879 334 dux
896 307 931 334 sit

129 353 151 379 in
164 351 207 378 hac
219 350 252 377 dc
265 358 317 384 qua
331 350 480 386 loquimur
489 352 606 386 civitate,
619 353 679 387 quis
690 353 801 387 primns,
813 353 873 388 quis
886 360 929 380 se-

125 394 226 425 cundus.
240 393 302 429 quis
315 395 435 430 tertius,
451 397 494 425 vel
505 402 603 432 quanto
613 398 724 433 quisque
735 403 855 434 tempore
868 407 924 428 me-

126 443 208 474 ruerit,
228 441 330 476 quidve
355 444 496 476 praeclare
517 445 641 479 gesserit,
663 453 698 472 ne
719 453 767 480 per
789 446 923 474 somnium

123 487 222 523 quidem
237 487 381 522 cogitasti.
401 489 442 517 De
460 490 565 525 legibus
586 498 651 518 vero
670 490 749 526 hujus
761 492 876 520 civitatis
891 501 925 520 ne

123 537 183 564 alios
203 535 313 571 quidem
340 535 492 572 loquentes
516 536 633 565 sustines
656 537 760 566 audire.
784 539 925 573 Quomodo

123 584 205 619 igitur,
228 582 272 608 dic
296 582 382 614 mihi,
410 584 545 619 promissa
566 583 637 611 bona
653 588 679 611 te
697 590 924 619 consequutttrum

121 636 216 663 speras,
231 629 277 663 qui
295 636 350 655 nec
364 629 453 657 dictis
475 629 508 657 ad
522 630 565 657 illa
579 630 761 664 speetantibus
783 632 926 659 attendas?

122 674 213 702 Verum
227 674 249 700 si
274 673 301 700 id
319 682 379 701 non
396 680 463 702 ante
487 675 660 710 pra:stitimns
671 696 678 708 ,
694 676 736 703 vel
751 684 822 704 nunc
838 677 926 705 facere

121 729 247 749 curemus.
264 720 383 748 Etenim
401 722 423 749 si
438 722 508 750 Deus
524 721 550 749 id
563 722 742 756 concesserit,
759 722 852 750 urbem
867 724 926 751 adi-

122 766 169 795 turi
191 773 287 793 sumus
313 774 452 801 auream,
467 772 496 795 et.
516 768 612 802 quovis
636 774 702 794 auro
727 768 924 802 pretiosiorem.

121 815 179 848 Ejus
192 821 255 848 ergo
269 812 459 842 fundamenta
474 814 610 842 discamus
620 834 628 847 ,
644 814 701 849 ejus
713 820 805 850 portas
819 823 852 843 ex
865 823 926 851 sap-

121 861 192 897 phiro
205 864 233 886 et
246 860 417 895 margaritis
431 865 549 888 structas
564 860 721 888 :ductorem
741 861 840 896 quippe
855 862 926 896 opti-

121 914 189 934 mum
203 905 342 934 habemus
354 906 527 934 Matthaum.
541 906 593 933 Per
605 907 686 941 ipsius
697 913 811 941 namque
822 912 925 941 portam

122 961 188 981 nunc
203 954 353 984 intramus,
371 954 516 989 multoque
528 953 606 980 nobis
619 952 708 980 studio
719 958 761 980 est
771 961 848 988 opus.
859 953 926 980 Nam

123 1002 143 1028 si
156 999 308 1035 quempiam
332 1000 440 1027 viderit
459 1007 513 1027 non
540 1003 687 1031 attentum,
703 999 792 1035 ejiciet
813 1007 846 1027 ex
860 1000 927 1027 civi-

124 1051 185 1073 tate.
199 1045 247 1072 Est
267 1045 381 1080 quippe
397 1046 462 1073 urbs
474 1045 519 1073 illa
539 1045 655 1073 maxime
669 1045 742 1080 regia
756 1050 783 1073 et
797 1045 907 1073 illustris
917 1066 926 1080 ,

125 1099 207 1127 neque
221 1097 251 1119 ut
275 1091 366 1119 urbes
383 1096 502 1125 nostrae,
516 1092 544 1119 in
558 1092 645 1119 forum
666 1096 693 1119 et
707 1092 806 1127 regiam
829 1092 926 1120 distin-

125 1140 208 1174 guitur
223 1149 230 1166 :
246 1139 298 1166 sed
316 1137 358 1166 ibi
373 1139 466 1167 omnia
481 1139 555 1175 regia
579 1143 650 1166 sunt.
666 1140 825 1174 Aperiamus
839 1140 928 1176 itaque

126 1184 217 1212 utentis
236 1183 361 1218 janttas,
385 1185 540 1220 aperiamus
562 1192 659 1216 aures,
680 1188 708 1212 et
726 1192 787 1212 cum
811 1189 929 1214 tremore

126 1230 342 1267 plurimolimina
351 1230 561 1266 transgressuri,
573 1230 672 1266 Regem
684 1230 758 1258 illum
770 1230 928 1259 adoremus:

127 1285 185 1306 nam
206 1277 250 1304 vel
272 1277 383 1312 primus
405 1284 570 1312 congressus
591 1276 717 1304 sectatnri
735 1280 865 1305 terrorem
890 1278 929 1304 in-

127 1329 215 1352 cutere
230 1324 316 1352 valet.
331 1323 417 1352 Modo
431 1323 539 1360 quidem
551 1329 636 1359 portae
651 1324 709 1351 istae
723 1323 801 1352 nobis
815 1323 930 1352 occlusa;

986 217 1064 240 sunt:
1076 213 1183 247 quando
1195 217 1284 240 autem
1298 213 1363 241 istas
1373 217 1478 250 apertas
1492 215 1642 245 videbimus
1657 217 1726 254 (haec
1737 224 1779 247 cst

985 257 1057 284 cnitn
1080 258 1257 293 qumstionum
1281 259 1409 295 solutio),
1429 265 1490 288 luttc
1505 262 1616 289 multum
1641 263 1712 291 intus
1725 264 1778 292 ful-

984 310 1075 337 gorem
1092 303 1298 338 conspiciemus.
1313 304 1429 339 Spiritus
1441 307 1512 334 enim
1526 308 1611 335 oculis
1621 308 1716 337 ductus
1728 318 1777 345 pu-

985 349 1107 376 blicanus
1121 349 1175 383 hic,
1190 350 1280 377 omnia
1295 358 1324 378 se
1340 351 1385 378 tibi
1407 357 1577 380 ostensurum
1592 362 1652 382 esse
1667 356 1778 390 pollice-

985 399 1028 422 tur
1043 404 1049 421 :
1064 395 1171 422 ubinam
1186 396 1241 423 Rex
1255 397 1363 429 sedi-at,
1377 399 1486 431 quinam
1502 399 1535 426 de
1548 401 1726 429 excercitibus
1740 403 1778 429 illi

987 442 1091 476 adsint;
1107 443 1213 470 ubinam
1230 444 1283 470 sint
1299 444 1397 478 angeli,
1410 444 1457 471 ubi
1471 445 1624 480 archangeli
1636 454 1644 473 :
1656 445 1716 480 quis
1731 453 1779 473 no-

986 490 1026 516 vis
1048 490 1124 517 istius
1141 490 1214 517 urbis
1229 491 1331 518 civibus
1351 492 1385 518 sit
1406 491 1549 526 deputatus
1569 492 1658 525 locus;
1672 500 1731 528 qua;
1744 492 1779 520 sit

988 537 1029 563 via
1039 536 1107 563 istuc
1120 536 1238 570 ducens;
1252 545 1330 572 quatn
1342 543 1441 564 sortem
1453 538 1606 572 acceperint
1620 537 1649 571 ii,
1660 538 1704 572 qui
1716 543 1779 566 sunt

986 581 1101 616 primum
1117 581 1177 609 istic
1193 582 1265 609 cives
1278 582 1386 610 admissi
1398 603 1405 615 ,
1422 587 1448 610 et
1471 588 1530 617 post
1551 582 1600 610 hos
1612 584 1732 617 secundi,
1746 591 1778 611 ac

985 626 1082 653 deinde
1097 627 1166 653 tertii
1180 635 1186 653 :
1203 631 1268 661 quot
1280 627 1333 654 sint
1348 627 1454 654 illorum
1470 628 1566 655 civittm
1582 628 1701 662 ordines,
1713 633 1779 663 quot

985 676 1107 699 senatum
1121 672 1296 704 constituant,
1309 673 1541 708 qttotdignitatum
1556 673 1722 701 discrimina.
1736 674 1778 702 Ne

985 717 1075 749 itaque
1087 725 1146 744 cum
1161 718 1274 745 tumultu
1286 723 1313 745 et
1325 719 1438 753 strepitu
1453 719 1645 754 ingrediamur,
1658 719 1706 748 sed
1716 727 1776 748 cum

984 762 1091 790 silentio
1105 764 1229 799 mystico.
1245 764 1271 791 Si
1291 765 1362 791 enim
1378 765 1404 791 in
1418 765 1525 794 theatro
1545 773 1605 793 cum
1628 773 1724 801 magno
1738 767 1777 793 si-

984 808 1068 835 lctttio
1082 809 1253 844 Imperatoris
1274 810 1359 837 literae
1381 811 1508 846 leguntur
1522 819 1530 838 :
1546 813 1630 839 multo
1652 813 1736 848 magis
1750 815 1776 841 in

985 853 1035 881 hac
1050 854 1114 881 urbe
1126 856 1214 882 omnia
1232 855 1319 883 sedari
1333 862 1446 891 oportet,
1461 862 1543 892 atque
1555 859 1666 886 arrectis
1679 859 1776 888 animis

980 902 1008 923 et
1019 898 1126 926 auribus
1139 900 1263 928 standum
1277 906 1319 929 est
1328 903 1347 929 ι.
1359 902 1417 930 Non
1427 904 1498 931 enim
1509 905 1610 933 terreni
1622 906 1770 941 cujuspiam

980 943 1061 978 regis,
1076 945 1123 971 sed
1137 946 1291 981 angelorum
1304 948 1409 976 Domini
1420 950 1518 985 scripta
1531 950 1644 986 legenda
1657 957 1728 979 sunt.
1742 952 1771 980 Si

981 987 1017 1015 ita
1039 996 1088 1017 nos
1100 998 1263 1026 componere
1285 994 1464 1029 voluerimus,
1480 996 1538 1031 ipsa
1552 996 1668 1031 Spiritus
1686 998 1770 1033 gratia

979 1041 1040 1061 eum
1055 1043 1147 1071 magna
1161 1036 1298 1073 diligentia
1312 1047 1361 1068 nos
1375 1040 1491 1069 deducet
1502 1062 1511 1075 ,
1525 1042 1558 1070 ad
1574 1043 1714 1078 ipsumque
1728 1051 1772 1071 re-

979 1081 1050 1116 gium
1066 1083 1162 1110 solium
1183 1084 1352 1119 accedemus,
1366 1086 1488 1122 bonaque
1508 1089 1597 1115 omnia
1620 1096 1771 1124 conseque-

980 1133 1048 1158 mur,
1061 1128 1145 1161 gratia
1156 1133 1183 1156 et
1193 1128 1358 1165 benignitate
1371 1132 1475 1160 Domini
1489 1134 1572 1161 nostri
1584 1133 1647 1162 Jesu
1658 1134 1770 1169 Christi,

979 1172 1020 1199 cui
1033 1173 1119 1208 gloria
1140 1179 1167 1202 et
1186 1175 1326 1210 imperium
1340 1185 1400 1205 cum
1416 1179 1494 1206 Patre
1508 1185 1535 1207 et
1549 1186 1642 1208 sancto
1657 1180 1770 1217 Spirittt,

979 1225 1050 1246 nunc
1062 1224 1089 1246 et
1102 1228 1217 1256 semper,
1233 1223 1298 1250 etin
1312 1225 1408 1251 smcula
1424 1226 1593 1254 saeculorum.
1608 1228 1706 1256 Amen.

1011 1318 1019 1333 ί
1037 1318 1130 1350 Morel.,
1142 1321 1244 1347 arrectis
1256 1322 1355 1349 auribus
1365 1326 1477 1351 standum
1488 1330 1533 1354 est.

834 1573 1010 1604 HOMILIA
1032 1573 1073 1604 ll.

133 1692 188 1719 (ἷλιι,
205 1693 223 1719 1.
236 1694 298 1720 v.1.
311 1693 393 1719 Liber
407 1693 574 1727 generationis
587 1692 650 1720 Iesu
662 1693 755 1721 Christi
770 1695 817 1729 [itii
831 1693 923 1726 David,

431 1737 480 1771 ﬁlii
491 1737 625 1764 Abraham.

167 1804 190 1830 1.
212 1804 357 1831 Altentione
394 1804 551 1831 audientium
581 1804 707 1838 excitata,
732 1804 925 1837 descriptionem

133 1850 197 1884 regni
203 1850 308 1877 caelestis
318 1849 449 1876 adoritur.
459 1849 704 1877 —Anmeministis
716 1850 904 1878 admonitionis
915 1871 923 1883 ,

135 1902 180 1929 qua
193 1903 276 1929 nuper
288 1902 339 1922 vos
353 1895 453 1922 hortati
469 1902 571 1927 sumus,
585 1899 612 1922 ttt
625 1902 685 1922 cum
697 1896 768 1922 omni
782 1895 888 1923 silentio
899 1901 926 1924 et

134 1942 237 1976 mystica
245 1941 339 1976 quiete
351 1941 423 1968 dicta
437 1941 526 1969 omnia
539 1941 682 1969 audiretis?
695 1941 770 1969 Nunc
784 1948 873 1969 autem
884 1949 927 1969 sa-

135 1994 175 2014 cra
188 1988 280 2015 limina
294 1987 376 2015 hodie
385 1987 484 2015 adituri
497 1995 606 2020 sumus;
619 1987 732 2022 ideoque
744 1988 819 2015 vobis
828 1988 926 2016 adhor-

135 2033 258 2060 tationem
273 2033 347 2060 illam
363 2033 391 2060 itt
402 2038 522 2061 mentem
534 2034 666 2061 revocavi.
680 2033 746 2061 Nam
761 2034 783 2061 si
793 2034 877 2061 Judaei
892 2034 924 2062 ad

136 2083 249 2106 montem
263 2079 415 2112 ardentem,
428 2079 462 2106 ad
477 2079 574 2114 ignem,
595 2079 628 2106 ad
638 2079 787 2114 caliginem,
799 2080 833 2107 ad
848 2084 923 2107 tene-

137 2123 190 2151 bras
205 2130 235 2151 ει
245 2125 388 2159 procellam
404 2125 557 2158 accessuri;
573 2121 627 2152 imo
637 2133 690 2152 non
704 2126 838 2152 aceessuri
851 2146 858 2158 ,
876 2126 922 2153 sed

136 2177 164 2197 ea
176 2170 294 2197 audituri
311 2170 416 2198 eminus
434 2174 462 2197 et
483 2171 565 2198 visuri
579 2190 587 2204 ,
603 2171 688 2198 tribus
705 2175 767 2198 ante
782 2171 876 2198 diebus
892 2171 928 2199 ab

138 2215 260 2242 uxoribus
280 2215 415 2242 abstinere
431 2214 610 2250 jubebantur,
633 2221 774 2250 vestesque
795 2215 926 2249 abluere;

137 2265 214 2296 atque
227 2270 252 2288 tu
269 2261 365 2289 timore
378 2269 410 2288 ac
424 2265 541 2289 tremore
552 2261 692 2296 degebant,
702 2261 860 2298 Moysesque
867 2269 927 2290 cum

137 2305 198 2341 ipsis
211 2315 219 2333 :
235 2307 320 2334 multo
332 2307 418 2342 magis
430 2314 480 2334 nos
492 2307 556 2334 talia
567 2307 682 2334 auditttri
695 2307 787 2340 verba,
799 2315 852 2336 non
866 2315 928 2343 pro-

137 2351 177 2378 cul
197 2360 212 2378 a
231 2357 323 2379 monte
342 2352 461 2380 fumante
474 2357 593 2385 stantes,
614 2352 661 2380 sed
681 2353 766 2387 ipsum
781 2353 928 2389 ingressuri

136 2397 229 2425 uelum
241 2417 250 2430 ,
275 2396 405 2433 majorem
426 2397 554 2426 debemus
570 2399 696 2428 exhibere
711 2401 904 2436 philosophiam
915 2423 924 2436 ,

135 2450 187 2470 non
202 2443 361 2471 vestimenta
375 2443 526 2478 abluentes,
540 2445 587 2473 sed
601 2447 698 2474 animae
713 2447 807 2475 stolam
820 2449 926 2476 abster-

134 2494 226 2528 gentes
236 2509 244 2522 ,
268 2495 297 2517 et
315 2490 350 2518 ab
362 2491 435 2518 omni
450 2491 618 2519 saecularium
638 2500 726 2521 rerum
740 2495 929 2523 commixtione

136 2535 220 2562 liberi.
244 2534 304 2563 Non
318 2536 391 2563 enim
405 2537 545 2572 caliginem
566 2538 711 2572 videbitis,
732 2547 785 2567 non
807 2540 925 2575 fumum,

136 2590 189 2609 non
208 2582 375 2617 procellam;
390 2583 438 2610 sed
451 2583 537 2618 ipsum
551 2583 650 2620 Regem
664 2586 802 2615 sedentem
816 2589 844 2615 in
862 2588 930 2616 solio

136 2628 278 2658 ineffabilia
289 2629 362 2656 illius
373 2629 476 2664 gloriae,
485 2630 646 2666 angelosque
655 2636 681 2659 et
691 2633 864 2667 archangelos
879 2634 930 2668 ipsi

139 2675 284 2709 adstantes,
300 2681 509 2711 sanctorumque
530 2676 641 2712 populos
663 2685 722 2705 cum
742 2679 928 2707 innumerabili

141 2720 243 2748 Illorum
257 2726 340 2749 metu.
353 2721 428 2749 Talis
443 2722 540 2757 quippe
551 2726 594 2750 est
607 2722 699 2751 civitas
712 2724 768 2757 Dei,
784 2724 929 2752 Ecclesiam

140 2767 338 2801 primitivorum
355 2768 458 2795 habens
468 2788 477 2801 ,
491 2768 597 2803 spiritus
608 2768 738 2803 iustorum
749 2790 757 2802 ,
776 2770 930 2805 angelorum

142 2813 315 2848 frequentiam
324 2834 332 2846 ,
346 2813 505 2848 sanguinem
520 2815 680 2848 aspersionis
691 2834 700 2848 ,
713 2822 767 2850 quo
780 2815 870 2843 omnia
884 2823 930 2843 co-

145 2860 274 2895 pulantur,
290 2860 390 2888 caelum
406 2864 511 2888 terrena
525 2860 651 2896 suscepit,
665 2865 693 2889 et
707 2864 777 2889 terra
789 2861 906 2890 czelestia
923 2871 930 2889 :

976 1709 1004 1733 et
1016 1705 1070 1740 jam
1086 1703 1150 1732 olim
1165 1703 1314 1732 desiderata
1328 1710 1378 1739 pax
1389 1702 1490 1737 angelis
1511 1706 1592 1738 atque
1604 1701 1703 1729 sanctis
1715 1700 1766 1728 do-

978 1755 1039 1779 nata
1054 1755 1105 1779 est.
1120 1751 1150 1778 In
1163 1751 1214 1778 hac
1227 1749 1293 1778 urbe
1305 1749 1392 1778 crucis
1406 1754 1534 1784 troptenm
1547 1749 1652 1777 illustre
1665 1748 1728 1776 illud
1741 1752 1770 1776 et

978 1798 1149 1832 conspicuum
1165 1801 1283 1825 erectum
1299 1802 1341 1825 est
1358 1806 1365 1824 :
1379 1797 1463 1832 spolia
1475 1796 1581 1823 Christo
1594 1800 1668 1830 parta
1679 1815 1686 1826 .
1702 1802 1767 1823 exu-

979 1845 1027 1871 vial
1043 1849 1144 1870 natura;
1156 1847 1264 1875 nostrm,
1281 1842 1412 1869 manubiae
1426 1842 1506 1876 Regis
1519 1841 1602 1868 nostri
1619 1849 1626 1867 :
1640 1847 1699 1875 quas
1711 1847 1769 1867 om-

982 1892 1025 1918 nia
1040 1898 1073 1918 ex
1090 1889 1234 1925 evangeliis
1255 1894 1379 1917 accurate
1400 1888 1543 1916 discemus.
1566 1887 1595 1916 Si
1619 1896 1680 1916 cum
1705 1895 1771 1915 con-

981 1938 1086 1971 gruenti
1100 1937 1189 1972 quiete
1201 1936 1331 1972 sequaris,
1349 1936 1497 1970 poterimtts
1510 1940 1536 1963 te
1551 1943 1599 1970 per
1610 1940 1706 1963 cuncta
1717 1935 1772 1962 cir-

983 1983 1162 2016 cumducere,
1187 1982 1383 2017 ostendereque
1403 1981 1451 2008 tibi
1471 1982 1578 2008 ubinam
1603 1988 1675 2008 mors
1696 1980 1774 2008 afﬁxa

980 2029 1084 2064 jaceat,
1100 2030 1142 2057 ubi
1163 2033 1302 2064 peccatum
1315 2036 1473 2063 suspensum
1490 2028 1534 2061 sit,
1551 2027 1594 2055 ubi
1610 2028 1731 2062 plurima:
1743 2035 1776 2055 ac

982 2075 1119 2102 mirabiles
1133 2083 1166 2102 ex
1181 2074 1232 2102 hoc
1253 2074 1323 2102 bello
1333 2094 1340 2107 ,
1355 2081 1386 2101 ex
1408 2073 1457 2101 hac
1473 2081 1558 2108 pugna
1572 2073 1713 2100 manubiae.
1728 2072 1776 2100 Vi-

982 2120 1059 2148 dehis
1072 2125 1099 2149 et
1112 2126 1253 2156 tyrannum
1268 2121 1386 2147 vinctum
1399 2127 1459 2147 cum
1476 2119 1644 2147 mttltitudine
1657 2120 1776 2154 captivo-

983 2175 1042 2194 rum
1057 2171 1197 2202 sequente,
1206 2171 1234 2194 et
1246 2173 1347 2199 arcem,
1361 2173 1395 2193 ex
1408 2173 1459 2200 qua
1474 2165 1593 2200 impurus
1603 2165 1647 2193 ille
1658 2165 1775 2198 daemon,

982 2213 1117 2248 praeterito
1129 2218 1260 2247 tempore,
1276 2213 1399 2240 incursus
1411 2212 1438 2240 in
1452 2213 1542 2240 omnia
1556 2212 1670 2240 faciebat.
1683 2221 1690 2239 :
1704 2211 1777 2239 vide-

983 2258 1024 2286 bis
1035 2259 1115 2286 etiam
1129 2258 1194 2286 furis
1209 2258 1319 2286 latibula
1334 2262 1361 2286 et
1374 2258 1526 2293 speluncas,
1538 2257 1658 2292 diruptas
1669 2257 1777 2293 quidem

982 2309 1010 2331 et
1024 2304 1166 2338 patefactas
1180 2312 1187 2330 :
1202 2311 1264 2331 nam
1279 2303 1315 2330 ibi
1329 2311 1435 2338 quoque
1449 2303 1504 2331 Rex
1517 2303 1611 2330 adfuit.
1628 2302 1726 2331 Verum
1742 2311 1776 2331 ne

983 2349 1100 2382 fatiscas,
1111 2349 1208 2377 dilecte
1223 2358 1230 2377 :
1247 2356 1336 2384 neque
1348 2349 1420 2376 enim
1434 2349 1456 2376 si
1466 2349 1526 2384 qttis
1540 2348 1640 2376 bellum
1653 2349 1704 2376 sub
1714 2357 1776 2377 sen-

983 2403 1043 2424 sum
1055 2397 1154 2424 cadens
1166 2400 1321 2429 enarraret,
1345 2396 1368 2423 si
1384 2400 1483 2431 tropaea
1497 2416 1504 2427 ,
1525 2395 1546 2423 si
1561 2395 1685 2423 victorias
1696 2416 1704 2430 ,
1720 2395 1779 2423 hrcc

983 2450 1043 2470 cum
1057 2442 1163 2470 fastidio
1174 2442 1331 2477 exciperes;
1346 2442 1400 2469 imo
1414 2449 1464 2469 nec
1483 2441 1571 2469 cibum
1584 2461 1591 2474 ,
1617 2449 1667 2469 nec
1686 2446 1778 2476 potum

984 2488 1047 2516 huic
1060 2489 1204 2516 narrationi
1220 2494 1408 2523 anteponeres.
1424 2487 1501 2521 Quod
1515 2488 1537 2515 si
1553 2487 1596 2514 illa
1610 2487 1728 2522 jucunda
1738 2493 1779 2515 est.

984 2535 1114 2568 narratio,
1129 2534 1212 2561 multo
1224 2534 1308 2569 magis
1321 2533 1378 2560 haec
1391 2533 1453 2560 erit.
1463 2532 1601 2567 Perpende
1611 2534 1682 2560 enim
1692 2540 1779 2567 quan-

985 2584 1042 2608 tum
1055 2580 1120 2607 illud
1135 2580 1170 2607 sit
1181 2578 1292 2612 audire,
1310 2577 1446 2614 quomodo
1464 2577 1535 2605 Deus
1549 2577 1582 2605 de
1592 2577 1658 2605 cmlo
1668 2597 1676 2610 ,
1691 2577 1779 2613 deque

984 2626 1058 2661 regio
1071 2626 1139 2653 solio
1153 2632 1273 2660 surgens,
1290 2625 1315 2652 in
1327 2628 1437 2657 terram,
1450 2623 1530 2659 inque
1541 2624 1627 2659 ipsum
1641 2623 1777 2652 infernum

985 2671 1113 2705 eruperit,
1133 2674 1161 2698 et
1176 2671 1202 2697 in
1212 2670 1269 2697 acie
1281 2669 1402 2698 steterit;
1413 2668 1547 2703 quomodo
1558 2669 1680 2696 diabolus
1693 2670 1778 2697 aciem

985 2722 1013 2745 et
1027 2718 1084 2753 ipse
1097 2724 1172 2744 suam
1187 2721 1279 2744 contra
1293 2716 1376 2743 Deum
1392 2715 1560 2747 instruxerit;
1573 2714 1628 2742 imo
1647 2722 1701 2742 non
1714 2722 1779 2742 con-

986 2768 1028 2792 tra
1050 2764 1131 2792 Dettm
1146 2763 1246 2791 nudum
1256 2783 1264 2796 ,
1278 2763 1327 2790 sed
1341 2762 1423 2789 Deum
1439 2762 1466 2789 in
1486 2765 1580 2788 natura
1592 2761 1778 2789 absconditum

987 2810 1111 2838 humana.
1125 2809 1255 2845 Quodque
1269 2808 1392 2836 mirabile
1402 2812 1452 2841 est,
1467 2811 1580 2835 mortem
1603 2813 1690 2835 morte
1703 2807 1778 2835 soln-

986 2861 1040 2886 tatn
1051 2856 1171 2891 videbis,
1191 2861 1219 2885 et
1232 2855 1406 2884 maledictum
1425 2854 1566 2882 maledicto
1579 2853 1729 2886 sublatum;
1751 2858 1778 2882 et
