2056 3130
251 127 289 153 ⁸.ὶῦ
601 124 630 152 8.
648 123 792 152 JOANNIS
810 122 1055 152 CHRYSOSTOMI
1075 119 1234 149 ARCHIEP.
1254 117 1523 147 CONSTANTINOP.
1840 118 1876 142 26

243 188 290 214 per
302 186 360 215 qum
374 178 496 205 diabolus
507 183 570 206 antc
580 178 700 210 valebat,
718 185 765 212 per
777 178 870 205 eadem
883 178 941 214 ejus
960 181 1034 207 solu-

246 235 299 256 tam
313 227 491 264 tyrannidem.
505 227 686 263 Exsurgamus
698 226 794 262 igitur,
810 231 838 254 et
851 234 976 254 somnum
997 227 1043 255 de-

245 276 400 310 pellamus:
413 282 475 303 ecce
487 279 578 310 portas
591 274 669 302 video
682 273 759 301 nobis
777 278 884 308 apertas
896 281 904 306 ;
917 272 966 301 sed
981 281 1041 300 cum

244 323 318 350 outni
342 322 474 350 modestia
493 329 524 349 ac
544 326 663 349 tremore
679 320 861 356 ingrediamur
874 341 882 353 ,
903 320 994 348 statim
1010 320 1042 346 li-

245 368 317 395 mina
333 372 464 403 petentes.
480 367 544 401 Qua:
565 371 628 394 sunt
642 367 734 394 istltmc
756 367 864 394 limina?
879 365 954 393 Liber
967 375 1044 401 gene-

244 416 351 442 rationis
362 414 425 442 Jesu
438 414 530 441 Christi
552 413 600 444 ﬁlii
617 413 701 440 David
716 434 724 446 ,
747 413 795 447 ﬁlii
816 412 955 440 Abraham.
977 412 1045 446 Quid

245 462 335 489 dicis?
348 461 383 489 de
398 461 533 496 unigenito
547 460 594 488 Dei
610 460 678 488 Filio
692 464 718 487 te
731 459 902 494 loquulurum
915 466 975 487 esse
991 459 1047 494 pol-

247 507 382 541 licebaris,
398 511 425 534 et
441 506 569 534 Davidem
583 513 716 533 memoras
729 526 736 538 ,
752 505 887 533 hominem
901 509 963 540 post
973 505 1045 534 mille

247 554 438 588 generationes
450 556 552 584 natum,
567 552 706 586 ipsumque
719 550 786 578 dicis
797 558 857 578 esse
867 554 893 578 et
902 555 1005 585 patrem
1019 554 1046 577 et

249 599 397 633 proavum?
411 598 551 632 Exspecta,
559 605 594 624 ne
606 597 685 624 simul
698 597 787 624 omnia
796 596 915 623 ediscere
926 602 1047 631 quaeras;

248 645 298 672 sed
322 644 421 671 sensim
445 649 524 678 atque
539 643 676 677 paulatim.
698 642 727 669 ln
751 641 842 669 limine
871 641 958 668 solum
973 645 1047 674 stas,

248 691 336 718 adhuc
351 691 377 717 in
392 691 449 723 ipso
463 690 548 720 ostio;
565 688 627 724 quid
643 688 752 716 festinas
766 688 799 715 ad
811 687 959 715 interiora?
974 687 1048 715 Non-

249 737 313 763 dum
327 735 458 762 exteriora
474 735 562 761 omnia
585 734 668 769 probe
681 734 825 768 explorasti
844 743 850 760 :
869 741 955 768 neque
976 733 1047 760 enim

251 781 323 808 illaut
339 780 386 807 tibi
400 780 598 815 generationem
625 779 711 806 adhuc
730 786 875 810 recenseo;
893 778 946 805 imo
965 786 1051 812 neque

251 827 323 854 illam
338 835 397 862 qua:
419 831 478 859 post
491 827 631 860 sequitur,
655 833 713 860 qua:
738 825 880 852 ineli'abilis
900 829 926 851 et
951 832 1048 851 arcana

252 877 303 900 est.
322 872 430 906 Hocque
444 872 491 898 tibi
506 876 568 898 ante
583 878 628 898 me
642 870 723 898 lsaias
742 870 873 905 propheta
888 869 1028 897 denuntiat
1042 877 1050 896 :

255 918 388 953 siquidem
410 918 467 952 ejus
482 916 634 952 passionem
648 916 813 951 prtedicans,
830 916 966 951 ipsiuSque
980 915 1051 942 circa

252 964 345 992 orbem
362 968 495 991 terrarum
510 963 705 998 providentiam
719 964 727 979 ¹
747 973 753 990 :
769 963 903 990 admirans
918 962 978 996 quis
989 969 1050 990 cum

253 1014 326 1037 esset
339 1009 402 1044 quid
426 1009 510 1037 factus
519 1010 573 1042 sit,
600 1016 687 1044 quove
707 1007 892 1041 descenderit,
915 1015 1009 1043 magna
1025 1011 1053 1035 et

253 1055 324 1083 clara
339 1063 406 1084 voce
419 1055 594 1083 exclamando
607 1055 675 1082 dixit
691 1063 698 1081 :
716 1054 909 1082 Gettcralianem
929 1054 984 1082 eius
996 1053 1053 1089 quis

254 1102 379 1129 euarrabit
392 1101 419 1136 (1
422 1101 472 1129 sai.
483 1101 528 1128 55.
542 1100 570 1131 8)
583 1100 595 1127 Ἰ

289 1196 318 1224 2.
335 1195 482 1224 Ιηεανηαιίο
494 1201 616 1231 quantum
630 1196 771 1230 stupenda;
786 1195 912 1228 quomodo
922 1202 969 1222 nos
981 1194 1052 1222 etal-

257 1247 300 1271 tet.
312 1241 426 1270 Christus
439 1241 514 1269 Vetus
528 1241 715 1268 Testamentum
729 1241 801 1268 Nova
812 1241 940 1276 adjuuxit.
955 1240 988 1266 In
1007 1240 1055 1267 Ve-

257 1294 304 1318 tm
319 1291 476 1317 Testamento
489 1289 583 1325 ﬁgura,
593 1289 619 1316 in
629 1288 655 1315 Ν
658 1296 703 1315 ovo
716 1288 858 1316 veritat.-—
871 1286 930 1314 Non
945 1294 1010 1322 ergo
1019 1285 1053 1314 de

258 1337 301 1364 illa
315 1335 488 1371 generatione
501 1335 580 1362 nobis
589 1342 680 1362 sermo
693 1338 744 1365 est,
757 1333 804 1360 sed
817 1333 849 1360 de
863 1332 915 1360 hac
926 1332 1053 1360 inferiore

257 1387 284 1409 et
299 1386 403 1409 terrena
413 1401 422 1414 ,
442 1388 502 1415 qua:
517 1380 672 1407 innumeros
685 1379 727 1406 sui
744 1383 826 1406 testes
841 1378 931 1405 habet.
955 1378 992 1404 De
1005 1377 1055 1404 hac

258 1436 339 1463 porro
351 1435 400 1463 pro
417 1427 488 1455 virili
503 1432 596 1454 nostra
611 1426 759 1454 secundum
781 1430 918 1461 acceptam
940 1425 1054 1460 Spiritus

260 1475 374 1510 gratiam
386 1494 394 1507 ,
416 1474 455 1502 sic
478 1480 631 1501 sermonem
654 1472 836 1500 instituemus.
855 1471 947 1507 Neque
966 1477 1054 1499 tamen

260 1521 329 1548 hanc
342 1527 402 1548 cum
425 1519 498 1547 omni
519 1518 709 1554 perspicuitate
730 1518 864 1553 explicare
887 1525 1054 1553 possumus:

260 1574 321 1593 nam
343 1570 370 1593 et
387 1565 444 1600 ipsa
459 1572 566 1600 quoque
580 1564 724 1592 admodum
739 1564 870 1599 stupenda
885 1568 936 1591 est.
950 1563 990 1591 Ne
1003 1564 1055 1590 ita-

259 1619 312 1646 que
325 1612 419 1646 exigua
434 1615 461 1638 te
474 1610 568 1638 audire
581 1614 658 1645 putes
670 1631 678 1644 ,
694 1609 757 1637 dum
771 1609 840 1637 hanc
853 1609 929 1636 audis
941 1616 1056 1644 genera-

261 1659 378 1691 tionem;
393 1657 441 1685 sed
461 1662 578 1685 mentem
602 1657 698 1690 excita,
723 1660 751 1684 et
766 1657 855 1684 statim
870 1656 1034 1684 exhorresce
1045 1676 1054 1688 ,

261 1705 346 1733 Deutn
360 1705 387 1731 in
402 1708 500 1731 terram
515 1703 620 1731 venisse
632 1702 754 1730 audiens.
771 1702 837 1730 lllud
859 1702 932 1729 enim
955 1702 993 1729 sic
1007 1701 1057 1729 ad-

261 1749 430 1781 mirandum,
445 1748 486 1776 sic
501 1748 712 1782 inexspectatum
725 1751 800 1781 erat,
816 1746 939 1782 utangeli
953 1747 980 1773 in
991 1746 1058 1774 cbo-

263 1803 322 1823 rum
336 1794 441 1822 collecti
454 1801 536 1829 super
548 1794 598 1821 hac
612 1801 642 1822 re
655 1801 703 1829 pro
718 1797 775 1821 toto
796 1793 860 1821 orbe
881 1793 985 1821 laudem
1000 1793 1057 1828 glo-

261 1841 382 1876 riamque
395 1840 584 1873 concinerent,
608 1844 635 1867 et
654 1839 793 1874 prophetae
805 1839 860 1874 jam
876 1839 942 1867 olim
955 1838 990 1866 de
1008 1838 1059 1866 bac

263 1894 293 1914 re
305 1886 524 1922 obstupescerent
535 1907 543 1919 ,
557 1885 628 1921 quod
643 1886 668 1913 in
685 1889 756 1913 terra
765 1885 838 1913 visus
853 1890 880 1913 et
893 1892 954 1913 cum
969 1884 1059 1912 homi-

263 1933 341 1961 nibus
349 1936 521 1961 conversatus
528 1932 562 1959 sit
568 1931 692 1967 (Baruch.
701 1932 727 1960 5.
739 1931 797 1967 58).
804 1931 909 1959 Etenim
916 1931 1058 1959 admodum

263 1978 424 2013 stupendum
439 1982 479 2006 est
493 1977 602 2011 audire,
619 1978 703 2005 Deum
726 1977 886 2005 ineﬂ'abilem
898 1998 907 2011 ,
923 1976 1060 2005 inenarra-

238 2028 241 2031 '
264 2024 354 2057 bilem,
369 2023 677 2059 incomprehensibilem,
694 2023 766 2051 Patri
778 2023 907 2058 aequalem
919 2043 928 2055 ,
941 2030 990 2057 per
1004 2023 1060 2051 vir-

264 2077 369 2105 gmeam
383 2069 492 2097 venisse
503 2069 620 2102 vulvam,
632 2073 660 2096 et
671 2076 706 2097 ex
721 2068 833 2096 muliere
843 2068 915 2096 nasci
923 2068 1060 2103 dignatum

265 2123 336 2149 esse,
349 2122 467 2150 avosque
474 2115 574 2143 habere
584 2114 710 2142 Davidem
717 2119 744 2142 et
753 2114 945 2142 Abrahamum.
956 2114 989 2142 Et
997 2114 1060 2149 quid

266 2161 326 2189 dico
341 2160 470 2189 Davidem
480 2165 508 2188 et
518 2159 717 2188 Abrahamum?
731 2159 797 2188 Nam
810 2160 882 2196 quod
897 2160 1059 2194 horribilius,

266 2207 346 2234 etiam
365 2206 492 2234 mulieres
506 2206 565 2234 illas
586 2206 744 2234 meretrices
759 2207 785 2239 ’,
810 2213 877 2241 quas
898 2206 977 2241 paulo
1000 2210 1061 2233 ante

267 2253 423 2283 memoravi.
438 2253 501 2281 llazc
515 2253 640 2287 audiens,
655 2253 774 2280 animum
784 2253 874 2288 erige,
890 2257 918 2280 et
930 2252 995 2280 nihil
1009 2253 1062 2280 vile

268 2299 412 2336 suspiceris
425 2308 433 2326 :
449 2298 568 2334 illudque
582 2299 699 2326 maxime
709 2299 818 2332 mirare,
831 2299 902 2334 quod
917 2299 1000 2327 Filius
1011 2319 1020 2332 ,
1034 2304 1063 2326 et

268 2345 401 2380 genuinus
411 2344 495 2372 Filius
506 2344 552 2372 Dei
561 2344 620 2372 sine
629 2344 760 2380 principio
770 2344 924 2372 exsistentis
939 2351 969 2372 se
979 2344 1062 2372 lilium

270 2390 377 2419 Davidis
390 2391 484 2419 audire
504 2398 598 2427 passus
619 2391 674 2425 sit,
696 2395 725 2418 ut
739 2395 765 2420 te
779 2391 880 2419 faceret
894 2391 940 2419 Dei
953 2391 1038 2419 ﬁlium
1054 2401 1061 2419 :

270 2444 365 2472 passus
377 2441 419 2464 est
432 2445 462 2465 se
473 2443 575 2473 patrem
587 2437 686 2466 habere
697 2445 815 2470 servum,
827 2442 856 2465 ut
870 2437 917 2465 tibi
930 2445 1008 2465 servo
1018 2445 1066 2473 pa-

272 2488 340 2510 trem
363 2481 463 2511 faceret
484 2483 636 2511 Dominum.
663 2483 755 2511 Viden’
778 2483 869 2511 statim
891 2491 906 2511 a
931 2483 1064 2519 principio

270 2535 393 2563 quaenam
407 2528 462 2557 sint
473 2529 631 2564 evangelia?
645 2528 721 2563 Quod
735 2529 758 2557 si
773 2528 807 2556 de
821 2529 874 2556 tuis
887 2529 994 2557 dubitas
1005 2549 1014 2562 ,
1030 2529 1065 2556 ab

272 2574 305 2602 iis
319 2582 378 2610 qua:
398 2574 433 2602 ad
453 2574 540 2609 ipsum
553 2579 676 2611 spectant
693 2575 751 2602 haec
770 2579 800 2602 ut
812 2575 906 2603 credas
918 2575 1064 2603 inducaris.

272 2621 363 2657 Longe
375 2622 446 2649 enim
461 2621 598 2649 difficilius
611 2626 663 2655 est,
676 2626 806 2657 quantum
818 2621 851 2650 ad
864 2622 1009 2650 humanum
1024 2622 1065 2649 in-

275 2669 408 2697 tellectum
421 2669 545 2704 pertinet,
561 2669 646 2697 Deum
661 2668 797 2698 hominem
808 2669 877 2704 ﬁeri,
890 2677 969 2705 quam
978 2669 1065 2697 homi-

308 2763 605 2796 1Alii,miscricordium.
654 2794 659 2796 _
690 2795 710 2796 η
804 2792 809 2796 _
841 2791 847 2796 ~
891 2792 896 2796 .
933 2792 937 2796 _
966 2790 972 2795 _

309 2796 320 2812 ³
335 2797 395 2828 tax,
407 2795 554 2826 meretrices,
568 2797 641 2821 deest
653 2794 677 2820 in
690 2792 861 2825 Manuscriptis
874 2792 995 2824 plurimis.

1095 190 1156 209 nem
1180 181 1228 209 Dei
1248 181 1332 208 tilium
1351 189 1421 209 esse.
1440 181 1507 209 Cum
1531 182 1610 217 igitur
1623 181 1701 209 audis
1717 181 1813 209 Filium
1838 182 1887 212 Dei

1094 229 1178 256 tilium
1191 235 1251 255 esse
1276 228 1383 255 Davidis
1398 232 1425 256 et
1436 227 1561 262 Abrahae,
1575 228 1697 256 dubitare
1707 228 1764 264 jam
1776 228 1868 257 desine
1878 250 1894 261 ,.

1095 280 1119 301 te.
1134 274 1216 301 tilium
1232 273 1296 300 Ad:e
1319 273 1402 301 tilium
1418 273 1466 302 Dei
1487 274 1604 302 futurum
1619 282 1688 302 esse.
1703 274 1795 309 Neque
1814 275 1886 303 enim

1094 319 1191 347 frustra
1201 323 1229 347 et
1240 319 1372 346 incassum
1387 319 1504 354 seipsum
1518 320 1554 347 ita
1570 319 1754 353 humiliasset,
1770 320 1822 348 nisi
1836 328 1886 348 nos

1095 366 1259 394 exaltaturus
1273 371 1354 393 esset.
1369 365 1452 393 Natus
1466 371 1508 393 est
1520 366 1592 393 enim
1608 365 1753 394 secundum
1768 374 1888 399 carnem,

1097 417 1124 438 nt
1138 417 1164 439 tu
1177 411 1326 439 nascereris
1339 411 1612 446 secundumspiritum
1627 421 1634 439 z
1649 417 1725 438 natus
1732 417 1775 440 est
1782 420 1814 439 ex
1827 420 1888 439 mu-

1097 458 1172 491 liere,
1199 463 1227 485 ut
1250 461 1278 485 tu
1296 457 1435 486 desineres
1459 457 1528 485 [ilius
1542 465 1603 486 esse
1625 459 1757 486 mulieris.
1777 458 1893 494 ideoque

1096 504 1194 539 duplex
1205 504 1341 538 generatio
1353 503 1411 536 fuit,
1427 507 1453 531 et
1467 511 1527 539 quae
1541 504 1637 531 similis
1650 509 1750 532 nostra;
1763 509 1846 536 esset.
1858 496 1894 531 et.

1097 557 1157 585 qua:
1172 554 1292 577 nostram
1306 549 1317 565 ³
1330 553 1512 584 exsuperaret.
1523 549 1629 577 Etenim
1646 558 1678 577 ex
1694 550 1806 578 muliere
1819 550 1893 577 nasci

1099 595 1178 623 nobis
1192 595 1329 630 competit;
1344 596 1416 623 nasci
1427 601 1515 624 autem
1528 604 1582 624 non
1594 603 1627 624 ex
1642 596 1780 631 sanguine,
1795 604 1849 624 non
1861 604 1895 624 ex

1099 643 1234 670 voluntate
1248 642 1296 669 viri
1312 646 1339 670 et
1350 643 1450 676 carnis,
1464 642 1512 670 sed
1522 650 1556 670 ex
1570 642 1671 678 Spiritu
1685 647 1778 671 sancto
1788 665 1796 677 ,
1809 651 1894 678 gene-

1101 691 1232 718 rationem
1246 697 1295 717 nos
1315 695 1520 724 exsuperantem
1536 694 1563 717 et
1586 689 1701 717 futuram
1717 691 1897 725 praenuntiat,

1100 744 1160 771 quae
1171 744 1205 764 ex
1219 735 1320 771 Spiritu
1341 736 1418 764 nobis
1431 735 1602 763 concedenda
1617 741 1685 763 erat.
1700 735 1768 769 Quin
1789 740 1816 763 et
1838 744 1895 763 ca:-

1101 788 1159 811 tera
1177 789 1286 819 quoque
1312 782 1402 810 omnia
1426 781 1580 817 huiusmodi
1603 785 1690 809 erant.
1712 781 1818 809 Etenim
1842 781 1897 808 tale

1101 834 1159 858 erat
1172 833 1200 858 et
1213 830 1365 857 lavacrum:
1376 828 1510 864 quidpiam
1526 829 1598 856 enim
1611 836 1644 856 ex
1656 828 1749 860 veteri,
1760 828 1897 864 quidpiam

1101 875 1182 904 etiam
1197 882 1234 903 ex
1253 881 1323 902 novo
1337 874 1463 903 habebat.
1479 874 1544 902 Nam
1567 881 1583 902 a
1604 874 1733 910 propheta
1746 874 1874 909 baptizari
1888 893 1900 908 ,

1101 929 1151 958 per
1165 921 1230 950 illud
1242 925 1319 949 vetus
1334 920 1534 956 exprimebatur
1546 929 1554 948 :
1567 920 1697 955 Spiritum
1721 925 1809 948 autem
1834 927 1900 947 san-

1102 974 1175 997 ctum
1184 967 1358 1000 descendere,
1368 975 1464 995 novum
1474 966 1667 994 subindicabat.
1677 968 1715 994 Ae
1723 965 1899 1001 quemadmo-

1103 1015 1168 1042 dum
1181 1014 1276 1049 siquis
1291 1014 1317 1040 in
1341 1013 1430 1041 medio
1449 1017 1540 1045 stans,
1562 1012 1629 1039 duos
1653 1013 1719 1039 alios
1742 1012 1896 1047 sejunctas.

1104 1060 1230 1096 expansis
1243 1059 1298 1086 suis
1313 1059 1482 1093 arreptisque
1495 1058 1602 1085 illorum
1626 1059 1748 1092 utrinque
1759 1057 1882 1086 manibus
1893 1077 1902 1090 ,

1105 1106 1276 1141 coniunxerit
1295 1114 1300 1131 :
1316 1106 1351 1132 ita
1376 1109 1404 1133 et
1427 1105 1473 1132 ille
1495 1104 1574 1137 fecit,
1597 1104 1680 1131 Vetus
1700 1104 1903 1132 Testamentum

1105 1153 1180 1181 Novo
1200 1151 1367 1187 adiungens,
1392 1155 1514 1178 naturam
1540 1149 1656 1177 divinam
1682 1149 1826 1182 humanas,
1851 1156 1900 1176 sua

1106 1198 1216 1227 nostris.
1231 1197 1323 1224 Viden‘
1335 1197 1408 1224 urbis
1431 1196 1542 1231 hujusce
1557 1195 1685 1230 fulgorem
1697 1216 1705 1229 ,
1718 1199 1902 1230 quantumque

1109 1250 1134 1273 lc
1155 1252 1171 1272 a
1190 1244 1321 1280 principio
1346 1243 1560 1270 collustraverit?
1586 1241 1719 1276 quomodo
1742 1241 1790 1269 tibi
1812 1248 1903 1275 regem

1109 1292 1198 1320 statim
1212 1289 1329 1318 ostendit
1342 1291 1368 1317 in
1386 1295 1430 1316 tua
1446 1289 1535 1324 specie
1547 1308 1556 1322 ,
1570 1288 1646 1324 quasi
1660 1288 1685 1315 in
1701 1288 1789 1315 medio
1803 1287 1906 1315 exerci-

1110 1339 1156 1367 tu?
1169 1338 1260 1373 Neque
1274 1337 1346 1365 enim
1366 1335 1403 1364 ibi
1416 1343 1465 1363 rex
1479 1343 1587 1371 semper
1600 1335 1755 1370 dignitatem
1766 1341 1842 1361 suam
1857 1341 1904 1360 os-

1111 1385 1205 1418 tendit,
1218 1383 1267 1412 sed
1286 1383 1367 1411 missa
1385 1389 1503 1418 purpura
1517 1386 1544 1409 et
1564 1381 1715 1409 diademate
1729 1401 1738 1413 ,
1761 1380 1905 1408 militarem

1111 1438 1183 1466 saape
1195 1434 1297 1457 vestem
1314 1428 1410 1456 induit.
1429 1427 1482 1455 Sed
1497 1427 1532 1455 ibi
1546 1426 1673 1462 quidem,
1688 1433 1723 1453 ne
1745 1429 1823 1453 notus
1843 1432 1907 1451 cum

1112 1477 1157 1510 sit,
1173 1476 1264 1504 hostes
1277 1474 1311 1502 ad
1325 1482 1355 1502 se
1367 1473 1501 1506 attrahat;
1519 1472 1564 1500 hic
1576 1477 1670 1500 contra
1681 1492 1688 1504 ,
1704 1479 1739 1499 ne
1751 1475 1829 1498 notus
1843 1478 1906 1497 cum

1115 1527 1161 1559 sit,
1171 1525 1276 1553 hostem
1287 1532 1320 1552 ex
1334 1524 1473 1552 conﬂictus
1483 1522 1579 1550 timore
1591 1521 1618 1548 in
1632 1519 1720 1555 fugam
1729 1522 1826 1551 vertat,
1839 1524 1906 1545 neve

1116 1579 1179 1599 suos
1191 1572 1333 1600 conturbet
1347 1570 1477 1598 :salutem
1500 1569 1572 1596 enim
1593 1567 1677 1602 ipsis,
1698 1573 1750 1593 non
1775 1569 1908 1592 terrorem

1116 1617 1212 1645 afferre
1226 1618 1325 1645 studet.
1342 1616 1404 1644 Ideo
1416 1614 1504 1643 statim
1515 1614 1602 1650 ipsum
1612 1613 1657 1640 illo
1668 1611 1777 1640 nomine
1790 1609 1905 1642 vocavit,

1117 1671 1213 1698 nempe
1225 1663 1326 1691 Jesum.
1340 1663 1395 1690 Hoc
1404 1662 1502 1698 quippe
1513 1667 1610 1688 nomen
1624 1658 1702 1686 Jesus
1714 1664 1768 1684 non
1781 1661 1822 1684 est
1833 1655 1908 1683 Grae-

1115 1716 1188 1743 cum;
1200 1699 1248 1737 sed
1258 1708 1387 1737 Hebraica
1398 1708 1485 1743 lingua
1494 1706 1534 1734 sic
1540 1704 1690 1740 appellatur
1700 1703 1788 1735 Jesus;
1802 1701 1828 1729 id
1836 1701 1907 1736 quod

1116 1754 1210 1783 Graece
1219 1754 1361 1789 significat,
1375 1758 1466 1789 Σωτὴρ,
1480 1752 1604 1780 Salvator
1616 1759 1623 1778 :
1638 1750 1759 1777 Salvator
1771 1756 1851 1784 porro
1866 1748 1909 1776 di-

1115 1801 1196 1836 citur,
1206 1802 1277 1836 quod
1290 1801 1396 1830 salvum
1411 1800 1491 1828 faciat
1502 1799 1628 1834 populum
1639 1804 1729 1824 suum.

1157 1892 1182 1920 5.
1191 1891 1272 1920 Vides
1284 1891 1417 1926 quomodo
1427 1891 1575 1919 auditorem
1587 1891 1682 1923 erexit,
1693 1884 1824 1919 consueto
1836 1898 1912 1918 more

1121 1937 1201 1965 verba
1215 1937 1325 1971 faciens,
1338 1945 1370 1966 ac
1382 1945 1430 1973 per
1441 1944 1473 1965 ea
1487 1945 1547 1973 qua:
1561 1937 1635 1971 dicit,
1650 1937 1693 1964 illa
1707 1945 1767 1972 qua:
1779 1944 1853 1971 Spem
1867 1944 1910 1963 su-

1120 1988 1215 2018 perant
1227 1984 1304 2012 nobis
1318 1984 1441 2012 omnibus
1457 1984 1576 2012 indicat?
1590 1983 1656 2011 Nam
1671 1984 1808 2018 utriusque
1823 1984 1909 2010 nomi—

1119 2030 1161 2056 nis
1177 2037 1272 2065 magna
1284 2035 1343 2058 erat
1357 2029 1426 2065 apud
1438 2030 1545 2058 Judatos
1563 2029 1689 2065 cognitio.
1706 2029 1771 2063 Quia
1785 2029 1857 2057 enim
1872 2029 1911 2056 in-

1117 2080 1270 2110 exspectata
1298 2075 1419 2111 qinedam
1446 2075 1547 2111 agenda
1570 2080 1668 2108 erant,
1693 2075 1748 2110 jam
1774 2075 1909 2102 nominum

1118 2121 1210 2156 ﬁgurat
1223 2126 1434 2157 praecesserant;
1448 2122 1484 2150 ita
1499 2127 1527 2149 ut
1538 2123 1594 2156 jam
1606 2122 1670 2149 olim
1686 2122 1774 2149 omnis
1787 2121 1910 2149 novitatis

1112 2177 1245 2201 tumultus
1252 2177 1401 2208 praereptus
1408 2176 1489 2200 esset.
1496 2171 1575 2199 Iesus
1581 2178 1655 2199 enim
1662 2175 1774 2198 vocatur
1779 2170 1899 2206 qui,post

1113 2219 1243 2255 Moysem,
1253 2219 1383 2254 populum
1392 2218 1419 2245 in
1429 2221 1530 2245 terram
1541 2216 1730 2252 promissionis
1738 2216 1898 2244 introduxit.

1115 2265 1214 2293 Vidisti
1236 2264 1362 2299 figuram,
1380 2262 1443 2290 vide
1462 2266 1490 2290 et
1511 2262 1663 2290 veritatem.
1685 2261 1731 2289 llle
1750 2261 1778 2288 in
1799 2265 1899 2288 terrain

1114 2310 1325 2346 promissionis,
1350 2309 1395 2337 hic
1415 2309 1443 2336 in
1461 2309 1558 2336 caelum
1578 2313 1606 2336 et
1625 2308 1653 2335 in
1672 2307 1790 2335 caelestia
1811 2307 1899 2334 bona:

1115 2357 1159 2384 ille
1181 2360 1243 2392 post
1271 2359 1385 2384 mortem
1407 2354 1527 2390 Moysis,
1549 2354 1596 2382 hie
1615 2357 1760 2390 postquam
1783 2353 1825 2381 lex
1845 2360 1904 2380 ces-

1116 2404 1187 2432 savit
1209 2413 1216 2431 :
1239 2403 1283 2431 ille
1299 2407 1330 2431 ut
1349 2403 1441 2440 populi
1464 2403 1531 2435 dux,
1555 2402 1600 2430 hic
1617 2405 1647 2429 ut
1658 2409 1716 2429 rex.
1741 2400 1794 2428 Sed
1814 2408 1848 2428 ne
1858 2399 1905 2427 Je-

1117 2457 1176 2478 sum
1196 2448 1308 2476 audit-ns
1327 2456 1360 2476 ex
1379 2448 1521 2476 nominum
1541 2447 1719 2475 similitudine
1737 2446 1882 2482 decipiaris
1894 2467 1905 2479 ,

1118 2494 1191 2523 aliud
1201 2494 1322 2522 subdidit
1334 2492 1421 2529 {hut
1429 2493 1531 2521 Christi
1542 2493 1594 2528 lilii
1605 2492 1706 2520 David.
1717 2492 1764 2523 llle
1775 2498 1840 2519 vero
1851 2498 1903 2517 non

1117 2548 1151 2569 ex
1166 2540 1277 2573 Davide,
1290 2540 1337 2568 sed
1348 2547 1382 2568 ex
1391 2540 1444 2567 alia
1456 2540 1529 2567 tribu
1542 2542 1612 2567 erat.
1625 2539 1678 2567 Sed
1689 2545 1739 2566 cur
1749 2537 1849 2564 librum
1863 2543 1907 2563 vo-

1120 2590 1165 2614 cat
1177 2586 1362 2622 generationis
1373 2584 1437 2614 lesu
1449 2585 1562 2618 Christi,
1575 2592 1638 2612 cum
1652 2589 1743 2611 tamen
1757 2591 1810 2610 non
1819 2583 1905 2610 solum

1150 2700 1161 2715 ³
1173 2702 1248 2728 Savil.
1261 2705 1287 2727 et
1302 2702 1516 2733 lilorel.,nutumm
1529 2706 1644 2734 nostram.
1657 2702 1708 2727 Sed
1721 2703 1909 2734 vox._naturnnt,

1121 2734 1194 2757 deest
1213 2736 1237 2758 in
1253 2734 1367 2765 omnibus
1378 2730 1443 2765 pene
1461 2732 1643 2765 Manusgriptis,
1660 2739 1705 2757 nec
1716 2730 1866 2762 exprimitur
1876 2730 1907 2765 ab

1122 2765 1227 2789 Amano.
1242 2764 1303 2790 Nam
1316 2760 1504 2796 vox,'noslmm,
1513 2760 1621 2789 releriur
1630 2760 1661 2789 ad
1673 2760 1767 2792 vocem,
1776 2760 1910 2794 generatio,

1123 2802 1203 2826 supra.
