2056 3130
133 111 167 138 95
720 118 753 146 IN
772 120 975 151 MATTH/EUM
992 123 1108 153 HomL.
1128 126 1159 155 ιι.
1752 131 1788 160 26

140 165 252 197 ἀνιστὰς
275 166 335 194 τῶν
364 168 533 205 βασιλικῶν,
564 173 612 201 καὶ
632 174 672 206 είς
691 173 740 210 τὴν
757 173 820 208 γῆν,
838 173 885 200 καὶ
900 174 941 206 εἰς

139 211 216 238 αὐτὸν
230 211 276 239 τὸν
290 213 362 250 ᾁδην
371 216 458 248 ἥλατο
469 219 484 245 ὸ
499 218 578 251 Θεδς,
591 220 638 246 καὶ
648 220 693 247 ἐπὶ
700 220 749 255 τῆς
761 220 940 256 παρατάξεως

141 258 212 293 επη·
227 259 286 292 πῶς
302 260 333 287 δὲ
358 261 383 278 ⁸³
399 264 640 301 ἀντιπαρετάξατο
653 267 668 293 ὁ
680 266 812 300 διάϐολος,
837 267 938 303 μᾶλλον

140 304 204 356 δέιοὺ
215 305 276 356 Θεῇ
291 309 402 356 γυμνῷ,
422 311 491 338 ἀλλά
508 312 570 348 Θεῷ
589 313 745 349 ἀνθρωπίνῃ
760 314 940 349 κρυπτομένῳ

141 353 228 384 φύσει.
253 353 312 380 Kal
331 355 364 382 τὺ
388 357 422 392 δὴ
445 357 612 393 θαυμαστὸν,
631 359 671 386 ὅτι
694 359 802 395 θανάτῳ
825 359 940 386 θάνατον

141 397 197 430 ὄψει
215 397 360 433 λυόμενον,
376 401 423 427 καὶ
444 404 569 438 κατάραν
593 403 792 439 ἀφανιζομένην
817 404 933 440 κατάρᾳ,

141 442 185 469 καὶ
194 442 230 468 δι’
241 439 281 470 ὧν
300 445 415 480 ίσχυσεν
433 448 448 473 δ
467 447 601 480 διάόολος,
616 448 659 475 διά
673 448 776 476 τούτων
789 448 872 476 αὐτοῦ

139 487 309 524 ταλυομὲνην
321 493 376 526 τὴν
389 493 546 527 τυραννίδα.
569 493 762 529 Διαναστῶμεν
776 495 875 528 τοίνυν,
890 496 937 521 καὶ

140 533 178 568 μὴ
192 534 382 572 καθεύδωμεν·
403 538 458 565 ἰδοὺ
479 539 535 574 γὰρ
548 539 603 575 ὁρῶ
620 539 670 570 τάς
686 540 848 576 πύλαςήμῖν
863 541 922 568 ἀνοι

139 580 269 614 γομένας·
283 581 344 608 ἀλλ’
364 583 493 618 εἰσίωμεν
516 584 586 619 μετά
604 584 732 617 εὐταξίας
751 585 860 621 ἀπάσης
888 585 935 613 καὶ

136 626 251 661 τρόμου,
275 628 333 655 τῶν
352 629 496 666 προθύρων
509 630 599 658 αὐτῶν
617 631 720 663 εὐθέως
740 631 935 664 ἐπιὸαίνοντες.

139 671 207 699 Τίνα
219 672 249 699 δέ
265 674 327 701 ἐστι
341 675 428 703 ταῦτα
442 676 478 703 τὰ
497 676 637 713 πρόθυρα;
662 677 772 711 Βίϐλος
790 678 935 713 γενέσεως

148 718 247 752 Ἰησοῦ
270 721 415 754 Χριστοῦ.
438 723 507 750 υιοῦ
535 723 634 757 Δαυῒδ,
652 723 720 751 υἱοῦ
750 723 885 760 Ἀϐραάμ.
902 725 935 752 Τί

139 763 248 798 λέγεις;
265 766 334 801 περὶ
353 766 401 793 τοῦ
414 768 575 802 μονογενοῦς
589 768 654 796 Υἱοῦ
673 769 721 796 τοῦ
737 769 804 797 Θεοῦ
817 770 936 802 διαλέξε-

139 809 202 836 σθαι
216 811 241 826 ⁶⁶
256 811 424 847 ἐτι-ηγγείλω,
446 813 552 841 καὶτοῦ
576 815 657 842 Δαυῒδ
675 815 868 852 μνημονεύεις,
885 817 934 844 ἀν-

138 854 250 889 θρώπου
268 857 338 891 μετά
365 858 465 894 μυρίας
490 860 588 894 γενεὰς
605 862 764 897 γενομένου,
779 863 826 889 καὶ
853 862 935 890 αὑτὸν

138 897 210 927 εἶναι
227 901 283 937 φῂς
298 903 346 929 καὶ
365 903 472 939 πατέρα
486 905 534 932 καὶ
553 906 701 941 πρόγονον;
733 907 872 943 Ἑπίσχες,
886 908 935 935 καὶ

139 946 178 982 μὴ
205 947 297 974 πάντα
321 949 427 984 ἀθρόως
452 949 531 986 ζήτει
558 951 663 987 μαθεῖν,
683 952 740 980 ἀλλ’
772 953 864 989 ἠρέμα
887 955 934 982 καὶ

138 991 209 1018 κατά
231 993 343 1028 μικρόν.
363 994 407 1021 Ἐν
431 995 487 1032 γὰρ
503 997 560 1029 τοῖς
585 997 731 1034 προθύροις
753 998 872 1035 ἕστηκας
892 1000 933 1027 ἔτι

140 1037 205 1072 παρ’
230 1038 302 1066 αὐτά
325 1040 361 1066 τά
378 1041 546 1076 προπύλαια’
562 1043 589 1070 τί
611 1043 702 1071 τοίνυν
724 1045 849 1078 σπεύδεις
864 1045 934 1082 πρὸς

138 1083 173 1109 τὰ
184 1084 271 1111 ἄδυτα
282 1093 290 1118 ;
304 1085 389 1113 Οὔπω
402 1087 436 1114 τὰ
447 1087 501 1120 ἔξω
509 1089 598 1122 καλῶς
606 1090 802 1124 κατώπτευσας
814 1091 931 1120 ἅπαντα.

139 1129 205 1156 Οὐδὲ
223 1131 279 1166 γὰρ
294 1132 403 1167 ἐκείνην
416 1141 458 1160 σοι
480 1134 550 1166 τέως
568 1135 715 1172 διηγοῦμαι
732 1138 781 1173 τὴν
795 1137 930 1173 γέννησιν·

141 1175 242 1210 μᾶλλον
255 1176 285 1203 δὲ
295 1177 357 1204 οὐδὲ
369 1177 418 1213 τὴν
431 1179 501 1214 μετά
515 1180 610 1209 ταῦτα’
623 1182 809 1219 ἀνέκφραστος
819 1184 874 1220 γὰρ
885 1185 932 1212 καὶ

139 1222 307 1258 ἀπύρῤητοςο
325 1224 381 1250 Καὶ
403 1225 456 1260 πρὸ
473 1226 542 1262 ἐμοῦ
561 1235 601 1255 σοι
614 1227 694 1255 τοῦτο
707 1230 877 1266 δπροφήτης
894 1229 933 1257 εἶ-

139 1277 189 1295 πεν
208 1269 335 1303 Ἡσαΐας·
353 1272 551 1309 ἀνακηρύττων
566 1275 621 1311 γὰρ
640 1275 722 1303 αὐτοῦ
736 1276 767 1303 τὸ
782 1277 869 1309 πάθος
883 1277 932 1305 καὶ

137 1314 186 1350 τὴν
207 1316 309 1353 πολλὴν
324 1317 395 1355 ὑπὲρ
418 1321 469 1355 τῆς
494 1321 657 1358 οἰκουμένης
683 1323 858 1359 κηδεμονίαν,
884 1325 931 1352 καὶ

136 1361 356 1407 έκπληττόμενος
368 1365 411 1398 τίς
436 1365 475 1393 ὢν
498 1367 526 1394 τί
549 1367 656 1402 γέγονε,
673 1369 720 1396 καὶ
738 1370 790 1397 ποῦ
815 1371 928 1407 κατέϐη,

137 1406 192 1443 [21]
207 1408 343 1445 ἀνεδόησε
365 1412 436 1447 μέγα
453 1413 502 1440 καὶ
521 1413 648 1451 λαμπρὸν
662 1415 734 1443 οὕτω
754 1417 852 1451 λέγων·
870 1406 930 1453 Τὴν·

135 1454 241 1487 γενεὰν
250 1456 347 1484 αὐτοῦ
353 1457 401 1490 τίς
418 1458 593 1494 διηγήσεται
603 1469 612 1493 ;

169 1499 202 1534 β’.
211 1501 250 1527 Οὐ
260 1502 350 1530 τοίνυν
360 1505 425 1540 περὶ
432 1505 539 1541 ἐκείνης
546 1507 612 1542 ἡμῖν
619 1508 633 1534 ὁ
639 1507 717 1543 λόγος
724 1508 783 1541 νῦν,
791 1508 859 1536 ἀλλὰ
866 1518 898 1536 πε
903 1509 929 1545 pl

134 1546 235 1581 ταύτης
250 1548 302 1583 τῆς
318 1549 404 1583 κάτω,
417 1551 468 1586 τῆς
482 1552 512 1578 ἐν
526 1553 559 1588 τῇ
570 1555 605 1589 γῇ
625 1554 783 1590 γενομένης,
793 1555 843 1591 τῆς
860 1555 929 1590 μετά

135 1593 240 1627 μυρίων
257 1595 416 1631 μαρτύρων.
431 1597 487 1624 Καὶ
503 1598 568 1634 περὶ
579 1598 681 1634 ταύτης
689 1600 729 1633 δὲ,
747 1600 785 1632 ὥς
800 1601 867 1637 ἡμῖν
880 1601 928 1628 δυ-

135 1645 215 1671 νατὸν
231 1646 321 1671 εἰπεῖν
339 1645 499 1681 δεξαμένοις
520 1646 570 1682 τὴν
595 1646 643 1673 τοῦ
665 1647 822 1682 Πνεύματος
837 1647 926 1682 χάριν,

133 1690 206 1717 οὕτω
218 1690 417 1726 διηγησόμεθα.
428 1691 496 1718 Οὐδὲ
512 1691 566 1726 γὰρ
578 1692 681 1728 ταύτην
699 1692 768 1727 μετὰ
779 1692 928 1727 σαφηνείας

134 1735 228 1770 πάσης
242 1736 419 1771 παραστῆσαι
434 1736 485 1764 ἔνι·
497 1737 557 1764 ἐπεὶ
566 1737 615 1764 καὶ
627 1737 696 1774 αὕτη
710 1737 926 1773 φρικωδεστάτη.

133 1781 181 1817 Μὴ
196 1781 286 1808 τοίνυν
313 1781 401 1817 μικρά
424 1782 540 1819 νομίσῃς
566 1782 686 1815 ἀκούειν,
707 1782 809 1817 ταύτην
819 1782 927 1809 ἀκούων

133 1827 184 1862 τὴν
197 1827 335 1862 γέννησιν·
361 1828 419 1855 ἀλλ’
435 1828 587 1864 ἀνάστησόν
606 1837 654 1856 σου
664 1829 715 1864 τὴν
727 1829 856 1860 διάνοιαν,
879 1827 927 1855 καὶ

133 1872 235 1904 εὐθέως
248 1872 355 1908 φρίξον,
370 1873 492 1906 ἀκούσας
505 1874 621 1906 ὅτιθεὸς
631 1874 677 1900 ἐπὶ
688 1874 739 1909 γῆς
758 1871 850 1910 ἦλθεν.
872 1873 926 1900 Οὓ-

132 1926 174 1944 τω
188 1918 242 1954 γὰρ
255 1919 337 1945 τοῦτο
360 1919 516 1954 θαυμαστὸν
537 1920 584 1947 καὶ
596 1920 748 1955 παράδοξον
770 1917 814 1955 ἦν,
825 1920 863 1952 ὡς
879 1919 927 1946 καὶ

132 1964 196 1995 τοὺς
224 1965 360 1998 ἀγγέλους
381 1965 463 2001 χορὸν
485 1965 555 2001 ὑπὲρ
577 1965 680 1993 τούτων
704 1966 856 2001 στήσαντας
875 1964 926 1999 τὴν

133 2009 206 2044 ὑπὲρ
229 2009 281 2045 τῆς
306 2011 472 2046 οἰκουμένης
487 2011 532 2038 ἐπὶ
554 2010 659 2043 τούτοις
676 2010 822 2045 ἀναφέρειν
839 2010 926 2045 εὐφη-

135 2055 211 2089 μίαν,
231 2056 279 2082 καὶ
296 2056 361 2087 τοὺς
379 2056 523 2092 προφήτας
544 2056 647 2083 ἀνωθεν
673 2056 753 2083 τοῦτο
776 2055 925 2091 ἐκπλήττε-

136 2101 208 2132 σθαι,
225 2102 267 2128 ὃτι
290 2101 355 2129 Ἐπὶ
367 2101 424 2136 τ’ῆζ⁵
434 2101 492 2136 τῆς
510 2101 604 2137 ὤφθη,
620 2101 670 2129 καὶ
684 2101 747 2135 τοῖς
760 2100 926 2135 ἀνθρώποις

134 2148 381 2182 συνανεστράεση.
398 2149 454 2175 Kal
464 2148 517 2184 γὰρ
534 2149 555 2166 ⁸⁷
566 2149 669 2184 σφόδρα
684 2148 833 2185 παράδοξον
843 2147 926 2175 ἀκοῦ-

135 2200 192 2224 σαι,
208 2194 276 2221 ὃτιο
290 2193 312 2210 ⁸⁸
329 2193 396 2226 Θεὸς
415 2195 430 2221 ό
446 2194 601 2230 ἀπόρρητος
617 2195 650 2227 ⁶⁹,
667 2194 714 2221 καὶ
728 2194 923 2230 ἀνέκφραστος,

136 2239 183 2263 καὶ
191 2239 382 2274 ἀπερινόητος,
399 2240 447 2266 καὶ
463 2239 502 2275 τῷ
516 2240 603 2276 Πατρὶ
614 2239 678 2272 ἴσος.
691 2240 735 2267 διὰ
744 2240 849 2275 μήτρας
859 2237 924 2275 ἦλθε

135 2282 314 2319 παρθενικῆς,
332 2285 380 2311 καὶ
393 2285 521 2319 γενέσθαι
544 2286 577 2312 ἐκ
597 2285 727 2320 γυναικὸς
750 2285 923 2319 κατεδέξατο,

136 2330 182 2356 καὶ
195 2331 270 2365 σχεῖν
283 2331 435 2366 προγόνους
447 2331 493 2358 τὸν
504 2331 585 2359 Δαυῖδ
595 2332 643 2359 καὶ
659 2332 704 2359 τὸν
725 2331 859 2367 Ἁϐραάμ.
869 2332 925 2358 Kal

136 2375 162 2401 τί
180 2375 252 2409 λέγω
275 2376 323 2404 τὸν
347 2377 429 2403 Δαυῒδ
449 2377 495 2404 καὶ
520 2377 566 2404 τὸν
593 2377 734 2414 Ἀὃραάμ,
760 2377 797 2404 Τὸ
820 2377 875 2414 γὰρ
892 2378 924 2414 δὴ

137 2422 362 2458 φρικωδέστερον,
375 2423 426 2455 τάς
440 2425 573 2458 γυναῖκας
594 2424 700 2454 ὲκείνας
719 2424 753 2456 ⁷⁰,
769 2420 806 2451 ὦν
823 2424 925 2460 ἀρτίως

137 2468 322 2504 ἐμνήσθημεν.
347 2469 439 2496 Ταῦτα
463 2470 580 2502 ἀκούων,
601 2469 742 2505 ἀνάστηθι,
766 2469 813 2497 καὶ
842 2470 924 2505 μηδὲν

135 2515 260 2541 ταπεινὸν
275 2515 462 2551 ὑποπτεύσῃς,
478 2515 546 2542 ἀλλὰ
569 2516 616 2542 καὶ
632 2515 676 2542 διὰ
690 2515 769 2542 τοῦτο
788 2515 854 2542 αὐτὸ
870 2515 923 2550 μά-

136 2559 212 2586 λιστα
227 2559 378 2596 θαύμασον,
392 2560 433 2587 ὃτι
449 2560 514 2592 Υἱὸς
529 2560 566 2588 ὢν
580 2560 627 2587 τοῦ
647 2561 766 2597 ἀνάρχου
781 2560 860 2592 Θεοῦ,
877 2562 923 2587 καὶ

137 2606 246 2641 γνήσιος
261 2606 335 2638 Υἱὸς,
349 2605 479 2641 ἠνέσχετο
504 2606 619 2633 ἀκοῦσαι
635 2606 683 2634 καὶ
699 2606 780 2633 Δαυτδ
798 2606 866 2638 υίὸς,
880 2606 924 2633 ἵνα

139 2651 168 2677 σέ
179 2652 279 2688 ποιήσῃ
294 2652 352 2678 υἱὸν
362 2651 442 2679 Θεοῦ·
455 2652 582 2688 ἠνέσχετο
594 2653 700 2688 πατέρα
713 2652 787 2688 αὐτῷ
797 2651 923 2687 γενέσθαι

136 2697 236 2729 δοῦλον,
249 2697 294 2725 ῖνα
310 2697 353 2724 uol
366 2697 406 2733 τῷ
426 2698 512 2734 δούλῳ
529 2697 638 2734 Πατέρα
646 2699 747 2734 ποιήσῃ
762 2697 808 2724 τὸν
820 2697 924 2724 Δεσπό-

136 2751 192 2772 την.
206 2742 283 2776 Εἶδες
310 2745 343 2772 ἐκ
366 2744 519 2781 προοιμίων
535 2744 633 2777 εὐθέως
647 2743 692 2772 οἷα
712 2745 746 2772 τὰ
759 2744 922 2779 εὐαγγέλια;

171 2852 194 2867 ⁸⁶
209 2851 250 2887 δὲ]
261 2851 283 2876 +
296 2851 359 2887 Θεῷ
374 2850 406 2877 Ε.
446 2851 469 2887 ’ξ
479 2851 652 2885 διαλέξασθαι

140 2922 225 2950 caueri
243 2922 326 2950 ἀλλά.
369 2922 393 2937 ⁷³
408 2923 598 2955 προαναφωνεῖ
614 2922 642 2948 Β.
654 2923 706 2949 An.

171 2852 194 2867 θ’
209 2851 250 2887 δὲ]
261 2851 283 2876 +
296 2851 359 2885 Θεῷ
374 2850 406 2877 Ε.
446 2851 469 2868 ⁸⁸
479 2851 652 2885 διαλέξασθαι
670 2859 710 2886 pr.
730 2851 759 2879 ἰ).
776 2851 947 2884 διαλέγεσθαι
961 2850 994 2879 Ε.
1043 2851 1067 2868 ⁸¹¹
1084 2850 1141 2878 Kal

143 2885 202 2914 ΕιΙιί.
244 2888 268 2904 "
289 2886 465 2922 ἀπόρρητος]
478 2887 622 2922 ἀπρόσιτος
638 2887 667 2913 Ε.
707 2887 729 2903 ¹⁰
744 2885 862 2921 ὲκείνας]
872 2887 892 2912 +
907 2886 955 2922 τὰς
967 2886 1071 2922 ⁴[πόρνας

755 2919 956 2962 “manu
966 2919 1057 2962 ἦν’Β-.
1080 2919 1158 2962 “Ml
1175 2920 1264 2962 “At?

998 177 1033 206 Εἰ
1053 179 1082 205 οὲ
1108 177 1165 216 [‘22]
1191 179 1371 214 ἀμφιϐάλλεις
1398 179 1461 214 περὶ
1485 177 1538 205 τῶν
1567 179 1631 208 σῶν.
1653 178 1706 204 ἀπὸ
1729 187 1784 205 των

998 227 1102 254 ἐκείνου
1114 227 1161 253 καὶ
1178 227 1265 253 ταῦτα
1289 226 1408 253 πίστευε.
1424 225 1493 252 Πολὺ
1507 225 1560 261 γὰρ
1573 224 1783 259 δυσκολώτερον,

998 273 1059 301 ὅσον
1072 275 1111 306 εὶς
1125 273 1292 310 ἀνθρώπινον
1307 272 1446 308 λογισμὸν,
1461 271 1528 299 Θεὸν
1549 271 1689 307 ἄνθρωπον
1705 270 1784 305 γενέ-

999 319 1071 352 σθαι,
1093 319 1110 354 ἦ
1133 318 1275 355 ἄνθρωπον
1287 319 1343 346 υἱὸν
1358 318 1425 345 Θεοῦ
1448 317 1624 354 χρηματίσαι.
1638 317 1722 343 Ὀταν
1737 314 1784 343 οὖν

998 365 1127 401 ἀκούσῃς,
1142 366 1185 392 ὅτι
1200 365 1214 391 6
1228 365 1291 397 Υἱὸς
1301 363 1348 391 τοῦ
1360 364 1427 390 Θεοῦ
1443 363 1499 396 υίὸς
1512 363 1559 390 τοῦ
1573 363 1653 390 Δαυῖδ
1669 363 1725 388 ἐστι
1738 362 1785 388 καὶ

997 410 1045 437 τοῦ
1060 410 1194 445 Ἀϐραὰμ,
1208 410 1244 446 μὴ
1256 409 1408 445 ἀμφίϐαλλε
1419 408 1521 441 λοιπὸν,
1536 408 1576 434 ὃτι
1587 407 1632 434 καὶ
1648 408 1690 438 σὺ,
1704 409 1717 434 ό
1728 407 1785 438 υἱὸς

993 456 1041 482 τοῦ
1064 457 1160 492 Ἀδὰμ,
1177 458 1235 489 υἱὸς
1253 456 1303 493 ἔσῃ
1316 455 1363 482 τοῦ
1388 455 1464 482 Θεοῦ.
1486 454 1555 482 Οὐδέ
1571 454 1625 489 γάρ
1644 453 1704 489 εικῆ
1733 453 1781 480 καὶ

993 499 1082 535 μάτην
1097 501 1222 528 τοσοῦτον
1241 500 1337 527 ἑαυτὸν
1359 498 1550 530 ἐταπείνωσεν,
1569 498 1593 524 εῑ
1615 496 1652 533 μὴ
1668 496 1781 532 ἔμελλεν

992 544 1066 578 ἡμᾶς
1076 543 1204 578 ἀνυψοῦν.
1225 543 1371 579 Ἐγεννήθη
1385 543 1438 577 γὰρ
1453 542 1475 557 ⁷⁸
1491 541 1562 568 κατὰ
1578 541 1677 575 σάρκα,
1692 540 1735 566 ῐνα
1746 539 1779 566 σὺ

991 589 1124 624 γεννηθῇς
1146 589 1218 616 κατά
1240 589 1360 624 πνεῦμα’
1387 587 1517 623 ἐγεννήθη
1534 587 1567 612 ἐκ
1582 585 1722 620 γυναικδς,
1736 585 1779 611 ἵνα

990 635 1023 661 σὺ
1035 634 1127 671 παύσῃ
1143 634 1271 669 γυναικὸς
1285 633 1323 660 ὢν
1336 634 1401 665 υἱός.
1423 633 1472 660 Διά
1483 633 1561 659 τοῦτο
1573 632 1655 667 διπλῆ
1667 631 1779 666 γέγονεν

989 680 1006 715 ἡ
1020 680 1156 716 γέννησις,
1172 679 1221 707 καὶ
1233 680 1340 706 ἐοικυῖα
1350 681 1426 715 ἡμῖν,
1442 679 1489 705 καὶ
1504 677 1706 714 ὑπερϐαίνουσα
1727 675 1778 712 τὴν

990 725 1136 761 ἡμετέραν.
1152 726 1188 752 Τὸ
1204 725 1253 760 μὲν
1270 725 1324 760 γὰρ
1337 725 1369 750 ἐκ
1387 724 1516 758 γυναικὸς
1536 722 1698 758 γεννηθῆναι
1711 722 1778 757 ἡμῖν

990 771 1138 798 συνέϐαινε
1156 771 1188 798 τὸ
1202 771 1230 798 δὲ
1259 771 1296 806 μὴ
1308 770 1337 803 ἐξ
1353 770 1478 806 αἵματος,
1503 770 1569 805 μηδὲ
1582 770 1614 795 ἐκ
1628 769 1776 804 θελήματος

989 818 1119 853 σαρκὸςῆ
1136 818 1241 853 ἀνδρὸς,
1259 818 1316 844 ἀλλ’
1341 819 1373 845 ὲκ
1397 817 1419 832 τ’
1443 816 1600 851 Πνεύματος
1620 815 1707 849 ἁγίου,
1726 814 1776 850 τὴν

988 863 1205 899 ὑπερϐαίνουσαν
1224 864 1296 899 ἡμᾶς
1321 863 1367 890 καὶ
1380 863 1428 898 τὴν
1449 862 1596 897 μέλλουσαν
1616 859 1775 897 προανεφώ-

987 917 1027 936 νει
1042 909 1064 925 ⁷³
1076 909 1211 945 γέννησιν,
1223 909 1257 944 ἣν
1267 910 1333 945 ἡμῖν
1350 909 1461 944 ἔμελλεν
1474 909 1507 935 ὲκ
1520 907 1678 943 Πνεύματος
1694 906 1775 941 χαρί-

986 954 1089 988 ζεσθαι.
1099 956 1154 982 Kal
1176 956 1265 982 πάντα
1278 955 1306 982 δὲ
1323 955 1357 982 τά
1373 955 1440 982 ἄλλα
1456 953 1569 981 τοιαῦτα
1589 951 1634 989 ἦν.
1654 952 1707 979 Kal
1719 952 1773 988 γὰρ

984 1000 1015 1027 τὸ
1025 1000 1136 1036 λουτρὸν
1151 1000 1272 1027 τοιοῦτον
1282 1000 1316 1016 ⁷⁸·
1328 998 1384 1035 εἶχε
1406 1000 1460 1035 γάρ
1472 1008 1499 1026 τι
1511 998 1556 1026 τοῦ
1574 997 1700 1029 παλαιοῦ,
1717 994 1773 1031 εῐχέ

984 1054 1010 1073 τι
1025 1046 1073 1073 καὶ
1088 1045 1135 1072 τοῦ
1158 1045 1264 1073 καινοῦ.
1290 1045 1327 1072 Τὸ
1357 1047 1406 1082 μὲν
1423 1045 1476 1082 γὰρ
1490 1044 1543 1071 ὑπὸ
1566 1043 1613 1070 τοῦ
1634 1042 1772 1078 προφήτου

985 1092 1175 1128 βαπτισθῆναι,
1187 1092 1217 1119 τὸ
1232 1093 1255 1109 ⁷⁵
1271 1093 1382 1120 παλαιὸν
1407 1092 1521 1119 ἐδείκνυ·
1535 1090 1565 1117 τὸ
1575 1090 1604 1117 δὲ
1624 1088 1736 1124 Πνεῦμα
1748 1087 1773 1103 ⁷⁸

983 1139 1134 1170 κατελθεῖν,
1150 1139 1180 1165 τδ
1193 1138 1252 1165 νέον
1270 1138 1412 1174 ὑπέγραψε
1425 1139 1458 1165 ⁷⁷.
1478 1137 1533 1165 Καὶ
1543 1136 1669 1171 καθάπερ
1679 1143 1722 1167 τις
1742 1135 1773 1160 ἐν

984 1185 1137 1221 μεταιχμίῳ
1149 1185 1224 1217 στὰς,
1234 1185 1279 1211 δύο
1287 1185 1367 1212 τινῶν
1380 1184 1502 1219 ἀλλήλων
1518 1181 1707 1217 διεστηκότων,
1719 1181 1772 1214 ἀμ-

983 1232 1100 1268 φοτέρας
1117 1231 1246 1264 ἀπλώσας
1256 1231 1305 1263 τὰς
1327 1232 1420 1267 χεῖρας
1430 1229 1598 1265 ἑκατέρωθεν
1605 1227 1695 1254 λαϐὼν
1709 1235 1771 1253 συν-

982 1277 1085 1311 άψειεν*
1102 1277 1172 1304 οὕτω
1185 1278 1232 1304 καὶ
1245 1277 1326 1309 αὐτὸς
1336 1277 1458 1312 ἐποίησε,
1471 1276 1521 1311 τὴν
1532 1274 1648 1302 παλαιὰν
1660 1275 1694 1308 τῇ
1708 1281 1770 1300 και-

982 1324 1013 1359 νῇ
1028 1323 1239 1359 συνάπτων,τὴν
1253 1324 1329 1351 θείαν
1341 1323 1421 1358 φύσιν
1436 1324 1469 1359 τῇ
1486 1321 1654 1357 ἀνθρωπίνῃ,
1671 1320 1706 1347 τὰ
1720 1319 1770 1346 αὐ-

980 1369 1028 1396 τοῦ
1041 1370 1097 1401 τοῖς
1109 1370 1263 1405 ἡμετέροις.
1284 1369 1360 1402 Εἶδες
1372 1369 1422 1405 τὴν
1436 1368 1580 1405 ἀστραπὴν
1594 1368 1642 1402 τῆς
1654 1366 1767 1398 πόλεως,

981 1417 1031 1454 ὅσῃ
1049 1426 1079 1444 σε
1096 1418 1129 1445 ἐκ
1147 1418 1297 1454 προοιμίων
1311 1419 1465 1454 κατηύγασε
1479 1419 1511 1453 τῇ
1526 1416 1694 1453 λαμπηδόνι;
1710 1414 1769 1445 πῶς

981 1472 1022 1490 σοι
1036 1464 1081 1490 τὸν
1102 1463 1219 1490 Βασιλέα
1246 1464 1347 1496 εὐθέως
1361 1463 1462 1496 ἔδειξεν
1476 1464 1505 1490 ἐν
1519 1462 1558 1498 τῷ
1583 1462 1622 1497 σῷ
1635 1461 1766 1496 σχήματι.

980 1509 1079 1536 ὡσανεὶ
1107 1510 1136 1536 ὲν
1151 1510 1339 1546 στρατοπέδῳ;
1365 1509 1431 1537 Οὐδὲ
1458 1509 1513 1545 γὰρ
1535 1509 1593 1535 ἐκεῖ
1603 1508 1652 1543 τὴν
1665 1507 1769 1534 οἰκείαν

979 1555 1058 1588 ἀξίαν
1073 1556 1199 1591 φαίνεται
1213 1555 1282 1592 ἔχων
1299 1555 1430 1590 διηνεκῶς
1446 1556 1460 1582 ὁ
1482 1554 1618 1590 βασιλεὺς,
1633 1553 1701 1580 ἀλλά
1716 1552 1766 1588 τὴν

979 1601 1126 1636 ἁλουργίδα
1138 1601 1218 1636 ἀφεὶς
1229 1601 1276 1628 καὶ
1291 1600 1322 1627 τὸ
1335 1601 1465 1636 διάδημα,
1486 1598 1650 1637 στρατιώτου
1674 1597 1766 1633 σχῆμα

979 1648 1062 1675 ὑπέδυ
1083 1648 1224 1679 πολλάκις.
1239 1647 1308 1674 Ἀλλ’
1326 1648 1384 1674 ἐκεῖ
1401 1646 1461 1682 μὲν,
1479 1647 1522 1673 ἵνα
1539 1645 1576 1681 μὴ
1593 1644 1650 1681 [2'5]
1666 1642 1766 1679 γνώρι-

981 1701 1030 1728 μος
1039 1692 1182 1728 γενόμενος
1196 1693 1239 1727 ἐφ’
1256 1692 1351 1719 ἑαυτὸν
1366 1691 1468 1728 ἐλκύσῃ
1478 1692 1541 1723 τοὺς
1557 1690 1712 1725 πολεμίους·
1724 1690 1768 1715 ἐνο

978 1739 1066 1767 ταῦθα
1090 1739 1119 1766 δὲ
1146 1739 1310 1770 τούναντίον,
1329 1739 1372 1765 ἵνα
1396 1737 1432 1774 μὴ
1460 1738 1597 1773 γνώριμος
1613 1736 1765 1770 γενόμενος.

979 1785 1073 1819 φυγεῖν
1084 1784 1280 1820 παρασκευάσῃ
1299 1783 1349 1818 τῆς
1366 1783 1434 1818 πρὸς
1453 1782 1532 1809 αὑτὸν
1548 1779 1707 1817 συμπλοκῆς
1721 1780 1766 1806 τὸν

978 1830 1085 1867 ἐχθρὸν,
1105 1831 1151 1857 καὶ
1169 1830 1231 1862 τοὺς
1248 1830 1364 1861 οἰκείους
1378 1828 1527 1864 διαταράξῃ
1548 1827 1662 1858 πάντας·
1681 1826 1765 1852 σῶσαι

981 1876 1047 1911 γὰρ.
1066 1876 1116 1902 οὐκ
1129 1875 1271 1910 ἐκπλῆξαι,
1282 1875 1443 1902 ἐσπούδασε.
1453 1875 1503 1902 Διά
1513 1875 1592 1902 τοῦτο
1607 1876 1655 1902 καὶ
1670 1874 1771 1905 εὐθέως

982 1921 1062 1948 αὑτὸν
1088 1920 1141 1947 ἀπὸ
1152 1920 1254 1955 ταύτης
1269 1920 1382 1947 ἐκάλεσε
1397 1920 1448 1955 τῆς
1462 1920 1658 1957 προσηγορίας,
1667 1920 1770 1956 Ἰησοῦν

982 1962 1147 2002 προσειπών.
1163 1966 1199 1992 Τὸ
1220 1965 1274 2002 γὰρ
1294 1965 1396 2000 Ἰησοῦς
1410 1965 1489 1992 τοῦτο
1512 1965 1597 2002 ὄνομα
1622 1966 1672 1992 οὐκ
1697 1965 1770 1992 ἐστιν

989 2012 1154 2048 Ἑλληνικὸν,
1183 2011 1251 2040 ἀλλά
1274 2013 1308 2048 τῇ
1327 2012 1460 2048 Ἐϐραίων
1486 2013 1561 2047 φωνῇ
1577 2011 1648 2038 οὕτω
1661 2011 1769 2045 λέγεται

988 2058 1101 2094 Ἰησοῦς·
1120 2058 1134 2085 ὃ
1159 2059 1233 2086 ἐστιν
1259 2060 1300 2090 είς
1328 2058 1377 2094 τὴν
1409 2058 1521 2085 Ἐλλάδα
1543 2057 1667 2092 γλῶτταν
1684 2058 1771 2093 ἑρμη-

982 2095 1134 2139 νευόμενον,
1150 2104 1256 2140 Σωτήρ·
1269 2105 1365 2140 Σωτὴρ
1381 2104 1420 2137 δὲ,
1435 2103 1490 2131 ἀπὸ
1499 2102 1545 2130 τοῦ
1558 2103 1644 2130 σῶσαι
1653 2103 1698 2130 τὸν
1706 2102 1770 2129 λαδν

983 2149 1076 2176 αὑτοῦ.

1017 2198 1052 2228 γ’.
1074 2192 1150 2226 Εἶδες
1170 2193 1228 2226 πῶς
1244 2195 1415 2230 ἀνεπτέρωσε
1427 2194 1473 2221 τὸν
1486 2193 1634 2230 ἀκροατὴν,
1648 2192 1682 2219 τά
1696 2200 1724 2219 τε
1741 2192 1770 2218 ἐν

984 2239 1113 2275 συνηθείᾳ
1128 2239 1321 2274 φθεγξάμενος,
1334 2239 1381 2266 καὶ
1394 2239 1427 2266 δι’
1440 2239 1528 2266 αὐτῶν
1541 2238 1576 2265 τὰ
1590 2238 1660 2274 ὑπὲρ
1675 2237 1769 2264 ἐλπίδα

985 2284 1067 2310 πᾶσιν
1082 2285 1149 2319 ἡμῖν
1166 2285 1310 2319 ἐμφήνας;
1325 2284 1380 2311 Kal
1395 2284 1450 2320 γὰρ
1464 2284 1626 2320 ἀμφοτέρων
1642 2283 1697 2310 τῶν
1709 2283 1768 2309 ὀνο-

986 2330 1078 2364 μάτων
1095 2329 1196 2356 τούτων
1217 2330 1300 2365 πολλὴ
1318 2330 1448 2365 ήγνῶσις
1465 2330 1541 2365 παρὰ
1559 2330 1614 2361 τοῖς
1631 2329 1770 2360 Ἰουδαίοις

983 2374 1017 2411 ἦν
1032 2376 1064 2402 ⁷⁸.
1088 2375 1194 2410 Ἐπειδὴ
1210 2375 1265 2411 γὰρ
1281 2375 1420 2411 παράδοξα
1440 2374 1474 2411 ἦν
1489 2375 1524 2402 τὰ
1545 2375 1675 2411 μέλλοντα
1694 2374 1768 2409 γίνε-

985 2421 1056 2452 σθαι.
1072 2422 1118 2448 καὶ
1134 2422 1159 2448 οἱ
1171 2422 1226 2448 τῶν
1241 2422 1380 2456 ὀνομάτων
1394 2422 1565 2458 προέδραμον
1579 2421 1674 2448 τύποιο
1698 2420 1768 2447 ὥστε

984 2467 1086 2495 ἀνωθεν
1103 2468 1192 2495 πάντα
1206 2468 1379 2503 καινοτομίας
1394 2467 1626 2503 προαναιρεθῆναι
1641 2467 1765 2502 θόρυϐον.

986 2513 1038 2540 Kal
1056 2513 1110 2549 γὰρ
1128 2513 1231 2549 Ἰησοῦς
1243 2514 1266 2530 ⁷⁸
1283 2514 1298 2539 ὁ
1323 2513 1391 2548 μετά
1411 2513 1531 2539 Μωΰσέα
1554 2513 1709 2546 εἰσαγαγὼν
1725 2513 1771 2538 τὸν

985 2558 1047 2584 λαὸν
1061 2559 1100 2589 εἰς
1114 2557 1163 2594 τὴν
1176 2558 1228 2593 γῆν
1242 2558 1292 2593 τῆς
1308 2556 1475 2591 ἐπαγγελίας
1496 2556 1615 2590 λέγεται.
1634 2554 1710 2586 Εἶδες
1727 2555 1771 2581 τὸν

985 2603 1087 2634 τύπον;
1103 2602 1184 2638 βλέπε
1198 2602 1247 2638 τὴν
1263 2602 1286 2619 ⁸⁸
1302 2601 1442 2637 ἀλήθειαψ
1463 2602 1582 2632 Ἐκεῖνος
1602 2601 1643 2632 είς
1655 2601 1705 2635 τὴν
1720 2601 1772 2633 γῆν

985 2647 1034 2682 τῆς
1058 2647 1232 2682 ἐπαγγελίας,
1259 2642 1336 2678 οὗτος
1355 2647 1394 2677 είς
1418 2645 1464 2672 τδν
1480 2645 1594 2681 οὐρανὸν
1610 2645 1658 2672 καὶ
1684 2644 1719 2670 τά
1742 2644 1771 2669 ἐν

985 2694 1040 2724 τοῖς
1056 2693 1180 2728 οὐρανοῖς
1208 2692 1314 2726 ἀγαθά·
1341 2692 1445 2723 ἐκεῖνος
1470 2690 1540 2726 μετὰ
1558 2690 1589 2717 τὸ
1611 2690 1771 2724 τελευτῆσαι

987 2738 1115 2770 Μωῦσέα,
1132 2734 1208 2770 οὗτος
1223 2737 1293 2773 μετά
1307 2738 1339 2765 τὸ
1353 2736 1510 2765 παύσασθαι
1522 2736 1569 2764 τὸν
1587 2735 1679 2771 νόμον·
1700 2736 1772 2761 ἐκεῖ·

1043 2851 1067 2868 ⁸⁷
1084 2849 1141 2878 Kal
1154 2848 1221 2885 γάρ]
1233 2850 1254 2875 +
1265 2849 1311 2885 καί
1396 2848 1432 2885 ,⁸⁸
1444 2849 1463 2885 Ῠῤ
1478 2855 1533 2885 om:
1642 2846 1761 2885 lgigfnp.

1194 2881 1220 2901 π
1232 2885 1285 2920 γάρ
1310 2883 1360 2919 μὲν
1373 2883 1409 2916 γά
1442 2884 1473 2910 Ε.
1513 2884 1536 2900 τ·
1548 2882 1606 2908 ἀλλ’
1617 2881 1659 2916 lx]
1670 2881 1715 2908 Sic
1731 2881 1760 2910 ll.

1194 2921 1220 2946 al
1234 2920 1264 2946 τό
1361 2919 1383 2935 ⁷⁸
1396 2892 1427 2944 τε
1439 2919 1467 2944 δὲ
1484 2917 1545 2949 Πν.)
1559 2917 1597 2949 τῷ
1616 2917 1644 2942 δὲ
1666 2925 1713 2944 πν.
1727 2916 1759 2946 C.

1305 2939 1312 2946 .
1363 2925 1383 2935 ὐ
1396 2925 1426 2944 το
1439 2925 1467 2944 οε
1486 2925 1545 2949 ιιν.)
1559 2926 1597 2951 τῳ
1616 2925 1644 2942 οε
1666 2925 1713 2944 πν.
1727 2925 1759 2946 υ.

141 2958 162 2984 D.
181 2958 211 2984 τὸ
226 2964 283 2993 (pr.
301 2956 355 2992 τῷ)
372 2955 401 2982 δὲ
418 2951 450 2982 τδ
463 2965 508 2983 πν.
521 2951 554 2991 Ε,
589 2958 610 2973 ⁷⁷
627 2957 768 2992 ὑπέγραφε
782 2957 850 2985 Edd.
888 2951 929 2983 "'1'

986 2965 1028 2983 an.
1043 2956 1075 2982 A.
1089 2955 1119 2983 (ἶ.
1139 2951 1169 2982 Ε.
1206 2955 1229 2972 "
1245 2954 1349 2988 Ἰησοῦς
1361 2958 1424 2981 ante
1435 2953 1544 2988 λέγεται
1559 2951 1675 2980 collocat
1688 2952 1718 2978 Α.
