2056 3130
148 108 180 137 ‘31
745 115 778 143 ΙΝ
796 116 939 146 ΜΑΤἸἮᾸ

995 120 997 147 ἶ
1015 120 1130 150 ΗΟΜΙῙ..
1150 123 1182 152 ll.
1754 129 1790 157 28
1839 131 1843 138 '

151 161 360 198 generationenl,
376 163 427 191 sed
445 169 529 192 totam
549 164 774 199 dispensationem
789 164 953 199 complecta-

152 208 213 235 tur?
227 207 293 241 Quia
310 207 365 236 hoc
386 210 471 237 totius
486 210 690 245 dispensationis
709 215 788 245 caput
804 215 855 244 cst,
872 216 953 247 atque

151 258 307 293 principium
330 261 411 289 nobis
426 267 454 290 et
474 264 549 291 radix
562 264 681 291 omnium
695 264 837 292 bonorum.
851 264 948 298 Quem-

150 305 292 332 admodum
320 307 420 336 librum
454 310 512 337 caeli
537 315 564 337 et
590 315 669 338 terrze
692 312 798 338 vocavit
823 311 947 346 Moyses,

150 351 253 378 etiamsi
269 360 325 380 non
349 353 384 382 de
405 355 474 383 caelo
496 360 523 383 et
548 360 618 383 terra
634 360 735 383 tantum
752 356 885 391 loquatur,
900 356 948 383 sed

149 397 184 424 de
197 397 229 424 iis
242 398 327 427 etiam
347 408 409 435 quae
425 401 452 428 in
475 401 564 429 medio
586 402 671 437 posita
690 407 767 430 erant
782 411 789 429 :
805 402 841 430 ita
863 407 890 430 et
905 402 947 430 hic

149 451 255 479 quoque
268 452 304 472 ex
318 446 408 481 capite
422 447 553 475 bonorum
566 455 599 475 ac
619 447 746 482 praeclare
759 454 894 483 gestorum
918 448 948 475 li-

149 488 227 515 brum
240 492 417 525 nuncupavit.
429 492 506 526 Quod
520 493 590 520 enim
602 493 760 528 stupendum
772 499 813 521 est
826 501 948 521 omnem-

148 541 200 568 que
212 541 292 570 Spem
311 539 595 572 exspectationemque
614 545 740 573 superat,
757 544 798 567 est
811 540 947 568 hominem

148 580 235 608 Deum
250 582 310 610 ﬁeri
325 592 399 619 :quo
413 584 484 612 facto
502 585 591 612 omnia
612 585 758 613 secundum
778 586 906 614 rationem
920 590 949 614 et

149 630 371 663 consequentiam
381 631 518 658 eveniunt.

186 725 297 753 Doridis
328 727 458 762 splendor.
485 727 609 761 Quadam
626 729 658 756 de
679 729 827 766 genealogiu
850 730 944 758 Christi

145 773 301 808 quastione:
324 773 464 800 solvuntur.
477 789 514 794 —
528 773 584 801 Cur
597 779 686 802 autem
707 784 761 803 non
783 775 866 809 dixit,
883 777 943 804 Fil-i

145 818 295 852 Abraham,
310 824 338 847 et
352 825 453 854 postea,
462 820 522 848 Filii
538 821 639 849 David?
649 821 719 856 Non,
734 827 763 850 ut
772 823 878 858 quidam
889 824 944 858 opi-

146 871 256 899 nantur,
272 866 308 894 ab
322 866 495 895 inferioribus
518 868 613 896 volens
633 868 666 896 ad
687 871 825 905 superiora
850 878 945 898 ascen-

144 913 211 940 dere
224 922 231 939 :
247 912 366 948 alioquin
391 913 418 940 id
434 913 542 941 fecisset
554 914 626 949 quod
646 919 674 942 et
690 915 792 949 Lucas;
806 924 878 945 nunc
896 925 945 944 au-

145 964 200 986 tem
215 966 231 986 e
242 959 379 986 contrario
393 959 465 987 facit.
479 960 535 987 Cur
549 968 612 995 ergo
628 960 753 989 Davidem
767 964 944 990 memoravit?

145 1005 212 1039 Quia
226 1005 270 1033 ille
285 1005 312 1032 in
333 1006 453 1033 omnium
468 1014 516 1034 ore
530 1006 673 1041 ferebatur,
687 1012 743 1035 tum
758 1009 793 1036 ob
807 1014 942 1044 gestorum

147 1051 330 1086 splendorem,
342 1057 398 1079 tum
411 1054 493 1080 etiam
511 1054 639 1089 temporis
649 1060 740 1088 causa,
754 1056 825 1090 quod
839 1064 890 1083 non
906 1061 945 1084 tot

147 1102 208 1125 ante
224 1098 334 1126 sarculis
348 1103 471 1126 mortuus
483 1104 572 1133 esset,
584 1104 649 1135 quot
667 1101 812 1128 Abraham.
831 1102 943 1130 Etiamsi

146 1153 210 1172 vero
225 1146 332 1180 utrique
341 1145 476 1181 pollicitus
486 1146 521 1174 sit
534 1146 615 1181 Deus,
628 1147 692 1175 illud
706 1152 794 1176 tamen
805 1150 880 1184 quasi
894 1159 944 1179 an-

147 1193 246 1227 tiquius
278 1193 442 1225 tacebatnr;
469 1193 520 1221 hoc
541 1199 629 1222 autem
643 1214 651 1228 ,
666 1199 758 1231 utpote
784 1198 917 1224 recentius
934 1219 942 1232 ,

145 1240 266 1266 omnium
290 1246 340 1266 ore
352 1238 603 1267 circumferebatur.
617 1240 670 1275 Ipsi
693 1248 809 1276 namque
827 1243 918 1270 dicunt
933 1252 941 1270 :

147 1284 240 1312 Nonne
261 1293 295 1312 at:
316 1285 411 1312 terniue
424 1284 511 1312 David
532 1289 555 1312 et
575 1285 722 1313 Bethlehem
743 1288 797 1314 vico
809 1308 816 1321 ,
833 1289 876 1315 ubi
890 1293 944 1316 erat

145 1331 313 1364 David,renit
328 1331 443 1359 Christue
452 1331 543 1366 (Joan.
555 1332 582 1359 7.
595 1332 660 1368 42)?
673 1332 757 1360 Nemo
771 1333 844 1360 illum
860 1335 943 1362 lilium

144 1376 259 1404 Abrahae
273 1397 280 1409 ,
295 1376 344 1404 sed
356 1383 452 1405 omnes
464 1377 546 1404 lilium
562 1376 647 1405 David
666 1378 816 1406 vocabant:
832 1387 893 1406 nam
908 1379 944 1408 ob

144 1423 277 1458 temporis
288 1422 416 1457 spatium,
430 1426 460 1450 ut
473 1422 538 1456 dixi,
552 1426 580 1450 et
591 1423 627 1450 ob
640 1430 763 1458 regnum,
776 1424 801 1451 in
816 1425 943 1453 memoria

144 1471 283 1498 hominum
305 1471 392 1506 magis
411 1471 579 1499 versabatur.
592 1470 721 1498 Similiter
732 1475 761 1498 et
778 1478 855 1506 reges
871 1478 939 1506 quos

142 1517 350 1548 venerabantur,
368 1517 467 1552 quique
479 1521 540 1552 post
553 1516 627 1544 illum
640 1516 725 1550 fuere,
739 1516 775 1544 ab
785 1517 830 1544 illo
844 1524 940 1551 cogno-

141 1561 281 1588 minabant
292 1582 300 1594 ,
314 1569 366 1589 nec
384 1561 437 1596 ipsi
458 1562 543 1588 solum
556 1581 565 1596 ,
580 1561 628 1589 sed
641 1561 722 1589 etiam
737 1561 816 1589 Deus.
832 1562 938 1589 Etenim

141 1606 268 1634 Ezechiel
291 1613 320 1635 et
341 1607 387 1635 alii
403 1607 540 1643 prophetae
557 1607 649 1635 dicunt
660 1612 801 1635 venturum
814 1615 875 1636 esse
888 1608 939 1636 Da-

140 1653 183 1679 vid
198 1657 226 1680 et
239 1658 455 1681 resurrecturum
473 1659 553 1686 esse,
566 1661 620 1681 non
633 1653 667 1682 de
681 1653 781 1682 Davide
801 1654 847 1688 qui
866 1659 940 1682 mor-

141 1701 204 1725 tuus
215 1703 276 1726 erat
291 1698 433 1734 loquentes
446 1718 455 1732 ,
470 1698 518 1727 sed
530 1699 564 1727 de
578 1699 612 1727 iis
625 1700 669 1735 qui
681 1699 740 1735 ejus
756 1700 880 1728 virtutem
895 1707 938 1728 se-

139 1749 288 1772 ctarentur.
301 1745 428 1773 Ezechiae
439 1753 503 1773 vero
517 1746 554 1773 ait
566 1754 574 1773 :
588 1745 724 1782 Protegam
736 1746 860 1773 civitatem
871 1747 938 1774 hanc

140 1794 245 1825 propter
258 1798 299 1817 me
309 1795 334 1817 et
343 1795 447 1826 propter
455 1790 539 1818 David
552 1799 657 1826 puerum
669 1799 752 1818 meum
770 1791 806 1826 (4.
817 1791 880 1827 Reg.
890 1792 935 1820 l9.

140 1835 199 1871 δι).
215 1836 355 1864 Salomoni
371 1844 436 1865 vero
449 1836 563 1870 dicebat,
578 1844 609 1865 se
623 1841 733 1872 propter
750 1837 877 1865 Davidrm
891 1845 937 1865 re-

139 1889 222 1915 gnum
236 1883 346 1911 vivente
361 1883 419 1919 ipso
434 1882 600 1919 [Salomone]
615 1890 668 1910 non
681 1882 803 1911 divisisse
816 1883 855 1918 (3.
869 1883 936 1919 Reg.

139 1928 186 1955 Η.
199 1929 258 1963 54).
274 1928 368 1964 Magna
387 1929 460 1956 enim
475 1933 532 1956 erat
551 1929 621 1956 illius
642 1929 692 1956 viri
712 1929 795 1964 gloria
819 1933 846 1956 et
866 1928 936 1964 apud

140 1974 227 2002 Deum
249 1979 276 2002 et
290 1975 360 2009 apud
375 1974 508 2008 homines.
522 1974 636 2009 ldeoque
659 1975 693 2002 ab
712 1975 757 2002 illo
776 1974 822 2010 qui
846 1975 936 2002 notior

138 2025 200 2047 erat
219 2020 360 2048 exordium
374 2020 466 2052 ducit,
481 2025 508 2047 et
521 2025 584 2048 tunc
600 2020 633 2048 ad
645 2020 820 2055 antiquiorem
836 2028 935 2055 paren-

140 2070 196 2093 tem
211 2066 347 2100 recurrit,
369 2065 532 2101 superlluum
552 2065 671 2099 ducens,
692 2070 819 2100 quantum
838 2066 871 2092 ad
886 2066 935 2093 Iu-

141 2111 235 2144 daeos,
251 2113 376 2147 superius
394 2119 545 2140 sermonem
569 2112 663 2139 ordiri.
679 2112 712 2139 Hi
726 2112 799 2139 enim
820 2112 936 2140 maxime

139 2157 280 2185 mirabiles
301 2163 378 2186 erant
394 2166 401 2184 :
416 2157 459 2185 hic
471 2178 479 2191 ,
493 2162 583 2193 utpote
601 2165 649 2185 rex
671 2162 698 2186 et
710 2158 854 2193 propheta;
871 2158 933 2192 ille,

140 2209 170 2231 ut
183 2205 333 2239 patriarcha
347 2209 374 2232 et
389 2205 530 2240 propheta.
542 2205 575 2232 Et
584 2205 655 2232 unde
668 2205 804 2239 probatur,
816 2205 932 2239 inquies,

141 2250 217 2277 illum
239 2258 273 2278 ex
294 2251 395 2278 Davide
408 2257 496 2278 ortum
511 2251 590 2278 esse?
601 2251 629 2279 Si
642 2251 712 2278 enim
729 2259 781 2279 non
804 2259 836 2278 ex
856 2252 932 2286 viro,

141 2296 188 2323 sed
202 2305 235 2323 ex
251 2297 368 2324 muliere
380 2302 481 2324 tantum
497 2302 574 2325 natus
588 2302 629 2325 est
640 2316 650 2331 ,
664 2297 774 2332 virginis
786 2301 874 2324 autem
888 2305 934 2333 ge-

141 2343 261 2378 nealogia
277 2351 332 2371 non
356 2344 477 2377 texitur,
492 2343 627 2379 quomodo
651 2343 767 2371 sciemus
790 2344 875 2378 ipsum
899 2351 932 2371 ex

140 2389 240 2416 Davide
261 2396 322 2416 esse
336 2389 446 2416 ortum?
462 2389 525 2416 Dute
539 2396 653 2424 namque
671 2392 734 2416 sunt
747 2389 908 2424 quazstiones
923 2396 930 2414 :

140 2442 188 2462 cur
200 2435 293 2462 matris
305 2435 461 2470 genealogia
474 2442 528 2462 non
544 2435 650 2467 texilur,
665 2439 692 2461 et
706 2442 754 2462 cur
765 2434 873 2469 Ioseph,
886 2434 931 2469 qui

142 2481 204 2508 nihil
217 2481 330 2509 contulit
343 2481 377 2508 ad
397 2481 607 2516 generationem,
621 2481 655 2507 ab
677 2481 730 2508 illis
746 2485 907 2508 memoratur
921 2487 929 2507 :

141 2527 243 2554 videtur
256 2527 329 2554 enim
342 2527 393 2554 hoc
407 2526 568 2560 redundare,
580 2530 607 2554 et
620 2525 684 2553 illud
697 2526 851 2554 desiderari.
862 2525 929 2559 Quid

142 2580 203 2608 ergo
221 2573 295 2608 prius
318 2572 529 2608 perquirendum
552 2572 617 2600 est?
631 2571 770 2604 Quomodo
784 2580 816 2599 ex
832 2572 930 2599 Davide

142 2617 218 2654 Virgo
239 2624 299 2647 orta
322 2619 415 2647 fuerit.
426 2619 485 2652 Quo
499 2623 576 2653 pacto
598 2622 686 2645 autem
704 2618 819 2646 sciemus
831 2626 864 2645 ex
879 2618 937 2646 Da-

141 2664 196 2691 vide
205 2668 290 2692 ortam
302 2671 364 2692 esse
377 2664 390 2690 ‘l
412 2663 481 2691 Audi
502 2663 583 2690 Deum
596 2662 711 2691 Gabrieli
731 2663 927 2698 prmcipieutem

143 2715 170 2738 ut
185 2712 271 2740 adiret
290 2712 423 2748 Virginem
443 2712 619 2747 desponsatam
639 2713 709 2747 viro,
724 2713 766 2740 cui
778 2720 868 2740 nomen
882 2717 936 2740 erat

140 2756 239 2793 Jotep/t,
255 2759 288 2785 de
303 2758 383 2785 domo
398 2763 424 2785 et
437 2758 538 2794 familia
549 2758 629 2786 Dat-id
641 2759 650 2794 (
664 2759 725 2786 Luc.
742 2759 767 2786 l.
781 2758 816 2786 ‘37
831 2759 850 2793 ).
865 2759 932 2793 Quid

138 2804 229 2831 clarius
242 2804 370 2840 postulas
381 2824 390 2835 ,
406 2811 468 2830 cum
490 2804 564 2832 audis
582 2805 615 2833 de
632 2805 712 2832 domo
726 2809 753 2832 ct
772 2805 869 2832 laniilia
884 2805 937 2832 Da-

136 2850 172 2877 vid
195 2849 336 2885 Virginem
354 2849 468 2877 fuisse!

1047 176 1074 202 4.
1091 176 1166 204 Unde
1190 181 1278 212 patet,
1295 177 1394 214 Ioseph
1413 179 1493 208 etiam
1516 180 1577 208 inde
1599 186 1686 210 ortum
1701 182 1794 212 fuisse.

1012 219 1067 248 Lex
1083 223 1180 257 quippe
1193 227 1250 250 erat
1264 232 1322 258 qua:
1343 229 1445 252 vetaret
1468 233 1563 256 uxores
1577 227 1690 261 ducere,
1706 230 1757 258 nisi
1770 238 1804 259 ex

1012 267 1118 301 propria
1131 267 1211 294 tribu.
1229 268 1381 296 Patriarcha
1394 278 1458 297 vero
1479 271 1562 298 Iacob
1581 272 1654 300 illunt
1677 281 1708 301 ex
1731 275 1802 302 tribu

1010 311 1077 339 Iuda
1091 313 1256 341 exoriturum
1271 322 1330 342 esse
1344 316 1466 350 praedixit
1478 325 1484 344 :
1502 317 1564 345 Non
1576 318 1674 354 deﬁciet
1686 321 1803 356 princeps

1010 358 1042 384 de
1053 358 1124 386 Juda
1135 380 1143 393 ,
1163 368 1244 396 neque
1256 361 1310 388 dux
1322 362 1353 388 de
1365 363 1502 398 femoribus
1523 364 1579 399 ejus
1588 385 1596 398 ,
1621 365 1700 393 donec
1722 367 1803 394 venint

1009 404 1050 430 cui
1062 406 1200 439 repositum
1208 411 1245 434 est
1253 414 1264 434 :
1277 411 1301 434 et
1313 407 1368 443 ipse
1379 409 1426 435 erit
1439 410 1590 444 mpectatio
1602 411 1713 446 gentium
1723 411 1800 448 (Gen.

1008 448 1053 476 49.
1068 449 1123 485 10).
1138 450 1219 479 Certe
1234 451 1290 479 haec
1304 453 1442 488 prophetia
1455 474 1463 487 ,
1479 455 1550 490 quod
1570 463 1604 483 ex
1622 456 1692 484 tribu
1716 457 1799 485 David

1007 494 1098 528 fuerit,
1109 495 1226 524 declarat
1238 505 1246 529 ;
1261 503 1289 525 at
1302 506 1354 525 non
1369 499 1439 534 quod
1452 508 1484 527 ex
1494 507 1594 535 genere
1605 501 1721 530 Davidis.
1731 502 1800 530 Num

1007 539 1087 575 igitur
1105 541 1132 568 in
1147 542 1216 569 tribu
1225 542 1292 570 Inda
1303 551 1355 571 non
1370 544 1442 572 aliud
1455 549 1516 573 erat
1528 553 1612 581 genus
1624 555 1703 582 quam
1723 548 1802 576 Dav:-

1006 585 1069 613 dis?
1082 586 1137 614 lmo
1154 587 1238 615 multa
1253 588 1315 622 alia,
1330 594 1358 616 et
1369 590 1524 625 contingere
1536 593 1622 626 potuit
1635 596 1665 620 ut
1678 598 1750 621 esset
1767 602 1802 622 ex

1006 632 1076 660 tribu
1088 633 1156 660 Iuda
1167 653 1176 668 ,
1190 635 1253 669 quin
1270 639 1342 663 esset
1354 643 1386 663 ex
1398 643 1496 671 genere
1516 638 1634 665 Davidis.
1651 638 1750 667 Verum
1766 648 1800 668 ne

1006 678 1059 706 hoc
1071 679 1185 713 diceres,
1200 680 1269 709 hanc
1284 682 1330 710 tibi
1342 683 1523 718 suspicionem
1538 684 1606 712 tollit
1616 687 1779 721 evangelista
1789 708 1797 719 ,

1005 724 1097 752 dicens
1120 725 1193 753 illum
1215 726 1296 754 fuisse
1309 735 1342 755 ex
1362 727 1443 756 domo
1462 733 1490 757 et
1502 729 1600 758 familia
1615 730 1707 759 David.
1722 731 1798 765 Quod

1005 772 1026 799 si
1041 772 1067 799 id
1081 772 1188 801 aliunde
1202 775 1281 802 etiam
1295 775 1399 804 discere
1413 777 1490 811 velis,
1506 785 1560 806 non
1575 779 1660 807 deerit
1672 779 1723 808 alia
1737 788 1800 816 pro-

1004 817 1077 845 batio
1092 827 1098 845 :
1112 826 1164 846 non
1180 819 1260 847 modo
1275 821 1346 848 enim
1358 829 1410 849 non
1427 822 1525 850 licebat
1538 831 1570 851 ex
1584 824 1635 852 alia
1651 826 1718 853 tribu
1733 834 1799 854 uxo-

1003 870 1060 891 rem
1076 863 1184 898 ducere,
1198 865 1245 893 sed
1256 873 1342 900 neque
1354 875 1386 894 ex
1399 867 1450 895 alia
1462 868 1570 901 familia.
1586 870 1612 897 id
1626 875 1676 901 est.
1692 879 1726 898 ex
1743 871 1795 899 alia

1001 909 1168 944 cognatione.
1182 910 1271 946 itaque
1286 912 1308 938 si
1320 912 1396 945 illud,
1412 912 1452 940 Ex
1466 913 1541 940 domo
1555 919 1579 941 et
1592 915 1691 951 faniitt'a
1701 915 1796 949 David,

1003 952 1104 989 Virgilii
1117 960 1248 990 aptemus,
1260 956 1361 984 dictum
1374 957 1439 985 illud
1453 960 1603 993 constabit;
1625 961 1646 988 si
1660 961 1792 996 Iosepho.

1003 999 1067 1027 illud
1082 1000 1168 1036 ipsum
1183 1003 1364 1037 consequitur.
1380 1003 1408 1031 Si
1426 1005 1498 1032 enim
1516 1013 1548 1033 ex
1561 1006 1641 1034 domo
1653 1011 1679 1034 et
1693 1008 1791 1035 iamil-a

1000 1045 1082 1074 David
1094 1052 1152 1075 erat
1162 1047 1332 1084 Ioseph,non
1345 1051 1452 1078 aliunde
1465 1053 1567 1089 accepit
1582 1061 1705 1088 uxorem,
1715 1063 1794 1089 quam

998 1099 1031 1119 ex
1045 1094 1202 1128 cognatione
1214 1102 1270 1122 sua.
1281 1095 1349 1129 Quid
1363 1104 1437 1131 vero,
1451 1098 1564 1133 inquies,
1573 1099 1595 1126 si
1610 1099 1696 1135 legem
1707 1105 1794 1128 trans-

997 1144 1106 1172 gressus
1119 1139 1176 1166 sit‘l
1194 1139 1248 1167 Sed
1262 1141 1361 1169 idcirco
1375 1149 1564 1178 prteoecupans
1578 1145 1733 1174 testiﬁcatus
1741 1151 1793 1179 est,

998 1183 1098 1220 Ioseph
1121 1184 1203 1214 fuisse
1223 1186 1342 1221 justum,
1363 1191 1441 1216 utne
1456 1189 1508 1217 hoc
1520 1189 1624 1218 diceres
1636 1211 1644 1224 ,
1661 1191 1708 1219 sed
1725 1192 1795 1219 illius

997 1232 1123 1259 virtutem
1140 1231 1266 1266 edoctus,
1283 1241 1376 1261 nosses
1394 1234 1483 1270 legem
1499 1235 1533 1262 ab
1552 1236 1611 1271 ipso
1632 1245 1685 1266 non
1708 1238 1790 1267 fuisse

997 1277 1133 1305 violatam.
1148 1277 1199 1310 Qui
1211 1278 1282 1305 enim
1296 1279 1332 1306 ita
1346 1279 1478 1308 humanus
1490 1287 1548 1309 erat
1560 1283 1568 1298 ί
1580 1287 1606 1310 et
1618 1291 1632 1310 a
1647 1291 1729 1318 pravo
1741 1284 1791 1311 ho-

999 1322 1078 1350 minis
1090 1323 1184 1350 atl'ectu
1195 1330 1302 1356 vacuus,
1313 1329 1342 1352 ut
1353 1333 1387 1353 ne
1399 1326 1550 1361 suspicione
1562 1328 1668 1363 quidem
1680 1336 1791 1365 urgente

999 1366 1080 1395 vellet
1093 1367 1128 1395 de
1141 1367 1250 1403 Virgine
1259 1370 1328 1397 sumi
1343 1371 1513 1406 supplicium,
1528 1373 1662 1407 quomodo
1674 1374 1790 1403 libidinis

997 1421 1076 1442 causa
1090 1415 1176 1450 legem
1187 1419 1367 1451 transgressus
1381 1418 1476 1446 esset?
1489 1419 1538 1453 Qui
1550 1420 1621 1447 enim
1635 1421 1696 1456 plus
1710 1429 1789 1457 quam

998 1460 1042 1488 lex
1057 1460 1158 1489 ferebat
1171 1461 1407 1498 pliilosophabalur
1417 1465 1489 1499 (nam
1500 1465 1635 1494 dimittam
1647 1471 1675 1494 et
1686 1467 1790 1495 occulte

998 1506 1148 1540 dimittere,
1166 1507 1229 1535 illud
1242 1512 1299 1536 erat
1313 1509 1380 1537 ultra
1394 1509 1479 1545 legem
1494 1510 1705 1548 philosophari),
1719 1521 1788 1548 qun-

997 1551 1077 1579 modo
1088 1555 1181 1580 contra
1196 1552 1281 1588 legem
1295 1554 1398 1588 aliquid
1421 1555 1594 1590 admitteret,
1618 1557 1698 1593 idque
1717 1559 1787 1586 nulla

994 1601 1107 1633 cogente
1120 1599 1303 1627 necessitate?
1317 1599 1418 1628 Verum
1438 1608 1470 1628 ex
1483 1609 1583 1637 genere
1606 1603 1689 1631 David
1702 1604 1788 1640 Virgi-

1000 1650 1061 1670 nem
1075 1642 1169 1677 fuisse,
1183 1651 1214 1671 ex
1225 1644 1279 1679 jam
1292 1644 1371 1673 dictis
1386 1646 1473 1681 palam
1486 1651 1539 1676 est.
1550 1647 1609 1676 Iam
1621 1656 1685 1677 vero
1698 1657 1787 1685 opem

995 1688 1110 1723 pretium
1126 1688 1206 1717 fuerit
1220 1689 1319 1724 dicere,
1335 1698 1383 1719 cur
1395 1699 1448 1719 nou
1462 1692 1543 1725 illius,
1558 1694 1604 1721 sed
1617 1694 1726 1730 Iosephi
1740 1704 1788 1730 ge—

993 1734 1142 1770 nealogiam
1157 1736 1274 1764 duxerit.
1288 1736 1346 1770 Qua
1367 1736 1402 1764 de
1422 1745 1503 1766 causa
1525 1739 1625 1774 igitur?
1647 1740 1706 1768 Non
1727 1746 1786 1770 erat

991 1787 1050 1808 mos
1064 1780 1134 1815 apud
1152 1781 1259 1809 Iudaeos
1277 1782 1420 1810 mulierum
1442 1784 1610 1820 genealogias
1629 1790 1730 1814 texere.
1750 1787 1786 1816 Ut

991 1825 1071 1861 igitur
1084 1826 1232 1854 secundum
1251 1835 1353 1855 morem
1366 1833 1475 1864 ageret,
1491 1837 1540 1857 nec
1553 1830 1688 1858 videretur
1707 1832 1782 1860 illum

991 1871 1026 1899 ab
1037 1871 1114 1899 initio
1123 1873 1282 1908 transgredi,
1295 1877 1375 1909 utque
1385 1874 1464 1902 simul
1483 1876 1560 1903 nobis
1571 1875 1686 1912 Virginis
1697 1885 1783 1913 genus

991 1917 1138 1952 indicaret,
1153 1918 1237 1953 ipsius
1252 1920 1369 1953 majores
1386 1921 1502 1949 reticens
1513 1942 1521 1953 .
1535 1922 1644 1957 Iosephi
1658 1925 1783 1959 genealo-

989 1964 1058 1999 giam
1073 1963 1158 1991 duxit.
1173 1964 1202 1992 Si
1222 1965 1293 1992 enim
1308 1966 1334 1993 id
1347 1965 1382 1993 de
1397 1966 1506 2002 Virgine
1520 1968 1642 2002 fecisset,
1657 1970 1782 1997 novitatis

989 2015 1078 2037 notam
1090 2018 1142 2037 non
1153 2011 1288 2047 eliugisset
1299 2020 1306 2045 ;
1317 2013 1340 2039 si
1353 2012 1498 2048 Iosephum
1515 2015 1651 2050 tacuisset,
1666 2016 1782 2052 Virginis

989 2057 1172 2092 progenitores
1185 2065 1239 2085 non
1253 2066 1402 2086 nossemus.
1415 2059 1449 2087 Ut
1470 2060 1558 2095 itaque
1573 2061 1706 2090 discamus
1720 2070 1781 2098 qua:

987 2108 1059 2131 esset
1071 2103 1162 2136 Maria,
1174 2108 1202 2132 et
1211 2104 1281 2131 unde
1293 2110 1361 2137 orta,
1373 2105 1498 2141 legesque
1508 2106 1614 2134 intacta:
1627 2113 1778 2142 manerent,

987 2148 1078 2183 sponsi
1094 2149 1152 2182 eius
1164 2150 1345 2185 genealogiam
1356 2152 1505 2185 contexuit,
1520 2156 1547 2179 et
1560 2160 1592 2180 ex
1606 2152 1686 2180 domo
1698 2153 1779 2181 David

987 2195 1104 2223 ostendit
1118 2203 1188 2223 esse.
1204 2195 1261 2223 Hoc
1272 2197 1344 2224 enim
1358 2202 1582 2231 commonstrato,
1599 2198 1664 2227 illud
1675 2207 1781 2235 quoque

987 2241 1067 2269 simul
1088 2242 1237 2270 ostenditur
1254 2242 1390 2278 Virginem
1410 2244 1491 2272 etiam
1507 2244 1568 2272 inde
1579 2249 1664 2273 ortam
1679 2245 1778 2278 fuisse;

987 2286 1216 2322 quandoquidem,
1227 2292 1258 2315 ut
1269 2287 1323 2315 dixi
1336 2309 1342 2320 ,
1355 2289 1486 2317 noluisset
1497 2289 1585 2325 justus
1608 2290 1654 2318 ille
1672 2291 1780 2319 aliunde

989 2339 1097 2359 uxorem
1109 2333 1241 2368 accipere.
1253 2333 1383 2369 Superest
1394 2338 1422 2362 et
1433 2334 1483 2362 alia
1495 2343 1574 2363 causa
1589 2336 1673 2371 magis
1682 2344 1778 2364 arcana

989 2382 1014 2405 et
1025 2379 1146 2413 mystica,
1158 2387 1206 2407 cur
1217 2379 1332 2414 Virginis
1344 2381 1460 2416 majores
1468 2381 1574 2409 silentio
1585 2382 1658 2410 missi
1669 2382 1778 2417 fuerint,

983 2434 1062 2462 quam
1076 2427 1119 2455 nic
1132 2428 1237 2463 aperire
1254 2429 1343 2458 minus
1360 2434 1538 2464 opportunum
1550 2437 1632 2465 esset,
1646 2433 1706 2468 quia
1715 2433 1771 2469 jam

982 2472 1065 2499 multa
1079 2472 1149 2500 dicta
1161 2477 1233 2501 sunt.
1247 2474 1428 2507 Quamobrem
1441 2475 1484 2504 hic
1494 2478 1672 2511 quaestionum
1692 2479 1770 2507 finem

981 2517 1118 2552 facientes,
1131 2525 1164 2546 ea
1176 2527 1236 2554 qua:
1250 2519 1328 2547 nobis
1346 2521 1476 2555 explicata
1489 2526 1551 2550 sunt
1567 2529 1690 2551 accurate
1705 2526 1771 2552 ruti-

982 2568 1111 2590 neamus:
1127 2571 1223 2599 nempe
1234 2585 1242 2597 ,
1255 2572 1304 2592 cur
1321 2565 1428 2593 Davidis
1445 2567 1546 2595 mentio
1565 2569 1678 2603 primum
1701 2569 1769 2597 facta

982 2608 1061 2635 fuerit
1068 2616 1076 2641 ;
1083 2616 1131 2636 cur
1139 2609 1235 2637 librum
1242 2610 1378 2639 vocaverit
1385 2611 1479 2639 librum
1487 2613 1677 2648 generationis,
1688 2622 1772 2650 quare

982 2654 1156 2687 dixeritJeau
1164 2653 1358 2691 Christi;quare
1371 2657 1510 2691 generatio
1524 2658 1558 2686 sit
1574 2660 1723 2687 communis
1744 2664 1771 2688 et

981 2709 1034 2730 non
1042 2703 1205 2736 communis;
1215 2703 1345 2730 undenam
1358 2703 1438 2731 Maria
1449 2713 1480 2733 ex
1490 2704 1589 2733 Davide
1595 2711 1652 2734 orta
1661 2713 1720 2734 esse
1730 2714 1770 2734 054

983 2748 1120 2782 tendatur;
1131 2756 1179 2777 cur
1190 2749 1259 2776 illius
1271 2749 1416 2785 majoribus
1426 2750 1531 2779 silentio
1541 2751 1638 2785 miSsis,
1648 2753 1769 2788 genealo-

1021 2860 1029 2874 ¹
1048 2858 1105 2888 Atti,
1118 2857 1151 2882 ita
1163 2856 1256 2882 virtutis
1266 2861 1318 2883 erat
1330 2861 1433 2882 unlator.
