2056 3130
259 107 296 135 29
587 107 621 136 S.
646 107 791 134 δυΑικΜδ
809 106 1052 133 CHRYSUS'IUMI

1116 104 1233 132 LCHIEP.
1255 103 1528 132 CONSTANTINOP.
1852 106 1889 134 50

256 164 298 198 gia
305 161 415 196 Iosephi
429 161 509 189 ducta
523 160 613 189 fuerit.
625 160 654 189 Si
667 161 738 188 enim
749 160 807 188 haac
818 160 1004 192 servaveritis,
1016 159 1049 187 ad

257 209 358 244 reliqua
372 208 486 236 dicenda
501 208 649 236 alacriores
660 215 709 235 nos
719 207 837 235 reddetis
846 214 854 240 ;
864 207 887 234 si
906 214 971 234 vero
993 206 1050 234 haec

257 255 414 290 respueritis
426 258 453 282 et
464 262 498 282 ex
515 253 650 282 mentibus
663 254 742 280 missa
758 253 885 285 feceritis,
900 252 935 279 ad
947 256 1045 280 cetera

258 301 418 336 proferenda
438 300 577 336 segniores
599 300 711 328 erimus.
730 299 823 333 Neque
845 299 917 326 enim
934 298 1050 333 agricola

258 351 355 374 terram
368 367 375 379 ,
385 354 445 382 quae
459 347 562 374 semina
575 349 749 380 corrumpat,
766 345 880 372 libenter
892 344 1050 372 excoluerit.

257 392 436 426 Quamobrem
447 413 455 424 ,
468 399 534 426 rogo
545 411 553 422 .
575 390 634 418 hate
653 395 744 417 mente
760 389 884 416 volvatis.
899 388 939 416 Ex
959 389 1051 416 talium

258 439 358 473 quippe
370 445 460 465 rerum
474 436 649 464 meditatione
663 443 787 470 maguum
803 433 1054 469 quidpiametsalu-

260 490 317 512 tare
330 484 429 512 bonum
443 483 541 510 animm
551 482 664 517 paritur.
675 481 742 508 Nam
753 485 783 519 et
795 480 852 508 Deo
862 480 968 515 placere
977 484 1053 515 pote-

259 532 343 559 rimus
353 551 361 563 ,
374 531 397 557 si
410 530 468 557 h:ec
479 536 614 561 curemus,
624 533 652 556 et
664 535 711 556 ora
722 531 812 555 nostra
831 534 847 554 a
863 526 1033 554 contumeliis
1043 546 1053 560 ,

258 578 392 606 obscmnis
405 577 495 605 verbis
507 581 533 604 et
551 575 679 604 conviciis
702 582 768 610 pura
781 578 880 608 erunt,
894 573 958 601 dum
971 573 1053 608 spiri-

260 625 376 652 tualibus
400 623 597 651 exereebuntnr
609 622 742 657 eloquiis;
766 621 984 655 daemonibusque
999 620 1055 648 l‘or-

261 671 400 698 midabiles
413 676 474 696 esse
487 668 644 703 poterimus,
658 667 680 694 si
696 667 812 702 linguam
823 670 942 694 nostram
957 666 1055 694 talibus

261 716 402 743 verborum
423 715 506 742 armis
527 713 697 741 muniamus:
723 713 786 740 hinc
810 712 950 740 oculorum
978 712 1056 740 nobis

263 760 451 796 perspicacitas
465 764 587 794 augetur.
601 758 667 786 Nam
681 763 709 785 et
720 757 825 791 oculos,
841 762 868 785 et
878 765 920 791 os,
936 761 964 785 et
977 757 1054 785 audi-

263 814 317 836 tum
331 807 392 835 ideo
405 807 430 834 in
446 805 525 834 nobis
539 806 637 840 posuit,
652 809 681 832 ut
692 805 784 833 omnia
799 804 849 840 ipsi
863 804 984 832 membra
999 811 1058 832 ser-

262 856 369 887 virent;
385 858 414 882 ut
426 861 486 889 quae
499 853 584 889 ipsius
600 857 663 880 sunt
677 853 835 887 loquamur,
850 855 881 878 ut
899 859 959 886 quae
973 851 1056 886 ipsius

263 905 326 928 sunt
339 906 491 934 operemur,
508 903 536 925 ut
550 901 679 933 perpetuo
691 897 805 932 hymnos
818 896 868 931 ipsi
880 903 1018 930 canamus,
1028 899 1058 924 ut

263 946 347 982 gratia
353 953 410 972 rum
425 944 545 971 actiones
563 943 716 971 emittamus
725 963 733 975 ,
748 949 780 970 ac
791 949 840 977 per
849 941 908 970 haec
918 942 1058 970 conscien-

267 993 329 1020 tiam
345 995 464 1018 nostram
484 996 640 1025 purgemus.
660 987 890 1022 Quemadmodum
911 989 982 1016 enim
995 995 1058 1016 cor-

263 1047 316 1074 pus
327 1046 399 1074 puro
412 1037 508 1065 fruens
520 1044 584 1064 aere
596 1036 733 1063 valentius
747 1035 856 1068 evadet,
870 1034 911 1063 sie
925 1039 954 1063 et
965 1034 1057 1062 anima

263 1087 307 1114 his
322 1084 463 1114 exercitiis
483 1083 628 1116 innutrita,
643 1082 825 1118 philosophia:
841 1082 928 1118 magis
947 1080 1059 1109 addicta

264 1131 330 1160 erit.

299 1223 325 1250 5.
338 1222 435 1249 Annon
447 1219 525 1248 vides
545 1218 668 1254 corporis
681 1217 774 1245 oculos
786 1237 794 1251 ,
810 1217 873 1244 dum
886 1217 913 1243 in
924 1215 998 1244 tumo
1006 1222 1068 1244 ver-

265 1273 368 1301 santttr,
383 1267 515 1302 lacrymas
529 1272 635 1300 semper
650 1263 769 1296 tundere,
782 1270 843 1289 cum
856 1266 945 1290 autem
958 1262 985 1288 in
999 1268 1067 1297 puro

267 1323 342 1348 aere,
357 1315 383 1342 in
399 1318 486 1350 prato,
501 1314 528 1341 in
543 1313 660 1340 fontibus
670 1333 678 1346 ,
694 1313 721 1339 in
737 1312 832 1344 hortis,
846 1315 876 1339 et
887 1310 1066 1346 perspicacio-

267 1368 310 1388 res
324 1365 352 1388 et
365 1360 487 1387 saniores
496 1358 577 1387 esse?
591 1358 664 1386 Talis
674 1361 754 1385 estet
765 1357 863 1384 animae
875 1356 987 1384 oculus:
999 1355 1021 1383 si
1036 1355 1064 1382 in

266 1411 343 1442 prato
353 1406 530 1440 spiritualium
541 1404 707 1440 eloquiorum
721 1407 856 1439 pascatur,
871 1409 964 1438 purus,
976 1401 1064 1429 clarus

267 1458 296 1480 et
308 1452 446 1487 perspicax
457 1451 526 1484 erit;
541 1451 582 1478 sin
603 1450 704 1478 fumum
714 1449 882 1477 saecularium
896 1448 1065 1483 negotiorum

268 1499 356 1531 adeat,
371 1498 512 1534 plurimum
527 1496 716 1532 lacrymabitur
726 1502 758 1522 ac
771 1494 862 1528 ﬂebit,
875 1497 904 1522 et
918 1500 989 1521 nunc
1001 1497 1028 1520 et
1040 1492 1067 1520 in

269 1546 369 1573 futuro.
390 1545 511 1572 Humana
531 1543 630 1579 quippe
660 1541 766 1577 negotia
791 1540 863 1568 tumo
884 1543 947 1567 sunt
960 1539 1066 1566 similia.

268 1591 383 1627 ideoque
396 1591 504 1618 dicebat
523 1589 672 1625 quispiam:
686 1587 837 1623 Defecerunt
846 1587 911 1613 sicut
921 1586 1006 1621 fumus
1015 1585 1069 1613 dies

271 1639 320 1665 mei
334 1637 420 1673 (Prol.
436 1636 498 1664 i0l.
514 1636 555 1670 4).
575 1634 628 1663 Sed
654 1634 699 1661 ille
713 1633 820 1668 quidem
842 1632 876 1660 de
897 1631 1028 1659 brevitate
1041 1635 1068 1658 et

270 1683 305 1711 de
318 1683 377 1718 fuga
391 1681 498 1710 mobilis
512 1681 562 1709 :evi
576 1680 712 1715 loquitur:
725 1686 776 1714 ego
788 1685 853 1706 vero
865 1685 918 1705 non
932 1677 966 1705 de
974 1678 1025 1704 hac
1035 1684 1067 1704 re

272 1733 386 1762 tantum,
403 1728 450 1757 sed
464 1728 544 1756 etiam
564 1727 598 1754 de
613 1725 812 1762 perturbatione
824 1725 833 1741 ⁸
847 1731 934 1752 rerum
949 1730 1068 1759 praesen.

271 1776 337 1802 timn
349 1775 406 1802 haec
420 1773 574 1809 accipienda
585 1779 646 1800 esse
658 1778 767 1799 censeo.
790 1769 861 1797 Nihil
886 1769 958 1797 enim
972 1768 1069 1796 mentis

271 1821 378 1848 oculttm
392 1822 428 1848 ita
441 1820 511 1847 male
524 1818 605 1846 allicit
618 1822 646 1845 et
659 1817 758 1850 turbat,
769 1820 799 1843 ut
811 1815 978 1843 saecularium
991 1820 1069 1841 cura-

273 1874 332 1894 rum
348 1866 486 1897 tumultus,
498 1869 525 1893 et
537 1863 813 1899 concupiscentiarum
825 1861 911 1889 turba.
925 1860 986 1888 Haec
996 1860 1068 1888 enim

276 1916 340 1939 sunt
363 1911 428 1939 fumi
452 1910 563 1946 hujusce
586 1909 668 1945 ligna.
684 1909 722 1936 Ac
741 1907 964 1943 quemadmodum
979 1906 1068 1942 ignis,

272 1966 333 1985 cum
348 1957 484 1985 humidam
496 1955 634 1984 materiam
654 1955 776 1989 corripit,
791 1954 903 1981 multum
916 1953 1015 1981 excitat
1026 1952 1068 1980 fu-

234 2034 237 2037 ,
277 2011 368 2030 mum:
383 2004 422 2030 sic
434 2007 463 2030 et
474 2001 689 2037 concupiscentia
699 2020 707 2034 ,
723 2008 784 2035 qute
805 2000 911 2027 fervens
926 2003 953 2026 et
967 1999 1023 2033 ipsa
1038 2005 1069 2025 ac

272 2049 348 2085 quasi
359 2049 480 2080 ﬂammea
497 2052 548 2080 est,
563 2055 623 2075 cum
635 2046 770 2074 humidam
783 2045 924 2081 quamdam
937 2052 968 2072 ac
981 2044 1071 2071 disso-

279 2097 361 2122 lutam
373 2093 485 2129 corripit
497 2093 623 2125 animam,
640 2092 752 2119 multum
765 2096 792 2119 et
806 2092 862 2126 ipsa
878 2090 978 2118 fumum
990 2089 1068 2124 parit.

276 2141 376 2169 ldeirco
393 2147 459 2175 opus
469 2145 511 2167 est
521 2146 582 2167 rore
593 2138 717 2174 Spiritus,
730 2143 756 2165 et
767 2145 829 2164 aura
843 2137 899 2170 illa,
911 2143 971 2171 quae
982 2135 1069 2170 ignem

274 2188 427 2222 exstinguat
437 2208 444 2219 ,
458 2193 490 2214 ac
502 2185 605 2213 fumum
618 2184 746 2219 dissipet,
763 2188 933 2216 mentemque
952 2186 1069 2208 nostram

276 2233 412 2260 volucrem
426 2231 529 2259 reddat.
544 2230 597 2258 Nec
612 2231 672 2265 quis
687 2234 783 2264 potest,
797 2235 847 2256 nec
859 2231 946 2263 potest
959 2227 1049 2261 utique
1060 2246 1068 2258 ,

275 2280 314 2302 tot
326 2276 438 2302 obrutus
451 2273 528 2301 malis
549 2274 582 2300 ad
605 2273 702 2300 cmlum
723 2272 814 2299 volare
829 2280 835 2296 :
859 2271 906 2298 sed
921 2269 1067 2305 optandum

274 2325 325 2352 est,
341 2328 389 2348 nos
401 2320 539 2355 expeditos
549 2319 618 2347 hanc
631 2325 709 2355 posse
718 2325 827 2353 carpere
839 2317 926 2349 viam;
938 2317 992 2344 imo
1005 2323 1070 2343 vero

275 2375 310 2394 ne
325 2367 363 2394 sic
384 2367 493 2402 quidem
507 2373 668 2402 possumus,
684 2365 735 2392 nisi
750 2365 805 2392 alas
820 2364 935 2399 Spiritus
947 2370 1069 2391 assuma-

276 2421 345 2440 mus.
361 2412 388 2440 Si
405 2413 493 2448 itaque
513 2411 636 2446 expedita
660 2415 765 2441 mente,
780 2417 812 2437 ac
831 2409 961 2444 spirituali
983 2408 1067 2443 gratia

276 2466 345 2494 opus
359 2458 436 2486 nobis
447 2463 488 2486 est
500 2479 507 2489 ,
520 2463 548 2485 ut
560 2457 593 2484 ad
608 2462 710 2485 tantam
724 2455 914 2483 sublimitatem
925 2453 1071 2481 ascendere

277 2505 432 2536 valeamus;
452 2511 513 2531 cum
537 2511 630 2530 eorum
649 2501 786 2534 nihil,sed
810 2507 920 2535 prorsus
935 2499 1070 2527 contraria

279 2549 434 2585 pondusque
448 2549 594 2576 satanicum
609 2547 798 2576 contrahemus
812 2555 818 2574 :
834 2553 887 2580 quo
902 2550 980 2581 pacto
995 2550 1072 2580 pote-

278 2596 363 2623 rimus
375 2594 499 2628 avolare,
515 2597 590 2621 tanto
610 2600 693 2621 onere
711 2591 852 2627 depressi?
875 2590 903 2619 Si
927 2590 987 2626 quis
999 2589 1071 2618 enim

314 2716 322 2732 ι
341 2713 435 2742 Μοῐιθι..
448 2713 478 2738 de
494 2712 632 2744 fragilitate.
653 2711 682 2744 in
693 2714 773 2735 Graeco
789 2710 890 2744 legitur,
905 2712 1014 2744 ἀρςρθδις,
1026 2714 1073 2738 qua

314 2722 322 2732 ‘
343 2722 435 2742 ΜΟΙἚΙ..
448 2722 478 2738 ae
494 2722 632 2744 ﬂammate.
655 2722 682 2736 lu
693 2722 773 2735 urwcu
790 2722 890 2741 IVBHUI',
905 2722 1014 2740 ιρωνωοις,
1026 2722 1073 2738 Ilua

264 2746 265 2749 “
280 2753 340 2771 voce
353 2745 496 2795 exlprimitur
512 2743 628 2779 tragilitas
640 2742 697 2767 telae
709 2748 820 2778 araneae;
898 2722 961 2775 nulfa
981 2744 1073 2795 δυνΕὲ-

281 2781 308 2795 m
329 2783 372 2795 νην
393 2780 456 2795 ιιιηιπ
468 2782 523 2795 num
532 2780 651 2795 mnum
667 2773 729 2795 hanc
739 2771 939 2795 smntﬂcattonem
949 2777 976 2795 tn
986 2775 1016 2795 se
1060 2781 1073 2787 -

281 2781 311 2834 Ibit
329 2783 372 2832 {ex
385 2771 456 2801 [atina
468 2782 523 2808 qtue
532 2771 651 2806 copiosam
667 2773 729 2797 hanc
739 2771 939 2804 signiﬁcationem
949 2771 976 2795 in
986 2775 1016 2795 se
1028 2771 1073 2795 tta-

300 2814 328 2834 ω
882 2823 885 2825 .

1100 159 1176 194 quasi
1189 157 1304 192 injustis
1325 160 1435 184 staterts
1457 155 1589 190 cogitatus
1610 157 1717 181 nostros
1740 152 1897 188 appendere

1100 204 1182 238 velit,
1196 203 1265 230 inter
1279 202 1351 229 mille
1365 201 1463 229 talenta
1480 200 1647 228 saecularium
1658 207 1813 227 sermonum
1825 220 1834 232 ,
1849 199 1897 226 vix

1101 249 1225 277 denarios
1233 253 1341 276 centum
1348 246 1526 283 spirittnlium
1532 246 1675 273 verborum
1685 245 1817 277 Inveniet;
1830 245 1898 276 imo,

1102 303 1136 323 ne
1150 295 1243 323 decem
1255 294 1360 322 obolos.
1374 294 1470 320 Annon
1485 299 1549 327 ergo
1560 296 1637 326 turpe
1650 291 1814 326 omninoque
1827 290 1897 318 ridi-

1102 341 1191 368 culum
1205 344 1264 373 est,
1287 339 1351 367 dum
1374 345 1481 366 servum
1494 337 1632 370 habentes,
1646 337 1693 364 illo
1711 341 1740 364 ut
1753 337 1897 372 plurimum

1103 388 1203 415 utimur
1217 386 1250 414 ad
1266 393 1311 414 res
1322 384 1499 416 necessarias,
1515 390 1566 412 nos
1579 391 1636 416 ore,
1651 383 1773 411 membro
1783 387 1876 410 nostro
1888 403 1897 416 ,

1103 440 1157 460 non
1171 431 1281 467 perinde
1293 431 1331 459 uti
1350 435 1430 466 atque
1443 437 1542 462 servo;
1557 428 1606 456 sed
1621 433 1732 461 contra,
1747 428 1780 456 ad
1794 428 1898 456 inutilia

1103 483 1132 507 et
1140 478 1272 514 superﬂua
1285 477 1410 513 negotia?
1423 477 1511 511 Atque
1522 475 1623 503 utinam
1635 475 1670 503 ad
1684 475 1817 510 superﬂua
1833 481 1897 502 tau-

1106 530 1183 558 tum;
1199 524 1247 552 sed
1264 524 1347 552 etiam
1363 523 1410 551 illo
1430 524 1537 550 utimur
1551 521 1585 549 ad
1603 521 1746 549 contraria
1768 525 1798 549 et
1818 521 1902 549 noxia

1105 576 1135 600 et
1156 571 1225 599 nihil
1247 569 1375 598 utilitatis
1394 569 1535 597 habentia.
1552 567 1579 596 Si
1597 568 1672 596 enim
1689 567 1770 595 nobis
1784 575 1817 595 ea
1839 572 1904 602 quae

1106 618 1249 653 loquimur
1261 617 1341 645 utilia
1353 620 1457 649 essent,
1466 616 1550 643 etiam
1565 614 1623 642 Deo
1636 614 1731 650 procul
1743 613 1829 642 dubio
1841 614 1903 650 pla-

1106 669 1214 693 eerent.

1141 766 1248 801 Lingua:
1258 762 1420 791 nwdermtda
1433 760 1552 788 ratio.—
1560 759 1637 788 Nunc
1649 764 1737 788 autem
1757 767 1790 787 ea
1810 758 1900 786 omnia

1106 813 1241 848 loquimur
1254 818 1313 847 quae
1326 808 1448 837 diabolus
1468 807 1644 842 suggesserit,
1667 805 1749 834 modo
1765 805 1883 834 ridentes
1894 825 1902 837 ,

1108 859 1189 887 modo
1202 857 1302 885 urbana
1315 855 1465 890 loquentes,
1478 852 1560 880 modo
1571 851 1713 880 maledicta
1724 856 1753 879 et
1763 855 1905 879 contume-

1109 903 1158 932 lias
1173 902 1349 938 proterentes,
1365 899 1445 927 modo
1462 897 1583 933 iurantes
1594 917 1603 930 ,
1628 897 1789 925 mentientes
1799 916 1808 929 ,
1832 895 1906 931 peje‘

1109 952 1213 982 rantes;
1229 955 1300 975 nunc
1312 945 1486 980 ferocientes,
1508 951 1579 972 nunc
1597 943 1681 971 iutilia
1695 947 1722 971 et
1736 942 1851 970 anilibus
1864 941 1906 968 fa-

1110 995 1181 1023 bulis
1194 994 1293 1022 leviora
1304 1014 1312 1026 ,
1326 999 1386 1027 quae
1400 992 1466 1020 nihil
1479 993 1512 1020 ad
1526 998 1576 1019 nos
1595 990 1726 1023 attinent,
1746 989 1772 1016 in
1787 987 1906 1016 medium

1111 1041 1263 1069 atterentes.
1271 1039 1337 1073 Quis
1345 1039 1417 1066 enim
1427 1043 1555 1071 vestrum,
1567 1042 1669 1072 qumso,
1681 1034 1813 1069 pSalmum
1823 1041 1905 1060 unum

1112 1088 1226 1115 recitare
1244 1090 1371 1121 rogatus,
1396 1084 1423 1113 id
1436 1084 1526 1113 dicere
1536 1082 1639 1118 possit,
1658 1080 1701 1108 vel
1719 1080 1797 1106 aliam
1810 1086 1906 1114 quam-

1113 1134 1184 1169 piam
1203 1132 1301 1160 divinae
1313 1131 1458 1166 Scriptura;
1472 1128 1596 1165 partem?
1615 1127 1699 1154 Nemo
1719 1133 1794 1153 sane.
1814 1124 1906 1158 Neque

1115 1178 1179 1207 illud
1193 1178 1279 1205 solum
1291 1184 1372 1212 grave
1383 1181 1440 1208 est;
1463 1175 1510 1203 sed
1529 1173 1599 1210 quod
1613 1173 1683 1200 circa
1696 1171 1842 1206 spiritualia
1856 1169 1906 1196 de-

1113 1220 1185 1248 sides
1196 1240 1205 1254 ,
1228 1219 1299 1248 circa
1318 1220 1437 1247 satanica
1456 1219 1518 1254 igne
1531 1218 1589 1246 sitis
1604 1217 1788 1245 ferventiores.
1803 1216 1871 1243 Nam
1885 1223 1907 1244 sa

1114 1267 1173 1301 quis
1186 1273 1234 1294 vos
1249 1266 1414 1300 interrogem
1435 1265 1499 1292 velit
1518 1264 1553 1291 de
1571 1263 1708 1291 diabolicis
1722 1262 1848 1295 canticis,
1873 1261 1908 1290 de

1115 1313 1273 1341 meretriciis
1292 1317 1320 1339 et
1341 1311 1448 1339 lascivis
1467 1310 1647 1343 carminibus,
1671 1308 1770 1336 multos
1792 1308 1908 1336 inveniet

1113 1358 1157 1392 qui
1174 1357 1232 1385 haec
1254 1362 1378 1384 accurate
1399 1356 1502 1389 sciant,
1522 1360 1551 1383 et
1573 1362 1635 1383 cum
1657 1355 1792 1389 voluptate
1812 1360 1907 1388 magna

1115 1404 1299 1438 pronuntient.
1313 1403 1366 1431 Sed
1380 1410 1440 1438 quae
1453 1401 1574 1431 defensio
1593 1401 1625 1430 ad
1645 1402 1725 1429 talem
1745 1401 1909 1429 criminatio-

1117 1450 1200 1476 nem?
1215 1449 1272 1476 Non
1287 1457 1363 1482 sum,
1385 1449 1485 1484 inquit,
1506 1447 1667 1481 monachus,
1688 1447 1736 1476 sed
1756 1454 1865 1475 uxorem
1880 1450 1909 1474 et

1117 1495 1185 1522 tilios
1201 1494 1299 1527 habeo,
1313 1502 1457 1529 curamque
1470 1493 1626 1522 domestica:
1639 1493 1678 1521 rei
1693 1500 1768 1529 gero.
1781 1492 1863 1528 Atqui
1876 1492 1909 1520 il-

1117 1541 1161 1568 lud
1176 1546 1218 1570 est
1232 1541 1303 1577 quod
1318 1541 1407 1569 omnia
1420 1540 1576 1576 pessumdat
1586 1560 1595 1574 ,
1617 1539 1688 1576 quod
1709 1539 1742 1568 ad
1761 1539 1908 1567 monachos

1116 1587 1203 1615 solum
1218 1587 1316 1622 putetis
1337 1588 1470 1622 pertinere
1488 1587 1631 1615 lectionem
1649 1586 1798 1614 divinarum
1817 1585 1908 1620 Scrip-

1117 1637 1252 1665 turarum,
1274 1640 1335 1660 cum
1358 1633 1442 1660 multo
1463 1633 1548 1667 magis
1565 1639 1645 1667 quam
1659 1631 1712 1659 illis
1725 1631 1760 1659 sit
1771 1631 1848 1658 vobis
1862 1638 1909 1658 ue-

1116 1678 1243 1706 cessar'ia.
1260 1677 1299 1705 illi
1314 1678 1386 1706 enim
1399 1678 1445 1713 qui
1461 1677 1488 1705 in
1503 1677 1592 1705 medio
1606 1682 1757 1709 versantur,
1772 1681 1801 1704 et
1817 1676 1907 1711 quoti-

1117 1723 1160 1751 die
1170 1724 1278 1752 vulnera
1290 1724 1436 1759 excipiunt,
1447 1724 1532 1752 multo
1539 1724 1623 1759 magis
1633 1723 1809 1752 medicamine
1817 1729 1907 1759 egent.

1117 1768 1209 1803 itaque
1223 1769 1301 1804 longe
1314 1769 1389 1804 pejus
1403 1774 1460 1802 est,
1471 1777 1549 1804 quam
1565 1776 1618 1796 non
1633 1769 1730 1804 legere,
1746 1769 1908 1804 superﬂuam

1118 1822 1173 1842 rem
1196 1823 1256 1843 esse
1283 1820 1386 1851 putare.
1410 1815 1475 1844 Haec
1488 1816 1586 1852 quippe
1607 1815 1689 1843 verba
1709 1815 1827 1843 satauiea
1845 1820 1912 1845 sunt

1117 1865 1279 1889 commenta.

1154 1953 1181 1981 6.
1213 1951 1296 1979 Lectio
1318 1947 1503 1983 evangeliorum
1524 1938 1788 1970 accesserim—Non
1813 1936 1911 1964 auditis

1121 1999 1231 2027 Paulum
1246 1997 1396 2027 dicentem,
1415 1993 1473 2020 haec
1487 1990 1575 2019 omnia
1588 1988 1621 2016 ad
1637 1986 1832 2021 correptionem
1848 1991 1911 2011 nos-

1122 2051 1189 2072 tram
1204 2042 1302 2076 scripta
1311 2048 1370 2068 esse
1381 2039 1391 2075 (
1402 2039 1428 2066 i.
1441 2037 1500 2065 Cor.
1516 2036 1559 2063 10.
1573 2035 1603 2062 il
1614 2032 1642 2070 )‘!
1655 2033 1694 2060 Tu
1704 2039 1779 2064 vero,
1793 2031 1815 2057 si
1830 2030 1912 2057 Evan-

1122 2091 1220 2127 gelium
1235 2088 1316 2116 illotis
1329 2086 1452 2114 manibus
1470 2089 1576 2111 sumere
1596 2083 1749 2116 oporteret,
1773 2076 1800 2105 id
1821 2076 1912 2111 utique

1123 2125 1220 2168 nolles,
1235 2140 1262 2163 et
1276 2139 1365 2161 tamen
1376 2136 1454 2167 putas
1466 2137 1498 2157 ea
1510 2136 1570 2164 qua:
1580 2127 1606 2154 in
1619 2126 1666 2154 illo
1677 2125 1847 2153 continentur
1860 2129 1912 2151 non

1123 2191 1183 2212 esse
1197 2180 1340 2209 admodum
1354 2176 1513 2207 necessaria.
1533 2174 1649 2209 ideoque
1661 2172 1750 2199 omnia
1763 2177 1810 2198 sus
1830 2169 1915 2204 deque

1125 2236 1200 2256 versa
1216 2230 1288 2255 sunt.
1303 2225 1378 2259 Quod
1392 2224 1414 2251 si
1436 2223 1540 2250 discere
1556 2220 1624 2248 velis
1639 2223 1766 2254 quantum
1788 2215 1855 2243 lucri
1874 2222 1917 2242 re—

1126 2279 1246 2310 portetur
1258 2281 1291 2301 ex
1304 2271 1448 2306 Scripturis
1461 2278 1468 2296 :
1482 2273 1508 2296 te
1518 2268 1603 2302 ipsum
1615 2264 1746 2295 examina,
1758 2270 1811 2298 quo
1822 2269 1918 2296 nempe

1128 2322 1153 2348 in
1167 2321 1220 2348 situ
1233 2324 1260 2347 et
1273 2323 1344 2347 statu
1358 2318 1395 2345 sis
1409 2323 1469 2344 cum
1490 2313 1608 2349 psalmos
1621 2310 1715 2343 audis,
1738 2315 1767 2336 et
1780 2316 1843 2344 quo,
1858 2315 1918 2335 cum

1129 2367 1274 2393 satanicam
1298 2363 1457 2391 cantilenam
1479 2363 1556 2393 :quo
1577 2357 1673 2384 aﬂ‘ectu
1695 2355 1733 2383 sis
1756 2355 1784 2381 in
1806 2353 1919 2381 ecclesia

1131 2417 1241 2439 versans
1251 2430 1258 2443 ,
1274 2416 1328 2444 quo
1341 2409 1367 2436 in
1383 2408 1488 2435 theatro
1500 2405 1599 2433 sedens
1610 2412 1617 2430 :
1628 2401 1784 2436 videbisque
1796 2404 1922 2435 quantum

1132 2457 1167 2484 sit
1180 2455 1325 2483 discrimen
1341 2454 1410 2481 inter
1425 2451 1493 2479 hanc
1507 2455 1534 2478 et
1553 2450 1626 2477 illam
1649 2448 1775 2479 animam,
1797 2445 1859 2472 licet
1873 2450 1924 2470 nua

1132 2502 1278 2536 eademque
1293 2500 1336 2528 sit.
1353 2499 1468 2533 ideoque
1482 2496 1579 2524 Paulus
1593 2494 1658 2522 dicit
1669 2503 1676 2521 :
1689 2492 1859 2525 Corrumpunt
1872 2498 1926 2516 mo-

1134 2556 1174 2576 res
1187 2549 1262 2575 bonos
1276 2545 1401 2580 colloquia
1415 2551 1492 2579 praua
1504 2542 1546 2578 (i.
1561 2541 1621 2569 Cor.
1635 2540 1680 2568 15.
1694 2539 1728 2566 55
1737 2539 1758 2573 ).
1774 2537 1874 2564 idcirco
1888 2542 1929 2562 as-

1134 2593 1218 2622 siduis
1229 2592 1342 2627 Spiritus
1352 2589 1437 2618 sancti
1448 2588 1570 2617 cantibus
1579 2593 1698 2622 egemus.
1713 2582 1779 2611 Illud
1799 2581 1870 2609 enim
1888 2584 1928 2607 est

1135 2640 1162 2668 in
1177 2647 1230 2675 quo
1248 2638 1333 2666 brutis
1354 2639 1532 2672 praestamus,
1556 2633 1620 2661 licet
1639 2632 1666 2660 in
1690 2630 1750 2658 aliis
1769 2627 1928 2675 quibusdam

1137 2672 1215 2720 longe
1231 2685 1294 2720 ipsis
1308 2682 1449 2710 inferiores
1462 2681 1558 2708 simus.
1573 2679 1629 2707 lioc
1645 2683 1688 2706 est
1700 2677 1858 2704 alimentum
1872 2672 1929 2701 aui-

1139 2739 1203 2764 mz,
1220 2731 1271 2758 hoc
1284 2732 1470 2757 ornamentum
1483 2747 1491 2760 ,
1515 2727 1565 2754 hoc
1583 2724 1732 2755 securitas;
1751 2725 1844 2749 contra
1865 2726 1930 2747 vero

1138 2783 1192 2805 non
1204 2775 1313 2809 audire,
1332 2773 1397 2802 illud
1417 2773 1515 2806 fames,
1534 2770 1600 2799 illud
1617 2769 1754 2805 corruptio
1767 2771 1809 2796 est
1830 2775 1837 2796 :
1858 2763 1929 2793 Dabo
