2056 3130
168 141 199 165 δε
748 153 781 181 IN
801 154 940 184 MATTH/i

991 158 1020 185 ιι.
1042 152 1159 187 uoiut.
1181 161 1227 189 ill.
1764 183 1799 210 τη

166 197 233 222 enim
258 198 305 228 eis,
331 199 436 235 inquit,
467 212 523 232 non
553 207 649 241 famem
676 211 763 246 panis,
786 220 870 248 neque
894 213 964 242 sitim

166 257 257 284 aqua;
279 252 326 278 sed
355 253 459 287 laniem
487 259 614 288 audiendi
638 264 709 291 uerbi
735 265 843 294 Domini
867 268 965 303 (Amos

165 302 193 329 8.
215 302 274 339 ll).
293 303 367 338 Quid
388 313 485 337 autem
506 311 644 342 infelicius
666 323 727 344 eese
743 320 840 353 possit,
866 329 961 356 quam,

163 363 226 382 eum
242 356 311 384 illud
329 360 405 393 quod
419 361 495 390 Deus
510 369 542 391 ut
557 374 665 401 poenam
679 371 874 405 comminatur,
892 373 960 402 illud

162 408 253 443 ipsum
274 412 380 440 malum
406 418 437 442 tu
458 422 557 451 sponte
582 420 608 447 in
632 427 714 457 caput
729 427 806 452 tuum
823 428 958 462 attrahis,

159 460 226 488 dum
239 464 406 498 gravissima
417 467 490 497 fame
504 471 590 500 adicis
600 474 719 504 animam
732 481 816 511 tuam,
829 479 959 517 illamque

157 516 290 544 omnibus
310 517 494 550 infirmiorem
511 526 626 554 reddis?
639 528 706 556 Nam
727 538 742 558 a
757 533 849 560 verbis
867 534 912 562 illa
930 539 958 563 et

156 571 301 604 corrumpi
322 577 351 599 et
369 575 460 602 sanari
474 578 555 605 solet.
578 579 719 615 Siquidem
733 584 789 612 illis
804 590 832 613 et
844 586 872 613 in
888 586 956 616 iram

155 622 325 656 concitatur,
341 630 369 652 et
383 634 522 657 commota
537 632 696 668 mitigatur:
708 636 742 663 ad
757 640 955 674 concupiscen-

156 673 224 701 tiam
252 675 387 706 lascivum
412 680 518 709 dictum
546 684 678 719 incendit,
696 691 724 714 et
742 688 775 715 ad
799 691 953 719 castitatem

154 726 273 755 verbum
296 729 445 760 honestum
471 735 590 764 reducit.
620 738 648 765 Si
672 740 745 768 enim
769 749 860 770 sermo
877 744 953 773 solus

155 782 260 807 tantam
274 781 331 809 vim
344 783 438 818 habet,
452 794 514 820 cur,
527 796 628 826 quaso,
642 791 799 828 Scripturas
812 796 951 831 despicis?

153 830 183 858 Si
198 840 319 869 namque
335 836 541 869 admonitiones
555 846 660 871 tantum
674 845 777 879 valent,
792 849 878 877 multo
891 857 948 878 ma-

151 883 194 918 gis
218 887 332 919 quando
359 897 421 917 cum
450 893 686 924 admonitionibus
713 899 792 928 adest
818 901 946 937 Spiritus.

151 935 260 965 Etenim
281 941 398 969 verbum
415 951 449 971 ex
469 944 623 982 Scripturis
637 949 739 980 divinis
752 954 889 988 prolatum
906 956 947 984 in-

150 988 276 1018 duratam
295 994 415 1023 animam
434 997 499 1033 igne
514 1001 705 1032 vehementius
722 1007 837 1040 emollit,
860 1013 889 1037 et
910 1010 944 1037 ad

149 1043 277 1076 qualibet
290 1045 363 1074 bona
376 1055 469 1084 aptam
483 1052 577 1081 edicit.
594 1054 640 1083 Sic
653 1064 716 1084 cum
732 1058 832 1088 Paulus
845 1061 943 1090 Corin-

148 1094 219 1122 tbios
228 1096 342 1127 inflatos
354 1105 383 1128 et
397 1105 539 1134 tumentes
549 1114 610 1135 esse
622 1109 856 1148 deprehendisset,
870 1122 942 1143 com-

146 1149 243 1182 pressit
262 1159 296 1178 ac
315 1154 506 1186 modestiores
529 1160 659 1190 reddidit.
684 1163 722 1191 De
743 1165 846 1200 quibus
868 1169 942 1196 enim

143 1201 245 1234 pudore
261 1204 427 1242 ruboreque
442 1210 515 1238 allici
533 1220 582 1248 par
598 1219 668 1248 erat,
691 1216 725 1244 de
741 1218 837 1247 iisdem
853 1221 939 1249 altum

141 1253 291 1288 mpiebant.
313 1257 369 1285 Sed
392 1266 543 1298 postquam
565 1265 642 1295 Pauli
662 1269 806 1304 epistolam
824 1280 939 1309 accepe-

140 1310 207 1338 rant,
229 1308 296 1335 audi
322 1310 441 1341 illorum
460 1318 652 1353 mutationem,
666 1330 748 1358 quam
770 1325 828 1360 ipse
844 1326 941 1356 doctor

137 1358 296 1388 testiﬁcatus
307 1367 354 1390 est
367 1364 416 1393 his
432 1369 530 1397 verbis
540 1379 546 1397 :
557 1371 612 1399 lloe
619 1374 689 1401 enim
698 1375 784 1410 ipsum
797 1380 939 1408 secundum

134 1408 215 1438 Deum
233 1416 412 1451 contristari,
435 1427 571 1456 quantum
588 1426 615 1452 in
632 1428 702 1455 vobis
718 1435 844 1465 operatur
862 1433 938 1461 solli-

130 1462 266 1492 citudinem
279 1475 291 1493 :
305 1470 358 1496 sed
372 1471 575 1510 defensionem,
592 1479 637 1506 sed
654 1481 874 1518 indignationem,
893 1488 938 1514 sed

124 1515 338 1554 mulationem,
365 1524 420 1550 sed
447 1527 595 1557 vindictam
611 1531 654 1567 (2.
678 1515 739 1560 Cor.
763 1535 787 1562 7.
812 1515 872 1572 ll);
892 1537 936 1566 Sic

1014 217 1140 252 famulos,
1160 221 1241 255 ﬁlios,
1260 232 1369 259 uxores,
1391 230 1494 258 amicos
1513 232 1698 269 instituamus,
1713 244 1742 266 et
1764 240 1798 268 de

1014 271 1133 302 inimicis
1146 277 1249 305 amicos
1264 279 1355 309 facere
1366 289 1504 313 curemus.
1518 286 1563 314 Sic
1576 291 1665 324 magni
1681 291 1720 319 illi
1733 293 1797 326 viri,

1012 324 1123 362 Dquue
1139 329 1231 362 amici,
1247 333 1376 362 meliores
1391 336 1481 365 ell‘ecti
1497 344 1570 367 sunt.
1589 341 1696 370 Etenim
1713 345 1797 374 David

1011 383 1072 412 post
1098 387 1251 416 peccatum,
1277 386 1356 414 verbi
1384 388 1485 422 fructu,
1514 391 1540 419 in
1565 395 1696 429 optimam
1722 396 1796 427 illam

1009 430 1144 461 deductus
1159 440 1201 462 est
1215 438 1405 471 paenitentiam
1419 441 1456 476 (2.
1467 442 1532 479 Reg.
1545 445 1587 473 l2.
1603 448 1646 482 l3)
1659 457 1666 476 :
1679 453 1795 485 apostoli
1842 475 1845 478 .

1008 490 1118 519 quoque
1143 486 1184 515 sic
1207 489 1276 517 tales
1300 499 1458 527 evaserunt,
1485 497 1580 532 quales
1604 502 1742 537 novimus,
1766 509 1796 533 et

1008 537 1166 567 universum
1182 541 1277 570 orbem
1297 549 1478 576 attraxerunt.
1498 551 1599 587 Ecquis
1614 553 1732 590 fructus,
1750 557 1794 585 in-

1005 591 1094 625 quies,
1119 593 1141 620 si
1165 595 1227 629 quis
1250 597 1352 632 audiat,
1377 605 1405 628 et
1430 602 1502 631 dicta
1527 613 1581 633 non
1606 612 1794 644 exsequatur?

1005 643 1064 672 Non
1090 647 1228 676 modicum
1253 655 1328 679 certe
1353 660 1386 680 ex
1411 656 1506 684 auditu
1533 660 1645 688 accedet
1672 661 1789 692 lucrum.

1003 697 1070 725 Nam
1083 699 1106 727 is
1124 701 1244 736 seipsum
1261 703 1402 735 damnabit
1418 713 1446 735 et
1464 709 1633 746 iugemiscet,
1649 719 1677 742 et
1692 723 1725 743 eo
1741 716 1791 744 ali-

1002 753 1112 786 quando
1127 754 1289 789 deducetur,
1305 763 1336 786 ut
1351 767 1411 795 qua:
1427 761 1500 790 dicta
1514 770 1579 792 sunt
1596 766 1718 802 impleat.
1736 769 1788 802 Qui

1000 812 1066 832 vero
1083 814 1118 834 ne
1141 808 1253 843 quidem
1268 811 1325 839 'scit
1343 820 1377 840 an
1390 817 1554 849 peccaverit,
1568 819 1678 852 quando
1692 828 1708 848 a
1724 830 1788 857 pec-

1002 857 1090 886 cando
1104 859 1238 889 desistet?
1255 864 1366 898 quando
1382 871 1491 900 peccata
1509 868 1651 898 damnabit
1665 874 1734 901 sua?
1746 875 1787 902 Ne

1001 908 1094 945 itaque
1110 917 1318 944 contemnamus
1332 916 1486 946 divinarum
1501 920 1647 951 lectionem
1662 924 1788 962 Scriptu-

998 969 1102 991 rarum.
1120 965 1184 994 Haec
1198 968 1272 996 enim
1288 969 1423 1000 diabolica
1442 979 1485 1001 est
1504 975 1634 1012 cogitatio
1653 986 1714 1014 qua:
1728 988 1784 1009 non

997 1017 1133 1048 permittit
1152 1023 1183 1046 ut
1204 1020 1363 1050 thesaurum
1385 1025 1538 1060 videamus,
1558 1036 1594 1056 ne
1610 1029 1721 1059 divitias
1736 1039 1783 1060 ac-

996 1069 1147 1103 quiramus.
1159 1072 1223 1101 Ideo
1235 1075 1303 1103 nihil
1317 1084 1378 1104 esse
1389 1077 1458 1106 dicit
1469 1079 1566 1108 audire
1577 1082 1686 1111 divinas
1696 1084 1782 1120 leges,

994 1130 1030 1150 ne
1044 1131 1078 1151 ex
1093 1125 1189 1154 auditu
1203 1135 1254 1156 nos
1270 1128 1303 1156 ad
1315 1129 1444 1158 effectum
1456 1141 1513 1160 rem
1525 1134 1662 1164 deducere
1677 1138 1781 1168 videat.

995 1176 1118 1206 Scientes
1130 1180 1223 1215 igitur,
1240 1181 1311 1211 hanc
1323 1184 1382 1219 ejus
1391 1192 1452 1213 esse
1469 1188 1665 1223 nequissimam
1680 1194 1779 1225 artem,

994 1232 1114 1268 undique
1134 1243 1185 1263 nos
1203 1238 1370 1271 muniamus,
1385 1245 1415 1268 ut
1431 1241 1474 1268 his
1494 1243 1579 1271 armis
1597 1243 1735 1279 instructi,
1750 1252 1780 1275 et

992 1293 1042 1314 nos
1050 1286 1143 1315 invicti
1154 1296 1312 1318 maneamus
1320 1292 1434 1327 ejusque
1444 1299 1525 1329 caput
1533 1295 1674 1331 feriamus,
1682 1299 1777 1334 sicque

989 1339 1111 1368 victoriae
1130 1341 1284 1378 insignibus
1302 1347 1438 1379 coronati,
1466 1348 1558 1376 futura
1573 1357 1776 1386 consequamur

990 1390 1075 1425 bona,
1101 1394 1187 1429 gratia
1215 1400 1243 1423 et
1267 1396 1435 1433 benignitate
1461 1400 1569 1429 Domini
1596 1404 1684 1431 nostri
1710 1404 1775 1433 Jesu

987 1444 1108 1478 Christi,
1128 1448 1172 1475 cui
1187 1448 1275 1483 gloria
1288 1453 1316 1477 et
1333 1449 1476 1486 imperium
1498 1453 1525 1481 in
1543 1455 1642 1484 sarcula
1661 1459 1776 1497 saeculo-

990 1505 1062 1526 rum.
1080 1499 1176 1528 Amen.

114 1712 1770 1758 xxx“

838 1847 1007 1880 HOMILIA
1032 1851 1084 1883 ΙΙΙ.

135 1972 195 2002 (Συ.
220 1975 242 2007 l,
267 1983 296 2003 v.
315 1976 344 2003 Ι.
363 1976 448 2005 Liber
471 1982 646 2014 generationis
668 1982 731 2010 Jesn
752 1984 861 2018 Christi,
884 1985 936 2020 ﬁlii

375 2030 479 2064 David,
498 2032 550 2066 ﬁlii
562 2034 705 2062 Abraham.

174 2131 197 2156 l.
213 2131 268 2158 Cur
294 2133 422 2170 Iosephi,
449 2144 503 2163 non
520 2137 613 2165 Mariae
634 2141 787 2177 genealogia
807 2143 931 2172 ducatur.

139 2185 247 2213 —L‘cce
270 2187 329 2221 jam
355 2189 467 2216 tertiam
490 2190 730 2227 dissertationem,
753 2201 782 2223 et
800 2198 931 2231 prooemia

139 2237 256 2265 nondum
281 2239 464 2269 absolvimus.
493 2242 554 2270 Non
580 2252 645 2280 ergo
668 2246 770 2276 frustra
794 2249 930 2283 dicebam,

139 2290 285 2318 admodum
316 2293 486 2327 profundam
512 2304 573 2324 esse
601 2298 699 2327 harum
729 2303 929 2331 sententiarum

137 2347 271 2372 naturam.
298 2347 355 2382 Age
380 2348 465 2376 hodie
486 2357 547 2384 quae
571 2352 680 2380 residua
707 2359 772 2382 sunt
795 2355 927 2385 dicamus.

138 2393 203 2427 Quid
219 2405 286 2432 ergo
299 2399 356 2434 jam
374 2401 546 2435 quaerimus?
563 2402 619 2431 Cur
641 2405 753 2441 Joseplii
770 2409 927 2444 genealogis

138 2449 259 2483 ducatur,
277 2453 325 2487 qui
343 2454 414 2480 nihil
436 2454 470 2481 ad
491 2457 694 2490 generationem
719 2461 854 2488 contulit?
867 2462 926 2490 Jam

137 2509 210 2529 uuam
228 2511 342 2532 causam
355 2506 478 2534 diximus
492 2517 498 2533 :
514 2516 603 2543 operae
614 2511 733 2544 pretium
748 2518 789 2540 est
801 2518 832 2541 ut
845 2515 924 2542 aliam

134 2553 261 2587 dicamus,
287 2558 378 2592 magis
405 2560 549 2594 mysticam
574 2566 603 2588 et
629 2571 768 2592 arcanam.
795 2566 924 2599 Quaenam

133 2606 172 2632 illa
193 2609 252 2635 est?
274 2609 399 2638 Nolebat
422 2611 529 2640 Judaeis
552 2618 647 2642 notum
664 2624 725 2644 esse
748 2618 807 2653 ipso
830 2625 924 2655 partus

137 2663 252 2695 tempore
270 2670 304 2689 ex
321 2662 439 2698 Virgine
453 2666 528 2692 nasci
541 2666 688 2696 Christum.
705 2670 758 2697 Sed
777 2679 811 2699 ne
828 2673 924 2701 turbe-

129 2712 187 2739 mini
197 2713 230 2741 de
244 2714 442 2750 inexspectata
454 2719 641 2752 responsione.
653 2721 747 2757 Neque
757 2724 830 2751 enim
843 2733 921 2754 meus

126 2764 165 2792 hic
177 2771 217 2793 est
235 2774 345 2799 sermo,
363 2767 414 2795 sed
433 2772 543 2803 patrum
562 2776 718 2801 nostrorum
741 2775 917 2807 admirando-

122 2825 174 2845 rum
199 2820 423 2856 insigniumqne
442 2821 575 2850 virorum.
591 2825 620 2853 Si
645 2826 719 2854 enim
738 2830 824 2859 multa
851 2833 917 2860 sub-

987 1987 1102 2017 obscure
1116 1991 1151 2018 ab
1164 1991 1242 2020 initio
1257 1994 1388 2029 loquutus
1402 2001 1454 2030 est,
1467 1999 1566 2028 Filium
1579 2003 1700 2032 hominis
1710 2012 1772 2035 sese

984 2048 1095 2073 vocans,
1109 2050 1162 2071 nec
1178 2044 1280 2080 ubique
1304 2053 1381 2074 suam
1404 2056 1467 2077 cum
1487 2050 1566 2080 Patre
1588 2056 1770 2089 :equalitatem

984 2094 1056 2122 clare
1081 2097 1215 2131 revelans,
1234 2099 1300 2134 quid
1317 2101 1426 2130 miraris
1450 2104 1472 2131 si
1498 2105 1551 2134 hoc
1574 2108 1656 2136 etiam
1674 2110 1756 2140 adum

983 2147 1081 2182 bravit,
1098 2157 1194 2186 magna
1210 2153 1327 2187 quadam
1345 2161 1373 2183 et
1386 2157 1505 2187 mirabili
1519 2168 1585 2189 usus
1599 2165 1771 2194 oeconomia?

981 2199 1086 2235 Ecquid
1100 2202 1145 2230 hic
1154 2204 1299 2233 mirabile?
1312 2206 1470 2242 iuquies.Ut
1483 2219 1605 2241 servaret
1618 2215 1766 2251 Virginem,

979 2257 1007 2281 et
1019 2262 1034 2281 a
1051 2262 1134 2290 prava
1150 2258 1305 2292 suspicione
1323 2260 1463 2291 liberaret.
1477 2264 1505 2292 Si
1518 2267 1593 2295 enim
1606 2268 1665 2297 haec
1679 2270 1766 2300 Judaei

979 2307 1013 2334 ab
1039 2307 1119 2336 initio
1144 2310 1297 2344 audissent,
1321 2315 1441 2351 maligne
1466 2326 1525 2346 rem
1549 2319 1765 2356 interpretantes

977 2359 1117 2395 Virginem
1132 2362 1308 2399 lapidasseut,
1321 2372 1403 2402 atque
1417 2374 1447 2397 ut
1468 2371 1620 2402 adulteram
1634 2375 1764 2406 damnas-

977 2416 1047 2439 sent.
1064 2413 1131 2441 Nam
1157 2416 1179 2443 si
1203 2416 1231 2444 in
1255 2418 1327 2452 aliis,
1342 2428 1459 2455 quorum
1474 2424 1557 2452 etiam
1571 2429 1694 2464 exempla
1712 2430 1763 2458 ha-

977 2465 1079 2494 bebant
1092 2468 1118 2496 in
1134 2470 1225 2499 Veteri
1240 2471 1425 2510 Testamento,
1441 2477 1615 2514 impudenter
1628 2484 1717 2518 palam
1731 2494 1761 2515 se

975 2520 1107 2553 gerebant
1125 2531 1131 2549 :
1145 2523 1168 2550 si
1183 2525 1293 2559 quando
1305 2527 1443 2557 daemonas
1456 2532 1546 2566 ejecit,
1563 2534 1760 2567 daamoniacum

976 2573 1120 2607 vocabant,
1137 2576 1160 2603 si
1174 2577 1238 2612 quia
1251 2578 1279 2606 in
1294 2580 1408 2609 sabbato
1425 2585 1542 2619 curavit,
1561 2587 1617 2616 Deo
1631 2590 1759 2620 adversa-

978 2623 1049 2651 rium
1065 2627 1208 2662 putabant,
1221 2631 1329 2659 etiamsi
1342 2640 1423 2662 antea
1438 2636 1581 2667 sabbatum
1598 2648 1670 2676 saepe
1683 2644 1754 2672 solu-

976 2681 1034 2705 tum
1052 2679 1150 2708 fuisset
1164 2690 1170 2708 :
1185 2683 1250 2717 quid
1273 2692 1327 2713 non
1344 2686 1443 2716 dicturi
1460 2697 1549 2725 erant,
1565 2693 1619 2722 hoc
1641 2697 1756 2725 audien-

975 2732 1034 2758 tes?
1047 2732 1153 2761 Etenim
1167 2743 1217 2770 pro
1237 2736 1305 2772 ipsis
1318 2747 1466 2776 pugnasset
1482 2749 1569 2774 totum
1585 2751 1754 2783 praeteritum

971 2788 1090 2820 tempus,
1102 2788 1148 2815 ubi
1162 2797 1309 2825 numquam
1324 2794 1390 2828 quid
1404 2796 1493 2825 simile
1502 2803 1609 2834 gestum
1620 2801 1716 2831 fuerat.
1726 2803 1755 2832 Si

971 2844 1088 2873 namque
1103 2846 1165 2875 post
1179 2846 1218 2870 tot
1232 2843 1308 2880 signa
1325 2846 1402 2875 illum
1428 2849 1520 2879 adhuc
1543 2852 1652 2890 Joseplii
1668 2855 1755 2885 lilium
