2056 3130
277 128 313 155 53
633 135 661 162 S.
677 135 816 163 JOANNIS
835 134 1070 163 CHRYSOSTOMI
1088 134 1246 162 ARCIIIEP.
1268 135 1531 167 (IONSTANTINUP.
1879 138 1914 166 54

279 183 459 219 appellabant,
473 184 606 219 quomodo
627 189 688 212 ante
708 185 753 212 illa
774 186 847 221 signa
862 187 947 221 ipsum
963 195 994 214 ex
1012 187 1071 215 Vir-

276 230 338 265 gine
354 235 443 258 natum
457 230 633 258 credidissent
648 231 659 259 ?
680 231 742 260 Ideo
764 233 853 267 itaque
873 233 931 268 ejus
946 234 1071 269 geneaio—

277 276 319 311 gia
338 276 459 310 ducitur,
474 277 662 313 Virginemque
684 278 838 312 desponsat.
862 279 974 312 Quando
999 281 1069 308 enim

277 321 386 356 .loseph,
409 322 451 348 vir
470 322 557 357 justus
572 328 599 350 et
619 323 810 357 admirandus,
836 325 925 352 multis
940 333 1007 360 opus
1023 326 1070 353 ha-

277 368 344 401 buit,
359 375 387 395 ut
401 369 471 403 quod
486 375 588 404 gestum
610 374 668 398 erat
682 371 822 403 edisceret,
837 372 947 406 angelo,
967 373 1070 402 visione

278 422 325 449 per
339 422 462 442 somnum
478 436 485 448 ,
502 420 529 443 et
544 417 732 450 prophetarum
748 418 916 451 testimonio;
937 420 1070 453 quomodo

276 460 360 487 Judiei
374 462 492 496 perversi
509 467 537 489 et
555 463 682 498 corrupti,
695 467 721 490 et
736 463 773 490 illi
789 463 897 498 infensi,
912 464 980 493 hanc
991 473 1069 493 exec-

275 507 377 542 pisseut
401 508 575 542 opinionem?
600 508 751 536 Admodum
772 510 843 537 enim
866 509 925 538 illos
948 518 992 538 res
1015 516 1069 539 tam

279 564 346 583 nera
359 577 366 589 ,
379 560 433 583 tam
448 557 625 590 inexspectata
648 555 834 590 perturbatura
849 562 923 589 erat.
945 565 977 585 eo
999 559 1069 592 quod

276 602 474 637 progenitorum
495 609 603 628 suorum
626 608 683 628 mvo
708 601 775 628 nihil
790 602 939 636 hujusmodi
966 608 1069 638 gestum

276 655 400 682 umquam
416 647 517 674 fuisset.
531 647 636 674 Etenim
647 647 690 682 qui
704 647 787 674 semel
799 648 911 675 credidit
925 649 999 676 illum
1010 657 1070 676 esse

277 693 323 720 Dei
334 693 441 725 Filium,
453 692 518 719 nihil
532 692 582 720 hac
593 693 626 720 de
640 701 670 720 re
680 693 814 728 ambigere
824 693 933 722 debuit:
947 695 992 730 qui
1006 703 1071 722 vero

276 738 351 765 illum
373 738 542 765 seductorem
557 743 583 765 et
605 738 659 766 Deo
680 739 863 766 adversarium
885 740 1068 774 existimaret,

276 785 409 819 quomodo
431 791 483 811 non
501 784 550 811 hac
571 783 606 812 de
623 792 653 811 re
667 785 751 819 magis
772 784 968 818 offenderetur,
983 786 1026 821 qui
1044 786 1069 813 in

275 830 348 857 illam
364 838 416 857 non
430 830 607 858 deduceretur
628 831 780 865 opinionem
793 831 804 857 ?
819 830 933 866 Ideoque
957 832 1071 867 apostoli

276 876 328 904 hoc
341 877 430 904 statim
445 877 478 903 ab
490 877 563 904 initio
577 884 629 904 non
641 877 748 908 dicunt,
764 877 811 904 sed
828 877 861 905 de
875 879 1069 906 resurrectione

276 923 358 950 multa
378 931 449 958 sape
472 924 624 957 disserunt,
650 924 726 958 cujus
745 923 799 958 jam
820 925 942 959 exempla
966 925 1070 952 fuerant

277 970 418 1004 prmteritis
444 971 622 1005 temporibus,
646 971 695 997 etsi
711 979 763 998 non
779 970 841 998 huic
865 971 961 998 similia
978 981 983 998 :
999 973 1068 1006 quod

277 1022 365 1044 autem
376 1017 409 1044 de
417 1016 526 1051 Virgine
539 1021 616 1044 natus
630 1017 673 1048 sit,
687 1024 740 1044 non
751 1017 785 1044 ita
797 1017 948 1052 frequenter
961 1018 1069 1050 dicunt;

277 1062 324 1090 sed
346 1071 432 1098 neque
456 1067 541 1090 mater
553 1062 579 1089 id
592 1067 632 1089 est
646 1069 710 1089 ausa
725 1063 852 1096 proferre.
870 1063 936 1091 Vide
957 1072 1070 1098 uanique

277 1108 340 1143 quid
353 1109 392 1136 illi
407 1108 485 1144 Virgo
500 1109 569 1136 dicat
585 1118 591 1136 :
608 1107 674 1135 Ecce
693 1117 738 1143 ego
752 1114 776 1135 et
789 1114 860 1144 pater
872 1115 929 1136 tuus
942 1111 1071 1145 qua'raba-

277 1164 333 1182 ntus
348 1154 467 1190 te(Luc.
481 1155 508 1181 2.
522 1155 556 1182 48
565 1155 586 1188 ).
612 1154 677 1182 Nam
703 1155 725 1182 si
748 1155 812 1182 illud
841 1156 868 1182 in
891 1156 1069 1190 suspicionem

277 1201 412 1233 venisset,
439 1209 526 1236 neque
551 1201 657 1228 Davidis
671 1200 779 1228 demum
801 1201 869 1228 filius
881 1209 939 1228 esse
954 1202 1070 1230 creditus

278 1247 386 1275 fuissat;
399 1248 447 1275 hac
467 1255 545 1282 porro
560 1247 661 1275 sublata
683 1247 823 1281 opinione,
838 1247 918 1274 multa
939 1249 988 1275 alia
1005 1249 1070 1276 sub-

278 1295 378 1321 oritura
401 1293 470 1321 mala
491 1297 577 1326 erant.
591 1293 734 1328 Propterea
750 1301 782 1321 ne
796 1294 844 1328 ipsi
860 1294 968 1328 quidem
982 1295 1068 1329 angeli

281 1339 346 1366 illud
367 1339 471 1371 dicunt,
494 1339 546 1365 nisi
566 1338 657 1366 Mariae
677 1344 781 1366 tantum
799 1344 826 1366 et
847 1338 982 1373 .losepho;
1004 1347 1066 1366 cum

279 1392 344 1411 vero
362 1384 518 1419 pastoribus
538 1383 627 1412 fausta
654 1386 820 1417 nuntiarent,
846 1385 870 1412 id
894 1386 1005 1412 minime
1024 1385 1068 1412 ad-

278 1430 412 1464 jecerunt.
445 1430 501 1457 Cur
529 1430 667 1457 Abraham
698 1437 869 1463 memorato,
892 1439 953 1458 cum
981 1431 1066 1459 dixis-

279 1481 330 1507 set,
351 1476 444 1512 genuit
461 1477 546 1509 Isaac,
562 1481 588 1504 et
604 1477 682 1505 Isaac
697 1477 792 1509 Jacob,
809 1485 860 1505 nec
877 1478 987 1506 fratrem
1000 1479 1007 1493 ι
1020 1479 1066 1506 Ja-

279 1523 341 1549 cobi
353 1523 530 1555 nominasset,
549 1531 611 1550 cum
634 1524 667 1551 ad
679 1523 812 1551 Jacobum
831 1528 924 1558 postea
943 1525 1025 1558 venit,
1041 1529 1068 1552 et

279 1566 376 1593 Iudam
387 1572 413 1594 et
424 1569 523 1596 fratres
531 1570 591 1604 ejus
603 1568 821 1596 commemorat?

313 1652 341 1679 2.
360 1652 473 1686 Quidam
496 1651 601 1680 dicunt.
622 1649 648 1676 id
675 1648 709 1675 ob
730 1654 827 1682 pravos
849 1647 919 1674 Esau
934 1653 1022 1673 mores
1045 1648 1074 1672 et

279 1697 393 1726 aliorum
418 1697 535 1731 priorum
558 1695 657 1722 factum
673 1701 743 1721 esse.
769 1693 825 1728 Ego
848 1701 912 1720 vero
940 1692 1004 1720 illud
1019 1700 1072 1719 non

277 1742 390 1770 dixerim
406 1750 412 1768 :
429 1749 489 1768 nam
503 1741 524 1768 si
539 1741 589 1767 hoc
601 1744 684 1772 esset,
698 1747 745 1766 cur
760 1739 827 1766 tales
839 1738 918 1773 paulo
937 1743 996 1773 post
1011 1746 1071 1765 mu-

278 1788 358 1816 lieres
368 1787 578 1815 commemorat?
597 1786 661 1813 Nam
673 1785 755 1820 gloria
767 1784 824 1819 ejus
835 1784 878 1811 hic
889 1792 921 1811 ex
932 1783 1072 1811 contrariis

277 1833 403 1861 elucescit
417 1842 422 1848 ·
438 1841 491 1860 non
504 1841 537 1860 ex
551 1840 583 1860 eo
599 1832 668 1866 quod
683 1838 793 1866 magnos
807 1830 903 1857 habeat
919 1830 1070 1864 progenito-

278 1887 338 1912 res,
355 1879 401 1907 sed
423 1880 509 1913 potius
531 1879 640 1914 exiguos
654 1883 681 1906 et
695 1878 769 1905 viles.
790 1877 901 1905 Sublimi
923 1877 993 1904 enim
1014 1877 1072 1904 hinc

277 1933 372 1961 magna
393 1926 476 1961 gloria
492 1930 552 1958 est,
575 1926 597 1953 si
620 1926 704 1960 possit
729 1925 861 1952 demissus
876 1925 1018 1952 admodum
1044 1929 1071 1951 et

277 1972 338 1999 vilis
351 1979 480 2007 apparere
497 1982 503 1998 :
521 1979 568 1998 cur
581 1972 671 2006 itaque
685 1979 736 1998 non
751 1971 991 1998 commemoravit?
1004 1970 1071 2004 Quia

237 2022 240 2025 ‘
277 2018 344 2045 nihil
358 2025 499 2045 commune
515 2017 648 2045 habebant
661 2017 698 2044 illi
717 2025 777 2044 cum
797 2017 941 2044 Israelitico
952 2024 1049 2052 genere
1062 2037 1069 2048 ,

277 2071 372 2097 nempe
386 2063 531 2097 Saraceni,
547 2063 687 2091 lsmaelita:
712 2067 739 2090 et
758 2063 859 2090 Arabes
870 2084 877 2095 ,
893 2068 921 2090 et
942 2067 1071 2098 quotquot

275 2108 372 2136 abillis
384 2109 531 2144 majoribus
546 2109 597 2136 orti
612 2114 684 2136 sunt.
696 2108 811 2144 Ideoque
826 2109 878 2136 illis
891 2109 998 2136 silentio
1006 2109 1056 2135 mis

275 2155 312 2182 sis
322 2176 328 2188 ,
344 2155 377 2182 ad
390 2155 448 2190 ejus
461 2160 489 2182 et
502 2155 606 2183 Judaiei
619 2155 709 2190 populi
722 2155 836 2190 majores
849 2159 983 2190 properat.
1006 2155 1069 2182 Ideo

275 2201 310 2227 ait
328 2210 334 2227 :
354 2200 435 2228 Jacob
449 2206 532 2229 autem
555 2202 641 2237 genuit
663 2201 761 2228 Judam
781 2206 804 2228 et
816 2201 907 2236 fratres
930 2201 995 2236 ejus.
1020 2201 1069 2229 Hic

273 2246 328 2280 jam
341 2246 493 2274 Judmorum
508 2248 662 2283 designatur
681 2248 803 2282 populus.
826 2247 909 2275 Iuda;
925 2252 1007 2275 autent
1025 2256 1070 2283 ge-

275 2292 330 2319 nuit
342 2291 442 2320 Phares
460 2298 483 2320 et
497 2293 590 2320 Zaram
603 2293 634 2320 de
648 2293 771 2321 Thamar.

308 2386 348 2413 De
369 2388 494 2422 majorum
518 2387 628 2422 nequitia
651 2395 701 2414 non
723 2386 926 2414 erubescendum.
942 2401 977 2406 —
995 2386 1064 2421 Quid

271 2431 353 2464 facis,
368 2434 402 2460 mi
420 2434 518 2465 homo,
539 2434 601 2460 dum
616 2433 752 2460 historiam
774 2433 853 2460 aii‘ers
873 2433 985 2468 improbi
1009 2434 1065 2461 coi-

272 2482 314 2504 tus
326 2478 336 2504 ?
349 2476 419 2510 Quid
433 2476 519 2504 dicis?
534 2477 632 2513 inquit.
645 2478 723 2506 Certe
734 2479 755 2505 si
778 2479 839 2506 nudi
854 2479 967 2507 hominis
981 2487 1064 2514 genus

271 2531 456 2552 enarraremus
467 2545 473 2557 ,
494 2525 554 2559 jure
575 2525 635 2560 quis
653 2525 710 2552 hrcc
732 2526 870 2557 tacuisset;
886 2526 907 2553 si
921 2530 1008 2553 autem
1023 2526 1064 2553 in-

271 2571 371 2597 carnati
384 2570 448 2602 Dei,
460 2579 514 2598 non
534 2571 614 2599 modo
630 2571 686 2599 hare
698 2580 749 2598 non
766 2571 876 2599 tacenda
888 2592 896 2605 ,
922 2572 969 2599 sed
982 2573 1061 2600 etiam

271 2616 411 2651 magnifice
426 2617 605 2652 expromenda
619 2622 693 2652 sunt,
705 2623 733 2645 ut
746 2618 803 2653 ejus
818 2623 846 2646 et
861 2619 1026 2653 providentia
1036 2625 1063 2648 et

272 2668 389 2698 potestas
402 2664 566 2692 ostendatur.
589 2664 650 2692 Ideo
672 2673 785 2700 namque
800 2665 890 2698 venit,
906 2673 958 2693 non
974 2671 1003 2693 ut
1014 2674 1062 2701 op-

271 2709 378 2743 probria
401 2714 494 2738 nostra
515 2710 616 2745 fugiat;
641 2711 688 2738 sed
711 2715 740 2739 ut
761 2711 805 2739 illa
817 2711 851 2740 de
872 2711 962 2740 medio
976 2713 1061 2741 tollat.

309 2803 316 2818 '
335 2803 403 2828 savii.
415 2803 485 2836 legit,
499 2805 600 2830 Domini.

1122 186 1195 213 Sicut
1210 193 1262 213 non
1277 190 1330 213 tam
1345 187 1523 217 admiramur.
1539 187 1608 222 quod
1624 193 1745 215 morttms
1759 189 1793 216 sit
1805 210 1812 221 ,
1834 197 1914 223 quam

1121 231 1192 266 quod
1205 232 1362 264 crucifixus;
1376 232 1436 259 licet
1447 240 1489 260 res
1504 233 1629 267 probrosa
1645 234 1697 260 sit:
1713 233 1760 261 sed
1778 242 1831 269 quo
1855 242 1916 268 pro-

1122 277 1242 310 brosior,
1273 282 1345 305 tanto
1371 278 1454 312 magis
1479 278 1536 313 ejus
1563 286 1624 313 erga
1647 279 1769 306 homines
1794 288 1913 307 amorem

1119 322 1253 350 exhibet:
1276 322 1314 350 sic
1337 322 1371 350 de
1397 323 1568 358 generatione
1592 322 1650 357 ejus
1672 323 1836 351 dicendum:
1861 332 1914 352 non

1121 369 1202 396 modo
1215 369 1285 404 quod
1299 376 1407 397 carnem
1418 369 1568 403 susceperit
1584 369 1756 396 admirandus
1780 375 1821 397 est
1833 379 1840 401 ;
1866 371 1914 397 sed

1121 415 1202 442 ctiam
1216 415 1287 449 quod
1302 415 1368 443 tales
1381 414 1480 442 habere
1492 420 1619 450 cognatos
1633 415 1756 450 dignatus
1781 417 1831 448 sit,
1851 424 1917 443 nus-

1120 471 1198 497 quam
1218 463 1251 490 de
1270 463 1347 490 malis
1358 463 1456 490 nostris
1469 462 1600 497 susceptis
1612 463 1782 490 erubescens.
1796 462 1914 497 illudque

1119 517 1151 537 ex
1168 510 1226 545 ipso
1244 509 1424 544 generationis
1439 509 1549 536 exordio
1565 509 1735 543 pricdicavit,
1751 517 1780 537 se
1794 509 1827 536 de
1839 509 1915 536 nullo

1119 555 1189 589 quod
1203 555 1236 582 ad
1249 562 1298 582 nos
1312 556 1442 590 pertineat
1463 556 1623 583 erubescere
1635 565 1642 582 :
1657 563 1703 590 per
1716 556 1772 583 hzrc
1786 564 1833 583 ηοξ
1847 557 1915 583 cdo-

1118 609 1201 634 cens,
1222 609 1256 628 ne
1269 609 1394 636 umquam
1414 601 1447 628 de
1468 609 1597 636 majorum
1621 606 1773 629 nostrorum
1796 603 1913 637 nequitia

1118 648 1324 680 erubescamus;
1347 647 1394 675 sed
1410 655 1488 674 unam
1509 647 1595 674 solum
1609 655 1758 682 quaeramus
1776 648 1912 674 virtutem.

1117 694 1183 721 Natu
1196 695 1239 729 qui
1254 695 1325 721 illaut
1341 699 1466 726 sectatur,
1480 695 1582 721 etiamsi
1598 694 1772 728 alienigenam
1789 695 1914 728 progeni-

1118 747 1202 767 torem
1216 740 1322 773 habeat,
1335 739 1440 767 etiamsi
1465 744 1577 766 matrem
1604 740 1781 771 meretricem,
1802 739 1844 766 vel
1859 739 1912 766 alio

1118 787 1199 814 modo
1213 786 1422 821 despiciendam,
1438 785 1503 812 nihil
1523 785 1585 812 hinc
1608 785 1765 812 nocumenti.
1784 792 1913 820 passurus

1117 839 1168 862 est.
1184 833 1250 861 Nam
1265 833 1287 860 si
1302 833 1500 864 fornicatorem,
1516 831 1560 866 qui
1575 831 1726 866 resipuerit,
1749 831 1823 858 nullo
1838 831 1913 866 prior

1117 881 1170 908 vita
1181 880 1311 907 dedecore
1320 879 1403 906 afficit
1419 887 1426 905 :
1442 878 1525 905 multo
1536 878 1621 904 minus
1632 878 1672 904 vir
1682 878 1789 912 probus,
1805 885 1837 904 ex
1851 885 1911 905 me-

1117 927 1213 955 retrice
1225 926 1265 953 vel
1279 925 1397 952 adultera
1407 929 1493 957 natus,
1505 931 1534 958 pa
1540 929 1645 950 rentum
1654 923 1821 958 improbitate
1832 923 1912 950 deho-

1116 972 1273 1000 nestabitur.
1297 971 1341 999 Sic
1363 978 1441 1004 porro
1452 977 1481 997 se
1495 969 1613 1004 gerebat,
1628 976 1679 996 non
1705 974 1805 996 tantum
1821 973 1848 995 ut
1861 976 1911 996 nos

1116 1014 1274 1051 institueret,
1289 1018 1335 1045 sed
1345 1018 1423 1045 etiam
1433 1021 1462 1044 ut
1472 1016 1624 1044 Judrcorum
1635 1020 1763 1043 tumorem
1775 1015 1912 1050 deprime-

1115 1070 1166 1093 ret.
1175 1065 1240 1099 Quia
1255 1064 1325 1091 enim
1347 1062 1429 1090 animi
1449 1063 1547 1089 virtute
1561 1061 1681 1096 neglecta
1699 1082 1705 1093 ,
1729 1061 1910 1088 Abrahamum

1116 1118 1222 1146 semper
1237 1117 1284 1137 ore
1305 1108 1443 1140 ferebant,
1463 1112 1588 1142 putantes
1601 1113 1758 1141 proavorum
1785 1107 1910 1133 virtutem

1116 1157 1262 1184 defensioni
1278 1156 1327 1182 sibi
1341 1162 1411 1188 esse,
1423 1154 1456 1181 ab
1468 1155 1524 1188 ipso
1538 1153 1613 1180 initio
1626 1152 1750 1185 ostendit,
1762 1153 1822 1180 hinc
1831 1153 1912 1180 mini-

1116 1212 1158 1232 me
1168 1205 1278 1240 gloriam
1291 1202 1416 1236 aucupari
1428 1206 1551 1235 oportere
1563 1221 1570 1233 ,
1591 1199 1637 1227 sed
1656 1199 1690 1227 de
1702 1201 1816 1235 propriis
1837 1206 1911 1227 recte

1115 1251 1200 1279 factis.
1212 1250 1276 1278 Post
1286 1249 1342 1276 hmc
1356 1248 1418 1275 illud
1431 1255 1536 1283 quoque
1549 1246 1611 1281 agit,
1628 1251 1657 1273 ut
1677 1246 1799 1274 ostendat
1815 1254 1910 1274 omnes

1115 1297 1230 1333 peccatis
1240 1295 1369 1323 obnoxios
1380 1294 1472 1325 fuisse,
1485 1294 1617 1327 etiamque
1630 1299 1741 1327 proavos
1752 1292 1832 1327 ipsos.
1842 1293 1908 1319 Nam

1114 1344 1170 1378 ipse
1182 1341 1342 1378 patriarcha,
1353 1340 1397 1375 qui
1409 1347 1505 1366 nomen
1516 1338 1608 1365 indidit
1617 1338 1699 1373 genti.
1710 1346 1761 1365 non
1774 1338 1908 1365 modicum

1115 1391 1140 1416 in
1156 1392 1296 1424 peceatum
1312 1387 1401 1421 lapsus
1417 1390 1558 1412 narratur:
1570 1389 1622 1410 stat
1636 1384 1707 1411 enim
1722 1384 1838 1411 Thamar
1851 1384 1910 1419 ejus

1115 1435 1316 1464 fornicationem
1330 1439 1459 1460 accusans
1471 1440 1478 1463 ;
1494 1431 1575 1458 David
1600 1439 1703 1466 quoque
1717 1438 1748 1458 ex
1761 1430 1909 1458 adulterata

1114 1482 1225 1510 muliere
1236 1480 1404 1507 Salomonem
1415 1476 1541 1510 suscepit.
1551 1475 1578 1503 Si
1590 1483 1668 1511 porro
1679 1476 1722 1503 lex
1733 1484 1790 1503 nea
1804 1477 1908 1511 magnis

1117 1522 1223 1558 quidem
1233 1523 1284 1549 illis
1293 1522 1357 1550 viris
1366 1522 1474 1556 impleta
1487 1527 1537 1551 est.
1549 1521 1633 1548 multo
1641 1521 1728 1548 minus
1743 1522 1776 1547 al)
1789 1521 1891 1553 exiguis
1902 1529 1910 1550 ;

1117 1569 1138 1595 si
1150 1573 1237 1595 autem
1253 1567 1359 1602 impleta
1373 1575 1425 1594 non
1441 1572 1492 1598 est,
1505 1575 1597 1593 omnes
1611 1571 1797 1600 peccaverunt,
1813 1573 1844 1592 ac
1859 1574 1908 1592 ue-

1117 1613 1250 1640 cessarius
1273 1613 1322 1639 fuit
1336 1612 1433 1639 Christi
1449 1612 1587 1639 adventus.
1604 1611 1745 1646 Propterea
1769 1611 1910 1638 duodecim

1118 1658 1281 1692 patriarchas
1304 1658 1538 1691 commemoravit-,
1554 1657 1615 1684 inde
1637 1665 1741 1692 quoque
1754 1657 1910 1692 jactantiam

1118 1705 1189 1732 illam
1210 1704 1245 1732 de
1267 1704 1466 1740 progenitorum
1491 1703 1628 1730 nobilitate
1652 1703 1814 1738 deprimens.
1843 1703 1910 1729 Nam

1118 1750 1211 1777 horum
1224 1751 1299 1778 multi
1312 1758 1346 1777 ex
1361 1749 1464 1776 ancillis
1481 1750 1535 1776 nati
1556 1753 1651 1776 erant:
1667 1754 1693 1776 ct
1709 1753 1797 1775 tamen
1813 1755 1911 1782 paren-

1118 1801 1172 1823 tum
1187 1796 1230 1822 illa
1246 1795 1395 1823 differentia
1409 1794 1586 1822 differentiam
1604 1794 1672 1821 inter
1692 1794 1760 1821 filios
1775 1802 1826 1820 non
1841 1794 1911 1820 intu-

1119 1842 1156 1868 lit.
1169 1841 1267 1868 Omnes
1278 1841 1348 1868 enim
1365 1840 1441 1867 simul
1455 1844 1531 1867 erant
1545 1845 1571 1866 et
1583 1839 1740 1874 patriarcha:
1752 1843 1780 1865 et
1794 1839 1909 1866 tribuum

1120 1889 1264 1923 principes.
1281 1887 1325 1914 Illa
1337 1887 1434 1921 quippe
1447 1891 1488 1913 est
1503 1886 1629 1912 Ecclesize
1644 1885 1816 1919 prterogativa
1829 1894 1836 1910 :
1852 1884 1911 1912 haec

1117 1933 1185 1967 apud
1197 1940 1246 1960 nos
1256 1936 1298 1960 est
1311 1932 1454 1959 nobilitatis
1465 1931 1651 1966 dignitatisque
1664 1930 1742 1962 ratio,
1758 1930 1833 1964 cujus
1845 1930 1909 1957 olim

1117 1978 1199 2013 figura
1213 1977 1358 2013 praecessit.
1374 1977 1410 2004 Ita
1425 1977 1481 2004 sive
1496 1983 1603 2008 servus,
1625 1976 1681 2003 sive
1695 1975 1764 2002 liber
1777 1975 1830 2008 sis,
1843 1975 1911 2002 nihil

1119 2025 1176 2060 plus
1188 2046 1196 2058 ,
1211 2025 1276 2051 nihil
1289 2024 1376 2051 minus
1392 2022 1500 2053 habeas.
1515 2021 1561 2049 sed
1575 2029 1656 2048 unum
1677 2026 1718 2049 est
1729 2021 1798 2056 quod
1810 2021 1909 2056 quieri-

1119 2076 1176 2102 tur,
1195 2070 1317 2097 voluntas
1330 2069 1464 2103 animique
1478 2075 1577 2095 mores.

1153 2117 1179 2145 3.
1200 2117 1250 2144 Cur
1263 2116 1330 2143 Zara
1344 2120 1367 2142 et
1381 2115 1480 2142 Phares
1502 2116 1529 2141 in
1548 2115 1693 2150 genealogia
1713 2114 1807 2142 Christi
1828 2115 1911 2142 nomi-

1119 2168 1220 2190 nantur.
1233 2178 1265 2183 ——
1276 2163 1377 2190 Prrcter
1387 2169 1418 2189 ea
1429 2169 1488 2195 quae
1503 2161 1572 2188 dicta
1594 2165 1666 2194 sunt,
1687 2161 1738 2187 alia
1758 2168 1838 2187 causa
1860 2160 1910 2188 fuit

1119 2209 1175 2235 inec
1196 2207 1422 2236 commemorandi
1439 2216 1445 2233 :
1460 2214 1546 2241 neque
1567 2206 1637 2233 enim
1661 2207 1719 2233 sine
1745 2213 1824 2233 causa
1849 2211 1909 2240 post

1118 2254 1217 2281 Phares
1230 2254 1334 2281 additus
1347 2257 1388 2280 est
1400 2257 1426 2280 ct
1439 2253 1517 2280 Zara.
1542 2252 1606 2279 Erat
1625 2252 1696 2278 enim
1719 2251 1872 2279 redundans
1882 2257 1910 2279 ct

1118 2301 1279 2336 superﬂuum
1301 2304 1362 2335 post
1385 2302 1622 2326 commemoratum
1647 2297 1772 2328 Pharem.
1800 2305 1831 2324 ex
1854 2305 1909 2332 quo

1117 2347 1214 2375 Christi
1231 2347 1238 2362 '
1252 2345 1406 2381 genealogia
1421 2345 1535 2375 ducitur,
1552 2344 1628 2371 Zarat
1641 2343 1721 2370 etiam
1731 2343 1819 2370 facere
1833 2351 1909 2370 meu-

1118 2394 1226 2421 tionem.
1237 2391 1290 2420 Cur
1303 2399 1367 2426 ergo
1379 2395 1404 2418 et
1416 2390 1487 2417 hunc
1502 2389 1677 2416 memoravit?
1689 2388 1755 2416 Cum
1770 2388 1818 2415 hos
1836 2390 1907 2422 pari-

1118 2444 1175 2466 tura
1190 2438 1306 2465 Thamar
1324 2441 1404 2469 esset,
1427 2436 1585 2463 adveniente
1609 2440 1695 2469 partu,
1718 2434 1785 2461 Zara
1807 2434 1908 2469 primus

1117 2491 1224 2511 manum
1239 2483 1328 2511 emisit
1341 2490 1356 2509 e
1370 2482 1447 2509 vulva
1462 2492 1469 2508 :
1485 2481 1536 2508 hoc
1550 2485 1693 2515 conspecto
1716 2479 1846 2507 obstetrix
1857 2501 1864 2512 ,
1881 2485 1909 2506 ut

1117 2530 1163 2556 ille
1178 2529 1250 2564 prior
1263 2532 1429 2559 nasceretur,
1443 2527 1567 2554 coccinea
1581 2525 1662 2553 fascia
1674 2533 1780 2552 manum
1801 2526 1860 2559 ejus
1874 2525 1907 2552 li-

1116 2575 1204 2610 gavit;
1216 2580 1245 2601 ut
1259 2581 1339 2608 porro
1355 2574 1432 2608 ligata
1446 2573 1504 2604 fuit,
1519 2572 1628 2599 retraxit
1640 2578 1707 2605 puer
1722 2578 1840 2602 manum,
1855 2579 1908 2605 quo

1117 2621 1187 2648 facto
1199 2627 1322 2655 egressus
1338 2624 1378 2646 est
1391 2618 1502 2651 Phares,
1523 2622 1550 2644 et
1571 2621 1662 2651 postea
1677 2616 1754 2643 Zara.
1769 2616 1825 2642 Hoc
1839 2624 1907 2643 con-

1117 2671 1209 2700 specto
1223 2664 1351 2692 obstetrix
1365 2664 1420 2691 ait:
1432 2663 1516 2697 Quare
1530 2667 1631 2697 propter
1645 2666 1668 2688 te
1687 2661 1769 2688 excisa
1786 2666 1822 2688 est
1838 2669 1908 2696 sepe:

1117 2711 1193 2746 (Gen.
1207 2711 1251 2739 58.
1265 2710 1329 2746 29)?
1342 2709 1434 2738 Viden’
1443 2708 1628 2745 mysteriorum
1641 2707 1800 2742 enigmata?
1816 2706 1907 2742 Neque

1155 2805 1162 2820 ³
1177 2802 1250 2828 Savil.
1266 2801 1338 2833 legit,
1354 2803 1454 2828 Dutnini.
