2056 3130
143 131 177 157 35
738 129 772 157 IN
798 128 950 157 ΜΑΤΤῘΙΑΞ

1002 129 1005 156 i
1038 127 1153 156 "OMIL.
1173 127 1212 155 111.
1748 133 1781 159 36

140 190 208 217 enim
222 189 281 218 haec
294 190 359 219 sine
383 200 465 221 causa
478 192 576 228 scripta
597 191 674 219 nobis
693 191 767 219 fuere
782 199 788 217 :
803 198 888 225 neque
910 194 941 216 {lli

140 237 254 264 historia:
265 237 435 272 dignitatem
451 239 602 274 pertinebat
616 238 746 270 ediscere,
760 237 821 271 quid
831 237 942 263 dixisset

138 283 290 310 obstetrix:
311 292 408 320 neque
422 284 586 312 narrandum
608 283 747 311 videbatur
770 290 848 316 esse,
873 282 942 317 quod

138 336 242 355 manum
255 329 396 358 extulerit
406 330 509 365 primus
524 330 545 357 is
559 330 602 364 qui
616 328 747 356 secundus
760 336 882 364 egressus
892 333 940 354 est.

137 374 277 409 Quodnam
287 375 379 410 igitur
389 376 440 403 hoc
453 376 564 410 aenigma
572 376 631 402 est?
646 375 743 408 Primo,
753 382 784 401 ex
799 375 855 410 ipso
870 374 943 408 pueri

136 420 244 447 nomine
259 422 450 455 qua-stionem
465 421 594 449 solvimus
608 429 614 447 :
627 421 726 448 Phares
741 428 812 447 enim
827 425 868 447 est
878 420 943 447 divi-

135 468 175 494 sio
189 471 216 493 et
224 467 369 494 concisio.
382 467 509 495 Secundo
517 475 549 495 ex
562 468 617 502 ipsa
629 475 657 494 re
668 471 740 502 gesta
752 475 759 492 :
775 474 860 501 neque
873 467 943 493 enim

135 521 166 539 ex
194 512 318 539 naturali
352 513 545 548 consequentia
573 516 632 539 erat
652 519 712 539 eum
737 511 781 546 qui
805 511 945 538 extulisset

136 565 258 589 manum,
280 559 376 591 ipsam
388 563 480 593 postea
496 557 633 585 retrahere
646 557 770 591 ligatam;
788 563 838 583 nec
857 555 884 583 id
905 564 945 582 ra-

136 605 200 631 tioni
217 603 263 631 vel
278 609 391 632 natura:
414 612 562 632 consonum
577 604 693 631 videtur.
719 603 785 630 Nam
809 603 944 638 prmmisa

135 649 246 684 quidem
256 650 345 678 unius
355 658 450 684 manu,
465 651 578 677 alterum
592 649 691 684 egredi.
705 649 729 675 id
743 648 811 676 forte
824 649 946 676 naturale

136 696 237 728 fuerit;
254 695 308 723 sed
327 701 445 723 retracta
461 703 553 729 mauu,
568 695 642 722 alteri
659 694 798 721 transitum
814 693 944 728 praebere,

137 743 163 770 id
175 751 230 770 non
249 743 282 770 lit
307 751 345 770 ex
367 751 444 770 more
468 742 653 770 nascentium:
670 749 762 769 verum
779 740 872 768 aderat
899 741 945 768 Dei

136 789 224 824 gratia
238 796 305 824 quze
324 789 385 817 hazc
399 789 471 816 circa
487 795 582 823 pueros
595 787 763 822 dispensaret
773 808 780 820 ,
791 791 818 814 et
831 794 878 821 per
890 787 947 814 lucc

137 836 297 862 futurorum
310 834 456 870 quamdam
468 834 609 869 imaginem
621 833 802 860 adumbraret.
818 832 885 867 Quid
899 833 947 867 igi-

139 887 182 908 tur
202 881 285 908 aiunt
309 880 421 915 quidam
446 888 480 907 ex
505 879 557 906 illis
578 879 623 914 qui
646 879 703 906 haec
723 878 947 913 exploraveruut?

140 928 230 955 Ilosce
257 935 367 962 pueros
402 927 515 954 duorum
545 933 605 953 esse
635 925 792 960 populorum
825 926 945 961 figuram.

140 974 247 1002 Deinde
274 979 309 1000 ut
335 973 435 1006 discas,
459 971 570 1000 secundi
584 971 674 1006 populi
689 971 837 1000 institutum
850 971 948 1006 prioris

141 1021 214 1047 ortui
229 1019 404 1055 praeluxisse,
420 1026 529 1046 manum
543 1017 688 1045 extendens
701 1025 765 1051 puer
787 1026 840 1044 non
857 1024 887 1044 se
909 1023 948 1044 to-

143 1073 200 1094 tum
215 1066 346 1097 exhibet,
362 1066 417 1092 imo
432 1065 503 1092 illam
518 1069 609 1099 postea
623 1063 750 1095 retrahit,
768 1068 794 1091 et
810 1069 948 1098 postquam

144 1117 216 1139 totus
230 1112 323 1139 frater
336 1118 460 1146 egressus
471 1115 520 1140 est.
537 1114 599 1136 tunc
613 1114 640 1136 et
654 1110 710 1144 ipse
725 1113 796 1136 totus
815 1113 924 1144 apparet
941 1117 947 1135 :

144 1159 171 1186 id
186 1158 265 1194 quod
285 1158 370 1185 etiam
384 1157 410 1184 in
431 1155 535 1183 duobus
561 1155 665 1190 populis
685 1159 789 1189 gestuin
816 1159 866 1181 est.
882 1154 948 1182 Nam

145 1214 207 1234 cum
224 1204 442 1233 ecclesiasticum
458 1202 606 1229 institutum
623 1201 647 1227 in
663 1201 758 1228 diebus
775 1200 888 1227 Abrahze
900 1208 949 1235 ap-

146 1252 299 1288 paruisset,
327 1249 478 1283 deindeque
501 1248 527 1275 in
548 1247 637 1274 medio
663 1245 948 1281 suppressumfuissct,

147 1299 222 1326 venit
235 1298 366 1326 Iudaicus
378 1295 492 1331 populus
502 1299 529 1322 et
541 1293 688 1321 institutum
704 1293 787 1327 legale
798 1313 806 1323 ,
821 1297 847 1319 et
857 1298 949 1327 postea

147 1353 238 1374 novus
253 1346 301 1373 ille
314 1344 428 1380 populus
447 1350 506 1370 cum
523 1342 622 1376 legibus
636 1341 700 1367 Suis.
716 1340 828 1375 Ideoque
845 1340 881 1366 ait
900 1339 949 1366 ob-

149 1393 248 1421 stetrix
265 1401 272 1418 :
288 1391 340 1419 Cur
355 1390 439 1417 excisa
453 1393 489 1415 est
503 1392 604 1423 propter
624 1391 647 1413 te
663 1394 733 1421 sepes
745 1386 825 1420 ?quia
837 1384 949 1412 instituti

149 1439 307 1466 libertatem
319 1436 363 1463 lex
375 1434 563 1469 superveniens
575 1432 711 1460 dissecuit.
737 1430 840 1458 Etenim
863 1431 949 1465 legem

149 1481 297 1516 Scriptura
309 1488 403 1516 sepem
417 1486 515 1506 vocare
533 1477 615 1509 solet;
631 1477 700 1503 sicut
715 1474 797 1502 David
821 1473 952 1509 propheta

152 1528 231 1560 dicit,
249 1527 387 1555 Sustulisti
400 1533 481 1561 sepem
494 1524 560 1557 eius.
575 1528 598 1549 et
616 1522 769 1548 vindemiant
790 1528 844 1546 eam
869 1526 955 1546 omnes

151 1575 196 1608 qui
205 1572 454 1608 prtl'lergrediunlur
463 1571 528 1598 viam
538 1568 623 1606 (Psal.
639 1568 683 1594 79.
698 1566 760 1600 l5);
777 1570 805 1592 ct
817 1564 908 1595 Isaias,
924 1562 947 1590 E

154 1629 243 1655 ιρρεηι
256 1618 428 1653 circomposui
437 1618 459 1644 ei
471 1616 545 1652 (Isai.
562 1615 588 1643 5.
600 1613 644 1650 2);
659 1614 721 1640 item
736 1611 844 1642 Paulus,
861 1610 891 1637 Et
903 1617 942 1636 me

155 1667 228 1693 dium
245 1666 370 1701 parietem
381 1663 501 1691 maceria
513 1661 611 1689 solvens
626 1659 734 1695 (Ep/tes.
749 1658 777 1684 2.
793 1657 849 1691 Μ).

190 1766 219 1793 4.
241 1765 293 1792 Alii
316 1763 395 1796 illud,
412 1763 463 1790 Cur
473 1762 558 1789 excisa
582 1764 620 1787 est
644 1763 747 1794 propter
766 1761 789 1784 te
812 1755 906 1791 aepes?
920 1754 955 1782 de

156 1818 227 1838 novo
241 1810 339 1845 populo
354 1809 456 1836 dictum
468 1811 570 1843 putant.
583 1806 632 1834 Hic
645 1806 742 1840 quippe
756 1811 816 1831 cum
830 1803 954 1830 advenis-

156 1861 208 1889 set,
222 1856 308 1892 legem
322 1854 474 1890 abrogavit.
488 1853 569 1880 Vides
582 1853 668 1886 ipsum
684 1858 736 1877 non
754 1849 805 1887 levi
824 1848 858 1876 de
873 1855 954 1875 causa

157 1907 241 1930 totam
273 1899 530 1929 commemoravisse
563 1897 639 1925 Iuda:
673 1895 830 1923 historiam?
854 1893 955 1921 Idcirco

156 1950 239 1976 etiam
255 1948 327 1976 Ruth
340 1953 367 1975 et
380 1946 475 1974 Rahab
488 1947 496 1962 ¹
512 1944 645 1977 meminit,
666 1950 776 1978 quarum
793 1942 876 1969 altera
891 1941 956 1968 alie-

160 1996 265 2030 nigena,
278 1995 363 2022 altera
377 1993 505 2021 meretrix
518 1996 587 2024 erat,
604 1995 632 2018 ut
649 1990 785 2018 ediscercs
807 1989 894 2023 ipsum
909 1995 956 2014 ve-

161 2048 232 2069 nisse
242 2045 271 2068 ut
280 2041 349 2067 mala
358 2040 448 2067 omnia
458 2043 548 2066 nostra
563 2037 689 2065 solveret.
699 2036 734 2063 Ut
743 2035 861 2062 medicus
873 2034 955 2066 enim,

162 2095 213 2115 non
226 2092 255 2115 ut
276 2087 358 2122 judex
384 2086 468 2113 venit.
491 2082 723 2118 Quemadmodum
740 2082 820 2116 igitur
835 2080 860 2106 hi
878 2079 958 2107 forni-

163 2133 246 2161 cirias
259 2133 361 2160 duxere
372 2132 506 2163 mulieres,
524 2132 560 2158 ita
573 2136 600 2157 et
614 2129 684 2156 Deus
697 2131 827 2155 naturani‘
837 2126 955 2154 fornica-

164 2185 215 2207 tam
241 2179 378 2214 copulavit
402 2178 453 2206 sibi
469 2187 476 2205 ι
493 2177 519 2205 id
541 2176 611 2212 quod
635 2176 700 2203 olim
726 2175 863 2210 propheta:
887 2174 957 2200 circa

163 2234 323 2262 synagogam
339 2226 437 2254 factum
457 2232 518 2252 esse
540 2224 675 2251 dixerunt.
704 2222 757 2250 Sed
781 2221 825 2248 illa
850 2219 957 2254 quidem

164 2273 267 2308 coniugi
281 2280 330 2300 suo
345 2273 449 2307 ingrata
462 2270 523 2302 fuit,
540 2268 659 2297 Ecclesia
674 2275 738 2295 vero
748 2275 762 2294 a
777 2266 868 2302 patriis
880 2265 958 2292 malis

165 2319 247 2346 semel
263 2319 388 2350 liberata,
404 2319 430 2345 in
446 2317 536 2352 sponsi
553 2316 676 2350 amplexu
689 2313 844 2349 permansit.
860 2312 955 2339 Auim-

165 2365 276 2392 adverte
286 2372 317 2392 ea
331 2371 392 2399 quae
407 2363 439 2391 ad
451 2362 522 2391 Ruth
535 2365 656 2396 spectant
668 2361 765 2388 nostris
780 2367 840 2386 esse
850 2357 956 2386 similia.

165 2411 225 2438 Ilaec
234 2411 333 2446 quippe
346 2410 498 2444 alienigena
517 2413 585 2440 erat,
599 2411 626 2435 et
640 2407 673 2434 ad
693 2410 840 2434 extremam
861 2411 959 2439 paupe-

164 2458 228 2485 riem
242 2457 356 2485 deducta
368 2465 376 2488 ;
395 2461 513 2483 attamen
525 2454 619 2482 videns
630 2453 700 2480 illam
713 2453 794 2485 Booz,
803 2459 852 2478 nec
861 2458 960 2485 paupe-

165 2504 230 2531 riem
255 2503 401 2538 despexit,
420 2509 507 2536 neque
529 2500 643 2536 ignobile
666 2497 826 2532 contempsit
849 2503 958 2532 genus:

164 2549 389 2585 quemadmodum
405 2553 432 2576 et
448 2547 569 2575 Christus
594 2550 744 2580 susceptam
758 2543 917 2574 Ecclesium,
932 2546 960 2569 et

164 2597 338 2631 alienigenam
353 2600 381 2623 et
394 2601 551 2630 magnorum
566 2593 676 2628 penuria
687 2592 818 2619 bonorum
834 2590 960 2617 laboran-

165 2648 227 2676 tem,
251 2643 277 2670 in
297 2646 455 2670 consortem
476 2640 591 2668 admisit.
606 2640 643 2666 Ac
665 2636 887 2673 quemadmodum
904 2636 958 2670 illa,

166 2690 212 2717 nisi
223 2690 296 2720 prius
310 2693 418 2724 patrem
428 2687 582 2719 dimisisset,
592 2685 701 2713 domum
715 2683 920 2718 centempsissct
932 2687 960 2710 et

178 2821 181 2824 ν
193 2789 201 2804 ι
210 2788 246 2824 -ῐη
254 2787 342 2824 Morel.
350 2790 422 2824 post,
437 2786 508 2818 Raab,
517 2786 580 2813 male
591 2786 694 2817 additur,
701 2789 725 2812 et
734 2785 844 2816 Thamar,
853 2785 904 2817 ipsa
915 2791 956 2811 se-

163 2821 197 2844 rie
210 2819 302 2844 lapsum
315 2819 451 2843 iudicante.

1000 196 1084 223 genus
1098 193 1124 216 ct
1140 189 1251 223 patriam
1262 193 1288 215 ct
1304 193 1449 223 cognatos,
1465 196 1607 223 numquam
1623 187 1666 214 tali
1687 194 1790 213 connu-

1001 234 1045 262 bio
1056 235 1161 270 dignata
1174 235 1265 262 fuisset
1279 244 1285 260 :
1302 235 1339 262 sic
1354 234 1473 262 Ecclesia
1499 235 1590 270 patriis
1604 233 1722 261 dimissis
1735 241 1792 259 mo-

1000 280 1084 313 ribus,
1102 285 1163 307 tunc
1177 280 1300 307 amabilis
1324 288 1424 315 sponso
1440 280 1496 307 fuit.
1513 279 1591 313 Quod
1613 284 1640 306 et
1662 278 1790 314 propheta

1001 330 1086 363 ipsam
1105 329 1244 363 alloquens
1255 328 1372 355 declarat
1385 337 1390 354 :
1409 327 1560 354 Oblivisccre
1573 327 1694 362 populum
1708 332 1790 358 tuum,

999 379 1022 401 et
1033 375 1133 401 domum
1155 375 1233 409 patris
1246 374 1291 406 tui,
1308 379 1330 400 et
1354 374 1511 407 concupiscet
1533 381 1577 400 rea:
1592 375 1705 400 decorent
1721 377 1791 400 tamn

1000 422 1085 456 (Psal.
1101 423 1144 449 44.
1158 423 1203 449 Η.
1224 422 1269 457 12)
1284 430 1291 436 ·
1310 420 1359 448 hoc
1380 425 1408 448 et
1431 421 1503 448 Ruth
1529 420 1591 447 fecit
1604 428 1612 446 ε
1627 420 1686 447 ideo
1711 425 1794 446 mater

999 477 1089 504 regum
1106 468 1163 501 fuit,
1176 467 1398 504 quemadmodum
1407 472 1433 494 ct
1445 467 1561 495 Ecclesia
1574 475 1580 493 :
1593 474 1627 494 ex
1642 466 1685 493 illa
1697 467 1794 501 quippe

999 521 1074 542 ortus
1089 521 1130 543 cst
1144 515 1239 542 David.
1257 514 1375 542 l’erha'c
1397 515 1477 549 igitur
1502 514 1589 540 omnia
1615 513 1715 547 pudore
1736 513 1795 539 illos

1000 562 1128 594 afﬁciens,
1143 562 1312 596 suadensque
1326 569 1358 588 ne
1372 561 1454 588 altum
1466 564 1599 594 saperent,
1613 558 1794 594 genealogiam

1001 610 1094 640 texuit,
1107 609 1285 642 mulieresque
1297 607 1361 634 istas
1373 608 1397 634 in
1414 607 1531 634 medium
1546 606 1665 641 protulit.
1687 606 1793 632 Etenim

1001 662 1126 689 maguum
1137 654 1179 681 illa
1196 662 1285 689 regem
1301 662 1347 688 per
1363 658 1473 689 nepotes
1488 653 1599 689 genuit;
1615 660 1701 687 neque
1715 659 1744 679 ea
1763 651 1795 678 de.

1001 708 1029 727 re
1044 700 1176 727 erubescu
1192 700 1283 727 David.

1031 783 1151 818 Nequitia
1165 786 1296 817 parentum
1310 789 1359 807 non
1373 783 1444 807 nocet
1461 779 1565 814 probis:
1578 782 1713 809 parentum
1719 785 1786 812 ,μνο-

995 830 1058 857 bitas
1081 838 1131 856 non
1150 828 1249 862 prodest
1264 827 1392 862 improbis.
1409 841 1444 845 —
1458 825 1514 852 Non
1531 829 1617 859 potest
1637 824 1719 856 enim,
1736 831 1788 850 non

996 880 1083 911 potest
1094 876 1185 909 utique
1199 874 1330 909 quispiam
1346 880 1377 899 ex
1393 872 1490 899 virtute
1505 876 1550 898 aut
1560 879 1591 898 ex
1604 871 1719 906 nequitia
1735 877 1789 896 ma-

993 923 1081 958 jorum
1103 927 1148 949 aut
1166 922 1265 956 probus
1283 924 1329 947 aut
1346 919 1482 955 improbus
1503 926 1572 950 esse,
1594 921 1639 944 aut
1659 917 1790 949 gloriosus

996 974 1041 996 aut
1056 968 1183 1003 inglorius
1198 977 1204 995 :
1220 975 1312 994 verum
1329 967 1350 994 si
1365 966 1427 1001 quiti
1445 966 1540 992 mirum
1563 964 1633 992 dictu
1651 962 1789 998 proferen-

997 1016 1071 1048 dum,
1088 1015 1133 1042 ille
1153 1014 1247 1048 majori
1263 1014 1342 1048 fulget
1357 1012 1511 1047 splendore,
1523 1011 1567 1045 qui
1581 1018 1613 1038 ex
1634 1018 1686 1036 non
1700 1009 1790 1043 probis

997 1060 1144 1095 majoribus
1163 1064 1248 1092 ortus,
1272 1059 1370 1094 probus
1393 1062 1481 1084 tamen
1504 1056 1613 1084 eﬂcctus
1634 1059 1684 1083 est.
1707 1054 1790 1082 Nemo

998 1107 1078 1141 igitur
1095 1106 1128 1133 dc
1148 1106 1181 1134 iis
1202 1106 1284 1133 altum
1306 1104 1401 1139 sapiat,
1428 1103 1474 1131 sed
1499 1103 1673 1130 consideratis
1688 1102 1791 1130 Domini

998 1152 1222 1188 progenitoribus,
1238 1150 1321 1178 totum
1343 1150 1449 1184 abjiciat
1465 1154 1606 1181 tumorem,
1623 1154 1651 1176 ct
1672 1149 1705 1176 de
1726 1149 1791 1175 solis

999 1199 1082 1234 probe
1107 1198 1189 1234 gestis
1210 1197 1351 1231 glorietur;
1380 1198 1433 1222 imo
1453 1203 1503 1222 nec
1525 1195 1558 1222 de
1574 1195 1634 1222 illis.
1660 1195 1695 1222 Ita
1721 1195 1791 1222 enim

998 1245 1150 1273 Pharisazus
1174 1244 1316 1279 publicano
1336 1243 1447 1270 inferior
1463 1243 1519 1270 fuit.
1540 1243 1566 1270 Si
1586 1243 1625 1269 vis
1644 1243 1714 1270 enim
1738 1250 1793 1269 nta-

999 1299 1080 1327 gnum
1106 1295 1233 1325 prrestare
1256 1289 1368 1320 facinus,
1396 1282 1429 1315 ne
1452 1288 1533 1315 altum
1558 1288 1655 1322 sapias,
1681 1292 1707 1314 et
1732 1291 1792 1314 tunc

1001 1337 1086 1371 majus
1107 1336 1209 1364 facinus
1226 1335 1370 1363 exhibuisti
1388 1332 1399 1361 ε’
1409 1343 1441 1361 ne
1459 1338 1538 1369 putes
1558 1338 1583 1361 te
1598 1333 1732 1368 quidpiam
1754 1333 1792 1359 l'e-

1000 1385 1079 1417 cisse,
1096 1388 1122 1410 et
1136 1388 1197 1410 tunc
1212 1387 1294 1409 totum
1309 1381 1403 1409 fecisti.
1418 1380 1444 1408 Si
1463 1381 1533 1407 enim
1548 1381 1654 1415 quando
1670 1384 1792 1414 peccato-

1001 1437 1044 1456 res
1062 1436 1163 1459 sumus,
1185 1435 1244 1455 cum
1266 1434 1315 1454 nos
1333 1434 1397 1465 esse,
1415 1431 1540 1460 putamus
1557 1425 1581 1452 id
1602 1425 1670 1460 quod
1690 1433 1792 1456 sumus,

1000 1475 1063 1510 justi
1079 1474 1219 1506 efficimur,
1237 1477 1266 1500 ut
1281 1467 1437 1507 publicanus
1451 1471 1494 1498 ille
1507 1481 1513 1497 :
1526 1476 1625 1505 quanto
1636 1471 1719 1505 magis
1733 1478 1792 1497 cum

1000 1521 1064 1556 justi
1087 1527 1189 1551 sumus,
1206 1523 1234 1547 et
1248 1526 1296 1546 nos
1320 1525 1381 1546 esse
1396 1522 1549 1552 peccatores
1570 1516 1750 1543 arbitramur?
1766 1515 1794 1543 Si

1003 1566 1073 1594 enim
1088 1565 1224 1592 humiliter
1236 1571 1330 1599 sapere
1350 1571 1381 1590 ex
1402 1562 1586 1598 peccatoribus
1600 1562 1685 1596 justos
1703 1561 1794 1592 cl'ticit,

1003 1613 1108 1640 etiamsi
1125 1611 1188 1639 illud
1204 1618 1257 1638 non
1271 1618 1334 1638 vere
1344 1609 1482 1636 humilitas
1496 1609 1540 1639 sit,
1555 1608 1601 1635 sed
1616 1608 1686 1641 justa
1702 1607 1795 1634 existi-

1003 1659 1085 1686 matio
1096 1659 1104 1673 ι
1120 1666 1126 1684 :
1142 1658 1164 1685 si
1179 1657 1258 1692 igitur
1275 1656 1333 1683 bare
1344 1655 1415 1690 justa
1431 1654 1593 1681 existimatio
1609 1657 1710 1680 tantum
1724 1652 1795 1679 vaiet

1006 1704 1033 1732 in
1043 1701 1237 1738 peccatoribus,
1253 1699 1315 1734 quid
1327 1706 1379 1725 non
1390 1702 1450 1732 aget
1465 1695 1599 1723 humilitas
1613 1695 1638 1721 in
1651 1694 1749 1729 justis?
1760 1693 1798 1720 Ne

1006 1749 1085 1784 igitur
1099 1748 1203 1775 labores
1217 1752 1275 1773 tuos
1289 1745 1441 1775 labefactes,
1455 1751 1520 1770 neve
1531 1741 1656 1769 sudorum
1673 1740 1796 1766 meritum

1007 1795 1124 1826 auferas,
1148 1801 1181 1820 ne
1204 1799 1271 1819 vane
1293 1797 1385 1818 curras
1403 1793 1462 1825 post
1486 1788 1558 1814 mille
1575 1787 1687 1814 decursa
1714 1784 1797 1811 stadia

1005 1846 1112 1867 onmem
1132 1838 1271 1865 effundens
1286 1836 1415 1863 laborem.
1437 1833 1564 1861 Dominus
1585 1831 1656 1860 enim
1681 1831 1758 1865 longe
1773 1834 1798 1856 te

1006 1885 1099 1912 melius
1119 1884 1191 1910 novit
1209 1890 1288 1917 opera
1314 1887 1367 1908 tua.
1389 1879 1415 1907 Si
1435 1879 1476 1906 vel
1497 1884 1585 1913 potum
1605 1885 1681 1911 aqu:e
1696 1874 1797 1909 frigidm

1006 1930 1131 1963 dederis,
1148 1937 1182 1956 ne
1208 1927 1272 1956 illud
1294 1926 1401 1962 quidem
1428 1923 1597 1959 despicitzsi
1626 1923 1666 1949 \‘cl
1691 1921 1797 1948 obolutu

1006 1975 1172 2011 profuderis,
1195 1974 1218 2001 si
1239 1972 1400 2008 ingemueris
1424 1975 1541 2003 tantum,
1564 1969 1653 1996 omnia
1674 1968 1717 1995 ille
1737 1974 1797 1994 cum

1006 2030 1099 2057 magna
1125 2020 1309 2048 benevolentia
1333 2018 1437 2053 recipit,
1462 2017 1556 2043 horum
1581 2015 1747 2047 recordatur,
1771 2019 1798 2041 et

1006 2075 1100 2102 magna
1113 2066 1154 2093 his
1170 2065 1277 2100 prmmia
1293 2063 1395 2091 definit.
1415 2063 1470 2089 Cur
1481 2066 1523 2088 tua
1537 2061 1670 2095 exploras,
1686 2064 1712 2086 et
1726 2067 1796 2093 sa‘pe

1005 2114 1031 2140 in
1052 2113 1169 2140 medium
1188 2110 1287 2139 affers?
1308 2111 1347 2136 An
1361 2108 1447 2135 nescis
1465 2108 1486 2134 si
1506 2112 1530 2134 te
1549 2106 1652 2138 lattdes,
1668 2105 1750 2132 Deum
1772 2109 1796 2131 te

1004 2166 1057 2186 non
1071 2158 1138 2185 ultra
1154 2157 1320 2184 laudaturum
1338 2154 1419 2182 esse?
1434 2151 1656 2188 quemadmodum
1679 2154 1706 2178 et
1726 2151 1748 2177 si
1771 2155 1795 2177 te

1006 2204 1133 2231 miserum
1148 2203 1231 2234 dicas,
1246 2209 1298 2228 non
1314 2205 1478 2228 cessaturum
1494 2204 1519 2226 te
1532 2197 1602 2233 apud
1618 2203 1712 2224 omnes
1729 2204 1797 2231 pne-

1004 2249 1114 2277 dicare?
1128 2249 1185 2276 Non
1202 2247 1256 2275 vult
1268 2247 1339 2274 enim
1353 2246 1458 2274 labores
1473 2251 1532 2272 tuos
1552 2245 1578 2271 in
1592 2244 1696 2270 minore
1711 2242 1795 2277 pretio

1005 2295 1107 2323 haberi.
1128 2295 1160 2322 Et
1172 2294 1234 2330 quid
1250 2293 1310 2321 dico
1329 2293 1354 2320 in
1376 2293 1479 2319 minore
1495 2291 1582 2327 pretio
1597 2290 1711 2317 haberi?
1726 2289 1795 2317 Nihil

1005 2349 1056 2368 non
1067 2341 1119 2375 agit
1130 2345 1155 2368 et
1172 2339 1289 2370 molitur,
1301 2342 1331 2365 ut
1339 2338 1380 2365 vel
1392 2345 1423 2365 ex
1435 2337 1523 2372 parvis
1533 2336 1635 2364 meritis
1647 2335 1794 2367 coroneris,

1005 2391 1032 2414 et
1046 2387 1139 2414 circuit
1153 2385 1308 2413 occasiones
1320 2391 1453 2420 quaerens,
1466 2383 1541 2418 queis
1553 2381 1637 2417 possis
1648 2389 1662 2407 a
1675 2381 1795 2416 gehenna

1005 2433 1122 2461 liberari.

1041 2480 1067 2508 5.
1090 2479 1228 2506 llumilitas
1242 2477 1440 2505 commendatur.
1461 2475 1568 2502 Peccata
1582 2475 1717 2507 memoriae,
1734 2474 1797 2500 bona

1033 2616 1042 2632 ¹
1059 2614 1087 2638 In
1099 2617 1188 2639 ϐτῐέεο.
1201 2618 1327 2643 ιῦΓιωξωσύνη.
1343 2610 1448 2643 ᾼηίκηιις
1460 2610 1674 2643 γοι-ιίίμ-οηιὴδεὶο,
1685 2617 1732 2634 non
1741 2617 1792 2634 ma-

1004 2646 1038 2674 le,
1049 2653 1096 2670 ncc
1104 2648 1187 2669 eomra
1197 2642 1355 2674 Cbrysostomi
1370 2648 1478 2672 scopum,
1498 2642 1540 2672 qui
1553 2648 1599 2666 non
1612 2642 1709 2666 omnino
1721 2645 1794 2671 negat

1008 2685 1046 2709 hic
1058 2682 1191 2715 peccatoris
1206 2681 1413 2715 compunctionem
1426 2687 1482 2715 esse
1492 2687 1555 2715 iere
1566 2679 1734 2715 humilitatem,
1753 2681 1798 2705 sed

1008 2716 1039 2739 ait
1050 2711 1115 2743 essu.
1128 2718 1267 2743 ﬂammei—twn
1281 2711 1563 2743 probitatem,justitiam,
1577 2711 1663 2737 iustum
1674 2711 1798 2736 czistima-

1008 2741 1143 2772 tinuent,’ut
1151 2741 1282 2773 distinguat
1289 2749 1304 2766 a
1314 2745 1449 2766 sanctorum
1463 2741 1597 2766 humilitate
1608 2749 1613 2765 :
1628 2748 1747 2772 simitu-5m
1757 2749 1798 2766 au—

1009 2775 1203 2830 [clllbilliitllllnlldu,
1215 2777 1310 2803 gratum
1321 2779 1435 2803 mmmtm,
1448 2773 1545 2803 iudicat,
1558 2774 1701 2804 quandoque
1715 2774 1796 2803 etiam,

1011 2814 1055 2830 υιύ
1070 2813 1103 2830 ut
1115 2812 1158 2830 em.

1011 2809 1158 2837 probitatem.
