  <div class='ocr_page' id='page_1' title='image "/cluster/home/n/w/nwhite01/storage/ocr_20150623/57-58/njp.32101077772653/053.png"; bbox 0 0 2056 3130; ppageno 0'>
   <div class='ocr_carea' id='block_1_1' title="bbox 258 88 1879 124">
    <p class='ocr_par' dir='ltr' id='par_1_1' title="bbox 258 88 1879 124">
     <span class='ocr_line' id='line_1_1' title="bbox 258 88 1879 124; baseline 0.002 -6"><span class='ocrx_word' id='word_1_1' title='bbox 258 93 291 118; x_wconf 82' lang='lat'><strong>57</strong></span> <span class='ocrx_word' id='word_1_2' title='bbox 599 93 626 121; x_wconf 91' lang='lat' dir='ltr'><strong>S.</strong></span> <span class='ocrx_word' id='word_1_3' title='bbox 647 94 789 122; x_wconf 74' lang='lat' dir='ltr'><strong>JOANNIS</strong></span> <span class='ocrx_word' id='word_1_4' title='bbox 807 94 1052 124; x_wconf 79' lang='lat' dir='ltr'><strong>CHRYSOSTOMI</strong></span> <span class='ocrx_word' id='word_1_5' title='bbox 1073 93 1230 122; x_wconf 78' lang='lat' dir='ltr'><strong>ARCHIEP.</strong></span> <span class='ocrx_word' id='word_1_6' title='bbox 1252 95 1522 123; x_wconf 76' lang='lat' dir='ltr'><strong>CONSTANTINOP.</strong></span> <span class='ocrx_word' id='word_1_7' title='bbox 1843 88 1879 114; x_wconf 67' lang='lat'><strong>33</strong></span> 
     </span>
    </p>
   </div>
   <div class='ocr_carea' id='block_1_2' title="bbox 255 143 1045 179">
    <p class='ocr_par' dir='ltr' id='par_1_2' title="bbox 255 143 1045 179">
     <span class='ocr_line' id='line_1_2' title="bbox 255 143 1045 179; baseline -0.005 -6"><span class='ocrx_word' id='word_1_8' title='bbox 255 153 332 178; x_wconf 77' lang='lat' dir='ltr'><strong>opera</strong></span> <span class='ocrx_word' id='word_1_9' title='bbox 345 144 462 172; x_wconf 76' lang='lat' dir='ltr'><strong>oblivioni</strong></span> <span class='ocrx_word' id='word_1_10' title='bbox 478 143 609 171; x_wconf 81' lang='lat' dir='ltr'><strong>tradenda.</strong></span> <span class='ocrx_word' id='word_1_11' title='bbox 624 143 710 171; x_wconf 73' lang='lat' dir='ltr'><strong>Penus</strong></span> <span class='ocrx_word' id='word_1_12' title='bbox 718 152 805 172; x_wconf 79' lang='lat' dir='ltr'><strong>secura</strong></span> <span class='ocrx_word' id='word_1_13' title='bbox 822 144 898 178; x_wconf 80' lang='lat' dir='ltr'><strong><em>probe</em></strong></span> <span class='ocrx_word' id='word_1_14' title='bbox 908 148 1045 179; x_wconf 69' lang='lat' dir='ltr'><strong>gestorum,</strong></span> 
     </span>
    </p>
   </div>
   <div class='ocr_carea' id='block_1_3' title="bbox 257 188 1047 225">
    <p class='ocr_par' dir='ltr' id='par_1_3' title="bbox 257 188 1047 225">
     <span class='ocr_line' id='line_1_3' title="bbox 257 188 1047 225; baseline -0.004 -6"><span class='ocrx_word' id='word_1_15' title='bbox 257 195 293 220; x_wconf 69' lang='lat' dir='ltr'><strong>est</strong></span> <span class='ocrx_word' id='word_1_16' title='bbox 318 190 407 218; x_wconf 86' lang='lat' dir='ltr'><strong>oblivio</strong></span> <span class='ocrx_word' id='word_1_17' title='bbox 430 198 527 217; x_wconf 85' lang='lat' dir='ltr'><strong>eorum.</strong></span> <span class='ocrx_word' id='word_1_18' title='bbox 541 189 702 225; x_wconf 89' lang='lat' dir='ltr'><strong>——ldeoque</strong></span> <span class='ocrx_word' id='word_1_19' title='bbox 727 190 831 217; x_wconf 89' lang='lat' dir='ltr'><strong>etiamsi</strong></span> <span class='ocrx_word' id='word_1_20' title='bbox 853 189 879 216; x_wconf 94' lang='lat' dir='ltr'><strong>in</strong></span> <span class='ocrx_word' id='word_1_21' title='bbox 906 188 1047 216; x_wconf 81' lang='lat' dir='ltr'><strong>undecima</strong></span> 
     </span>
    </p>
   </div>
   <div class='ocr_carea' id='block_1_4' title="bbox 254 235 1047 269">
    <p class='ocr_par' dir='ltr' id='par_1_4' title="bbox 254 235 1047 269">
     <span class='ocr_line' id='line_1_4' title="bbox 254 235 1047 269; baseline -0.001 -6"><span class='ocrx_word' id='word_1_22' title='bbox 254 237 319 264; x_wconf 84' lang='lat' dir='ltr'><strong>hera</strong></span> <span class='ocrx_word' id='word_1_23' title='bbox 338 237 389 264; x_wconf 87' lang='lat' dir='ltr'><strong>diei</strong></span> <span class='ocrx_word' id='word_1_24' title='bbox 407 236 522 269; x_wconf 81' lang='lat' dir='ltr'><strong>labores,</strong></span> <span class='ocrx_word' id='word_1_25' title='bbox 537 240 620 263; x_wconf 87' lang='lat' dir='ltr'><strong>totam</strong></span> <span class='ocrx_word' id='word_1_26' title='bbox 633 236 783 263; x_wconf 80' lang='lat' dir='ltr'><strong>mercedem</strong></span> <span class='ocrx_word' id='word_1_27' title='bbox 804 235 921 268; x_wconf 89' lang='lat' dir='ltr'><strong>tribuet;</strong></span> <span class='ocrx_word' id='word_1_28' title='bbox 937 235 1047 262; x_wconf 65' lang='lat' dir='ltr'><strong>Etiamsi</strong></span> 
     </span>
    </p>
   </div>
   <div class='ocr_carea' id='block_1_5' title="bbox 254 282 1048 317">
    <p class='ocr_par' dir='ltr' id='par_1_5' title="bbox 254 282 1048 317">
     <span class='ocr_line' id='line_1_5' title="bbox 254 282 1048 317; baseline -0.004 -7"><span class='ocrx_word' id='word_1_29' title='bbox 254 283 351 311; x_wconf 84' lang='lat' dir='ltr'><strong>nullam</strong></span> <span class='ocrx_word' id='word_1_30' title='bbox 373 283 461 310; x_wconf 74' lang='lat' dir='ltr'><strong>salutis</strong></span> <span class='ocrx_word' id='word_1_31' title='bbox 480 290 569 309; x_wconf 83' lang='lat' dir='ltr'><strong>amant</strong></span> <span class='ocrx_word' id='word_1_32' title='bbox 592 282 693 314; x_wconf 80' lang='lat' dir='ltr'><strong>habeas,</strong></span> <span class='ocrx_word' id='word_1_33' title='bbox 716 282 812 316; x_wconf 88' lang='lat' dir='ltr'><strong>inquit,</strong></span> <span class='ocrx_word' id='word_1_34' title='bbox 834 286 934 317; x_wconf 84' lang='lat' dir='ltr'><strong>prapter</strong></span> <span class='ocrx_word' id='word_1_35' title='bbox 954 289 993 308; x_wconf 89' lang='lat' dir='ltr'><strong>me</strong></span> <span class='ocrx_word' id='word_1_36' title='bbox 1006 283 1048 316; x_wconf 81' lang='lat' dir='ltr'><strong>fa-</strong></span> 
     </span>
    </p>
   </div>
   <div class='ocr_carea' id='block_1_6' title="bbox 253 326 1044 362">
    <p class='ocr_par' dir='ltr' id='par_1_6' title="bbox 253 326 1044 362">
     <span class='ocr_line' id='line_1_6' title="bbox 253 326 1044 362; baseline -0.003 -7"><span class='ocrx_word' id='word_1_37' title='bbox 253 329 329 361; x_wconf 79' lang='lat' dir='ltr'><strong>ciam,</strong></span> <span class='ocrx_word' id='word_1_38' title='bbox 345 337 375 355; x_wconf 83' lang='lat' dir='ltr'><strong>ne</strong></span> <span class='ocrx_word' id='word_1_39' title='bbox 386 335 475 354; x_wconf 87' lang='lat' dir='ltr'><strong>nomen</strong></span> <span class='ocrx_word' id='word_1_40' title='bbox 487 335 570 354; x_wconf 85' lang='lat' dir='ltr'><strong>meum</strong></span> <span class='ocrx_word' id='word_1_41' title='bbox 581 327 727 361; x_wconf 76' lang='lat' dir='ltr'><strong>profanetur</strong></span> <span class='ocrx_word' id='word_1_42' title='bbox 739 326 845 361; x_wconf 78' lang='lat' dir='ltr'><strong>(Ezech.</strong></span> <span class='ocrx_word' id='word_1_43' title='bbox 862 327 906 354; x_wconf 76' lang='lat'><strong>56.</strong></span> <span class='ocrx_word' id='word_1_44' title='bbox 919 326 965 353; x_wconf 75' lang='grc'><strong>22.</strong></span> <span class='ocrx_word' id='word_1_45' title='bbox 978 326 1044 362; x_wconf 77' lang='lat'><strong>5‘2);</strong></span> 
     </span>
    </p>
   </div>
   <div class='ocr_carea' id='block_1_7' title="bbox 255 372 1049 409">
    <p class='ocr_par' dir='ltr' id='par_1_7' title="bbox 255 372 1049 409">
     <span class='ocr_line' id='line_1_7' title="bbox 255 372 1049 409; baseline 0.001 -9"><span class='ocrx_word' id='word_1_46' title='bbox 255 373 359 400; x_wconf 88' lang='lat' dir='ltr'><strong>etiamsi</strong></span> <span class='ocrx_word' id='word_1_47' title='bbox 375 378 475 401; x_wconf 88' lang='lat' dir='ltr'><strong>tantum</strong></span> <span class='ocrx_word' id='word_1_48' title='bbox 490 373 632 409; x_wconf 82' lang='lat' dir='ltr'><strong>gemueris,</strong></span> <span class='ocrx_word' id='word_1_49' title='bbox 648 373 691 401; x_wconf 86' lang='lat' dir='ltr'><strong>vel</strong></span> <span class='ocrx_word' id='word_1_50' title='bbox 704 373 901 408; x_wconf 81' lang='lat' dir='ltr'><strong>lacrymaveris,</strong></span> <span class='ocrx_word' id='word_1_51' title='bbox 917 372 974 401; x_wconf 83' lang='lat' dir='ltr'><strong>ha-c</strong></span> <span class='ocrx_word' id='word_1_52' title='bbox 992 378 1049 402; x_wconf 86' lang='lat' dir='ltr'><strong>sta-</strong></span> 
     </span>
    </p>
   </div>
   <div class='ocr_carea' id='block_1_8' title="bbox 257 418 1049 454">
    <p class='ocr_par' dir='ltr' id='par_1_8' title="bbox 257 418 1049 454">
     <span class='ocr_line' id='line_1_8' title="bbox 257 418 1049 454; baseline 0.001 -8"><span class='ocrx_word' id='word_1_53' title='bbox 257 421 304 446; x_wconf 96' lang='lat' dir='ltr'><strong>tim</strong></span> <span class='ocrx_word' id='word_1_54' title='bbox 324 419 367 446; x_wconf 83' lang='lat' dir='ltr'><strong>ille</strong></span> <span class='ocrx_word' id='word_1_55' title='bbox 385 420 453 454; x_wconf 87' lang='lat' dir='ltr'><strong>rapit</strong></span> <span class='ocrx_word' id='word_1_56' title='bbox 472 419 498 446; x_wconf 92' lang='lat' dir='ltr'><strong>in</strong></span> <span class='ocrx_word' id='word_1_57' title='bbox 521 419 688 446; x_wconf 86' lang='lat' dir='ltr'><strong>occasionem</strong></span> <span class='ocrx_word' id='word_1_58' title='bbox 703 418 796 445; x_wconf 89' lang='lat' dir='ltr'><strong>salutis</strong></span> <span class='ocrx_word' id='word_1_59' title='bbox 817 423 881 446; x_wconf 69' lang='lat' dir='ltr'><strong>tuae.</strong></span> <span class='ocrx_word' id='word_1_60' title='bbox 901 418 940 446; x_wconf 84' lang='lat' dir='ltr'><strong>Ne</strong></span> <span class='ocrx_word' id='word_1_61' title='bbox 959 423 1049 454; x_wconf 70' lang='lat' dir='ltr'><strong>itaque</strong></span> 
     </span>
    </p>
   </div>
   <div class='ocr_carea' id='block_1_9' title="bbox 256 464 1050 497">
    <p class='ocr_par' dir='ltr' id='par_1_9' title="bbox 256 464 1050 497">
     <span class='ocr_line' id='line_1_9' title="bbox 256 464 1050 497; baseline 0 -5"><span class='ocrx_word' id='word_1_62' title='bbox 256 466 425 497; x_wconf 75' lang='lat' dir='ltr'><strong>extollantur,</strong></span> <span class='ocrx_word' id='word_1_63' title='bbox 445 465 491 492; x_wconf 86' lang='lat' dir='ltr'><strong>sed</strong></span> <span class='ocrx_word' id='word_1_64' title='bbox 513 473 560 492; x_wconf 92' lang='lat' dir='ltr'><strong>nos</strong></span> <span class='ocrx_word' id='word_1_65' title='bbox 575 465 696 492; x_wconf 81' lang='lat' dir='ltr'><strong>dicamus</strong></span> <span class='ocrx_word' id='word_1_66' title='bbox 713 464 831 496; x_wconf 87' lang='lat' dir='ltr'><strong>inutiles.</strong></span> <span class='ocrx_word' id='word_1_67' title='bbox 853 469 881 493; x_wconf 87' lang='lat' dir='ltr'><strong>ut</strong></span> <span class='ocrx_word' id='word_1_68' title='bbox 901 465 979 493; x_wconf 88' lang='lat' dir='ltr'><strong>utiles</strong></span> <span class='ocrx_word' id='word_1_69' title='bbox 993 466 1050 492; x_wconf 69' lang='lat' dir='ltr'><strong>ellio</strong></span> 
     </span>
    </p>
   </div>
   <div class='ocr_carea' id='block_1_10' title="bbox 256 511 1046 546">
    <p class='ocr_par' dir='ltr' id='par_1_10' title="bbox 256 511 1046 546">
     <span class='ocr_line' id='line_1_10' title="bbox 256 511 1046 546; baseline 0.001 -7"><span class='ocrx_word' id='word_1_70' title='bbox 256 513 368 539; x_wconf 85' lang='lat' dir='ltr'><strong>ciamur.</strong></span> <span class='ocrx_word' id='word_1_71' title='bbox 381 512 446 538; x_wconf 88' lang='lat' dir='ltr'><strong>Nam</strong></span> <span class='ocrx_word' id='word_1_72' title='bbox 460 512 482 539; x_wconf 85' lang='lat' dir='ltr'><strong>si</strong></span> <span class='ocrx_word' id='word_1_73' title='bbox 499 517 523 539; x_wconf 89' lang='lat' dir='ltr'><strong>te</strong></span> <span class='ocrx_word' id='word_1_74' title='bbox 535 512 692 539; x_wconf 90' lang='lat' dir='ltr'><strong>laudabilem</strong></span> <span class='ocrx_word' id='word_1_75' title='bbox 707 511 819 545; x_wconf 77' lang='lat' dir='ltr'><strong>dixeris,</strong></span> <span class='ocrx_word' id='word_1_76' title='bbox 834 511 934 540; x_wconf 88' lang='lat' dir='ltr'><strong>inutilis</strong></span> <span class='ocrx_word' id='word_1_77' title='bbox 946 512 1046 546; x_wconf 75' lang='lat' dir='ltr'><strong>evadis,</strong></span> 
     </span>
    </p>
   </div>
   <div class='ocr_carea' id='block_1_11' title="bbox 256 558 1049 593">
    <p class='ocr_par' dir='ltr' id='par_1_11' title="bbox 256 558 1049 593">
     <span class='ocr_line' id='line_1_11' title="bbox 256 558 1049 593; baseline 0.003 -8"><span class='ocrx_word' id='word_1_78' title='bbox 256 559 362 587; x_wconf 81' lang='lat' dir='ltr'><strong>etiamsi</strong></span> <span class='ocrx_word' id='word_1_79' title='bbox 385 559 525 587; x_wconf 86' lang='lat' dir='ltr'><strong>laudabilis</strong></span> <span class='ocrx_word' id='word_1_80' title='bbox 545 567 608 586; x_wconf 91' lang='lat' dir='ltr'><strong>verc</strong></span> <span class='ocrx_word' id='word_1_81' title='bbox 622 558 715 586; x_wconf 74' lang='lat' dir='ltr'><strong>fueris.</strong></span> <span class='ocrx_word' id='word_1_82' title='bbox 736 558 764 587; x_wconf 89' lang='lat' dir='ltr'><strong>Si</strong></span> <span class='ocrx_word' id='word_1_83' title='bbox 785 563 811 586; x_wconf 90' lang='lat' dir='ltr'><strong>te</strong></span> <span class='ocrx_word' id='word_1_84' title='bbox 829 559 950 587; x_wconf 81' lang='lat' dir='ltr'><strong>inutilem</strong></span> <span class='ocrx_word' id='word_1_85' title='bbox 964 559 1049 593; x_wconf 79' lang='lat' dir='ltr'><strong>dicas,</strong></span> 
     </span>
    </p>
   </div>
   <div class='ocr_carea' id='block_1_12' title="bbox 256 603 1049 638">
    <p class='ocr_par' dir='ltr' id='par_1_12' title="bbox 256 603 1049 638">
     <span class='ocr_line' id='line_1_12' title="bbox 256 603 1049 638; baseline 0 -6"><span class='ocrx_word' id='word_1_86' title='bbox 256 604 329 633; x_wconf 85' lang='lat' dir='ltr'><strong>utilis</strong></span> <span class='ocrx_word' id='word_1_87' title='bbox 357 605 457 636; x_wconf 80' lang='lat' dir='ltr'><strong>evadis.</strong></span> <span class='ocrx_word' id='word_1_88' title='bbox 485 604 590 631; x_wconf 81' lang='lat' dir='ltr'><strong>etiamsi</strong></span> <span class='ocrx_word' id='word_1_89' title='bbox 619 603 809 638; x_wconf 81' lang='lat' dir='ltr'><strong>improbandus</strong></span> <span class='ocrx_word' id='word_1_90' title='bbox 832 603 925 632; x_wconf 86' lang='lat' dir='ltr'><strong>fueris.</strong></span> <span class='ocrx_word' id='word_1_91' title='bbox 949 604 1049 638; x_wconf 84' lang='lat' dir='ltr'><strong>Quam-</strong></span> 
     </span>
    </p>
   </div>
   <div class='ocr_carea' id='block_1_13' title="bbox 256 649 1048 685">
    <p class='ocr_par' dir='ltr' id='par_1_13' title="bbox 256 649 1048 685">
     <span class='ocr_line' id='line_1_13' title="bbox 256 649 1048 685; baseline -0.001 -6"><span class='ocrx_word' id='word_1_92' title='bbox 256 651 349 679; x_wconf 81' lang='lat' dir='ltr'><strong>obrem</strong></span> <span class='ocrx_word' id='word_1_93' title='bbox 369 649 518 678; x_wconf 82' lang='lat' dir='ltr'><strong>necessaria</strong></span> <span class='ocrx_word' id='word_1_94' title='bbox 539 649 617 677; x_wconf 85' lang='lat' dir='ltr'><strong>nobis</strong></span> <span class='ocrx_word' id='word_1_95' title='bbox 631 654 672 676; x_wconf 85' lang='lat' dir='ltr'><strong>est</strong></span> <span class='ocrx_word' id='word_1_96' title='bbox 685 649 768 684; x_wconf 85' lang='lat' dir='ltr'><strong>probe</strong></span> <span class='ocrx_word' id='word_1_97' title='bbox 788 655 924 685; x_wconf 80' lang='lat' dir='ltr'><strong>gestorum</strong></span> <span class='ocrx_word' id='word_1_98' title='bbox 938 650 1048 678; x_wconf 89' lang='lat' dir='ltr'><strong>oblivio.</strong></span> 
     </span>
    </p>
   </div>
   <div class='ocr_carea' id='block_1_14' title="bbox 256 692 1050 730">
    <p class='ocr_par' dir='ltr' id='par_1_14' title="bbox 256 692 1050 730">
     <span class='ocr_line' id='line_1_14' title="bbox 256 692 1050 730; baseline 0.001 -8"><span class='ocrx_word' id='word_1_99' title='bbox 256 695 290 722; x_wconf 75' lang='lat' dir='ltr'><strong>Et</strong></span> <span class='ocrx_word' id='word_1_100' title='bbox 312 695 446 730; x_wconf 89' lang='lat' dir='ltr'><strong>quomodo</strong></span> <span class='ocrx_word' id='word_1_101' title='bbox 470 702 622 729; x_wconf 78' lang='lat' dir='ltr'><strong>possumus,</strong></span> <span class='ocrx_word' id='word_1_102' title='bbox 643 692 758 729; x_wconf 78' lang='lat' dir='ltr'><strong>inquies,</strong></span> <span class='ocrx_word' id='word_1_103' title='bbox 779 703 839 729; x_wconf 78' lang='lat' dir='ltr'><strong>quze</strong></span> <span class='ocrx_word' id='word_1_104' title='bbox 862 703 925 723; x_wconf 86' lang='lat' dir='ltr'><strong>vere</strong></span> <span class='ocrx_word' id='word_1_105' title='bbox 950 696 1050 724; x_wconf 88' lang='lat' dir='ltr'><strong>scimus</strong></span> 
     </span>
    </p>
   </div>
   <div class='ocr_carea' id='block_1_15' title="bbox 255 740 1048 775">
    <p class='ocr_par' dir='ltr' id='par_1_15' title="bbox 255 740 1048 775">
     <span class='ocr_line' id='line_1_15' title="bbox 255 740 1048 775; baseline 0 -7"><span class='ocrx_word' id='word_1_106' title='bbox 255 741 378 775; x_wconf 76' lang='lat' dir='ltr'><strong>ignorare</strong></span> <span class='ocrx_word' id='word_1_107' title='bbox 388 741 399 767; x_wconf 62' lang='grc' dir='ltr'>Υ</span> <span class='ocrx_word' id='word_1_108' title='bbox 408 740 475 774; x_wconf 86' lang='lat' dir='ltr'><strong>Quid</strong></span> <span class='ocrx_word' id='word_1_109' title='bbox 484 740 569 767; x_wconf 86' lang='lat' dir='ltr'><strong>dicis?</strong></span> <span class='ocrx_word' id='word_1_110' title='bbox 578 748 639 766; x_wconf 87' lang='lat' dir='ltr'><strong>cum</strong></span> <span class='ocrx_word' id='word_1_111' title='bbox 650 740 756 767; x_wconf 87' lang='lat' dir='ltr'><strong>assidue</strong></span> <span class='ocrx_word' id='word_1_112' title='bbox 764 740 885 767; x_wconf 73' lang='lat' dir='ltr'><strong>oliendas</strong></span> <span class='ocrx_word' id='word_1_113' title='bbox 897 741 1048 775; x_wconf 88' lang='lat' dir='ltr'><strong>Dominum,</strong></span> 
     </span>
    </p>
   </div>
   <div class='ocr_carea' id='block_1_16' title="bbox 255 783 1050 823">
    <p class='ocr_par' dir='ltr' id='par_1_16' title="bbox 255 783 1050 823">
     <span class='ocr_line' id='line_1_16' title="bbox 255 783 1050 823; baseline 0.003 -10"><span class='ocrx_word' id='word_1_114' title='bbox 255 783 391 820; x_wconf 82' lang='lat' dir='ltr'><strong>delic&#39;iaris</strong></span> <span class='ocrx_word' id='word_1_115' title='bbox 405 791 432 813; x_wconf 90' lang='lat' dir='ltr'><strong>et</strong></span> <span class='ocrx_word' id='word_1_116' title='bbox 445 786 527 817; x_wconf 80' lang='lat' dir='ltr'><strong>rides.</strong></span> <span class='ocrx_word' id='word_1_117' title='bbox 550 794 580 814; x_wconf 88' lang='lat' dir='ltr'><strong>ac</strong></span> <span class='ocrx_word' id='word_1_118' title='bbox 594 794 682 822; x_wconf 90' lang='lat' dir='ltr'><strong>neque</strong></span> <span class='ocrx_word' id='word_1_119' title='bbox 701 786 754 814; x_wconf 88' lang='lat' dir='ltr'><strong>scis</strong></span> <span class='ocrx_word' id='word_1_120' title='bbox 772 791 798 814; x_wconf 83' lang='lat' dir='ltr'><strong>te</strong></span> <span class='ocrx_word' id='word_1_121' title='bbox 820 794 957 821; x_wconf 81' lang='lat' dir='ltr'><strong>peccasse,</strong></span> <span class='ocrx_word' id='word_1_122' title='bbox 970 793 1050 823; x_wconf 87' lang='lat' dir='ltr'><strong>atque</strong></span> 
     </span>
    </p>
   </div>
   <div class='ocr_carea' id='block_1_17' title="bbox 256 832 1050 868">
    <p class='ocr_par' dir='ltr' id='par_1_17' title="bbox 256 832 1050 868">
     <span class='ocr_line' id='line_1_17' title="bbox 256 832 1050 868; baseline 0.001 -8"><span class='ocrx_word' id='word_1_123' title='bbox 256 834 346 866; x_wconf 82' lang='lat' dir='ltr'><strong>omnia</strong></span> <span class='ocrx_word' id='word_1_124' title='bbox 368 833 495 860; x_wconf 84' lang='lat' dir='ltr'><strong>oblivioni</strong></span> <span class='ocrx_word' id='word_1_125' title='bbox 519 832 624 861; x_wconf 86' lang='lat' dir='ltr'><strong>tradis:</strong></span> <span class='ocrx_word' id='word_1_126' title='bbox 641 833 725 868; x_wconf 86' lang='lat' dir='ltr'><strong>probe</strong></span> <span class='ocrx_word' id='word_1_127' title='bbox 748 838 884 867; x_wconf 83' lang='lat' dir='ltr'><strong>gestorum</strong></span> <span class='ocrx_word' id='word_1_128' title='bbox 907 841 972 861; x_wconf 89' lang='lat' dir='ltr'><strong>vero</strong></span> <span class='ocrx_word' id='word_1_129' title='bbox 996 841 1050 861; x_wconf 93' lang='lat' dir='ltr'><strong>non</strong></span> 
     </span>
    </p>
   </div>
   <div class='ocr_carea' id='block_1_18' title="bbox 255 879 1051 916">
    <p class='ocr_par' dir='ltr' id='par_1_18' title="bbox 255 879 1051 916">
     <span class='ocr_line' id='line_1_18' title="bbox 255 879 1051 916; baseline 0.001 -9"><span class='ocrx_word' id='word_1_130' title='bbox 255 886 333 916; x_wconf 84' lang='lat' dir='ltr'><strong>potes</strong></span> <span class='ocrx_word' id='word_1_131' title='bbox 346 880 501 908; x_wconf 80' lang='lat' dir='ltr'><strong>memoriam</strong></span> <span class='ocrx_word' id='word_1_132' title='bbox 520 880 654 914; x_wconf 88' lang='lat' dir='ltr'><strong>abjicere’l</strong></span> <span class='ocrx_word' id='word_1_133' title='bbox 669 879 779 907; x_wconf 78' lang='lat' dir='ltr'><strong>Etiamsi</strong></span> <span class='ocrx_word' id='word_1_134' title='bbox 793 879 997 908; x_wconf 87' lang='lat' dir='ltr'><strong>vehementiore</strong></span> <span class='ocrx_word' id='word_1_135' title='bbox 1016 881 1051 908; x_wconf 97' lang='lat' dir='ltr'><strong>sit</strong></span> 
     </span>
    </p>
   </div>
   <div class='ocr_carea' id='block_1_19' title="bbox 255 926 1050 962">
    <p class='ocr_par' dir='ltr' id='par_1_19' title="bbox 255 926 1050 962">
     <span class='ocr_line' id='line_1_19' title="bbox 255 926 1050 962; baseline 0 -8"><span class='ocrx_word' id='word_1_136' title='bbox 255 935 322 962; x_wconf 83' lang='lat' dir='ltr'><strong>opus</strong></span> <span class='ocrx_word' id='word_1_137' title='bbox 335 927 440 955; x_wconf 84' lang='lat' dir='ltr'><strong>timore.</strong></span> <span class='ocrx_word' id='word_1_138' title='bbox 457 926 511 954; x_wconf 83' lang='lat' dir='ltr'><strong>Nos</strong></span> <span class='ocrx_word' id='word_1_139' title='bbox 523 931 629 959; x_wconf 86' lang='lat' dir='ltr'><strong>contra,</strong></span> <span class='ocrx_word' id='word_1_140' title='bbox 644 933 706 953; x_wconf 89' lang='lat' dir='ltr'><strong>cum</strong></span> <span class='ocrx_word' id='word_1_141' title='bbox 724 926 843 961; x_wconf 83' lang='lat' dir='ltr'><strong>quotidie</strong></span> <span class='ocrx_word' id='word_1_142' title='bbox 856 933 1007 960; x_wconf 83' lang='lat' dir='ltr'><strong>peccemus.</strong></span> <span class='ocrx_word' id='word_1_143' title='bbox 1024 927 1050 954; x_wconf 91' lang='lat' dir='ltr'><strong>id</strong></span> 
     </span>
    </p>
   </div>
   <div class='ocr_carea' id='block_1_20' title="bbox 255 972 1051 1008">
    <p class='ocr_par' dir='ltr' id='par_1_20' title="bbox 255 972 1051 1008">
     <span class='ocr_line' id='line_1_20' title="bbox 255 972 1051 1008; baseline -0.001 -7"><span class='ocrx_word' id='word_1_144' title='bbox 255 982 291 1002; x_wconf 90' lang='lat' dir='ltr'><strong>ne</strong></span> <span class='ocrx_word' id='word_1_145' title='bbox 315 974 342 1002; x_wconf 91' lang='lat' dir='ltr'><strong>in</strong></span> <span class='ocrx_word' id='word_1_146' title='bbox 364 978 453 1000; x_wconf 86' lang='lat' dir='ltr'><strong>uicme</strong></span> <span class='ocrx_word' id='word_1_147' title='bbox 472 973 580 1008; x_wconf 88' lang='lat' dir='ltr'><strong>quidem</strong></span> <span class='ocrx_word' id='word_1_148' title='bbox 599 973 762 1005; x_wconf 81' lang='lat' dir='ltr'><strong>retinemus;</strong></span> <span class='ocrx_word' id='word_1_149' title='bbox 785 973 807 999; x_wconf 90' lang='lat' dir='ltr'><strong>si</strong></span> <span class='ocrx_word' id='word_1_150' title='bbox 832 979 896 999; x_wconf 91' lang='lat' dir='ltr'><strong>vero</strong></span> <span class='ocrx_word' id='word_1_151' title='bbox 920 972 1051 1000; x_wconf 78' lang='lat' dir='ltr'><strong>tantillum</strong></span> 
     </span>
    </p>
   </div>
   <div class='ocr_carea' id='block_1_21' title="bbox 259 1018 1049 1054">
    <p class='ocr_par' dir='ltr' id='par_1_21' title="bbox 259 1018 1049 1054">
     <span class='ocr_line' id='line_1_21' title="bbox 259 1018 1049 1054; baseline 0.001 -9"><span class='ocrx_word' id='word_1_152' title='bbox 259 1020 379 1053; x_wconf 62' lang='lat' dir='ltr'><strong>pecunia:</strong></span> <span class='ocrx_word' id='word_1_153' title='bbox 393 1020 501 1054; x_wconf 81' lang='lat' dir='ltr'><strong>pauperi</strong></span> <span class='ocrx_word' id='word_1_154' title='bbox 517 1018 622 1051; x_wconf 89' lang='lat' dir='ltr'><strong>demus,</strong></span> <span class='ocrx_word' id='word_1_155' title='bbox 643 1019 708 1046; x_wconf 92' lang='lat' dir='ltr'><strong>illud</strong></span> <span class='ocrx_word' id='word_1_156' title='bbox 724 1026 769 1046; x_wconf 85' lang='lat' dir='ltr'><strong>sus</strong></span> <span class='ocrx_word' id='word_1_157' title='bbox 787 1018 874 1052; x_wconf 88' lang='lat' dir='ltr'><strong>deque</strong></span> <span class='ocrx_word' id='word_1_158' title='bbox 888 1025 1028 1046; x_wconf 83' lang='lat' dir='ltr'><strong>versamus</strong></span> <span class='ocrx_word' id='word_1_159' title='bbox 1041 1027 1049 1046; x_wconf 89' lang='lat'><strong>:</strong></span> 
     </span>
    </p>
   </div>
   <div class='ocr_carea' id='block_1_22' title="bbox 255 1064 1051 1100">
    <p class='ocr_par' dir='ltr' id='par_1_22' title="bbox 255 1064 1051 1100">
     <span class='ocr_line' id='line_1_22' title="bbox 255 1064 1051 1100; baseline -0.001 -7"><span class='ocrx_word' id='word_1_160' title='bbox 255 1065 282 1093; x_wconf 97' lang='lat' dir='ltr'><strong>id</strong></span> <span class='ocrx_word' id='word_1_161' title='bbox 300 1065 369 1100; x_wconf 85' lang='lat' dir='ltr'><strong>quod</strong></span> <span class='ocrx_word' id='word_1_162' title='bbox 384 1070 511 1093; x_wconf 70' lang='lat' dir='ltr'><strong>extrema:</strong></span> <span class='ocrx_word' id='word_1_163' title='bbox 525 1070 566 1092; x_wconf 88' lang='lat' dir='ltr'><strong>est</strong></span> <span class='ocrx_word' id='word_1_164' title='bbox 579 1064 748 1099; x_wconf 57' lang='lat' dir='ltr'><strong>insipientia,</strong></span> <span class='ocrx_word' id='word_1_165' title='bbox 762 1064 960 1098; x_wconf 84' lang='lat' dir='ltr'><strong>maximumque</strong></span> <span class='ocrx_word' id='word_1_166' title='bbox 974 1065 1051 1092; x_wconf 79' lang='lat' dir='ltr'><strong>colli-</strong></span> 
     </span>
    </p>
   </div>
   <div class='ocr_carea' id='block_1_23' title="bbox 255 1109 1047 1146">
    <p class='ocr_par' dir='ltr' id='par_1_23' title="bbox 255 1109 1047 1146">
     <span class='ocr_line' id='line_1_23' title="bbox 255 1109 1047 1146; baseline -0.003 -8"><span class='ocrx_word' id='word_1_167' title='bbox 255 1111 343 1145; x_wconf 75' lang='lat' dir='ltr'><strong>geutis</strong></span> <span class='ocrx_word' id='word_1_168' title='bbox 355 1110 553 1138; x_wconf 89' lang='lat' dir='ltr'><strong>detrimentum.</strong></span> <span class='ocrx_word' id='word_1_169' title='bbox 570 1109 658 1137; x_wconf 84' lang='lat' dir='ltr'><strong>Penus</strong></span> <span class='ocrx_word' id='word_1_170' title='bbox 670 1109 741 1137; x_wconf 90' lang='lat' dir='ltr'><strong>enim</strong></span> <span class='ocrx_word' id='word_1_171' title='bbox 757 1116 850 1137; x_wconf 87' lang='lat' dir='ltr'><strong>secura</strong></span> <span class='ocrx_word' id='word_1_172' title='bbox 863 1109 946 1144; x_wconf 90' lang='lat' dir='ltr'><strong>probe</strong></span> <span class='ocrx_word' id='word_1_173' title='bbox 959 1115 1047 1146; x_wconf 76' lang='lat' dir='ltr'><strong>gesto-</strong></span> 
     </span>
    </p>
   </div>
   <div class='ocr_carea' id='block_1_24' title="bbox 255 1156 1050 1190">
    <p class='ocr_par' dir='ltr' id='par_1_24' title="bbox 255 1156 1050 1190">
     <span class='ocr_line' id='line_1_24' title="bbox 255 1156 1050 1190; baseline 0 -6"><span class='ocrx_word' id='word_1_174' title='bbox 255 1165 325 1190; x_wconf 88' lang='lat' dir='ltr'><strong>rum,</strong></span> <span class='ocrx_word' id='word_1_175' title='bbox 350 1161 392 1184; x_wconf 91' lang='lat' dir='ltr'><strong>est</strong></span> <span class='ocrx_word' id='word_1_176' title='bbox 416 1156 514 1183; x_wconf 90' lang='lat' dir='ltr'><strong>oblivio</strong></span> <span class='ocrx_word' id='word_1_177' title='bbox 546 1163 650 1184; x_wconf 91' lang='lat' dir='ltr'><strong>eorum.</strong></span> <span class='ocrx_word' id='word_1_178' title='bbox 680 1157 719 1184; x_wconf 84' lang='lat' dir='ltr'><strong>Ac</strong></span> <span class='ocrx_word' id='word_1_179' title='bbox 741 1156 965 1190; x_wconf 84' lang='lat' dir='ltr'><strong>quemadmodum</strong></span> <span class='ocrx_word' id='word_1_180' title='bbox 989 1164 1050 1184; x_wconf 90' lang='lat' dir='ltr'><strong>cum</strong></span> 
     </span>
    </p>
   </div>
   <div class='ocr_carea' id='block_1_25' title="bbox 256 1201 1051 1236">
    <p class='ocr_par' dir='ltr' id='par_1_25' title="bbox 256 1201 1051 1236">
     <span class='ocr_line' id='line_1_25' title="bbox 256 1201 1051 1236; baseline 0.003 -8"><span class='ocrx_word' id='word_1_181' title='bbox 256 1203 417 1230; x_wconf 88' lang='lat' dir='ltr'><strong>vestimenta</strong></span> <span class='ocrx_word' id='word_1_182' title='bbox 432 1207 458 1229; x_wconf 91' lang='lat' dir='ltr'><strong>ct</strong></span> <span class='ocrx_word' id='word_1_183' title='bbox 473 1209 566 1229; x_wconf 87' lang='lat' dir='ltr'><strong>aurum</strong></span> <span class='ocrx_word' id='word_1_184' title='bbox 587 1201 614 1229; x_wconf 91' lang='lat' dir='ltr'><strong>in</strong></span> <span class='ocrx_word' id='word_1_185' title='bbox 628 1202 684 1229; x_wconf 90' lang='lat' dir='ltr'><strong>foro</strong></span> <span class='ocrx_word' id='word_1_186' title='bbox 695 1201 847 1236; x_wconf 85' lang='lat' dir='ltr'><strong>pandimus,</strong></span> <span class='ocrx_word' id='word_1_187' title='bbox 862 1202 961 1230; x_wconf 87' lang='lat' dir='ltr'><strong>multos</strong></span> <span class='ocrx_word' id='word_1_188' title='bbox 973 1202 1051 1230; x_wconf 83' lang='lat' dir='ltr'><strong>nobis</strong></span> 
     </span>
    </p>
   </div>
   <div class='ocr_carea' id='block_1_26' title="bbox 257 1247 1050 1284">
    <p class='ocr_par' dir='ltr' id='par_1_26' title="bbox 257 1247 1050 1284">
     <span class='ocr_line' id='line_1_26' title="bbox 257 1247 1050 1284; baseline 0 -9"><span class='ocrx_word' id='word_1_189' title='bbox 257 1247 430 1279; x_wconf 87' lang='lat' dir='ltr'><strong>insidiatores</strong></span> <span class='ocrx_word' id='word_1_190' title='bbox 453 1253 594 1284; x_wconf 88' lang='lat' dir='ltr'><strong>paramus,</strong></span> <span class='ocrx_word' id='word_1_191' title='bbox 614 1247 637 1274; x_wconf 80' lang='lat' dir='ltr'><strong>si</strong></span> <span class='ocrx_word' id='word_1_192' title='bbox 658 1254 723 1274; x_wconf 90' lang='lat' dir='ltr'><strong>vero</strong></span> <span class='ocrx_word' id='word_1_193' title='bbox 744 1247 817 1274; x_wconf 92' lang='lat' dir='ltr'><strong>domi</strong></span> <span class='ocrx_word' id='word_1_194' title='bbox 836 1247 1001 1282; x_wconf 88' lang='lat' dir='ltr'><strong>deponamus</strong></span> <span class='ocrx_word' id='word_1_195' title='bbox 1023 1252 1050 1275; x_wconf 81' lang='lat' dir='ltr'><strong>et</strong></span> 
     </span>
    </p>
   </div>
   <div class='ocr_carea' id='block_1_27' title="bbox 258 1292 1052 1326">
    <p class='ocr_par' dir='ltr' id='par_1_27' title="bbox 258 1292 1052 1326">
     <span class='ocr_line' id='line_1_27' title="bbox 258 1292 1052 1326; baseline 0.001 -6"><span class='ocrx_word' id='word_1_196' title='bbox 258 1293 434 1326; x_wconf 82' lang='lat' dir='ltr'><strong>occultemus,</strong></span> <span class='ocrx_word' id='word_1_197' title='bbox 454 1293 479 1320; x_wconf 93' lang='lat' dir='ltr'><strong>in</strong></span> <span class='ocrx_word' id='word_1_198' title='bbox 494 1297 549 1319; x_wconf 87' lang='lat' dir='ltr'><strong>toto</strong></span> <span class='ocrx_word' id='word_1_199' title='bbox 564 1293 653 1320; x_wconf 85' lang='lat' dir='ltr'><strong>omnia</strong></span> <span class='ocrx_word' id='word_1_200' title='bbox 674 1292 837 1320; x_wconf 87' lang='lat' dir='ltr'><strong>collocamus</strong></span> <span class='ocrx_word' id='word_1_201' title='bbox 851 1301 859 1320; x_wconf 84' lang='lat'><strong>:</strong></span> <span class='ocrx_word' id='word_1_202' title='bbox 872 1292 908 1321; x_wconf 88' lang='lat' dir='ltr'><strong>ita</strong></span> <span class='ocrx_word' id='word_1_203' title='bbox 931 1298 958 1320; x_wconf 91' lang='lat' dir='ltr'><strong>et</strong></span> <span class='ocrx_word' id='word_1_204' title='bbox 979 1297 1052 1321; x_wconf 85' lang='lat' dir='ltr'><strong>recte</strong></span> 
     </span>
    </p>
   </div>
   <div class='ocr_carea' id='block_1_28' title="bbox 257 1338 1053 1374">
    <p class='ocr_par' dir='ltr' id='par_1_28' title="bbox 257 1338 1053 1374">
     <span class='ocr_line' id='line_1_28' title="bbox 257 1338 1053 1374; baseline -0.003 -7"><span class='ocrx_word' id='word_1_205' title='bbox 257 1339 337 1372; x_wconf 86' lang='lat' dir='ltr'><strong>facta,</strong></span> <span class='ocrx_word' id='word_1_206' title='bbox 353 1339 376 1366; x_wconf 88' lang='lat' dir='ltr'><strong>si</strong></span> <span class='ocrx_word' id='word_1_207' title='bbox 391 1339 544 1374; x_wconf 87' lang='lat' dir='ltr'><strong>frequenter</strong></span> <span class='ocrx_word' id='word_1_208' title='bbox 558 1339 585 1366; x_wconf 92' lang='lat' dir='ltr'><strong>in</strong></span> <span class='ocrx_word' id='word_1_209' title='bbox 610 1338 737 1366; x_wconf 85' lang='lat' dir='ltr'><strong>memoria</strong></span> <span class='ocrx_word' id='word_1_210' title='bbox 752 1338 980 1370; x_wconf 87' lang='lat' dir='ltr'><strong>circumferamus,</strong></span> <span class='ocrx_word' id='word_1_211' title='bbox 1002 1339 1053 1365; x_wconf 83' lang='lat' dir='ltr'><strong>Do-</strong></span> 
     </span>
    </p>
   </div>
   <div class='ocr_carea' id='block_1_29' title="bbox 257 1383 1050 1418">
    <p class='ocr_par' dir='ltr' id='par_1_29' title="bbox 257 1383 1050 1418">
     <span class='ocr_line' id='line_1_29' title="bbox 257 1383 1050 1418; baseline -0.001 -6"><span class='ocrx_word' id='word_1_212' title='bbox 257 1386 359 1412; x_wconf 90' lang='lat' dir='ltr'><strong>minum</strong></span> <span class='ocrx_word' id='word_1_213' title='bbox 374 1385 407 1412; x_wconf 85' lang='lat' dir='ltr'><strong>ad</strong></span> <span class='ocrx_word' id='word_1_214' title='bbox 420 1385 486 1412; x_wconf 90' lang='lat' dir='ltr'><strong>iram</strong></span> <span class='ocrx_word' id='word_1_215' title='bbox 502 1385 677 1418; x_wconf 86' lang='lat' dir='ltr'><strong>concitamus,</strong></span> <span class='ocrx_word' id='word_1_216' title='bbox 691 1383 849 1418; x_wconf 83' lang='lat' dir='ltr'><strong>hostemque</strong></span> <span class='ocrx_word' id='word_1_217' title='bbox 862 1391 1007 1417; x_wconf 88' lang='lat' dir='ltr'><strong>armamus,</strong></span> <span class='ocrx_word' id='word_1_218' title='bbox 1023 1389 1050 1411; x_wconf 89' lang='lat' dir='ltr'><strong>et</strong></span> 
     </span>
    </p>
   </div>
   <div class='ocr_carea' id='block_1_30' title="bbox 257 1429 1050 1465">
    <p class='ocr_par' dir='ltr' id='par_1_30' title="bbox 257 1429 1050 1465">
     <span class='ocr_line' id='line_1_30' title="bbox 257 1429 1050 1465; baseline -0.003 -6"><span class='ocrx_word' id='word_1_219' title='bbox 257 1431 291 1459; x_wconf 87' lang='lat' dir='ltr'><strong>ad</strong></span> <span class='ocrx_word' id='word_1_220' title='bbox 307 1431 406 1458; x_wconf 76' lang='lat' dir='ltr'><strong>furtum</strong></span> <span class='ocrx_word' id='word_1_221' title='bbox 419 1431 576 1463; x_wconf 85' lang='lat' dir='ltr'><strong>invitamns;</strong></span> <span class='ocrx_word' id='word_1_222' title='bbox 590 1430 631 1458; x_wconf 88' lang='lat' dir='ltr'><strong>sin</strong></span> <span class='ocrx_word' id='word_1_223' title='bbox 646 1438 710 1458; x_wconf 89' lang='lat' dir='ltr'><strong>vero</strong></span> <span class='ocrx_word' id='word_1_224' title='bbox 731 1437 809 1457; x_wconf 86' lang='lat' dir='ltr'><strong>nemo</strong></span> <span class='ocrx_word' id='word_1_225' title='bbox 823 1429 850 1457; x_wconf 90' lang='lat' dir='ltr'><strong>id</strong></span> <span class='ocrx_word' id='word_1_226' title='bbox 864 1431 966 1463; x_wconf 87' lang='lat' dir='ltr'><strong>scierit,</strong></span> <span class='ocrx_word' id='word_1_227' title='bbox 983 1439 1050 1465; x_wconf 75' lang='lat' dir='ltr'><strong>pra:-</strong></span> 
     </span>
    </p>
   </div>
   <div class='ocr_carea' id='block_1_31' title="bbox 258 1475 1052 1512">
    <p class='ocr_par' dir='ltr' id='par_1_31' title="bbox 258 1475 1052 1512">
     <span class='ocr_line' id='line_1_31' title="bbox 258 1475 1052 1512; baseline -0.003 -8"><span class='ocrx_word' id='word_1_228' title='bbox 258 1483 300 1504; x_wconf 88' lang='lat' dir='ltr'><strong>ter</strong></span> <span class='ocrx_word' id='word_1_229' title='bbox 310 1484 371 1504; x_wconf 91' lang='lat' dir='ltr'><strong>eum</strong></span> <span class='ocrx_word' id='word_1_230' title='bbox 390 1484 468 1512; x_wconf 88' lang='lat' dir='ltr'><strong>quem</strong></span> <span class='ocrx_word' id='word_1_231' title='bbox 484 1477 569 1503; x_wconf 88' lang='lat' dir='ltr'><strong>solum</strong></span> <span class='ocrx_word' id='word_1_232' title='bbox 586 1476 643 1504; x_wconf 59' lang='lat' dir='ltr'><strong>haec</strong></span> <span class='ocrx_word' id='word_1_233' title='bbox 660 1483 739 1503; x_wconf 86' lang='lat' dir='ltr'><strong>nosse</strong></span> <span class='ocrx_word' id='word_1_234' title='bbox 753 1479 868 1511; x_wconf 76' lang='lat' dir='ltr'><strong>opcrtet,</strong></span> <span class='ocrx_word' id='word_1_235' title='bbox 884 1475 910 1503; x_wconf 92' lang='lat' dir='ltr'><strong>in</strong></span> <span class='ocrx_word' id='word_1_236' title='bbox 933 1480 989 1503; x_wconf 88' lang='lat' dir='ltr'><strong>tuto</strong></span> <span class='ocrx_word' id='word_1_237' title='bbox 1010 1477 1052 1503; x_wconf 85' lang='lat' dir='ltr'><strong>illa</strong></span> 
     </span>
    </p>
   </div>
   <div class='ocr_carea' id='block_1_32' title="bbox 266 1518 1050 1554">
    <p class='ocr_par' dir='ltr' id='par_1_32' title="bbox 266 1518 1050 1554">
     <span class='ocr_line' id='line_1_32' title="bbox 266 1518 1050 1554; baseline -0.001 -10"><span class='ocrx_word' id='word_1_238' title='bbox 266 1524 356 1547; x_wconf 76' lang='lat' dir='ltr'><strong>erunt.</strong></span> <span class='ocrx_word' id='word_1_239' title='bbox 375 1518 414 1546; x_wconf 87' lang='lat' dir='ltr'><strong>Ne</strong></span> <span class='ocrx_word' id='word_1_240' title='bbox 442 1521 532 1553; x_wconf 85' lang='lat' dir='ltr'><strong>itaque</strong></span> <span class='ocrx_word' id='word_1_241' title='bbox 551 1519 595 1547; x_wconf 81' lang='lat' dir='ltr'><strong>illa</strong></span> <span class='ocrx_word' id='word_1_242' title='bbox 625 1520 781 1554; x_wconf 81' lang='lat' dir='ltr'><strong>frequenter</strong></span> <span class='ocrx_word' id='word_1_243' title='bbox 805 1526 908 1550; x_wconf 80' lang='lat' dir='ltr'><strong>verses,</strong></span> <span class='ocrx_word' id='word_1_244' title='bbox 934 1526 966 1545; x_wconf 91' lang='lat' dir='ltr'><strong>ne</strong></span> <span class='ocrx_word' id='word_1_245' title='bbox 988 1518 1050 1552; x_wconf 83' lang='lat' dir='ltr'><strong>quis</strong></span> 
     </span>
    </p>
   </div>
   <div class='ocr_carea' id='block_1_33' title="bbox 267 1563 1051 1599">
    <p class='ocr_par' dir='ltr' id='par_1_33' title="bbox 267 1563 1051 1599">
     <span class='ocr_line' id='line_1_33' title="bbox 267 1563 1051 1599; baseline -0.001 -9"><span class='ocrx_word' id='word_1_246' title='bbox 267 1564 313 1591; x_wconf 91' lang='lat' dir='ltr'><strong>illa</strong></span> <span class='ocrx_word' id='word_1_247' title='bbox 336 1564 446 1598; x_wconf 84' lang='lat' dir='ltr'><strong>diripiat</strong></span> <span class='ocrx_word' id='word_1_248' title='bbox 461 1573 468 1598; x_wconf 89' lang='lat'><strong>;</strong></span> <span class='ocrx_word' id='word_1_249' title='bbox 487 1565 513 1591; x_wconf 88' lang='lat' dir='ltr'><strong>id</strong></span> <span class='ocrx_word' id='word_1_250' title='bbox 522 1564 594 1599; x_wconf 90' lang='lat' dir='ltr'><strong>quod</strong></span> <span class='ocrx_word' id='word_1_251' title='bbox 606 1564 746 1591; x_wconf 81' lang='lat' dir='ltr'><strong>Pharisaeo</strong></span> <span class='ocrx_word' id='word_1_252' title='bbox 774 1563 881 1593; x_wconf 84' lang='lat' dir='ltr'><strong>accidit.</strong></span> <span class='ocrx_word' id='word_1_253' title='bbox 895 1563 942 1597; x_wconf 88' lang='lat' dir='ltr'><strong>qui</strong></span> <span class='ocrx_word' id='word_1_254' title='bbox 960 1563 1004 1589; x_wconf 86' lang='lat' dir='ltr'><strong>illa</strong></span> <span class='ocrx_word' id='word_1_255' title='bbox 1024 1563 1051 1589; x_wconf 95' lang='lat' dir='ltr'><strong>in</strong></span> 
     </span>
    </p>
   </div>
   <div class='ocr_carea' id='block_1_34' title="bbox 257 1604 1048 1640">
    <p class='ocr_par' dir='ltr' id='par_1_34' title="bbox 257 1604 1048 1640">
     <span class='ocr_line' id='line_1_34' title="bbox 257 1604 1048 1640; baseline 0 -8"><span class='ocrx_word' id='word_1_256' title='bbox 257 1611 307 1638; x_wconf 80' lang='lat' dir='ltr'><strong>ore</strong></span> <span class='ocrx_word' id='word_1_257' title='bbox 321 1604 423 1632; x_wconf 88' lang='lat' dir='ltr'><strong>ferebat</strong></span> <span class='ocrx_word' id='word_1_258' title='bbox 436 1613 444 1632; x_wconf 82' lang='lat'><strong>:</strong></span> <span class='ocrx_word' id='word_1_259' title='bbox 459 1610 622 1640; x_wconf 82' lang='lat' dir='ltr'><strong>quapropter</strong></span> <span class='ocrx_word' id='word_1_260' title='bbox 639 1613 671 1633; x_wconf 89' lang='lat' dir='ltr'><strong>ea</strong></span> <span class='ocrx_word' id='word_1_261' title='bbox 692 1605 749 1640; x_wconf 89' lang='lat' dir='ltr'><strong>ipsa</strong></span> <span class='ocrx_word' id='word_1_262' title='bbox 770 1605 892 1633; x_wconf 85' lang='lat' dir='ltr'><strong>diabolus</strong></span> <span class='ocrx_word' id='word_1_263' title='bbox 913 1605 1048 1639; x_wconf 82' lang='lat' dir='ltr'><strong>abripuit;</strong></span> 
     </span>
    </p>
   </div>
   <div class='ocr_carea' id='block_1_35' title="bbox 258 1649 1051 1685">
    <p class='ocr_par' dir='ltr' id='par_1_35' title="bbox 258 1649 1051 1685">
     <span class='ocr_line' id='line_1_35' title="bbox 258 1649 1051 1685; baseline -0.003 -7"><span class='ocrx_word' id='word_1_264' title='bbox 258 1649 365 1678; x_wconf 85' lang='lat' dir='ltr'><strong>etiamsi</strong></span> <span class='ocrx_word' id='word_1_265' title='bbox 377 1657 438 1677; x_wconf 90' lang='lat' dir='ltr'><strong>cum</strong></span> <span class='ocrx_word' id='word_1_266' title='bbox 456 1651 601 1685; x_wconf 82' lang='lat' dir='ltr'><strong>gratiarum</strong></span> <span class='ocrx_word' id='word_1_267' title='bbox 620 1651 743 1678; x_wconf 68' lang='lat' dir='ltr'><strong>actione‘</strong></span> <span class='ocrx_word' id='word_1_268' title='bbox 758 1650 804 1677; x_wconf 88' lang='lat' dir='ltr'><strong>illa</strong></span> <span class='ocrx_word' id='word_1_269' title='bbox 818 1655 1051 1683; x_wconf 83' lang='lat' dir='ltr'><strong>commemoraret,</strong></span> 
     </span>
    </p>
   </div>
   <div class='ocr_carea' id='block_1_36' title="bbox 259 1696 1050 1730">
    <p class='ocr_par' dir='ltr' id='par_1_36' title="bbox 259 1696 1050 1730">
     <span class='ocr_line' id='line_1_36' title="bbox 259 1696 1050 1730; baseline 0.001 -8"><span class='ocrx_word' id='word_1_270' title='bbox 259 1696 402 1730; x_wconf 88' lang='lat' dir='ltr'><strong>omniaque</strong></span> <span class='ocrx_word' id='word_1_271' title='bbox 416 1696 530 1724; x_wconf 89' lang='lat' dir='ltr'><strong>referret</strong></span> <span class='ocrx_word' id='word_1_272' title='bbox 543 1697 609 1724; x_wconf 92' lang='lat' dir='ltr'><strong>Deo.</strong></span> <span class='ocrx_word' id='word_1_273' title='bbox 620 1696 719 1724; x_wconf 90' lang='lat' dir='ltr'><strong>Verum</strong></span> <span class='ocrx_word' id='word_1_274' title='bbox 735 1697 786 1724; x_wconf 91' lang='lat' dir='ltr'><strong>hoc</strong></span> <span class='ocrx_word' id='word_1_275' title='bbox 798 1705 850 1724; x_wconf 89' lang='lat' dir='ltr'><strong>non</strong></span> <span class='ocrx_word' id='word_1_276' title='bbox 864 1697 929 1724; x_wconf 86' lang='lat' dir='ltr'><strong>satis</strong></span> <span class='ocrx_word' id='word_1_277' title='bbox 944 1697 980 1724; x_wconf 92' lang='lat' dir='ltr'><strong>illi</strong></span> <span class='ocrx_word' id='word_1_278' title='bbox 993 1696 1050 1724; x_wconf 93' lang='lat' dir='ltr'><strong>fuit.</strong></span> 
     </span>
    </p>
   </div>
   <div class='ocr_carea' id='block_1_37' title="bbox 257 1745 1052 1782">
    <p class='ocr_par' dir='ltr' id='par_1_37' title="bbox 257 1745 1052 1782">
     <span class='ocr_line' id='line_1_37' title="bbox 257 1745 1052 1782; baseline 0 -10"><span class='ocrx_word' id='word_1_279' title='bbox 257 1745 316 1773; x_wconf 83' lang='lat' dir='ltr'><strong>Non</strong></span> <span class='ocrx_word' id='word_1_280' title='bbox 341 1746 413 1774; x_wconf 90' lang='lat' dir='ltr'><strong>enim</strong></span> <span class='ocrx_word' id='word_1_281' title='bbox 434 1747 578 1782; x_wconf 85' lang='lat' dir='ltr'><strong>gratiarum</strong></span> <span class='ocrx_word' id='word_1_282' title='bbox 602 1747 715 1774; x_wconf 88' lang='lat' dir='ltr'><strong>actionis</strong></span> <span class='ocrx_word' id='word_1_283' title='bbox 735 1751 777 1773; x_wconf 83' lang='lat' dir='ltr'><strong>est</strong></span> <span class='ocrx_word' id='word_1_284' title='bbox 799 1746 867 1773; x_wconf 86' lang='lat' dir='ltr'><strong>alios</strong></span> <span class='ocrx_word' id='word_1_285' title='bbox 889 1745 1052 1781; x_wconf 81' lang='lat' dir='ltr'><strong>vituperare,</strong></span> 
     </span>
    </p>
   </div>
   <div class='ocr_carea' id='block_1_38' title="bbox 257 1791 1053 1827">
    <p class='ocr_par' dir='ltr' id='par_1_38' title="bbox 257 1791 1053 1827">
     <span class='ocr_line' id='line_1_38' title="bbox 257 1791 1053 1827; baseline 0 -9"><span class='ocrx_word' id='word_1_286' title='bbox 257 1791 310 1819; x_wconf 84' lang='lat' dir='ltr'><strong>sibi</strong></span> <span class='ocrx_word' id='word_1_287' title='bbox 325 1799 358 1819; x_wconf 80' lang='lat' dir='ltr'><strong>ex</strong></span> <span class='ocrx_word' id='word_1_288' title='bbox 373 1792 493 1827; x_wconf 87' lang='lat' dir='ltr'><strong>plurimis</strong></span> <span class='ocrx_word' id='word_1_289' title='bbox 507 1791 619 1827; x_wconf 76' lang='lat' dir='ltr'><strong>gloriam</strong></span> <span class='ocrx_word' id='word_1_290' title='bbox 637 1799 768 1827; x_wconf 77' lang='lat' dir='ltr'><strong>quzerere,</strong></span> <span class='ocrx_word' id='word_1_291' title='bbox 792 1795 819 1818; x_wconf 90' lang='lat' dir='ltr'><strong>et</strong></span> <span class='ocrx_word' id='word_1_292' title='bbox 833 1795 926 1819; x_wconf 88' lang='lat' dir='ltr'><strong>contra</strong></span> <span class='ocrx_word' id='word_1_293' title='bbox 939 1797 1053 1826; x_wconf 82' lang='lat' dir='ltr'><strong>pecean-</strong></span> 
     </span>
    </p>
   </div>
   <div class='ocr_carea' id='block_1_39' title="bbox 259 1836 1053 1873">
    <p class='ocr_par' dir='ltr' id='par_1_39' title="bbox 259 1836 1053 1873">
     <span class='ocr_line' id='line_1_39' title="bbox 259 1836 1053 1873; baseline -0.001 -9"><span class='ocrx_word' id='word_1_294' title='bbox 259 1841 301 1870; x_wconf 72' lang='lat' dir='ltr'><strong>tes</strong></span> <span class='ocrx_word' id='word_1_295' title='bbox 323 1836 423 1865; x_wconf 87' lang='lat' dir='ltr'><strong>ell‘erri.</strong></span> <span class='ocrx_word' id='word_1_296' title='bbox 446 1837 475 1865; x_wconf 91' lang='lat' dir='ltr'><strong>Si</strong></span> <span class='ocrx_word' id='word_1_297' title='bbox 498 1837 570 1865; x_wconf 88' lang='lat' dir='ltr'><strong>enim</strong></span> <span class='ocrx_word' id='word_1_298' title='bbox 584 1837 684 1873; x_wconf 77' lang='lat' dir='ltr'><strong>gratias</strong></span> <span class='ocrx_word' id='word_1_299' title='bbox 705 1836 762 1864; x_wconf 91' lang='lat' dir='ltr'><strong>Deo</strong></span> <span class='ocrx_word' id='word_1_300' title='bbox 784 1837 851 1872; x_wconf 88' lang='lat' dir='ltr'><strong>agis,</strong></span> <span class='ocrx_word' id='word_1_301' title='bbox 871 1836 921 1864; x_wconf 88' lang='lat' dir='ltr'><strong>bac</strong></span> <span class='ocrx_word' id='word_1_302' title='bbox 942 1836 999 1863; x_wconf 83' lang='lat' dir='ltr'><strong>sola</strong></span> <span class='ocrx_word' id='word_1_303' title='bbox 1023 1843 1053 1863; x_wconf 87' lang='lat' dir='ltr'><strong>re</strong></span> 
     </span>
    </p>
   </div>
   <div class='ocr_carea' id='block_1_40' title="bbox 258 1882 1052 1916">
    <p class='ocr_par' dir='ltr' id='par_1_40' title="bbox 258 1882 1052 1916">
     <span class='ocr_line' id='line_1_40' title="bbox 258 1882 1052 1916; baseline 0 -7"><span class='ocrx_word' id='word_1_304' title='bbox 258 1886 399 1910; x_wconf 87' lang='lat' dir='ltr'><strong>contentus</strong></span> <span class='ocrx_word' id='word_1_305' title='bbox 421 1887 490 1916; x_wconf 85' lang='lat' dir='ltr'><strong>esto,</strong></span> <span class='ocrx_word' id='word_1_306' title='bbox 513 1888 541 1910; x_wconf 89' lang='lat' dir='ltr'><strong>et</strong></span> <span class='ocrx_word' id='word_1_307' title='bbox 559 1890 593 1911; x_wconf 86' lang='lat' dir='ltr'><strong>ne</strong></span> <span class='ocrx_word' id='word_1_308' title='bbox 609 1882 636 1910; x_wconf 91' lang='lat' dir='ltr'><strong>id</strong></span> <span class='ocrx_word' id='word_1_309' title='bbox 659 1882 761 1910; x_wconf 83' lang='lat' dir='ltr'><strong>referas</strong></span> <span class='ocrx_word' id='word_1_310' title='bbox 781 1882 944 1915; x_wconf 86' lang='lat' dir='ltr'><strong>hominibus,</strong></span> <span class='ocrx_word' id='word_1_311' title='bbox 966 1889 1052 1916; x_wconf 89' lang='lat' dir='ltr'><strong>neque</strong></span> 
     </span>
    </p>
   </div>
   <div class='ocr_carea' id='block_1_41' title="bbox 255 1929 1051 1966">
    <p class='ocr_par' dir='ltr' id='par_1_41' title="bbox 255 1929 1051 1966">
     <span class='ocr_line' id='line_1_41' title="bbox 255 1929 1051 1966; baseline -0.001 -9"><span class='ocrx_word' id='word_1_312' title='bbox 255 1929 387 1964; x_wconf 77' lang='lat' dir='ltr'><strong>judicium</strong></span> <span class='ocrx_word' id='word_1_313' title='bbox 409 1929 480 1958; x_wconf 85' lang='lat' dir='ltr'><strong>feras</strong></span> <span class='ocrx_word' id='word_1_314' title='bbox 493 1929 526 1957; x_wconf 90' lang='lat' dir='ltr'><strong>de</strong></span> <span class='ocrx_word' id='word_1_315' title='bbox 540 1930 662 1966; x_wconf 83' lang='lat' dir='ltr'><strong>proximo</strong></span> <span class='ocrx_word' id='word_1_316' title='bbox 676 1938 684 1957; x_wconf 86' lang='lat'><strong>:</strong></span> <span class='ocrx_word' id='word_1_317' title='bbox 700 1930 726 1957; x_wconf 94' lang='lat' dir='ltr'><strong>id</strong></span> <span class='ocrx_word' id='word_1_318' title='bbox 745 1930 816 1957; x_wconf 87' lang='lat' dir='ltr'><strong>enim</strong></span> <span class='ocrx_word' id='word_1_319' title='bbox 830 1937 883 1957; x_wconf 92' lang='lat' dir='ltr'><strong>non</strong></span> <span class='ocrx_word' id='word_1_320' title='bbox 897 1934 939 1957; x_wconf 89' lang='lat' dir='ltr'><strong>est</strong></span> <span class='ocrx_word' id='word_1_321' title='bbox 952 1930 1051 1964; x_wconf 87' lang='lat' dir='ltr'><strong>gratia-</strong></span> 
     </span>
    </p>
   </div>
   <div class='ocr_carea' id='block_1_42' title="bbox 258 1976 1052 2013">
    <p class='ocr_par' dir='ltr' id='par_1_42' title="bbox 258 1976 1052 2013">
     <span class='ocr_line' id='line_1_42' title="bbox 258 1976 1052 2013; baseline 0 -9"><span class='ocrx_word' id='word_1_322' title='bbox 258 1983 318 2004; x_wconf 83' lang='lat' dir='ltr'><strong>rum</strong></span> <span class='ocrx_word' id='word_1_323' title='bbox 330 1976 451 2004; x_wconf 88' lang='lat' dir='ltr'><strong>actionis.</strong></span> <span class='ocrx_word' id='word_1_324' title='bbox 468 1976 496 2004; x_wconf 92' lang='lat' dir='ltr'><strong>Si</strong></span> <span class='ocrx_word' id='word_1_325' title='bbox 518 1977 665 2013; x_wconf 81' lang='lat' dir='ltr'><strong>gratiarum</strong></span> <span class='ocrx_word' id='word_1_326' title='bbox 687 1976 800 2004; x_wconf 87' lang='lat' dir='ltr'><strong>actionis</strong></span> <span class='ocrx_word' id='word_1_327' title='bbox 815 1977 923 2004; x_wconf 92' lang='lat' dir='ltr'><strong>modum</strong></span> <span class='ocrx_word' id='word_1_328' title='bbox 941 1977 981 2004; x_wconf 87' lang='lat' dir='ltr'><strong>vis</strong></span> <span class='ocrx_word' id='word_1_329' title='bbox 995 1977 1052 2004; x_wconf 90' lang='lat' dir='ltr'><strong>edi-</strong></span> 
     </span>
    </p>
   </div>
   <div class='ocr_carea' id='block_1_43' title="bbox 258 2021 1052 2057">
    <p class='ocr_par' dir='ltr' id='par_1_43' title="bbox 258 2021 1052 2057">
     <span class='ocr_line' id='line_1_43' title="bbox 258 2021 1052 2057; baseline 0 -9"><span class='ocrx_word' id='word_1_330' title='bbox 258 2028 345 2055; x_wconf 76' lang='lat' dir='ltr'><strong>scere,</strong></span> <span class='ocrx_word' id='word_1_331' title='bbox 360 2022 421 2049; x_wconf 92' lang='lat' dir='ltr'><strong>audi</strong></span> <span class='ocrx_word' id='word_1_332' title='bbox 434 2027 488 2050; x_wconf 89' lang='lat' dir='ltr'><strong>tres</strong></span> <span class='ocrx_word' id='word_1_333' title='bbox 501 2029 598 2057; x_wconf 90' lang='lat' dir='ltr'><strong>pueros</strong></span> <span class='ocrx_word' id='word_1_334' title='bbox 610 2022 730 2049; x_wconf 88' lang='lat' dir='ltr'><strong>dicentes</strong></span> <span class='ocrx_word' id='word_1_335' title='bbox 745 2031 751 2048; x_wconf 89' lang='lat'><strong>:</strong></span> <span class='ocrx_word' id='word_1_336' title='bbox 769 2021 943 2056; x_wconf 74' lang='lat' dir='ltr'><strong>Peccavimus,</strong></span> <span class='ocrx_word' id='word_1_337' title='bbox 958 2022 1052 2057; x_wconf 77' lang='lat' dir='ltr'><strong>injuste</strong></span> 
     </span>
    </p>
   </div>
   <div class='ocr_carea' id='block_1_44' title="bbox 258 2067 1052 2104">
    <p class='ocr_par' dir='ltr' id='par_1_44' title="bbox 258 2067 1052 2104">
     <span class='ocr_line' id='line_1_44' title="bbox 258 2067 1052 2104; baseline 0.001 -10"><span class='ocrx_word' id='word_1_338' title='bbox 258 2068 354 2102; x_wconf 66' lang='lat' dir='ltr'><strong>egimus</strong></span> <span class='ocrx_word' id='word_1_339' title='bbox 373 2075 382 2095; x_wconf 87' lang='lat'><strong>.&#39;</strong></span> <span class='ocrx_word' id='word_1_340' title='bbox 392 2069 479 2103; x_wconf 77' lang='lat' dir='ltr'><strong>justus</strong></span> <span class='ocrx_word' id='word_1_341' title='bbox 500 2076 537 2102; x_wconf 72' lang='lat' dir='ltr'><strong>es,</strong></span> <span class='ocrx_word' id='word_1_342' title='bbox 562 2067 685 2101; x_wconf 85' lang='lat' dir='ltr'><strong>Domine.</strong></span> <span class='ocrx_word' id='word_1_343' title='bbox 707 2068 735 2095; x_wconf 86' lang='lat' dir='ltr'><strong>in</strong></span> <span class='ocrx_word' id='word_1_344' title='bbox 754 2069 868 2096; x_wconf 77' lang='lat' dir='ltr'><strong>omnibus</strong></span> <span class='ocrx_word' id='word_1_345' title='bbox 894 2076 951 2104; x_wconf 73' lang='lat' dir='ltr'><strong>qua:</strong></span> <span class='ocrx_word' id='word_1_346' title='bbox 969 2068 1052 2104; x_wconf 78' lang='lat' dir='ltr'><strong>feciin</strong></span> 
     </span>
    </p>
   </div>
   <div class='ocr_carea' id='block_1_45' title="bbox 257 2113 1050 2151">
    <p class='ocr_par' dir='ltr' id='par_1_45' title="bbox 257 2113 1050 2151">
     <span class='ocr_line' id='line_1_45' title="bbox 257 2113 1050 2151; baseline 0.004 -12"><span class='ocrx_word' id='word_1_347' title='bbox 257 2113 340 2145; x_wconf 72' lang='lat' dir='ltr'><strong>nobis.</strong></span> <span class='ocrx_word' id='word_1_348' title='bbox 355 2114 415 2149; x_wconf 85' lang='lat' dir='ltr'><strong>quia</strong></span> <span class='ocrx_word' id='word_1_349' title='bbox 434 2114 460 2140; x_wconf 86' lang='lat' dir='ltr'><strong>in</strong></span> <span class='ocrx_word' id='word_1_350' title='bbox 483 2122 541 2142; x_wconf 74' lang='lat' dir='ltr'><strong>vero</strong></span> <span class='ocrx_word' id='word_1_351' title='bbox 557 2114 658 2150; x_wconf 83' lang='lat' dir='ltr'><strong>judicio</strong></span> <span class='ocrx_word' id='word_1_352' title='bbox 682 2114 768 2141; x_wconf 81' lang='lat' dir='ltr'><strong>omnia</strong></span> <span class='ocrx_word' id='word_1_353' title='bbox 790 2114 914 2142; x_wconf 65' lang='lat' dir='ltr'><strong>induciin</strong></span> <span class='ocrx_word' id='word_1_354' title='bbox 927 2114 1008 2151; x_wconf 86' lang='lat' dir='ltr'><strong>(Dan.</strong></span> <span class='ocrx_word' id='word_1_355' title='bbox 1021 2115 1050 2142; x_wconf 79' lang='grc'><strong>5.</strong></span> 
     </span>
    </p>
   </div>
   <div class='ocr_carea' id='block_1_46' title="bbox 257 2158 1052 2195">
    <p class='ocr_par' dir='ltr' id='par_1_46' title="bbox 257 2158 1052 2195">
     <span class='ocr_line' id='line_1_46' title="bbox 257 2158 1052 2195; baseline 0.004 -10"><span class='ocrx_word' id='word_1_356' title='bbox 257 2158 303 2186; x_wconf 78' lang='lat'><strong>29.</strong></span> <span class='ocrx_word' id='word_1_357' title='bbox 318 2158 363 2186; x_wconf 78' lang='grc'><strong>27.</strong></span> <span class='ocrx_word' id='word_1_358' title='bbox 377 2159 434 2194; x_wconf 75' lang='grc'><strong>51).</strong></span> <span class='ocrx_word' id='word_1_359' title='bbox 449 2159 560 2194; x_wconf 86' lang='lat' dir='ltr'><strong>Propria</strong></span> <span class='ocrx_word' id='word_1_360' title='bbox 573 2160 644 2187; x_wconf 90' lang='lat' dir='ltr'><strong>enim</strong></span> <span class='ocrx_word' id='word_1_361' title='bbox 658 2165 764 2195; x_wconf 88' lang='lat' dir='ltr'><strong>peccata</strong></span> <span class='ocrx_word' id='word_1_362' title='bbox 784 2160 917 2192; x_wconf 79' lang='lat' dir='ltr'><strong>confiteri,</strong></span> <span class='ocrx_word' id='word_1_363' title='bbox 933 2160 995 2188; x_wconf 91' lang='lat' dir='ltr'><strong>illud</strong></span> <span class='ocrx_word' id='word_1_364' title='bbox 1009 2165 1052 2188; x_wconf 87' lang='lat' dir='ltr'><strong>est</strong></span> 
     </span>
    </p>
   </div>
   <div class='ocr_carea' id='block_1_47' title="bbox 257 2204 1050 2241">
    <p class='ocr_par' dir='ltr' id='par_1_47' title="bbox 257 2204 1050 2241">
     <span class='ocr_line' id='line_1_47' title="bbox 257 2204 1050 2241; baseline 0.005 -12"><span class='ocrx_word' id='word_1_365' title='bbox 257 2204 356 2237; x_wconf 80' lang='lat' dir='ltr'><strong>gratias</strong></span> <span class='ocrx_word' id='word_1_366' title='bbox 370 2212 448 2240; x_wconf 86' lang='lat' dir='ltr'><strong>agere</strong></span> <span class='ocrx_word' id='word_1_367' title='bbox 464 2205 517 2232; x_wconf 92' lang='lat' dir='ltr'><strong>Deo</strong></span> <span class='ocrx_word' id='word_1_368' title='bbox 537 2206 720 2239; x_wconf 87' lang='lat' dir='ltr'><strong>confitentem,</strong></span> <span class='ocrx_word' id='word_1_369' title='bbox 735 2206 779 2241; x_wconf 93' lang='lat' dir='ltr'><strong>qui</strong></span> <span class='ocrx_word' id='word_1_370' title='bbox 793 2206 910 2233; x_wconf 88' lang='lat' dir='ltr'><strong>declarat</strong></span> <span class='ocrx_word' id='word_1_371' title='bbox 926 2214 955 2234; x_wconf 93' lang='lat' dir='ltr'><strong>se</strong></span> <span class='ocrx_word' id='word_1_372' title='bbox 971 2206 1050 2234; x_wconf 90' lang='lat' dir='ltr'><strong>innu-</strong></span> 
     </span>
    </p>
   </div>
   <div class='ocr_carea' id='block_1_48' title="bbox 257 2250 1050 2288">
    <p class='ocr_par' dir='ltr' id='par_1_48' title="bbox 257 2250 1050 2288">
     <span class='ocr_line' id='line_1_48' title="bbox 257 2250 1050 2288; baseline 0.004 -12"><span class='ocrx_word' id='word_1_373' title='bbox 257 2250 338 2278; x_wconf 80' lang='lat' dir='ltr'><strong>meris</strong></span> <span class='ocrx_word' id='word_1_374' title='bbox 361 2250 505 2280; x_wconf 88' lang='lat' dir='ltr'><strong>obnoxium</strong></span> <span class='ocrx_word' id='word_1_375' title='bbox 527 2259 588 2279; x_wconf 86' lang='lat' dir='ltr'><strong>esse</strong></span> <span class='ocrx_word' id='word_1_376' title='bbox 611 2252 737 2286; x_wconf 86' lang='lat' dir='ltr'><strong>peccatis,</strong></span> <span class='ocrx_word' id='word_1_377' title='bbox 762 2260 812 2279; x_wconf 90' lang='lat' dir='ltr'><strong>nec</strong></span> <span class='ocrx_word' id='word_1_378' title='bbox 833 2252 923 2280; x_wconf 89' lang='lat' dir='ltr'><strong>subire</strong></span> <span class='ocrx_word' id='word_1_379' title='bbox 943 2260 1050 2288; x_wconf 73' lang='lat' dir='ltr'><strong>pmnam</strong></span> 
     </span>
    </p>
   </div>
   <div class='ocr_carea' id='block_1_49' title="bbox 256 2297 1049 2334">
    <p class='ocr_par' dir='ltr' id='par_1_49' title="bbox 256 2297 1049 2334">
     <span class='ocr_line' id='line_1_49' title="bbox 256 2297 1049 2334; baseline 0.004 -11"><span class='ocrx_word' id='word_1_380' title='bbox 256 2302 401 2324; x_wconf 84' lang='lat' dir='ltr'><strong>recusare:</strong></span> <span class='ocrx_word' id='word_1_381' title='bbox 417 2297 460 2324; x_wconf 90' lang='lat' dir='ltr'><strong>hic</strong></span> <span class='ocrx_word' id='word_1_382' title='bbox 479 2297 598 2324; x_wconf 90' lang='lat' dir='ltr'><strong>omnium</strong></span> <span class='ocrx_word' id='word_1_383' title='bbox 613 2298 727 2325; x_wconf 81' lang='lat' dir='ltr'><strong>maxime</strong></span> <span class='ocrx_word' id='word_1_384' title='bbox 748 2298 847 2333; x_wconf 78' lang='lat' dir='ltr'><strong>gratias</strong></span> <span class='ocrx_word' id='word_1_385' title='bbox 868 2299 931 2334; x_wconf 83' lang='lat' dir='ltr'><strong>agit.</strong></span> <span class='ocrx_word' id='word_1_386' title='bbox 947 2299 1049 2326; x_wconf 83' lang='lat' dir='ltr'><strong>Cavea-</strong></span> 
     </span>
    </p>
   </div>
   <div class='ocr_carea' id='block_1_50' title="bbox 257 2343 1049 2380">
    <p class='ocr_par' dir='ltr' id='par_1_50' title="bbox 257 2343 1049 2380">
     <span class='ocr_line' id='line_1_50' title="bbox 257 2343 1049 2380; baseline 0.006 -11"><span class='ocrx_word' id='word_1_387' title='bbox 257 2350 317 2370; x_wconf 92' lang='lat' dir='ltr'><strong>mus</strong></span> <span class='ocrx_word' id='word_1_388' title='bbox 333 2343 412 2379; x_wconf 79' lang='lat' dir='ltr'><strong>igitur</strong></span> <span class='ocrx_word' id='word_1_389' title='bbox 426 2352 460 2372; x_wconf 92' lang='lat' dir='ltr'><strong>ne</strong></span> <span class='ocrx_word' id='word_1_390' title='bbox 474 2344 507 2371; x_wconf 90' lang='lat' dir='ltr'><strong>ad</strong></span> <span class='ocrx_word' id='word_1_391' title='bbox 521 2344 625 2372; x_wconf 89' lang='lat' dir='ltr'><strong>laudem</strong></span> <span class='ocrx_word' id='word_1_392' title='bbox 643 2350 760 2372; x_wconf 86' lang='lat' dir='ltr'><strong>nostrain</strong></span> <span class='ocrx_word' id='word_1_393' title='bbox 775 2345 836 2380; x_wconf 92' lang='lat' dir='ltr'><strong>quid</strong></span> <span class='ocrx_word' id='word_1_394' title='bbox 849 2345 990 2380; x_wconf 85' lang='lat' dir='ltr'><strong>loquamur</strong></span> <span class='ocrx_word' id='word_1_395' title='bbox 1004 2355 1010 2372; x_wconf 89' lang='lat'>:</span> <span class='ocrx_word' id='word_1_396' title='bbox 1024 2346 1049 2374; x_wconf 92' lang='lat' dir='ltr'><strong>id</strong></span> 
     </span>
    </p>
   </div>
   <div class='ocr_carea' id='block_1_51' title="bbox 257 2389 1050 2420">
    <p class='ocr_par' dir='ltr' id='par_1_51' title="bbox 257 2389 1050 2420">
     <span class='ocr_line' id='line_1_51' title="bbox 257 2389 1050 2420; baseline 0.005 -4"><span class='ocrx_word' id='word_1_397' title='bbox 257 2389 329 2417; x_wconf 83' lang='lat' dir='ltr'><strong>cnim</strong></span> <span class='ocrx_word' id='word_1_398' title='bbox 351 2397 401 2417; x_wconf 89' lang='lat' dir='ltr'><strong>nos</strong></span> <span class='ocrx_word' id='word_1_399' title='bbox 414 2395 442 2418; x_wconf 93' lang='lat' dir='ltr'><strong>et</strong></span> <span class='ocrx_word' id='word_1_400' title='bbox 463 2391 616 2418; x_wconf 87' lang='lat' dir='ltr'><strong>hominibus</strong></span> <span class='ocrx_word' id='word_1_401' title='bbox 635 2392 743 2419; x_wconf 83' lang='lat' dir='ltr'><strong>odiosus</strong></span> <span class='ocrx_word' id='word_1_402' title='bbox 762 2397 788 2419; x_wconf 86' lang='lat' dir='ltr'><strong>et</strong></span> <span class='ocrx_word' id='word_1_403' title='bbox 803 2392 859 2419; x_wconf 87' lang='lat' dir='ltr'><strong>Deo</strong></span> <span class='ocrx_word' id='word_1_404' title='bbox 871 2393 1050 2420; x_wconf 88' lang='lat' dir='ltr'><strong>exsecrandos</strong></span> 
     </span>
    </p>
   </div>
   <div class='ocr_carea' id='block_1_52' title="bbox 255 2436 1049 2472">
    <p class='ocr_par' dir='ltr' id='par_1_52' title="bbox 255 2436 1049 2472">
     <span class='ocr_line' id='line_1_52' title="bbox 255 2436 1049 2472; baseline 0.004 -9"><span class='ocrx_word' id='word_1_405' title='bbox 255 2436 354 2464; x_wconf 85' lang='lat' dir='ltr'><strong>reddit.</strong></span> <span class='ocrx_word' id='word_1_406' title='bbox 372 2436 474 2464; x_wconf 90' lang='lat' dir='ltr'><strong>ldcirco</strong></span> <span class='ocrx_word' id='word_1_407' title='bbox 493 2445 545 2472; x_wconf 87' lang='lat' dir='ltr'><strong>quo</strong></span> <span class='ocrx_word' id='word_1_408' title='bbox 560 2438 659 2472; x_wconf 86' lang='lat' dir='ltr'><strong>majora</strong></span> <span class='ocrx_word' id='word_1_409' title='bbox 675 2438 826 2470; x_wconf 86' lang='lat' dir='ltr'><strong>fecerimus,</strong></span> <span class='ocrx_word' id='word_1_410' title='bbox 849 2447 883 2466; x_wconf 90' lang='lat' dir='ltr'><strong>eo</strong></span> <span class='ocrx_word' id='word_1_411' title='bbox 898 2439 1000 2466; x_wconf 87' lang='lat' dir='ltr'><strong>minora</strong></span> <span class='ocrx_word' id='word_1_412' title='bbox 1016 2440 1049 2466; x_wconf 91' lang='lat' dir='ltr'><strong>de</strong></span> 
     </span>
    </p>
   </div>
   <div class='ocr_carea' id='block_1_53' title="bbox 256 2481 1049 2519">
    <p class='ocr_par' dir='ltr' id='par_1_53' title="bbox 256 2481 1049 2519">
     <span class='ocr_line' id='line_1_53' title="bbox 256 2481 1049 2519; baseline 0.003 -11"><span class='ocrx_word' id='word_1_413' title='bbox 256 2481 334 2509; x_wconf 88' lang='lat' dir='ltr'><strong>nobis</strong></span> <span class='ocrx_word' id='word_1_414' title='bbox 346 2482 483 2514; x_wconf 83' lang='lat' dir='ltr'><strong>dicamus;</strong></span> <span class='ocrx_word' id='word_1_415' title='bbox 498 2483 531 2510; x_wconf 87' lang='lat' dir='ltr'><strong>ita</strong></span> <span class='ocrx_word' id='word_1_416' title='bbox 546 2484 617 2511; x_wconf 89' lang='lat' dir='ltr'><strong>enim</strong></span> <span class='ocrx_word' id='word_1_417' title='bbox 636 2491 758 2519; x_wconf 85' lang='lat' dir='ltr'><strong>magnam</strong></span> <span class='ocrx_word' id='word_1_418' title='bbox 780 2491 974 2518; x_wconf 83' lang='lat' dir='ltr'><strong>consequemur</strong></span> <span class='ocrx_word' id='word_1_419' title='bbox 990 2484 1049 2519; x_wconf 78' lang='lat' dir='ltr'><strong>glo-</strong></span> 
     </span>
    </p>
   </div>
   <div class='ocr_carea' id='block_1_54' title="bbox 257 2528 1048 2565">
    <p class='ocr_par' dir='ltr' id='par_1_54' title="bbox 257 2528 1048 2565">
     <span class='ocr_line' id='line_1_54' title="bbox 257 2528 1048 2565; baseline 0.005 -11"><span class='ocrx_word' id='word_1_420' title='bbox 257 2528 325 2554; x_wconf 85' lang='lat' dir='ltr'><strong>riam</strong></span> <span class='ocrx_word' id='word_1_421' title='bbox 337 2535 397 2556; x_wconf 92' lang='lat' dir='ltr'><strong>cum</strong></span> <span class='ocrx_word' id='word_1_422' title='bbox 413 2528 483 2563; x_wconf 90' lang='lat' dir='ltr'><strong>apud</strong></span> <span class='ocrx_word' id='word_1_423' title='bbox 504 2529 636 2563; x_wconf 88' lang='lat' dir='ltr'><strong>homines,</strong></span> <span class='ocrx_word' id='word_1_424' title='bbox 651 2535 706 2557; x_wconf 89' lang='lat' dir='ltr'><strong>tum</strong></span> <span class='ocrx_word' id='word_1_425' title='bbox 726 2530 795 2565; x_wconf 89' lang='lat' dir='ltr'><strong>apud</strong></span> <span class='ocrx_word' id='word_1_426' title='bbox 810 2530 904 2563; x_wconf 86' lang='lat' dir='ltr'><strong>Deum,</strong></span> <span class='ocrx_word' id='word_1_427' title='bbox 921 2531 975 2558; x_wconf 89' lang='lat' dir='ltr'><strong>imo</strong></span> <span class='ocrx_word' id='word_1_428' title='bbox 995 2539 1048 2559; x_wconf 92' lang='lat' dir='ltr'><strong>non</strong></span> 
     </span>
    </p>
   </div>
   <div class='ocr_carea' id='block_1_55' title="bbox 257 2573 1048 2611">
    <p class='ocr_par' dir='ltr' id='par_1_55' title="bbox 257 2573 1048 2611">
     <span class='ocr_line' id='line_1_55' title="bbox 257 2573 1048 2611; baseline 0.006 -12"><span class='ocrx_word' id='word_1_429' title='bbox 257 2577 359 2600; x_wconf 89' lang='lat' dir='ltr'><strong>tantum</strong></span> <span class='ocrx_word' id='word_1_430' title='bbox 373 2573 483 2608; x_wconf 88' lang='lat' dir='ltr'><strong>gloriam</strong></span> <span class='ocrx_word' id='word_1_431' title='bbox 494 2574 564 2608; x_wconf 87' lang='lat' dir='ltr'><strong>apud</strong></span> <span class='ocrx_word' id='word_1_432' title='bbox 576 2575 670 2608; x_wconf 86' lang='lat' dir='ltr'><strong>Deum,</strong></span> <span class='ocrx_word' id='word_1_433' title='bbox 685 2575 732 2603; x_wconf 90' lang='lat' dir='ltr'><strong>sed</strong></span> <span class='ocrx_word' id='word_1_434' title='bbox 748 2583 869 2611; x_wconf 87' lang='lat' dir='ltr'><strong>magnam</strong></span> <span class='ocrx_word' id='word_1_435' title='bbox 885 2577 1048 2605; x_wconf 86' lang='lat' dir='ltr'><strong>mercedem.</strong></span> 
     </span>
    </p>
   </div>
   <div class='ocr_carea' id='block_1_56' title="bbox 257 2617 1049 2657">
    <p class='ocr_par' dir='ltr' id='par_1_56' title="bbox 257 2617 1049 2657">
     <span class='ocr_line' id='line_1_56' title="bbox 257 2617 1049 2657; baseline 0.006 -12"><span class='ocrx_word' id='word_1_436' title='bbox 257 2617 296 2657; x_wconf 57' lang='lat' dir='ltr'><strong>Ne</strong></span> <span class='ocrx_word' id='word_1_437' title='bbox 315 2617 394 2653; x_wconf 84' lang='lat' dir='ltr'><strong>igitur</strong></span> <span class='ocrx_word' id='word_1_438' title='bbox 409 2619 559 2647; x_wconf 84' lang='lat' dir='ltr'><strong>mercedem</strong></span> <span class='ocrx_word' id='word_1_439' title='bbox 578 2620 678 2656; x_wconf 80' lang='lat' dir='ltr'><strong>exigas,</strong></span> <span class='ocrx_word' id='word_1_440' title='bbox 702 2625 731 2649; x_wconf 91' lang='lat' dir='ltr'><strong>ut</strong></span> <span class='ocrx_word' id='word_1_441' title='bbox 751 2620 903 2649; x_wconf 89' lang='lat' dir='ltr'><strong>mercedem</strong></span> <span class='ocrx_word' id='word_1_442' title='bbox 923 2622 1049 2657; x_wconf 88' lang='lat' dir='ltr'><strong>recipias.</strong></span> 
     </span>
    </p>
   </div>
   <div class='ocr_carea' id='block_1_57' title="bbox 255 2656 1044 2699">
    <p class='ocr_par' dir='ltr' id='par_1_57' title="bbox 255 2656 1044 2699">
     <span class='ocr_line' id='line_1_57' title="bbox 255 2656 1044 2699; baseline 0.011 -16"><span class='ocrx_word' id='word_1_443' title='bbox 255 2656 393 2685; x_wconf 70' lang='lat' dir='ltr'><strong>Conﬁtere</strong></span> <span class='ocrx_word' id='word_1_444' title='bbox 403 2662 429 2685; x_wconf 86' lang='lat' dir='ltr'><strong>te</strong></span> <span class='ocrx_word' id='word_1_445' title='bbox 437 2666 487 2693; x_wconf 90' lang='lat' dir='ltr'><strong>pcr</strong></span> <span class='ocrx_word' id='word_1_446' title='bbox 494 2661 610 2694; x_wconf 84' lang='lat' dir='ltr'><strong>gratiam</strong></span> <span class='ocrx_word' id='word_1_447' title='bbox 620 2662 736 2691; x_wconf 86' lang='lat' dir='ltr'><strong>salutem</strong></span> <span class='ocrx_word' id='word_1_448' title='bbox 745 2665 886 2699; x_wconf 89' lang='lat' dir='ltr'><strong>consequi,</strong></span> <span class='ocrx_word' id='word_1_449' title='bbox 898 2668 927 2691; x_wconf 91' lang='lat' dir='ltr'><strong>ut</strong></span> <span class='ocrx_word' id='word_1_450' title='bbox 938 2656 988 2692; x_wconf 87' lang='lat' dir='ltr'><strong>tibi</strong></span> <span class='ocrx_word' id='word_1_451' title='bbox 998 2664 1044 2692; x_wconf 87' lang='lat' dir='ltr'><strong>ille</strong></span> 
     </span>
    </p>
   </div>
   <div class='ocr_carea' id='block_1_58' title="bbox 292 2764 592 2799">
    <p class='ocr_par' dir='ltr' id='par_1_58' title="bbox 292 2764 592 2799">
     <span class='ocr_line' id='line_1_58' title="bbox 292 2764 592 2799; baseline 0.003 -9"><span class='ocrx_word' id='word_1_452' title='bbox 292 2765 301 2780; x_wconf 79' lang='grc'><strong><em>³</em></strong></span> <span class='ocrx_word' id='word_1_453' title='bbox 316 2764 414 2796; x_wconf 73' lang='grc' dir='ltr'><strong>Μαι-ει..</strong></span> <span class='ocrx_word' id='word_1_454' title='bbox 428 2772 482 2791; x_wconf 88' lang='lat' dir='ltr'><strong>cum</strong></span> <span class='ocrx_word' id='word_1_455' title='bbox 493 2765 592 2799; x_wconf 80' lang='lat' dir='ltr'><strong>gaudio.</strong></span> 
     </span>
    </p>
   </div>
   <div class='ocr_carea' id='block_1_59' title="bbox 1096 146 1887 184">
    <p class='ocr_par' dir='ltr' id='par_1_59' title="bbox 1096 146 1887 184">
     <span class='ocr_line' id='line_1_59' title="bbox 1096 146 1887 184; baseline 0.001 -9"><span class='ocrx_word' id='word_1_456' title='bbox 1096 155 1127 175; x_wconf 85' lang='lat' dir='ltr'><strong>se</strong></span> <span class='ocrx_word' id='word_1_457' title='bbox 1144 146 1292 174; x_wconf 87' lang='lat' dir='ltr'><strong>debitorem</strong></span> <span class='ocrx_word' id='word_1_458' title='bbox 1317 154 1377 174; x_wconf 86' lang='lat' dir='ltr'><strong>esse</strong></span> <span class='ocrx_word' id='word_1_459' title='bbox 1396 147 1564 179; x_wconf 78' lang='lat' dir='ltr'><strong>conﬁteatur,</strong></span> <span class='ocrx_word' id='word_1_460' title='bbox 1584 154 1638 174; x_wconf 90' lang='lat' dir='ltr'><strong>non</strong></span> <span class='ocrx_word' id='word_1_461' title='bbox 1659 147 1694 175; x_wconf 92' lang='lat' dir='ltr'><strong>ob</strong></span> <span class='ocrx_word' id='word_1_462' title='bbox 1708 146 1791 182; x_wconf 88' lang='lat' dir='ltr'><strong>probe</strong></span> <span class='ocrx_word' id='word_1_463' title='bbox 1811 155 1887 184; x_wconf 83' lang='lat' dir='ltr'><strong>gesta</strong></span> 
     </span>
    </p>
   </div>
   <div class='ocr_carea' id='block_1_60' title="bbox 1097 192 1888 228">
    <p class='ocr_par' dir='ltr' id='par_1_60' title="bbox 1097 192 1888 228">
     <span class='ocr_line' id='line_1_60' title="bbox 1097 192 1888 228; baseline 0 -8"><span class='ocrx_word' id='word_1_464' title='bbox 1097 198 1209 225; x_wconf 88' lang='lat' dir='ltr'><strong>tantum,</strong></span> <span class='ocrx_word' id='word_1_465' title='bbox 1233 192 1280 220; x_wconf 81' lang='lat' dir='ltr'><strong>sed</strong></span> <span class='ocrx_word' id='word_1_466' title='bbox 1304 192 1339 219; x_wconf 91' lang='lat' dir='ltr'><strong>ob</strong></span> <span class='ocrx_word' id='word_1_467' title='bbox 1357 196 1460 228; x_wconf 75' lang='lat' dir='ltr'><strong>gratum</strong></span> <span class='ocrx_word' id='word_1_468' title='bbox 1482 192 1599 219; x_wconf 87' lang='lat' dir='ltr'><strong>animum</strong></span> <span class='ocrx_word' id='word_1_469' title='bbox 1620 196 1705 219; x_wconf 90' lang='lat' dir='ltr'><strong>tuum.</strong></span> <span class='ocrx_word' id='word_1_470' title='bbox 1725 193 1793 221; x_wconf 89' lang='lat' dir='ltr'><strong>Cum</strong></span> <span class='ocrx_word' id='word_1_471' title='bbox 1815 195 1888 221; x_wconf 84' lang='lat' dir='ltr'><strong>enim</strong></span> 
     </span>
    </p>
   </div>
   <div class='ocr_carea' id='block_1_61' title="bbox 1097 238 1887 275">
    <p class='ocr_par' dir='ltr' id='par_1_61' title="bbox 1097 238 1887 275">
     <span class='ocr_line' id='line_1_61' title="bbox 1097 238 1887 275; baseline 0.003 -9"><span class='ocrx_word' id='word_1_472' title='bbox 1097 245 1170 268; x_wconf 88' lang='lat' dir='ltr'><strong>recte</strong></span> <span class='ocrx_word' id='word_1_473' title='bbox 1193 246 1345 275; x_wconf 85' lang='lat' dir='ltr'><strong>operantur,</strong></span> <span class='ocrx_word' id='word_1_474' title='bbox 1369 239 1495 273; x_wconf 81' lang='lat' dir='ltr'><strong>operibus</strong></span> <span class='ocrx_word' id='word_1_475' title='bbox 1509 243 1609 266; x_wconf 81' lang='lat' dir='ltr'><strong>tantum</strong></span> <span class='ocrx_word' id='word_1_476' title='bbox 1630 238 1779 266; x_wconf 87' lang='lat' dir='ltr'><strong>debitorem</strong></span> <span class='ocrx_word' id='word_1_477' title='bbox 1801 240 1887 274; x_wconf 60' lang='grc' dir='ltr'><strong>ἰρηυιη</strong></span> 
     </span>
    </p>
   </div>
   <div class='ocr_carea' id='block_1_62' title="bbox 1097 284 1884 320">
    <p class='ocr_par' dir='ltr' id='par_1_62' title="bbox 1097 284 1884 320">
     <span class='ocr_line' id='line_1_62' title="bbox 1097 284 1884 320; baseline -0.001 -7"><span class='ocrx_word' id='word_1_478' title='bbox 1097 286 1227 313; x_wconf 87' lang='lat' dir='ltr'><strong>habemus</strong></span> <span class='ocrx_word' id='word_1_479' title='bbox 1240 294 1246 314; x_wconf 85' lang='lat'><strong>:</strong></span> <span class='ocrx_word' id='word_1_480' title='bbox 1258 293 1317 312; x_wconf 88' lang='lat' dir='ltr'><strong>cum</strong></span> <span class='ocrx_word' id='word_1_481' title='bbox 1332 292 1384 316; x_wconf 83' lang='lat' dir='ltr'><strong>non</strong></span> <span class='ocrx_word' id='word_1_482' title='bbox 1395 289 1519 320; x_wconf 85' lang='lat' dir='ltr'><strong>putamus</strong></span> <span class='ocrx_word' id='word_1_483' title='bbox 1531 291 1578 311; x_wconf 89' lang='lat' dir='ltr'><strong>nos</strong></span> <span class='ocrx_word' id='word_1_484' title='bbox 1588 284 1685 320; x_wconf 90' lang='lat' dir='ltr'><strong>aliquid</strong></span> <span class='ocrx_word' id='word_1_485' title='bbox 1696 290 1768 312; x_wconf 88' lang='lat' dir='ltr'><strong>recte</strong></span> <span class='ocrx_word' id='word_1_486' title='bbox 1781 285 1884 320; x_wconf 65' lang='lat' dir='ltr'><strong>fecisse,</strong></span> 
     </span>
    </p>
   </div>
   <div class='ocr_carea' id='block_1_63' title="bbox 1098 329 1886 366">
    <p class='ocr_par' dir='ltr' id='par_1_63' title="bbox 1098 329 1886 366">
     <span class='ocr_line' id='line_1_63' title="bbox 1098 329 1886 366; baseline -0.001 -8"><span class='ocrx_word' id='word_1_487' title='bbox 1098 339 1146 366; x_wconf 89' lang='lat' dir='ltr'><strong>pro</strong></span> <span class='ocrx_word' id='word_1_488' title='bbox 1165 331 1211 358; x_wconf 89' lang='lat' dir='ltr'><strong>illo</strong></span> <span class='ocrx_word' id='word_1_489' title='bbox 1226 331 1284 366; x_wconf 90' lang='lat' dir='ltr'><strong>ipso</strong></span> <span class='ocrx_word' id='word_1_490' title='bbox 1296 329 1392 357; x_wconf 86' lang='lat' dir='ltr'><strong>affectu</strong></span> <span class='ocrx_word' id='word_1_491' title='bbox 1408 329 1491 365; x_wconf 75' lang='lat' dir='ltr'><strong>magis</strong></span> <span class='ocrx_word' id='word_1_492' title='bbox 1507 337 1586 363; x_wconf 88' lang='lat' dir='ltr'><strong>quam</strong></span> <span class='ocrx_word' id='word_1_493' title='bbox 1608 337 1656 364; x_wconf 90' lang='lat' dir='ltr'><strong>pro</strong></span> <span class='ocrx_word' id='word_1_494' title='bbox 1670 330 1797 365; x_wconf 88' lang='lat' dir='ltr'><strong>operibus</strong></span> <span class='ocrx_word' id='word_1_495' title='bbox 1811 331 1886 358; x_wconf 86' lang='lat' dir='ltr'><strong>dehi-</strong></span> 
     </span>
    </p>
   </div>
   <div class='ocr_carea' id='block_1_64' title="bbox 1099 375 1887 412">
    <p class='ocr_par' dir='ltr' id='par_1_64' title="bbox 1099 375 1887 412">
     <span class='ocr_line' id='line_1_64' title="bbox 1099 375 1887 412; baseline -0.003 -8"><span class='ocrx_word' id='word_1_496' title='bbox 1099 381 1183 404; x_wconf 86' lang='lat' dir='ltr'><strong>torem</strong></span> <span class='ocrx_word' id='word_1_497' title='bbox 1197 377 1326 404; x_wconf 84' lang='lat' dir='ltr'><strong>habemus</strong></span> <span class='ocrx_word' id='word_1_498' title='bbox 1339 384 1346 403; x_wconf 88' lang='lat'><strong>:</strong></span> <span class='ocrx_word' id='word_1_499' title='bbox 1358 376 1394 403; x_wconf 85' lang='lat' dir='ltr'><strong>ita</strong></span> <span class='ocrx_word' id='word_1_500' title='bbox 1415 379 1444 402; x_wconf 90' lang='lat' dir='ltr'><strong>ut</strong></span> <span class='ocrx_word' id='word_1_501' title='bbox 1462 375 1489 402; x_wconf 92' lang='lat' dir='ltr'><strong>id</strong></span> <span class='ocrx_word' id='word_1_502' title='bbox 1506 375 1571 410; x_wconf 89' lang='lat' dir='ltr'><strong>ipsis</strong></span> <span class='ocrx_word' id='word_1_503' title='bbox 1584 375 1619 402; x_wconf 91' lang='lat' dir='ltr'><strong>sit</strong></span> <span class='ocrx_word' id='word_1_504' title='bbox 1631 376 1758 410; x_wconf 80' lang='lat' dir='ltr'><strong>operibus</strong></span> <span class='ocrx_word' id='word_1_505' title='bbox 1770 377 1887 412; x_wconf 63' lang='lat' dir='ltr'><strong>aequipa-</strong></span> 
     </span>
    </p>
   </div>
   <div class='ocr_carea' id='block_1_65' title="bbox 1097 421 1888 457">
    <p class='ocr_par' dir='ltr' id='par_1_65' title="bbox 1097 421 1888 457">
     <span class='ocr_line' id='line_1_65' title="bbox 1097 421 1888 457; baseline 0 -7"><span class='ocrx_word' id='word_1_506' title='bbox 1097 423 1219 451; x_wconf 86' lang='lat' dir='ltr'><strong>randum.</strong></span> <span class='ocrx_word' id='word_1_507' title='bbox 1243 422 1271 450; x_wconf 87' lang='lat' dir='ltr'><strong>Si</strong></span> <span class='ocrx_word' id='word_1_508' title='bbox 1298 423 1348 450; x_wconf 93' lang='lat' dir='ltr'><strong>hoc</strong></span> <span class='ocrx_word' id='word_1_509' title='bbox 1369 421 1439 449; x_wconf 87' lang='lat' dir='ltr'><strong>enim</strong></span> <span class='ocrx_word' id='word_1_510' title='bbox 1464 430 1517 449; x_wconf 91' lang='lat' dir='ltr'><strong>non</strong></span> <span class='ocrx_word' id='word_1_511' title='bbox 1542 421 1631 455; x_wconf 87' lang='lat' dir='ltr'><strong>adsit,</strong></span> <span class='ocrx_word' id='word_1_512' title='bbox 1655 421 1700 449; x_wconf 88' lang='lat' dir='ltr'><strong>illa</strong></span> <span class='ocrx_word' id='word_1_513' title='bbox 1724 429 1806 457; x_wconf 78' lang='lat' dir='ltr'><strong>opera</strong></span> <span class='ocrx_word' id='word_1_514' title='bbox 1835 431 1888 450; x_wconf 91' lang='lat' dir='ltr'><strong>non</strong></span> 
     </span>
    </p>
   </div>
   <div class='ocr_carea' id='block_1_66' title="bbox 1099 467 1893 504">
    <p class='ocr_par' dir='ltr' id='par_1_66' title="bbox 1099 467 1893 504">
     <span class='ocr_line' id='line_1_66' title="bbox 1099 467 1893 504; baseline 0.001 -8"><span class='ocrx_word' id='word_1_515' title='bbox 1099 477 1194 504; x_wconf 83' lang='lat' dir='ltr'><strong>magna</strong></span> <span class='ocrx_word' id='word_1_516' title='bbox 1217 469 1385 496; x_wconf 86' lang='lat' dir='ltr'><strong>videbuntur.</strong></span> <span class='ocrx_word' id='word_1_517' title='bbox 1415 467 1551 504; x_wconf 90' lang='lat' dir='ltr'><strong>Siquidem</strong></span> <span class='ocrx_word' id='word_1_518' title='bbox 1572 472 1600 495; x_wconf 92' lang='lat' dir='ltr'><strong>et</strong></span> <span class='ocrx_word' id='word_1_519' title='bbox 1627 475 1677 496; x_wconf 89' lang='lat' dir='ltr'><strong>nos</strong></span> <span class='ocrx_word' id='word_1_520' title='bbox 1697 476 1804 504; x_wconf 85' lang='lat' dir='ltr'><strong>quoque</strong></span> <span class='ocrx_word' id='word_1_521' title='bbox 1828 474 1893 497; x_wconf 90' lang='lat' dir='ltr'><strong>tunc</strong></span> 
     </span>
    </p>
   </div>
   <div class='ocr_carea' id='block_1_67' title="bbox 1099 513 1891 550">
    <p class='ocr_par' dir='ltr' id='par_1_67' title="bbox 1099 513 1891 550">
     <span class='ocr_line' id='line_1_67' title="bbox 1099 513 1891 550; baseline 0 -8"><span class='ocrx_word' id='word_1_522' title='bbox 1099 516 1214 543; x_wconf 78' lang='lat' dir='ltr'><strong>maxime</strong></span> <span class='ocrx_word' id='word_1_523' title='bbox 1231 514 1344 544; x_wconf 86' lang='lat' dir='ltr'><strong>famulos</strong></span> <span class='ocrx_word' id='word_1_524' title='bbox 1365 519 1471 542; x_wconf 83' lang='lat' dir='ltr'><strong>nostros</strong></span> <span class='ocrx_word' id='word_1_525' title='bbox 1492 519 1616 549; x_wconf 85' lang='lat' dir='ltr'><strong>acceptos</strong></span> <span class='ocrx_word' id='word_1_526' title='bbox 1630 513 1769 547; x_wconf 88' lang='lat' dir='ltr'><strong>habemus,</strong></span> <span class='ocrx_word' id='word_1_527' title='bbox 1783 515 1891 550; x_wconf 82' lang='lat' dir='ltr'><strong>quando</strong></span> 
     </span>
    </p>
   </div>
   <div class='ocr_carea' id='block_1_68' title="bbox 1097 559 1893 597">
    <p class='ocr_par' dir='ltr' id='par_1_68' title="bbox 1097 559 1893 597">
     <span class='ocr_line' id='line_1_68' title="bbox 1097 559 1893 597; baseline 0 -9"><span class='ocrx_word' id='word_1_528' title='bbox 1097 561 1187 588; x_wconf 88' lang='lat' dir='ltr'><strong>omnia</strong></span> <span class='ocrx_word' id='word_1_529' title='bbox 1200 569 1259 588; x_wconf 90' lang='lat' dir='ltr'><strong>cum</strong></span> <span class='ocrx_word' id='word_1_530' title='bbox 1272 560 1457 589; x_wconf 81' lang='lat' dir='ltr'><strong>benevolentia</strong></span> <span class='ocrx_word' id='word_1_531' title='bbox 1470 564 1588 595; x_wconf 79' lang='lat' dir='ltr'><strong>agentes,</strong></span> <span class='ocrx_word' id='word_1_532' title='bbox 1601 559 1666 589; x_wconf 89' lang='lat' dir='ltr'><strong>nihil</strong></span> <span class='ocrx_word' id='word_1_533' title='bbox 1678 567 1709 588; x_wconf 87' lang='lat' dir='ltr'><strong>se</strong></span> <span class='ocrx_word' id='word_1_534' title='bbox 1719 560 1808 596; x_wconf 76' lang='lat' dir='ltr'><strong>magni</strong></span> <span class='ocrx_word' id='word_1_535' title='bbox 1823 568 1893 597; x_wconf 83' lang='lat' dir='ltr'><strong>pra:-</strong></span> 
     </span>
    </p>
   </div>
   <div class='ocr_carea' id='block_1_69' title="bbox 1098 607 1313 642">
    <p class='ocr_par' dir='ltr' id='par_1_69' title="bbox 1098 607 1313 642">
     <span class='ocr_line' id='line_1_69' title="bbox 1098 607 1313 642; baseline -0.005 -8"><span class='ocrx_word' id='word_1_536' title='bbox 1098 607 1198 634; x_wconf 84' lang='lat' dir='ltr'><strong>stitisse</strong></span> <span class='ocrx_word' id='word_1_537' title='bbox 1212 611 1313 642; x_wconf 87' lang='lat' dir='ltr'><strong>putant.</strong></span> 
     </span>
    </p>
   </div>
   <div class='ocr_carea' id='block_1_70' title="bbox 1135 690 1891 729">
    <p class='ocr_par' dir='ltr' id='par_1_70' title="bbox 1135 690 1891 729">
     <span class='ocr_line' id='line_1_70' title="bbox 1135 690 1891 729; baseline 0.005 -12"><span class='ocrx_word' id='word_1_538' title='bbox 1135 690 1274 717; x_wconf 78' lang='lat' dir='ltr'><strong>llumilitas</strong></span> <span class='ocrx_word' id='word_1_539' title='bbox 1286 691 1476 718; x_wconf 84' lang='lat' dir='ltr'><strong>commendatur</strong></span> <span class='ocrx_word' id='word_1_540' title='bbox 1488 695 1515 718; x_wconf 79' lang='lat' dir='ltr'><strong>ut</strong></span> <span class='ocrx_word' id='word_1_541' title='bbox 1525 691 1606 719; x_wconf 75' lang='lat' dir='ltr'><strong>omnis</strong></span> <span class='ocrx_word' id='word_1_542' title='bbox 1616 692 1784 728; x_wconf 69' lang='lat' dir='ltr'><strong>philosophia</strong></span> <span class='ocrx_word' id='word_1_543' title='bbox 1796 694 1891 729; x_wconf 78' lang='lat' dir='ltr'><strong>princi-</strong></span> 
     </span>
    </p>
   </div>
   <div class='ocr_carea' id='block_1_71' title="bbox 1098 737 1891 775">
    <p class='ocr_par' dir='ltr' id='par_1_71' title="bbox 1098 737 1891 775">
     <span class='ocr_line' id='line_1_71' title="bbox 1098 737 1891 775; baseline 0.006 -12"><span class='ocrx_word' id='word_1_544' title='bbox 1098 737 1179 772; x_wconf 82' lang='lat' dir='ltr'><strong>pium.</strong></span> <span class='ocrx_word' id='word_1_545' title='bbox 1190 752 1226 757; x_wconf 94' lang='lat'><strong><em>—</em></strong></span> <span class='ocrx_word' id='word_1_546' title='bbox 1241 737 1330 772; x_wconf 85' lang='lat' dir='ltr'><strong>Itaque</strong></span> <span class='ocrx_word' id='word_1_547' title='bbox 1344 737 1368 765; x_wconf 91' lang='lat' dir='ltr'><strong>si</strong></span> <span class='ocrx_word' id='word_1_548' title='bbox 1381 737 1420 765; x_wconf 90' lang='lat' dir='ltr'><strong>vis</strong></span> <span class='ocrx_word' id='word_1_549' title='bbox 1433 745 1512 773; x_wconf 87' lang='lat' dir='ltr'><strong>opera</strong></span> <span class='ocrx_word' id='word_1_550' title='bbox 1526 743 1569 766; x_wconf 90' lang='lat' dir='ltr'><strong>tua</strong></span> <span class='ocrx_word' id='word_1_551' title='bbox 1581 738 1649 766; x_wconf 91' lang='lat' dir='ltr'><strong>bona</strong></span> <span class='ocrx_word' id='word_1_552' title='bbox 1663 747 1757 775; x_wconf 75' lang='lat' dir='ltr'><strong>magna</strong></span> <span class='ocrx_word' id='word_1_553' title='bbox 1771 747 1841 774; x_wconf 83' lang='lat' dir='ltr'><strong>esse,</strong></span> <span class='ocrx_word' id='word_1_554' title='bbox 1856 749 1891 768; x_wconf 85' lang='lat' dir='ltr'><strong>ne</strong></span> 
     </span>
    </p>
   </div>
   <div class='ocr_carea' id='block_1_72' title="bbox 1098 785 1891 819">
    <p class='ocr_par' dir='ltr' id='par_1_72' title="bbox 1098 785 1891 819">
     <span class='ocr_line' id='line_1_72' title="bbox 1098 785 1891 819; baseline 0.005 -10"><span class='ocrx_word' id='word_1_555' title='bbox 1098 791 1192 818; x_wconf 87' lang='lat' dir='ltr'><strong>magna</strong></span> <span class='ocrx_word' id='word_1_556' title='bbox 1207 790 1266 811; x_wconf 82' lang='lat' dir='ltr'><strong>esse</strong></span> <span class='ocrx_word' id='word_1_557' title='bbox 1279 788 1363 818; x_wconf 86' lang='lat' dir='ltr'><strong>putes,</strong></span> <span class='ocrx_word' id='word_1_558' title='bbox 1378 789 1492 819; x_wconf 87' lang='lat' dir='ltr'><strong>tuncque</strong></span> <span class='ocrx_word' id='word_1_559' title='bbox 1505 792 1598 819; x_wconf 84' lang='lat' dir='ltr'><strong>magna</strong></span> <span class='ocrx_word' id='word_1_560' title='bbox 1611 789 1699 812; x_wconf 90' lang='lat' dir='ltr'><strong>erunt.</strong></span> <span class='ocrx_word' id='word_1_561' title='bbox 1713 785 1756 812; x_wconf 90' lang='lat' dir='ltr'><strong>Sic</strong></span> <span class='ocrx_word' id='word_1_562' title='bbox 1770 788 1891 813; x_wconf 84' lang='lat' dir='ltr'><strong>centurio</strong></span> 
     </span>
    </p>
   </div>
   <div class='ocr_carea' id='block_1_73' title="bbox 1099 828 1892 865">
    <p class='ocr_par' dir='ltr' id='par_1_73' title="bbox 1099 828 1892 865">
     <span class='ocr_line' id='line_1_73' title="bbox 1099 828 1892 865; baseline 0.003 -9"><span class='ocrx_word' id='word_1_563' title='bbox 1099 829 1203 856; x_wconf 86' lang='lat' dir='ltr'><strong>dicebat</strong></span> <span class='ocrx_word' id='word_1_564' title='bbox 1214 849 1221 861; x_wconf 88' lang='lat'><strong>,</strong></span> <span class='ocrx_word' id='word_1_565' title='bbox 1240 828 1299 856; x_wconf 86' lang='lat' dir='ltr'><strong>Non</strong></span> <span class='ocrx_word' id='word_1_566' title='bbox 1313 837 1369 856; x_wconf 78' lang='lat' dir='ltr'><strong>sum</strong></span> <span class='ocrx_word' id='word_1_567' title='bbox 1383 829 1475 865; x_wconf 79' lang='lat' dir='ltr'><strong>dignus</strong></span> <span class='ocrx_word' id='word_1_568' title='bbox 1492 835 1520 856; x_wconf 82' lang='lat' dir='ltr'><strong>ut</strong></span> <span class='ocrx_word' id='word_1_569' title='bbox 1537 830 1614 857; x_wconf 71' lang='lat' dir='ltr'><strong>intres</strong></span> <span class='ocrx_word' id='word_1_570' title='bbox 1631 831 1677 858; x_wconf 73' lang='lat' dir='ltr'><strong>sub</strong></span> <span class='ocrx_word' id='word_1_571' title='bbox 1696 835 1788 858; x_wconf 72' lang='lat' dir='ltr'><strong>tectum</strong></span> <span class='ocrx_word' id='word_1_572' title='bbox 1809 840 1892 858; x_wconf 81' lang='lat' dir='ltr'><strong>meum</strong></span> 
     </span>
    </p>
   </div>
   <div class='ocr_carea' id='block_1_74' title="bbox 1101 873 1891 910">
    <p class='ocr_par' dir='ltr' id='par_1_74' title="bbox 1101 873 1891 910">
     <span class='ocr_line' id='line_1_74' title="bbox 1101 873 1891 910; baseline 0.006 -10"><span class='ocrx_word' id='word_1_573' title='bbox 1101 874 1204 909; x_wconf 82' lang='lat' dir='ltr'><strong>(Matth.</strong></span> <span class='ocrx_word' id='word_1_574' title='bbox 1218 874 1244 901; x_wconf 84' lang='lat'><strong>8.</strong></span> <span class='ocrx_word' id='word_1_575' title='bbox 1259 873 1304 909; x_wconf 87' lang='lat'><strong>8);</strong></span> <span class='ocrx_word' id='word_1_576' title='bbox 1324 874 1434 909; x_wconf 90' lang='lat' dir='ltr'><strong>ideoque</strong></span> <span class='ocrx_word' id='word_1_577' title='bbox 1453 874 1548 909; x_wconf 79' lang='lat' dir='ltr'><strong>dignus</strong></span> <span class='ocrx_word' id='word_1_578' title='bbox 1567 874 1633 907; x_wconf 88' lang='lat' dir='ltr'><strong>fuit,</strong></span> <span class='ocrx_word' id='word_1_579' title='bbox 1650 883 1783 910; x_wconf 74' lang='lat' dir='ltr'><strong>supraque</strong></span> <span class='ocrx_word' id='word_1_580' title='bbox 1797 885 1891 905; x_wconf 89' lang='lat' dir='ltr'><strong>omnes</strong></span> 
     </span>
    </p>
   </div>
   <div class='ocr_carea' id='block_1_75' title="bbox 1097 920 1891 958">
    <p class='ocr_par' dir='ltr' id='par_1_75' title="bbox 1097 920 1891 958">
     <span class='ocr_line' id='line_1_75' title="bbox 1097 920 1891 958; baseline 0.005 -11"><span class='ocrx_word' id='word_1_581' title='bbox 1097 920 1205 948; x_wconf 68' lang='lat' dir='ltr'><strong>Judteos</strong></span> <span class='ocrx_word' id='word_1_582' title='bbox 1219 920 1356 947; x_wconf 91' lang='lat' dir='ltr'><strong>mirabilis.</strong></span> <span class='ocrx_word' id='word_1_583' title='bbox 1372 921 1408 947; x_wconf 88' lang='lat' dir='ltr'><strong>lta</strong></span> <span class='ocrx_word' id='word_1_584' title='bbox 1422 924 1450 948; x_wconf 90' lang='lat' dir='ltr'><strong>et</strong></span> <span class='ocrx_word' id='word_1_585' title='bbox 1462 920 1558 948; x_wconf 85' lang='lat' dir='ltr'><strong>Paulus</strong></span> <span class='ocrx_word' id='word_1_586' title='bbox 1571 922 1608 948; x_wconf 89' lang='lat' dir='ltr'><strong>ait</strong></span> <span class='ocrx_word' id='word_1_587' title='bbox 1621 931 1627 948; x_wconf 76' lang='grc' dir='ltr'>ε</span> <span class='ocrx_word' id='word_1_588' title='bbox 1643 921 1704 949; x_wconf 87' lang='lat' dir='ltr'><strong>Non</strong></span> <span class='ocrx_word' id='word_1_589' title='bbox 1723 931 1780 950; x_wconf 79' lang='lat' dir='ltr'><strong>sum</strong></span> <span class='ocrx_word' id='word_1_590' title='bbox 1799 924 1891 958; x_wconf 81' lang='lat' dir='ltr'><strong>dignus</strong></span> 
     </span>
    </p>
   </div>
   <div class='ocr_carea' id='block_1_76' title="bbox 1099 967 1889 1004">
    <p class='ocr_par' dir='ltr' id='par_1_76' title="bbox 1099 967 1889 1004">
     <span class='ocr_line' id='line_1_76' title="bbox 1099 967 1889 1004; baseline 0.005 -11"><span class='ocrx_word' id='word_1_591' title='bbox 1099 967 1182 1003; x_wconf 77' lang='lat' dir='ltr'><strong>vocari</strong></span> <span class='ocrx_word' id='word_1_592' title='bbox 1194 968 1323 1002; x_wconf 75' lang='lat' dir='ltr'><strong>apostolus</strong></span> <span class='ocrx_word' id='word_1_593' title='bbox 1337 968 1375 1003; x_wconf 90' lang='lat' dir='ltr'><strong>(l.</strong></span> <span class='ocrx_word' id='word_1_594' title='bbox 1392 967 1450 994; x_wconf 88' lang='lat' dir='ltr'><strong>Cor.</strong></span> <span class='ocrx_word' id='word_1_595' title='bbox 1466 968 1508 995; x_wconf 84' lang='lat' dir='ltr'><strong>l5.</strong></span> <span class='ocrx_word' id='word_1_596' title='bbox 1524 967 1570 1004; x_wconf 85' lang='lat'><strong>9).</strong></span> <span class='ocrx_word' id='word_1_597' title='bbox 1588 968 1702 1004; x_wconf 90' lang='lat' dir='ltr'><strong>Ideoque</strong></span> <span class='ocrx_word' id='word_1_598' title='bbox 1717 970 1817 1004; x_wconf 88' lang='lat' dir='ltr'><strong>primus</strong></span> <span class='ocrx_word' id='word_1_599' title='bbox 1830 978 1889 997; x_wconf 87' lang='lat' dir='ltr'><strong>Olll-</strong></span> 
     </span>
    </p>
   </div>
   <div class='ocr_carea' id='block_1_77' title="bbox 1098 1012 1892 1050">
    <p class='ocr_par' dir='ltr' id='par_1_77' title="bbox 1098 1012 1892 1050">
     <span class='ocr_line' id='line_1_77' title="bbox 1098 1012 1892 1050; baseline 0.004 -11"><span class='ocrx_word' id='word_1_600' title='bbox 1098 1012 1172 1039; x_wconf 91' lang='lat' dir='ltr'><strong>nium</strong></span> <span class='ocrx_word' id='word_1_601' title='bbox 1190 1013 1301 1040; x_wconf 70' lang='lat' dir='ltr'><strong>effectus</strong></span> <span class='ocrx_word' id='word_1_602' title='bbox 1319 1018 1369 1040; x_wconf 88' lang='lat' dir='ltr'><strong>est.</strong></span> <span class='ocrx_word' id='word_1_603' title='bbox 1391 1013 1435 1039; x_wconf 88' lang='lat' dir='ltr'><strong>Sic</strong></span> <span class='ocrx_word' id='word_1_604' title='bbox 1450 1018 1477 1040; x_wconf 88' lang='lat' dir='ltr'><strong>et</strong></span> <span class='ocrx_word' id='word_1_605' title='bbox 1488 1012 1624 1040; x_wconf 81' lang='lat' dir='ltr'><strong>Joannes:</strong></span> <span class='ocrx_word' id='word_1_606' title='bbox 1641 1014 1701 1040; x_wconf 81' lang='lat' dir='ltr'><strong>Non</strong></span> <span class='ocrx_word' id='word_1_607' title='bbox 1721 1024 1777 1042; x_wconf 80' lang='lat' dir='ltr'><strong>sum</strong></span> <span class='ocrx_word' id='word_1_608' title='bbox 1800 1016 1892 1050; x_wconf 85' lang='lat' dir='ltr'><strong>dignus</strong></span> 
     </span>
    </p>
   </div>
   <div class='ocr_carea' id='block_1_78' title="bbox 1098 1059 1891 1096">
    <p class='ocr_par' dir='ltr' id='par_1_78' title="bbox 1098 1059 1891 1096">
     <span class='ocr_line' id='line_1_78' title="bbox 1098 1059 1891 1096; baseline 0.001 -11"><span class='ocrx_word' id='word_1_609' title='bbox 1098 1059 1193 1086; x_wconf 69' lang='lat' dir='ltr'><strong>solvere</strong></span> <span class='ocrx_word' id='word_1_610' title='bbox 1215 1059 1349 1094; x_wconf 79' lang='lat' dir='ltr'><strong>corrigiam</strong></span> <span class='ocrx_word' id='word_1_611' title='bbox 1372 1059 1533 1086; x_wconf 79' lang='lat' dir='ltr'><strong>calceamenti</strong></span> <span class='ocrx_word' id='word_1_612' title='bbox 1557 1060 1611 1094; x_wconf 75' lang='lat' dir='ltr'><strong>ejus</strong></span> <span class='ocrx_word' id='word_1_613' title='bbox 1636 1059 1739 1096; x_wconf 83' lang='lat' dir='ltr'><strong>(Marc.</strong></span> <span class='ocrx_word' id='word_1_614' title='bbox 1765 1062 1790 1088; x_wconf 88' lang='lat' dir='ltr'><strong>l.</strong></span> <span class='ocrx_word' id='word_1_615' title='bbox 1816 1062 1842 1088; x_wconf 87' lang='grc'><strong>7.</strong></span> <span class='ocrx_word' id='word_1_616' title='bbox 1866 1067 1891 1089; x_wconf 78' lang='grc' dir='ltr'><strong>ιι</strong></span> 
     </span>
    </p>
   </div>
   <div class='ocr_carea' id='block_1_79' title="bbox 1100 1104 1890 1140">
    <p class='ocr_par' dir='ltr' id='par_1_79' title="bbox 1100 1104 1890 1140">
     <span class='ocr_line' id='line_1_79' title="bbox 1100 1104 1890 1140; baseline 0.004 -9"><span class='ocrx_word' id='word_1_617' title='bbox 1100 1104 1196 1132; x_wconf 81' lang='lat' dir='ltr'><strong>Matth.</strong></span> <span class='ocrx_word' id='word_1_618' title='bbox 1211 1105 1239 1132; x_wconf 73' lang='grc'><strong>5.</strong></span> <span class='ocrx_word' id='word_1_619' title='bbox 1255 1105 1310 1140; x_wconf 86' lang='grc'><strong>11).</strong></span> <span class='ocrx_word' id='word_1_620' title='bbox 1323 1104 1384 1131; x_wconf 87' lang='lat' dir='ltr'><strong>Ideo</strong></span> <span class='ocrx_word' id='word_1_621' title='bbox 1397 1109 1424 1132; x_wconf 88' lang='lat' dir='ltr'><strong>et</strong></span> <span class='ocrx_word' id='word_1_622' title='bbox 1437 1105 1539 1131; x_wconf 88' lang='lat' dir='ltr'><strong>amicus</strong></span> <span class='ocrx_word' id='word_1_623' title='bbox 1550 1106 1640 1140; x_wconf 88' lang='lat' dir='ltr'><strong>sponsi</strong></span> <span class='ocrx_word' id='word_1_624' title='bbox 1653 1111 1710 1132; x_wconf 93' lang='lat' dir='ltr'><strong>crat</strong></span> <span class='ocrx_word' id='word_1_625' title='bbox 1721 1127 1728 1138; x_wconf 88' lang='lat'><strong>,</strong></span> <span class='ocrx_word' id='word_1_626' title='bbox 1744 1111 1772 1134; x_wconf 90' lang='lat' dir='ltr'><strong>et</strong></span> <span class='ocrx_word' id='word_1_627' title='bbox 1783 1115 1890 1134; x_wconf 89' lang='lat' dir='ltr'><strong>manum</strong></span> 
     </span>
    </p>
   </div>
   <div class='ocr_carea' id='block_1_80' title="bbox 1099 1150 1893 1186">
    <p class='ocr_par' dir='ltr' id='par_1_80' title="bbox 1099 1150 1893 1186">
     <span class='ocr_line' id='line_1_80' title="bbox 1099 1150 1893 1186; baseline 0.003 -9"><span class='ocrx_word' id='word_1_628' title='bbox 1099 1150 1183 1183; x_wconf 86' lang='lat' dir='ltr'><strong>illam,</strong></span> <span class='ocrx_word' id='word_1_629' title='bbox 1196 1158 1275 1185; x_wconf 92' lang='lat' dir='ltr'><strong>quam</strong></span> <span class='ocrx_word' id='word_1_630' title='bbox 1291 1150 1424 1185; x_wconf 78' lang='lat' dir='ltr'><strong>indignam</strong></span> <span class='ocrx_word' id='word_1_631' title='bbox 1436 1150 1623 1178; x_wconf 86' lang='lat' dir='ltr'><strong>calceamentis</strong></span> <span class='ocrx_word' id='word_1_632' title='bbox 1638 1151 1756 1186; x_wconf 85' lang='lat' dir='ltr'><strong>putabat,</strong></span> <span class='ocrx_word' id='word_1_633' title='bbox 1770 1151 1893 1180; x_wconf 84' lang='lat' dir='ltr'><strong>Christus</strong></span> 
     </span>
    </p>
   </div>
   <div class='ocr_carea' id='block_1_81' title="bbox 1099 1197 1894 1232">
    <p class='ocr_par' dir='ltr' id='par_1_81' title="bbox 1099 1197 1894 1232">
     <span class='ocr_line' id='line_1_81' title="bbox 1099 1197 1894 1232; baseline 0.004 -8"><span class='ocrx_word' id='word_1_634' title='bbox 1099 1205 1178 1232; x_wconf 85' lang='lat' dir='ltr'><strong>supra</strong></span> <span class='ocrx_word' id='word_1_635' title='bbox 1189 1201 1268 1232; x_wconf 88' lang='lat' dir='ltr'><strong>caput</strong></span> <span class='ocrx_word' id='word_1_636' title='bbox 1281 1205 1359 1224; x_wconf 90' lang='lat' dir='ltr'><strong>suum</strong></span> <span class='ocrx_word' id='word_1_637' title='bbox 1372 1197 1489 1224; x_wconf 80' lang='lat' dir='ltr'><strong>attraxit.</strong></span> <span class='ocrx_word' id='word_1_638' title='bbox 1504 1197 1549 1224; x_wconf 84' lang='lat' dir='ltr'><strong>Sic</strong></span> <span class='ocrx_word' id='word_1_639' title='bbox 1563 1202 1589 1224; x_wconf 88' lang='lat' dir='ltr'><strong>et</strong></span> <span class='ocrx_word' id='word_1_640' title='bbox 1603 1197 1698 1225; x_wconf 86' lang='lat' dir='ltr'><strong>Petrus</strong></span> <span class='ocrx_word' id='word_1_641' title='bbox 1708 1198 1812 1226; x_wconf 90' lang='lat' dir='ltr'><strong>dicebat</strong></span> <span class='ocrx_word' id='word_1_642' title='bbox 1824 1209 1831 1225; x_wconf 90' lang='lat'><strong>:</strong></span> <span class='ocrx_word' id='word_1_643' title='bbox 1843 1199 1894 1227; x_wconf 67' lang='lat' dir='ltr'><strong>Exi</strong></span> 
     </span>
    </p>
   </div>
   <div class='ocr_carea' id='block_1_82' title="bbox 1100 1241 1894 1278">
    <p class='ocr_par' dir='ltr' id='par_1_82' title="bbox 1100 1241 1894 1278">
     <span class='ocr_line' id='line_1_82' title="bbox 1100 1241 1894 1278; baseline 0.001 -8"><span class='ocrx_word' id='word_1_644' title='bbox 1100 1251 1116 1270; x_wconf 78' lang='grc' dir='ltr'><em>α</em></span> <span class='ocrx_word' id='word_1_645' title='bbox 1135 1251 1193 1276; x_wconf 86' lang='lat' dir='ltr'><strong>mc,</strong></span> <span class='ocrx_word' id='word_1_646' title='bbox 1213 1243 1273 1278; x_wconf 84' lang='lat' dir='ltr'><strong>quia</strong></span> <span class='ocrx_word' id='word_1_647' title='bbox 1293 1243 1367 1270; x_wconf 87' lang='lat' dir='ltr'><strong>homo</strong></span> <span class='ocrx_word' id='word_1_648' title='bbox 1387 1248 1503 1278; x_wconf 83' lang='lat' dir='ltr'><strong>peccator</strong></span> <span class='ocrx_word' id='word_1_649' title='bbox 1517 1250 1572 1270; x_wconf 79' lang='lat' dir='ltr'><strong>sum</strong></span> <span class='ocrx_word' id='word_1_650' title='bbox 1587 1241 1670 1278; x_wconf 83' lang='lat' dir='ltr'><strong>(Luc.</strong></span> <span class='ocrx_word' id='word_1_651' title='bbox 1682 1243 1708 1270; x_wconf 86' lang='lat'><strong>5.</strong></span> <span class='ocrx_word' id='word_1_652' title='bbox 1726 1243 1769 1278; x_wconf 86' lang='lat'><strong>8).</strong></span> <span class='ocrx_word' id='word_1_653' title='bbox 1793 1244 1894 1272; x_wconf 76' lang='lat' dir='ltr'><strong>Idcirco</strong></span> 
     </span>
    </p>
   </div>
   <div class='ocr_carea' id='block_1_83' title="bbox 1102 1291 1893 1326">
    <p class='ocr_par' dir='ltr' id='par_1_83' title="bbox 1102 1291 1893 1326">
     <span class='ocr_line' id='line_1_83' title="bbox 1102 1291 1893 1326; baseline -0.01 0"><span class='ocrx_word' id='word_1_654' title='bbox 1102 1299 1303 1326; x_wconf 83' lang='lat' dir='ltr'><strong>fundamentum</strong></span> <span class='ocrx_word' id='word_1_655' title='bbox 1320 1295 1446 1323; x_wconf 68' lang='lat' dir='ltr'><strong>Ecclesia:</strong></span> <span class='ocrx_word' id='word_1_656' title='bbox 1459 1295 1543 1322; x_wconf 84' lang='lat' dir='ltr'><strong>lactus</strong></span> <span class='ocrx_word' id='word_1_657' title='bbox 1553 1298 1604 1321; x_wconf 87' lang='lat' dir='ltr'><strong>est.</strong></span> <span class='ocrx_word' id='word_1_658' title='bbox 1619 1293 1688 1320; x_wconf 85' lang='lat' dir='ltr'><strong>Nihil</strong></span> <span class='ocrx_word' id='word_1_659' title='bbox 1701 1293 1771 1321; x_wconf 87' lang='lat' dir='ltr'><strong>enim</strong></span> <span class='ocrx_word' id='word_1_660' title='bbox 1787 1293 1821 1319; x_wconf 91' lang='lat' dir='ltr'><strong>ita</strong></span> <span class='ocrx_word' id='word_1_661' title='bbox 1837 1291 1893 1319; x_wconf 86' lang='lat' dir='ltr'><strong>Deo</strong></span> 
     </span>
    </p>
   </div>
   <div class='ocr_carea' id='block_1_84' title="bbox 1102 1337 1893 1379">
    <p class='ocr_par' dir='ltr' id='par_1_84' title="bbox 1102 1337 1893 1379">
     <span class='ocr_line' id='line_1_84' title="bbox 1102 1337 1893 1379; baseline -0.009 -8"><span class='ocrx_word' id='word_1_662' title='bbox 1102 1348 1206 1379; x_wconf 82' lang='lat' dir='ltr'><strong>gratum</strong></span> <span class='ocrx_word' id='word_1_663' title='bbox 1220 1347 1271 1375; x_wconf 88' lang='lat' dir='ltr'><strong>est,</strong></span> <span class='ocrx_word' id='word_1_664' title='bbox 1287 1349 1365 1376; x_wconf 93' lang='lat' dir='ltr'><strong>quam</strong></span> <span class='ocrx_word' id='word_1_665' title='bbox 1378 1340 1400 1367; x_wconf 90' lang='lat' dir='ltr'><strong>si</strong></span> <span class='ocrx_word' id='word_1_666' title='bbox 1416 1340 1475 1375; x_wconf 90' lang='lat' dir='ltr'><strong>quis</strong></span> <span class='ocrx_word' id='word_1_667' title='bbox 1487 1347 1517 1367; x_wconf 90' lang='lat' dir='ltr'><strong>se</strong></span> <span class='ocrx_word' id='word_1_668' title='bbox 1527 1347 1586 1366; x_wconf 90' lang='lat' dir='ltr'><strong>cum</strong></span> <span class='ocrx_word' id='word_1_669' title='bbox 1598 1338 1698 1365; x_wconf 85' lang='lat' dir='ltr'><strong>ultimis</strong></span> <span class='ocrx_word' id='word_1_670' title='bbox 1710 1337 1893 1372; x_wconf 83' lang='lat' dir='ltr'><strong>peccatoribus</strong></span> 
     </span>
    </p>
   </div>
   <div class='ocr_carea' id='block_1_85' title="bbox 1104 1382 1892 1421">
    <p class='ocr_par' dir='ltr' id='par_1_85' title="bbox 1104 1382 1892 1421">
     <span class='ocr_line' id='line_1_85' title="bbox 1104 1382 1892 1421; baseline -0.011 -4"><span class='ocrx_word' id='word_1_671' title='bbox 1104 1392 1235 1417; x_wconf 88' lang='lat' dir='ltr'><strong>numeret.</strong></span> <span class='ocrx_word' id='word_1_672' title='bbox 1252 1387 1308 1414; x_wconf 88' lang='lat' dir='ltr'><strong>Hoc</strong></span> <span class='ocrx_word' id='word_1_673' title='bbox 1321 1385 1407 1416; x_wconf 76' lang='lat' dir='ltr'><strong>omnis</strong></span> <span class='ocrx_word' id='word_1_674' title='bbox 1419 1384 1595 1421; x_wconf 74' lang='lat' dir='ltr'><strong>philosophiae</strong></span> <span class='ocrx_word' id='word_1_675' title='bbox 1610 1383 1767 1419; x_wconf 88' lang='lat' dir='ltr'><strong>principium</strong></span> <span class='ocrx_word' id='word_1_676' title='bbox 1781 1387 1831 1409; x_wconf 89' lang='lat' dir='ltr'><strong>est.</strong></span> <span class='ocrx_word' id='word_1_677' title='bbox 1842 1382 1892 1416; x_wconf 82' lang='lat' dir='ltr'><strong>Qui</strong></span> 
     </span>
    </p>
   </div>
   <div class='ocr_carea' id='block_1_86' title="bbox 1102 1429 1894 1465">
    <p class='ocr_par' dir='ltr' id='par_1_86' title="bbox 1102 1429 1894 1465">
     <span class='ocr_line' id='line_1_86' title="bbox 1102 1429 1894 1465; baseline -0.01 -2"><span class='ocrx_word' id='word_1_678' title='bbox 1102 1437 1174 1463; x_wconf 85' lang='lat' dir='ltr'><strong>enim</strong></span> <span class='ocrx_word' id='word_1_679' title='bbox 1186 1435 1294 1463; x_wconf 82' lang='lat' dir='ltr'><strong>humilis</strong></span> <span class='ocrx_word' id='word_1_680' title='bbox 1307 1439 1335 1461; x_wconf 91' lang='lat' dir='ltr'><strong>et</strong></span> <span class='ocrx_word' id='word_1_681' title='bbox 1348 1433 1477 1461; x_wconf 87' lang='lat' dir='ltr'><strong>contritus</strong></span> <span class='ocrx_word' id='word_1_682' title='bbox 1486 1437 1539 1464; x_wconf 90' lang='lat' dir='ltr'><strong>est,</strong></span> <span class='ocrx_word' id='word_1_683' title='bbox 1552 1439 1603 1458; x_wconf 92' lang='lat' dir='ltr'><strong>non</strong></span> <span class='ocrx_word' id='word_1_684' title='bbox 1619 1431 1690 1458; x_wconf 89' lang='lat' dir='ltr'><strong>inani</strong></span> <span class='ocrx_word' id='word_1_685' title='bbox 1703 1429 1786 1465; x_wconf 77' lang='lat' dir='ltr'><strong>gloria</strong></span> <span class='ocrx_word' id='word_1_686' title='bbox 1800 1429 1894 1456; x_wconf 78' lang='lat' dir='ltr'><strong>effere-</strong></span> 
     </span>
    </p>
   </div>
   <div class='ocr_carea' id='block_1_87' title="bbox 1103 1474 1892 1516">
    <p class='ocr_par' dir='ltr' id='par_1_87' title="bbox 1103 1474 1892 1516">
     <span class='ocr_line' id='line_1_87' title="bbox 1103 1474 1892 1516; baseline -0.01 -7"><span class='ocrx_word' id='word_1_687' title='bbox 1103 1487 1155 1516; x_wconf 89' lang='lat' dir='ltr'><strong>tur,</strong></span> <span class='ocrx_word' id='word_1_688' title='bbox 1168 1489 1221 1508; x_wconf 88' lang='lat' dir='ltr'><strong>non</strong></span> <span class='ocrx_word' id='word_1_689' title='bbox 1236 1481 1373 1511; x_wconf 80' lang='lat' dir='ltr'><strong>irascetur,</strong></span> <span class='ocrx_word' id='word_1_690' title='bbox 1389 1487 1442 1506; x_wconf 89' lang='lat' dir='ltr'><strong>non</strong></span> <span class='ocrx_word' id='word_1_691' title='bbox 1459 1477 1579 1513; x_wconf 82' lang='lat' dir='ltr'><strong>proximo</strong></span> <span class='ocrx_word' id='word_1_692' title='bbox 1593 1476 1717 1504; x_wconf 87' lang='lat' dir='ltr'><strong>invidebit</strong></span> <span class='ocrx_word' id='word_1_693' title='bbox 1730 1496 1736 1508; x_wconf 95' lang='lat'><strong>,</strong></span> <span class='ocrx_word' id='word_1_694' title='bbox 1749 1474 1806 1502; x_wconf 71' lang='lat' dir='ltr'><strong>&#39;non</strong></span> <span class='ocrx_word' id='word_1_695' title='bbox 1821 1474 1892 1501; x_wconf 82' lang='lat' dir='ltr'><strong>aliud</strong></span> 
     </span>
    </p>
   </div>
   <div class='ocr_carea' id='block_1_88' title="bbox 1102 1521 1893 1564">
    <p class='ocr_par' dir='ltr' id='par_1_88' title="bbox 1102 1521 1893 1564">
     <span class='ocr_line' id='line_1_88' title="bbox 1102 1521 1893 1564; baseline -0.011 -9"><span class='ocrx_word' id='word_1_696' title='bbox 1102 1528 1235 1564; x_wconf 79' lang='lat' dir='ltr'><strong>quidpiam</strong></span> <span class='ocrx_word' id='word_1_697' title='bbox 1256 1527 1313 1553; x_wconf 84' lang='lat' dir='ltr'><strong>vitii</strong></span> <span class='ocrx_word' id='word_1_698' title='bbox 1332 1526 1463 1553; x_wconf 89' lang='lat' dir='ltr'><strong>admittet.</strong></span> <span class='ocrx_word' id='word_1_699' title='bbox 1485 1524 1576 1558; x_wconf 85' lang='lat' dir='ltr'><strong>Neque</strong></span> <span class='ocrx_word' id='word_1_700' title='bbox 1594 1524 1665 1550; x_wconf 88' lang='lat' dir='ltr'><strong>enim</strong></span> <span class='ocrx_word' id='word_1_701' title='bbox 1680 1521 1820 1550; x_wconf 88' lang='lat' dir='ltr'><strong>contritam</strong></span> <span class='ocrx_word' id='word_1_702' title='bbox 1836 1528 1893 1547; x_wconf 87' lang='lat' dir='ltr'><strong>ma-</strong></span> 
     </span>
    </p>
   </div>
   <div class='ocr_carea' id='block_1_89' title="bbox 1102 1568 1891 1609">
    <p class='ocr_par' dir='ltr' id='par_1_89' title="bbox 1102 1568 1891 1609">
     <span class='ocr_line' id='line_1_89' title="bbox 1102 1568 1891 1609; baseline -0.011 -7"><span class='ocrx_word' id='word_1_703' title='bbox 1102 1582 1175 1606; x_wconf 80' lang='lat' dir='ltr'><strong>num,</strong></span> <span class='ocrx_word' id='word_1_704' title='bbox 1190 1573 1359 1609; x_wconf 88' lang='lat' dir='ltr'><strong>quantutnvis</strong></span> <span class='ocrx_word' id='word_1_705' title='bbox 1381 1571 1572 1599; x_wconf 85' lang='lat' dir='ltr'><strong>contendamus</strong></span> <span class='ocrx_word' id='word_1_706' title='bbox 1584 1590 1591 1602; x_wconf 91' lang='lat'><strong>,</strong></span> <span class='ocrx_word' id='word_1_707' title='bbox 1615 1575 1756 1604; x_wconf 88' lang='lat' dir='ltr'><strong>possumus</strong></span> <span class='ocrx_word' id='word_1_708' title='bbox 1769 1568 1795 1595; x_wconf 86' lang='lat' dir='ltr'><strong>in</strong></span> <span class='ocrx_word' id='word_1_709' title='bbox 1810 1568 1891 1594; x_wconf 88' lang='lat' dir='ltr'><strong>altum</strong></span> 
     </span>
    </p>
   </div>
   <div class='ocr_carea' id='block_1_90' title="bbox 1101 1614 1892 1654">
    <p class='ocr_par' dir='ltr' id='par_1_90' title="bbox 1101 1614 1892 1654">
     <span class='ocr_line' id='line_1_90' title="bbox 1101 1614 1892 1654; baseline -0.01 -6"><span class='ocrx_word' id='word_1_710' title='bbox 1101 1621 1206 1649; x_wconf 76' lang='lat' dir='ltr'><strong>elfet&#39;re.</strong></span> <span class='ocrx_word' id='word_1_711' title='bbox 1229 1620 1256 1648; x_wconf 90' lang='lat' dir='ltr'><strong>Si</strong></span> <span class='ocrx_word' id='word_1_712' title='bbox 1279 1620 1368 1654; x_wconf 82' lang='lat' dir='ltr'><strong>itaque</strong></span> <span class='ocrx_word' id='word_1_713' title='bbox 1388 1619 1426 1646; x_wconf 87' lang='lat' dir='ltr'><strong>sic</strong></span> <span class='ocrx_word' id='word_1_714' title='bbox 1447 1619 1563 1645; x_wconf 77' lang='lat' dir='ltr'><strong>animant</strong></span> <span class='ocrx_word' id='word_1_715' title='bbox 1584 1622 1768 1647; x_wconf 87' lang='lat' dir='ltr'><strong>conteramus,</strong></span> <span class='ocrx_word' id='word_1_716' title='bbox 1788 1614 1892 1642; x_wconf 86' lang='lat' dir='ltr'><strong>etiamsi</strong></span> 
     </span>
    </p>
   </div>
   <div class='ocr_carea' id='block_1_91' title="bbox 1100 1663 1892 1695">
    <p class='ocr_par' dir='ltr' id='par_1_91' title="bbox 1100 1663 1892 1695">
     <span class='ocr_line' id='line_1_91' title="bbox 1100 1663 1892 1695; baseline -0.009 0"><span class='ocrx_word' id='word_1_717' title='bbox 1100 1668 1188 1695; x_wconf 81' lang='lat' dir='ltr'><strong>cordis</strong></span> <span class='ocrx_word' id='word_1_718' title='bbox 1200 1667 1311 1695; x_wconf 82' lang='lat' dir='ltr'><strong>affectus</strong></span> <span class='ocrx_word' id='word_1_719' title='bbox 1326 1666 1455 1693; x_wconf 85' lang='lat' dir='ltr'><strong>innumeri</strong></span> <span class='ocrx_word' id='word_1_720' title='bbox 1471 1665 1542 1692; x_wconf 86' lang='lat' dir='ltr'><strong>illam</strong></span> <span class='ocrx_word' id='word_1_721' title='bbox 1556 1664 1647 1692; x_wconf 85' lang='lat' dir='ltr'><strong>inflare</strong></span> <span class='ocrx_word' id='word_1_722' title='bbox 1658 1669 1684 1691; x_wconf 89' lang='lat' dir='ltr'><strong>et</strong></span> <span class='ocrx_word' id='word_1_723' title='bbox 1694 1663 1825 1691; x_wconf 75' lang='lat' dir='ltr'><strong>extollere</strong></span> <span class='ocrx_word' id='word_1_724' title='bbox 1835 1667 1892 1689; x_wconf 91' lang='lat' dir='ltr'><strong>tcn-</strong></span> 
     </span>
    </p>
   </div>
   <div class='ocr_carea' id='block_1_92' title="bbox 1101 1711 1891 1748">
    <p class='ocr_par' dir='ltr' id='par_1_92' title="bbox 1101 1711 1891 1748">
     <span class='ocr_line' id='line_1_92' title="bbox 1101 1711 1891 1748; baseline -0.009 -6"><span class='ocrx_word' id='word_1_725' title='bbox 1101 1720 1167 1748; x_wconf 85' lang='lat' dir='ltr'><strong>tcnt,</strong></span> <span class='ocrx_word' id='word_1_726' title='bbox 1177 1723 1210 1742; x_wconf 91' lang='lat' dir='ltr'><strong>ne</strong></span> <span class='ocrx_word' id='word_1_727' title='bbox 1218 1714 1260 1741; x_wconf 90' lang='lat' dir='ltr'><strong>vel</strong></span> <span class='ocrx_word' id='word_1_728' title='bbox 1274 1713 1413 1741; x_wconf 91' lang='lat' dir='ltr'><strong>minimum</strong></span> <span class='ocrx_word' id='word_1_729' title='bbox 1427 1712 1524 1747; x_wconf 85' lang='lat' dir='ltr'><strong>poterit</strong></span> <span class='ocrx_word' id='word_1_730' title='bbox 1537 1712 1611 1746; x_wconf 85' lang='lat' dir='ltr'><strong>erigi.</strong></span> <span class='ocrx_word' id='word_1_731' title='bbox 1625 1711 1653 1739; x_wconf 92' lang='lat' dir='ltr'><strong>Si</strong></span> <span class='ocrx_word' id='word_1_732' title='bbox 1666 1711 1737 1738; x_wconf 90' lang='lat' dir='ltr'><strong>enim</strong></span> <span class='ocrx_word' id='word_1_733' title='bbox 1751 1711 1795 1745; x_wconf 89' lang='lat' dir='ltr'><strong>qui</strong></span> <span class='ocrx_word' id='word_1_734' title='bbox 1809 1717 1891 1736; x_wconf 87' lang='lat' dir='ltr'><strong>s:ccu-</strong></span> 
     </span>
    </p>
   </div>
   <div class='ocr_carea' id='block_1_93' title="bbox 1100 1755 1893 1795">
    <p class='ocr_par' dir='ltr' id='par_1_93' title="bbox 1100 1755 1893 1795">
     <span class='ocr_line' id='line_1_93' title="bbox 1100 1755 1893 1795; baseline -0.008 -7"><span class='ocrx_word' id='word_1_735' title='bbox 1100 1761 1165 1788; x_wconf 88' lang='lat' dir='ltr'><strong>laria</strong></span> <span class='ocrx_word' id='word_1_736' title='bbox 1185 1760 1282 1788; x_wconf 86' lang='lat' dir='ltr'><strong>damna</strong></span> <span class='ocrx_word' id='word_1_737' title='bbox 1302 1759 1424 1795; x_wconf 83' lang='lat' dir='ltr'><strong>deplorat</strong></span> <span class='ocrx_word' id='word_1_738' title='bbox 1436 1778 1443 1790; x_wconf 87' lang='lat'><strong>,</strong></span> <span class='ocrx_word' id='word_1_739' title='bbox 1456 1765 1550 1786; x_wconf 88' lang='lat' dir='ltr'><strong>omnes</strong></span> <span class='ocrx_word' id='word_1_740' title='bbox 1565 1765 1580 1787; x_wconf 84' lang='lat' dir='ltr'><strong>a</strong></span> <span class='ocrx_word' id='word_1_741' title='bbox 1596 1765 1626 1784; x_wconf 89' lang='lat' dir='ltr'><strong>se</strong></span> <span class='ocrx_word' id='word_1_742' title='bbox 1641 1757 1713 1792; x_wconf 76' lang='lat' dir='ltr'><strong>fugat</strong></span> <span class='ocrx_word' id='word_1_743' title='bbox 1725 1758 1822 1783; x_wconf 76' lang='lat' dir='ltr'><strong>attinnt:</strong></span> <span class='ocrx_word' id='word_1_744' title='bbox 1837 1755 1893 1783; x_wconf 83' lang='lat' dir='ltr'><strong>lan—</strong></span> 
     </span>
    </p>
   </div>
   <div class='ocr_carea' id='block_1_94' title="bbox 1100 1803 1893 1843">
    <p class='ocr_par' dir='ltr' id='par_1_94' title="bbox 1100 1803 1893 1843">
     <span class='ocr_line' id='line_1_94' title="bbox 1100 1803 1893 1843; baseline -0.008 -9"><span class='ocrx_word' id='word_1_745' title='bbox 1100 1815 1198 1843; x_wconf 81' lang='lat' dir='ltr'><strong>guores</strong></span> <span class='ocrx_word' id='word_1_746' title='bbox 1212 1816 1218 1833; x_wconf 96' lang='lat'>:</span> <span class='ocrx_word' id='word_1_747' title='bbox 1234 1805 1413 1840; x_wconf 78' lang='lat' dir='ltr'><strong>multomagis</strong></span> <span class='ocrx_word' id='word_1_748' title='bbox 1426 1804 1471 1832; x_wconf 88' lang='lat' dir='ltr'><strong>ille</strong></span> <span class='ocrx_word' id='word_1_749' title='bbox 1480 1804 1524 1839; x_wconf 86' lang='lat' dir='ltr'><strong>qui</strong></span> <span class='ocrx_word' id='word_1_750' title='bbox 1536 1811 1584 1840; x_wconf 90' lang='lat' dir='ltr'><strong>pro</strong></span> <span class='ocrx_word' id='word_1_751' title='bbox 1597 1803 1711 1838; x_wconf 87' lang='lat' dir='ltr'><strong>peccatis</strong></span> <span class='ocrx_word' id='word_1_752' title='bbox 1724 1803 1749 1830; x_wconf 94' lang='lat' dir='ltr'><strong>id</strong></span> <span class='ocrx_word' id='word_1_753' title='bbox 1760 1803 1825 1838; x_wconf 73' lang='lat' dir='ltr'><strong>agit,</strong></span> <span class='ocrx_word' id='word_1_754' title='bbox 1835 1803 1893 1837; x_wconf 89' lang='lat' dir='ltr'><strong>phi-</strong></span> 
     </span>
    </p>
   </div>
   <div class='ocr_carea' id='block_1_95' title="bbox 1101 1849 1893 1888">
    <p class='ocr_par' dir='ltr' id='par_1_95' title="bbox 1101 1849 1893 1888">
     <span class='ocr_line' id='line_1_95' title="bbox 1101 1849 1893 1888; baseline -0.008 -8"><span class='ocrx_word' id='word_1_755' title='bbox 1101 1853 1221 1888; x_wconf 83' lang='lat' dir='ltr'><strong>losophia</strong></span> <span class='ocrx_word' id='word_1_756' title='bbox 1242 1852 1367 1887; x_wconf 87' lang='lat' dir='ltr'><strong>potietur.</strong></span> <span class='ocrx_word' id='word_1_757' title='bbox 1391 1851 1425 1878; x_wconf 83' lang='lat' dir='ltr'><strong>Et</strong></span> <span class='ocrx_word' id='word_1_758' title='bbox 1447 1851 1506 1886; x_wconf 91' lang='lat' dir='ltr'><strong>quis</strong></span> <span class='ocrx_word' id='word_1_759' title='bbox 1525 1850 1561 1877; x_wconf 87' lang='lat' dir='ltr'><strong>ita</strong></span> <span class='ocrx_word' id='word_1_760' title='bbox 1583 1849 1695 1884; x_wconf 85' lang='lat' dir='ltr'><strong>poterit,</strong></span> <span class='ocrx_word' id='word_1_761' title='bbox 1712 1849 1830 1883; x_wconf 81' lang='lat' dir='ltr'><strong>inquies,</strong></span> <span class='ocrx_word' id='word_1_762' title='bbox 1846 1855 1893 1875; x_wconf 87' lang='lat' dir='ltr'><strong>cor</strong></span> 
     </span>
    </p>
   </div>
   <div class='ocr_carea' id='block_1_96' title="bbox 1100 1895 1892 1932">
    <p class='ocr_par' dir='ltr' id='par_1_96' title="bbox 1100 1895 1892 1932">
     <span class='ocr_line' id='line_1_96' title="bbox 1100 1895 1892 1932; baseline -0.008 -5"><span class='ocrx_word' id='word_1_763' title='bbox 1100 1907 1177 1927; x_wconf 86' lang='lat' dir='ltr'><strong>suum</strong></span> <span class='ocrx_word' id='word_1_764' title='bbox 1191 1898 1349 1926; x_wconf 87' lang='lat' dir='ltr'><strong>conterere?</strong></span> <span class='ocrx_word' id='word_1_765' title='bbox 1368 1897 1437 1925; x_wconf 86' lang='lat' dir='ltr'><strong>Audi</strong></span> <span class='ocrx_word' id='word_1_766' title='bbox 1459 1897 1584 1924; x_wconf 89' lang='lat' dir='ltr'><strong>Davidem</strong></span> <span class='ocrx_word' id='word_1_767' title='bbox 1596 1917 1603 1929; x_wconf 91' lang='lat'><strong>,</strong></span> <span class='ocrx_word' id='word_1_768' title='bbox 1623 1896 1667 1932; x_wconf 94' lang='lat' dir='ltr'><strong>qui</strong></span> <span class='ocrx_word' id='word_1_769' title='bbox 1689 1896 1738 1922; x_wconf 88' lang='lat' dir='ltr'><strong>hac.</strong></span> <span class='ocrx_word' id='word_1_770' title='bbox 1759 1895 1793 1922; x_wconf 90' lang='lat' dir='ltr'><strong>de</strong></span> <span class='ocrx_word' id='word_1_771' title='bbox 1812 1902 1892 1921; x_wconf 88' lang='lat' dir='ltr'><strong>causa</strong></span> 
     </span>
    </p>
   </div>
   <div class='ocr_carea' id='block_1_97' title="bbox 1101 1941 1890 1980">
    <p class='ocr_par' dir='ltr' id='par_1_97' title="bbox 1101 1941 1890 1980">
     <span class='ocr_line' id='line_1_97' title="bbox 1101 1941 1890 1980; baseline -0.009 -7"><span class='ocrx_word' id='word_1_772' title='bbox 1101 1946 1215 1973; x_wconf 83' lang='lat' dir='ltr'><strong>maxime</strong></span> <span class='ocrx_word' id='word_1_773' title='bbox 1230 1944 1383 1980; x_wconf 84' lang='lat' dir='ltr'><strong>splendidus</strong></span> <span class='ocrx_word' id='word_1_774' title='bbox 1398 1943 1456 1977; x_wconf 86' lang='lat' dir='ltr'><strong>fuit,</strong></span> <span class='ocrx_word' id='word_1_775' title='bbox 1470 1947 1497 1970; x_wconf 90' lang='lat' dir='ltr'><strong>et</strong></span> <span class='ocrx_word' id='word_1_776' title='bbox 1509 1942 1570 1970; x_wconf 87' lang='lat' dir='ltr'><strong>vide</strong></span> <span class='ocrx_word' id='word_1_777' title='bbox 1582 1942 1639 1976; x_wconf 87' lang='lat' dir='ltr'><strong>ejus</strong></span> <span class='ocrx_word' id='word_1_778' title='bbox 1655 1941 1735 1969; x_wconf 90' lang='lat' dir='ltr'><strong>animi</strong></span> <span class='ocrx_word' id='word_1_779' title='bbox 1750 1941 1890 1968; x_wconf 86' lang='lat' dir='ltr'><strong>enutritio-</strong></span> 
     </span>
    </p>
   </div>
   <div class='ocr_carea' id='block_1_98' title="bbox 1101 1987 1891 2025">
    <p class='ocr_par' dir='ltr' id='par_1_98' title="bbox 1101 1987 1891 2025">
     <span class='ocr_line' id='line_1_98' title="bbox 1101 1987 1891 2025; baseline -0.008 -6"><span class='ocrx_word' id='word_1_780' title='bbox 1101 2000 1175 2021; x_wconf 76' lang='lat' dir='ltr'><strong>nem.</strong></span> <span class='ocrx_word' id='word_1_781' title='bbox 1188 1992 1251 2019; x_wconf 85' lang='lat' dir='ltr'><strong>Post</strong></span> <span class='ocrx_word' id='word_1_782' title='bbox 1266 1992 1403 2019; x_wconf 88' lang='lat' dir='ltr'><strong>innumera</strong></span> <span class='ocrx_word' id='word_1_783' title='bbox 1419 1990 1548 2025; x_wconf 70' lang='lat' dir='ltr'><strong>prmclare</strong></span> <span class='ocrx_word' id='word_1_784' title='bbox 1561 1993 1633 2024; x_wconf 83' lang='lat' dir='ltr'><strong>gesta</strong></span> <span class='ocrx_word' id='word_1_785' title='bbox 1643 2009 1651 2022; x_wconf 90' lang='lat'><strong>,</strong></span> <span class='ocrx_word' id='word_1_786' title='bbox 1665 1995 1726 2015; x_wconf 89' lang='lat' dir='ltr'><strong>cum</strong></span> <span class='ocrx_word' id='word_1_787' title='bbox 1743 1987 1891 2022; x_wconf 83' lang='lat' dir='ltr'><strong>proximum</strong></span> 
     </span>
    </p>
   </div>
   <div class='ocr_carea' id='block_1_99' title="bbox 1101 2033 1892 2072">
    <p class='ocr_par' dir='ltr' id='par_1_99' title="bbox 1101 2033 1892 2072">
     <span class='ocr_line' id='line_1_99' title="bbox 1101 2033 1892 2072; baseline -0.006 -8"><span class='ocrx_word' id='word_1_788' title='bbox 1101 2042 1172 2064; x_wconf 87' lang='lat' dir='ltr'><strong>esset</strong></span> <span class='ocrx_word' id='word_1_789' title='bbox 1184 2041 1212 2064; x_wconf 88' lang='lat' dir='ltr'><strong>ut</strong></span> <span class='ocrx_word' id='word_1_790' title='bbox 1224 2036 1320 2072; x_wconf 89' lang='lat' dir='ltr'><strong>patria,</strong></span> <span class='ocrx_word' id='word_1_791' title='bbox 1334 2035 1414 2063; x_wconf 89' lang='lat' dir='ltr'><strong>domo</strong></span> <span class='ocrx_word' id='word_1_792' title='bbox 1428 2039 1455 2062; x_wconf 89' lang='lat' dir='ltr'><strong>et</strong></span> <span class='ocrx_word' id='word_1_793' title='bbox 1470 2035 1525 2070; x_wconf 86' lang='lat' dir='ltr'><strong>ipsa</strong></span> <span class='ocrx_word' id='word_1_794' title='bbox 1541 2034 1593 2061; x_wconf 87' lang='lat' dir='ltr'><strong>vita</strong></span> <span class='ocrx_word' id='word_1_795' title='bbox 1607 2034 1758 2065; x_wconf 81' lang='lat' dir='ltr'><strong>excideret,</strong></span> <span class='ocrx_word' id='word_1_796' title='bbox 1775 2033 1833 2068; x_wconf 89' lang='lat' dir='ltr'><strong>ipso</strong></span> <span class='ocrx_word' id='word_1_797' title='bbox 1846 2040 1892 2059; x_wconf 86' lang='lat' dir='ltr'><strong>ca-</strong></span> 
     </span>
    </p>
   </div>
   <div class='ocr_carea' id='block_1_100' title="bbox 1100 2079 1893 2116">
    <p class='ocr_par' dir='ltr' id='par_1_100' title="bbox 1100 2079 1893 2116">
     <span class='ocr_line' id='line_1_100' title="bbox 1100 2079 1893 2116; baseline -0.004 -6"><span class='ocrx_word' id='word_1_798' title='bbox 1100 2082 1224 2110; x_wconf 89' lang='lat' dir='ltr'><strong>lamitatis</strong></span> <span class='ocrx_word' id='word_1_799' title='bbox 1237 2087 1365 2116; x_wconf 88' lang='lat' dir='ltr'><strong>tempore,</strong></span> <span class='ocrx_word' id='word_1_800' title='bbox 1379 2081 1458 2109; x_wconf 88' lang='lat' dir='ltr'><strong>vilem</strong></span> <span class='ocrx_word' id='word_1_801' title='bbox 1473 2081 1660 2115; x_wconf 87' lang='lat' dir='ltr'><strong>abjectumque</strong></span> <span class='ocrx_word' id='word_1_802' title='bbox 1674 2079 1785 2106; x_wconf 89' lang='lat' dir='ltr'><strong>militem</strong></span> <span class='ocrx_word' id='word_1_803' title='bbox 1800 2079 1893 2107; x_wconf 80' lang='lat' dir='ltr'><strong>videns</strong></span> 
     </span>
    </p>
   </div>
   <div class='ocr_carea' id='block_1_101' title="bbox 1100 2126 1892 2159">
    <p class='ocr_par' dir='ltr' id='par_1_101' title="bbox 1100 2126 1892 2159">
     <span class='ocr_line' id='line_1_101' title="bbox 1100 2126 1892 2159; baseline -0.005 -3"><span class='ocrx_word' id='word_1_804' title='bbox 1100 2128 1270 2156; x_wconf 90' lang='lat' dir='ltr'><strong>insultantem</strong></span> <span class='ocrx_word' id='word_1_805' title='bbox 1288 2127 1337 2155; x_wconf 91' lang='lat' dir='ltr'><strong>sibi</strong></span> <span class='ocrx_word' id='word_1_806' title='bbox 1351 2131 1378 2155; x_wconf 90' lang='lat' dir='ltr'><strong>et</strong></span> <span class='ocrx_word' id='word_1_807' title='bbox 1391 2127 1584 2154; x_wconf 86' lang='lat' dir='ltr'><strong>conviciantem</strong></span> <span class='ocrx_word' id='word_1_808' title='bbox 1597 2147 1605 2159; x_wconf 95' lang='lat'><strong>,</strong></span> <span class='ocrx_word' id='word_1_809' title='bbox 1629 2133 1680 2152; x_wconf 91' lang='lat' dir='ltr'><strong>non</strong></span> <span class='ocrx_word' id='word_1_810' title='bbox 1700 2126 1786 2152; x_wconf 84' lang='lat' dir='ltr'><strong>soloin</strong></span> <span class='ocrx_word' id='word_1_811' title='bbox 1807 2126 1892 2153; x_wconf 85' lang='lat' dir='ltr'><strong>vicem</strong></span> 
     </span>
    </p>
   </div>
   <div class='ocr_carea' id='block_1_102' title="bbox 1101 2171 1892 2206">
    <p class='ocr_par' dir='ltr' id='par_1_102' title="bbox 1101 2171 1892 2206">
     <span class='ocr_line' id='line_1_102' title="bbox 1101 2171 1892 2206; baseline -0.003 -6"><span class='ocrx_word' id='word_1_812' title='bbox 1101 2181 1153 2201; x_wconf 92' lang='lat' dir='ltr'><strong>non</strong></span> <span class='ocrx_word' id='word_1_813' title='bbox 1169 2173 1302 2204; x_wconf 88' lang='lat' dir='ltr'><strong>reddidit,</strong></span> <span class='ocrx_word' id='word_1_814' title='bbox 1323 2172 1369 2200; x_wconf 88' lang='lat' dir='ltr'><strong>scd</strong></span> <span class='ocrx_word' id='word_1_815' title='bbox 1383 2172 1462 2200; x_wconf 88' lang='lat' dir='ltr'><strong>etiam</strong></span> <span class='ocrx_word' id='word_1_816' title='bbox 1477 2173 1571 2199; x_wconf 89' lang='lat' dir='ltr'><strong>ducem</strong></span> <span class='ocrx_word' id='word_1_817' title='bbox 1587 2171 1737 2206; x_wconf 84' lang='lat' dir='ltr'><strong>quempiam</strong></span> <span class='ocrx_word' id='word_1_818' title='bbox 1753 2171 1839 2205; x_wconf 89' lang='lat' dir='ltr'><strong>ipsttm</strong></span> <span class='ocrx_word' id='word_1_819' title='bbox 1852 2171 1892 2198; x_wconf 85' lang='lat' dir='ltr'><strong>iit-</strong></span> 
     </span>
    </p>
   </div>
   <div class='ocr_carea' id='block_1_103' title="bbox 1101 2217 1891 2254">
    <p class='ocr_par' dir='ltr' id='par_1_103' title="bbox 1101 2217 1891 2254">
     <span class='ocr_line' id='line_1_103' title="bbox 1101 2217 1891 2254; baseline -0.004 -7"><span class='ocrx_word' id='word_1_820' title='bbox 1101 2221 1224 2247; x_wconf 83' lang='lat' dir='ltr'><strong>terimere</strong></span> <span class='ocrx_word' id='word_1_821' title='bbox 1235 2219 1366 2247; x_wconf 90' lang='lat' dir='ltr'><strong>volentem</strong></span> <span class='ocrx_word' id='word_1_822' title='bbox 1379 2219 1525 2254; x_wconf 88' lang='lat' dir='ltr'><strong>impedivit,</strong></span> <span class='ocrx_word' id='word_1_823' title='bbox 1539 2218 1630 2246; x_wconf 78' lang='lat' dir='ltr'><strong>(licens</strong></span> <span class='ocrx_word' id='word_1_824' title='bbox 1644 2227 1650 2245; x_wconf 91' lang='lat'><strong>:</strong></span> <span class='ocrx_word' id='word_1_825' title='bbox 1667 2217 1790 2244; x_wconf 85' lang='lat' dir='ltr'><strong>Dimittite</strong></span> <span class='ocrx_word' id='word_1_826' title='bbox 1802 2217 1874 2245; x_wconf 86' lang='lat' dir='ltr'><strong>illum</strong></span> <span class='ocrx_word' id='word_1_827' title='bbox 1883 2239 1891 2253; x_wconf 81' lang='grc'>,</span> 
     </span>
    </p>
   </div>
   <div class='ocr_carea' id='block_1_104' title="bbox 1099 2263 1891 2300">
    <p class='ocr_par' dir='ltr' id='par_1_104' title="bbox 1099 2263 1891 2300">
     <span class='ocr_line' id='line_1_104' title="bbox 1099 2263 1891 2300; baseline -0.004 -8"><span class='ocrx_word' id='word_1_828' title='bbox 1099 2266 1159 2300; x_wconf 85' lang='lat' dir='ltr'><strong>quia</strong></span> <span class='ocrx_word' id='word_1_829' title='bbox 1172 2265 1296 2292; x_wconf 81' lang='lat' dir='ltr'><strong>Dominus</strong></span> <span class='ocrx_word' id='word_1_830' title='bbox 1309 2264 1437 2291; x_wconf 85' lang='lat' dir='ltr'><strong>mandavit</strong></span> <span class='ocrx_word' id='word_1_831' title='bbox 1455 2264 1477 2291; x_wconf 90' lang='lat' dir='ltr'><strong>ei</strong></span> <span class='ocrx_word' id='word_1_832' title='bbox 1491 2263 1537 2298; x_wconf 78' lang='lat'><strong>(‘2.</strong></span> <span class='ocrx_word' id='word_1_833' title='bbox 1552 2263 1614 2299; x_wconf 82' lang='lat' dir='ltr'><strong>lleg.</strong></span> <span class='ocrx_word' id='word_1_834' title='bbox 1630 2263 1674 2290; x_wconf 81' lang='lat' dir='ltr'><strong>l6.</strong></span> <span class='ocrx_word' id='word_1_835' title='bbox 1687 2264 1716 2290; x_wconf 85' lang='lat' dir='ltr'><strong>ll</strong></span> <span class='ocrx_word' id='word_1_836' title='bbox 1732 2263 1752 2298; x_wconf 90' lang='lat'><strong>).</strong></span> <span class='ocrx_word' id='word_1_837' title='bbox 1776 2263 1891 2290; x_wconf 74' lang='lat' dir='ltr'><strong>Rutsuni</strong></span> 
     </span>
    </p>
   </div>
   <div class='ocr_carea' id='block_1_105' title="bbox 1100 2309 1890 2345">
    <p class='ocr_par' dir='ltr' id='par_1_105' title="bbox 1100 2309 1890 2345">
     <span class='ocr_line' id='line_1_105' title="bbox 1100 2309 1890 2345; baseline -0.004 -7"><span class='ocrx_word' id='word_1_838' title='bbox 1100 2310 1281 2338; x_wconf 77' lang='lat' dir='ltr'><strong>sacerdotibus</strong></span> <span class='ocrx_word' id='word_1_839' title='bbox 1295 2310 1457 2345; x_wconf 85' lang='lat' dir='ltr'><strong>rogantibus.</strong></span> <span class='ocrx_word' id='word_1_840' title='bbox 1473 2310 1565 2337; x_wconf 85' lang='lat' dir='ltr'><strong>liceret</strong></span> <span class='ocrx_word' id='word_1_841' title='bbox 1585 2309 1634 2336; x_wconf 89' lang='lat' dir='ltr'><strong>sibi</strong></span> <span class='ocrx_word' id='word_1_842' title='bbox 1656 2317 1715 2336; x_wconf 88' lang='lat' dir='ltr'><strong>cntn</strong></span> <span class='ocrx_word' id='word_1_843' title='bbox 1739 2309 1783 2336; x_wconf 88' lang='lat' dir='ltr'><strong>illo</strong></span> <span class='ocrx_word' id='word_1_844' title='bbox 1802 2316 1890 2336; x_wconf 87' lang='lat' dir='ltr'><strong>arcam</strong></span> 
     </span>
    </p>
   </div>
   <div class='ocr_carea' id='block_1_106' title="bbox 1099 2354 1893 2391">
    <p class='ocr_par' dir='ltr' id='par_1_106' title="bbox 1099 2354 1893 2391">
     <span class='ocr_line' id='line_1_106' title="bbox 1099 2354 1893 2391; baseline -0.001 -7"><span class='ocrx_word' id='word_1_845' title='bbox 1099 2356 1290 2388; x_wconf 84' lang='lat' dir='ltr'><strong>circumferre,</strong></span> <span class='ocrx_word' id='word_1_846' title='bbox 1306 2357 1330 2383; x_wconf 92' lang='lat' dir='ltr'><strong>id</strong></span> <span class='ocrx_word' id='word_1_847' title='bbox 1345 2364 1398 2383; x_wconf 86' lang='lat' dir='ltr'><strong>non</strong></span> <span class='ocrx_word' id='word_1_848' title='bbox 1414 2363 1508 2391; x_wconf 73' lang='lat' dir='ltr'><strong>passus</strong></span> <span class='ocrx_word' id='word_1_849' title='bbox 1523 2361 1563 2383; x_wconf 89' lang='lat' dir='ltr'><strong>est</strong></span> <span class='ocrx_word' id='word_1_850' title='bbox 1579 2355 1643 2382; x_wconf 88' lang='lat' dir='ltr'><strong>:sed</strong></span> <span class='ocrx_word' id='word_1_851' title='bbox 1657 2355 1718 2390; x_wconf 91' lang='lat' dir='ltr'><strong>quid</strong></span> <span class='ocrx_word' id='word_1_852' title='bbox 1730 2355 1786 2382; x_wconf 82' lang='lat' dir='ltr'><strong>ait?</strong></span> <span class='ocrx_word' id='word_1_853' title='bbox 1807 2354 1893 2383; x_wconf 79' lang='lat' dir='ltr'><strong>Reduc</strong></span> 
     </span>
    </p>
   </div>
   <div class='ocr_carea' id='block_1_107' title="bbox 1098 2400 1892 2434">
    <p class='ocr_par' dir='ltr' id='par_1_107' title="bbox 1098 2400 1892 2434">
     <span class='ocr_line' id='line_1_107' title="bbox 1098 2400 1892 2434; baseline -0.004 -5"><span class='ocrx_word' id='word_1_854' title='bbox 1098 2411 1184 2429; x_wconf 82' lang='lat' dir='ltr'><strong>arcam</strong></span> <span class='ocrx_word' id='word_1_855' title='bbox 1194 2401 1298 2428; x_wconf 87' lang='lat' dir='ltr'><strong>Domini</strong></span> <span class='ocrx_word' id='word_1_856' title='bbox 1310 2402 1336 2428; x_wconf 86' lang='lat' dir='ltr'><strong>in</strong></span> <span class='ocrx_word' id='word_1_857' title='bbox 1349 2402 1485 2434; x_wconf 81' lang='lat' dir='ltr'><strong>civitatem,</strong></span> <span class='ocrx_word' id='word_1_858' title='bbox 1501 2405 1524 2428; x_wconf 86' lang='lat' dir='ltr'><strong>et</strong></span> <span class='ocrx_word' id='word_1_859' title='bbox 1536 2405 1581 2427; x_wconf 79' lang='lat' dir='ltr'><strong>stet</strong></span> <span class='ocrx_word' id='word_1_860' title='bbox 1594 2401 1619 2427; x_wconf 93' lang='lat' dir='ltr'><strong>in</strong></span> <span class='ocrx_word' id='word_1_861' title='bbox 1634 2401 1688 2427; x_wconf 80' lang='lat' dir='ltr'><strong>loco</strong></span> <span class='ocrx_word' id='word_1_862' title='bbox 1705 2409 1762 2427; x_wconf 74' lang='lat' dir='ltr'><strong>suo.</strong></span> <span class='ocrx_word' id='word_1_863' title='bbox 1778 2400 1808 2427; x_wconf 79' lang='lat' dir='ltr'><strong>Si</strong></span> <span class='ocrx_word' id='word_1_864' title='bbox 1822 2401 1892 2426; x_wconf 74' lang='lat' dir='ltr'><strong>inre-</strong></span> 
     </span>
    </p>
   </div>
   <div class='ocr_carea' id='block_1_108' title="bbox 1099 2447 1893 2484">
    <p class='ocr_par' dir='ltr' id='par_1_108' title="bbox 1099 2447 1893 2484">
     <span class='ocr_line' id='line_1_108' title="bbox 1099 2447 1893 2484; baseline -0.003 -8"><span class='ocrx_word' id='word_1_865' title='bbox 1099 2457 1158 2476; x_wconf 85' lang='lat' dir='ltr'><strong>nero</strong></span> <span class='ocrx_word' id='word_1_866' title='bbox 1168 2449 1277 2484; x_wconf 84' lang='lat' dir='ltr'><strong>gratiam</strong></span> <span class='ocrx_word' id='word_1_867' title='bbox 1287 2449 1312 2475; x_wconf 88' lang='lat' dir='ltr'><strong>in</strong></span> <span class='ocrx_word' id='word_1_868' title='bbox 1321 2454 1455 2483; x_wconf 76' lang='lat' dir='ltr'><strong>conspectu</strong></span> <span class='ocrx_word' id='word_1_869' title='bbox 1465 2447 1579 2480; x_wconf 81' lang='lat' dir='ltr'><strong>Domini,</strong></span> <span class='ocrx_word' id='word_1_870' title='bbox 1587 2453 1610 2474; x_wconf 90' lang='lat' dir='ltr'><strong>et</strong></span> <span class='ocrx_word' id='word_1_871' title='bbox 1621 2447 1760 2475; x_wconf 73' lang='lat' dir='ltr'><strong>liberaverit</strong></span> <span class='ocrx_word' id='word_1_872' title='bbox 1771 2456 1810 2475; x_wconf 87' lang='lat' dir='ltr'><strong>me</strong></span> <span class='ocrx_word' id='word_1_873' title='bbox 1823 2447 1893 2475; x_wconf 79' lang='lat' dir='ltr'><strong>Dem</strong></span> 
     </span>
    </p>
   </div>
   <div class='ocr_carea' id='block_1_109' title="bbox 1098 2493 1893 2528">
    <p class='ocr_par' dir='ltr' id='par_1_109' title="bbox 1098 2493 1893 2528">
     <span class='ocr_line' id='line_1_109' title="bbox 1098 2493 1893 2528; baseline 0 -6"><span class='ocrx_word' id='word_1_874' title='bbox 1098 2495 1130 2522; x_wconf 82' lang='lat' dir='ltr'><strong>de</strong></span> <span class='ocrx_word' id='word_1_875' title='bbox 1141 2495 1291 2522; x_wconf 71' lang='lat' dir='ltr'><strong>instantibus</strong></span> <span class='ocrx_word' id='word_1_876' title='bbox 1307 2494 1380 2522; x_wconf 74' lang='lat' dir='ltr'><strong>malis</strong></span> <span class='ocrx_word' id='word_1_877' title='bbox 1390 2495 1409 2528; x_wconf 84' lang='lat'><strong>‘,</strong></span> <span class='ocrx_word' id='word_1_878' title='bbox 1424 2493 1511 2522; x_wconf 80' lang='lat' dir='ltr'><strong>videbo</strong></span> <span class='ocrx_word' id='word_1_879' title='bbox 1527 2494 1642 2521; x_wconf 81' lang='lat' dir='ltr'><strong>decorem</strong></span> <span class='ocrx_word' id='word_1_880' title='bbox 1654 2494 1725 2528; x_wconf 82' lang='lat' dir='ltr'><strong>ejus;</strong></span> <span class='ocrx_word' id='word_1_881' title='bbox 1746 2494 1786 2521; x_wconf 85' lang='lat' dir='ltr'><strong>sin</strong></span> <span class='ocrx_word' id='word_1_882' title='bbox 1801 2494 1893 2522; x_wconf 69' lang='lat' dir='ltr'><strong>dixerit</strong></span> 
     </span>
    </p>
   </div>
   <div class='ocr_carea' id='block_1_110' title="bbox 1128 2603 1886 2634">
    <p class='ocr_par' dir='ltr' id='par_1_110' title="bbox 1128 2603 1886 2634">
     <span class='ocr_line' id='line_1_110' title="bbox 1128 2603 1886 2634; baseline 0 -6"><span class='ocrx_word' id='word_1_883' title='bbox 1128 2606 1136 2620; x_wconf 84' lang='grc' dir='ltr'>ι</span> <span class='ocrx_word' id='word_1_884' title='bbox 1150 2603 1195 2628; x_wconf 81' lang='lat' dir='ltr'><strong>Hic</strong></span> <span class='ocrx_word' id='word_1_885' title='bbox 1208 2604 1338 2628; x_wconf 87' lang='lat' dir='ltr'><strong>admodum</strong></span> <span class='ocrx_word' id='word_1_886' title='bbox 1349 2603 1442 2628; x_wconf 77' lang='lat' dir='ltr'><strong>variant</strong></span> <span class='ocrx_word' id='word_1_887' title='bbox 1453 2603 1612 2634; x_wconf 76' lang='lat' dir='ltr'><strong>exemplaria.</strong></span> <span class='ocrx_word' id='word_1_888' title='bbox 1624 2603 1698 2628; x_wconf 53' lang='lat' dir='ltr'><strong>Savll.</strong></span> <span class='ocrx_word' id='word_1_889' title='bbox 1711 2607 1738 2634; x_wconf 78' lang='lat' dir='ltr'><strong>et</strong></span> <span class='ocrx_word' id='word_1_890' title='bbox 1748 2603 1886 2631; x_wconf 82' lang='lat' dir='ltr'><strong>Morel.ha-_</strong></span> 
     </span>
    </p>
   </div>
   <div class='ocr_carea' id='block_1_111' title="bbox 1096 2633 1885 2665">
    <p class='ocr_par' dir='ltr' id='par_1_111' title="bbox 1096 2633 1885 2665">
     <span class='ocr_line' id='line_1_111' title="bbox 1096 2633 1885 2665; baseline -0.001 -7"><span class='ocrx_word' id='word_1_891' title='bbox 1096 2635 1159 2660; x_wconf 68' lang='lat' dir='ltr'><strong>bent</strong></span> <span class='ocrx_word' id='word_1_892' title='bbox 1171 2638 1197 2665; x_wconf 85' lang='lat' dir='ltr'><strong>nt</strong></span> <span class='ocrx_word' id='word_1_893' title='bbox 1210 2641 1233 2658; x_wconf 89' lang='lat' dir='ltr'><strong>tn</strong></span> <span class='ocrx_word' id='word_1_894' title='bbox 1245 2638 1315 2658; x_wconf 80' lang='lat' dir='ltr'><strong>textu</strong></span> <span class='ocrx_word' id='word_1_895' title='bbox 1329 2642 1334 2658; x_wconf 70' lang='grc' dir='ltr'>ξ</span> <span class='ocrx_word' id='word_1_896' title='bbox 1346 2636 1503 2665; x_wconf 83' lang='lat' dir='ltr'><strong>manuscripti</strong></span> <span class='ocrx_word' id='word_1_897' title='bbox 1517 2633 1576 2658; x_wconf 72' lang='lat' dir='ltr'><strong>vero</strong></span> <span class='ocrx_word' id='word_1_898' title='bbox 1588 2635 1658 2665; x_wconf 83' lang='lat' dir='ltr'><strong>mulli</strong></span> <span class='ocrx_word' id='word_1_899' title='bbox 1672 2633 1774 2659; x_wconf 80' lang='lat' dir='ltr'><strong>Codices</strong></span> <span class='ocrx_word' id='word_1_900' title='bbox 1787 2633 1831 2664; x_wconf 84' lang='lat' dir='ltr'><strong>sic,</strong></span> <span class='ocrx_word' id='word_1_901' title='bbox 1842 2635 1885 2660; x_wconf 77' lang='lat' dir='ltr'><strong>sed</strong></span> 
     </span>
    </p>
   </div>
   <div class='ocr_carea' id='block_1_112' title="bbox 1097 2664 1882 2695">
    <p class='ocr_par' dir='ltr' id='par_1_112' title="bbox 1097 2664 1882 2695">
     <span class='ocr_line' id='line_1_112' title="bbox 1097 2664 1882 2695; baseline -0.001 -4"><span class='ocrx_word' id='word_1_902' title='bbox 1097 2666 1164 2692; x_wconf 86' lang='lat' dir='ltr'><strong>stabo</strong></span> <span class='ocrx_word' id='word_1_903' title='bbox 1175 2664 1200 2690; x_wconf 81' lang='lat' dir='ltr'><strong>in</strong></span> <span class='ocrx_word' id='word_1_904' title='bbox 1210 2666 1307 2695; x_wconf 78' lang='lat' dir='ltr'><strong>templo.</strong></span> <span class='ocrx_word' id='word_1_905' title='bbox 1317 2668 1339 2690; x_wconf 87' lang='lat' dir='ltr'><strong>et</strong></span> <span class='ocrx_word' id='word_1_906' title='bbox 1350 2664 1371 2690; x_wconf 78' lang='lat' dir='ltr'><strong>si</strong></span> <span class='ocrx_word' id='word_1_907' title='bbox 1383 2664 1521 2690; x_wconf 76' lang='lat' dir='ltr'><strong>liberaverit</strong></span> <span class='ocrx_word' id='word_1_908' title='bbox 1541 2671 1579 2690; x_wconf 88' lang='lat' dir='ltr'><strong>me</strong></span> <span class='ocrx_word' id='word_1_909' title='bbox 1596 2664 1626 2690; x_wconf 82' lang='lat' dir='ltr'><strong>de</strong></span> <span class='ocrx_word' id='word_1_910' title='bbox 1647 2664 1791 2689; x_wconf 67' lang='lat' dir='ltr'><strong>instantibus</strong></span> <span class='ocrx_word' id='word_1_911' title='bbox 1802 2665 1882 2690; x_wconf 82' lang='lat' dir='ltr'><strong>mntis.</strong></span> 
     </span>
    </p>
   </div>
   <div class='ocr_carea' id='block_1_113' title="bbox 1099 2695 1883 2729">
    <p class='ocr_par' dir='ltr' id='par_1_113' title="bbox 1099 2695 1883 2729">
     <span class='ocr_line' id='line_1_113' title="bbox 1099 2695 1883 2729; baseline 0 -9"><span class='ocrx_word' id='word_1_912' title='bbox 1099 2697 1169 2725; x_wconf 67' lang='lat' dir='ltr'><strong>(Nam</strong></span> <span class='ocrx_word' id='word_1_913' title='bbox 1182 2699 1231 2729; x_wconf 85' lang='lat' dir='ltr'><strong>est_</strong></span> <span class='ocrx_word' id='word_1_914' title='bbox 1245 2695 1321 2721; x_wconf 85' lang='lat' dir='ltr'><strong>lectio</strong></span> <span class='ocrx_word' id='word_1_915' title='bbox 1340 2697 1429 2729; x_wconf 69' lang='lat' dir='ltr'><strong>Graeca</strong></span> <span class='ocrx_word' id='word_1_916' title='bbox 1441 2696 1479 2720; x_wconf 89' lang='lat' dir='ltr'><strong>ed.</strong></span> <span class='ocrx_word' id='word_1_917' title='bbox 1501 2695 1574 2729; x_wconf 70' lang='lat' dir='ltr'><strong>lfieid</strong></span> <span class='ocrx_word' id='word_1_918' title='bbox 1595 2702 1668 2729; x_wconf 84' lang='lat' dir='ltr'><strong>quam</strong></span> <span class='ocrx_word' id='word_1_919' title='bbox 1694 2695 1883 2729; x_wconf 65' lang='lat' dir='ltr'><strong>exscripsimus.</strong></span> 
     </span>
    </p>
   </div>
   <div class='ocr_carea' id='block_1_114' title="bbox 1099 2725 1886 2761">
    <p class='ocr_par' dir='ltr' id='par_1_114' title="bbox 1099 2725 1886 2761">
     <span class='ocr_line' id='line_1_114' title="bbox 1099 2725 1886 2761; baseline -0.003 -9"><span class='ocrx_word' id='word_1_920' title='bbox 1099 2729 1178 2761; x_wconf 68' lang='lat' dir='ltr'><strong>lion.)</strong></span> <span class='ocrx_word' id='word_1_921' title='bbox 1187 2726 1297 2761; x_wconf 64' lang='grc' dir='ltr'><strong>Αιιίκιψδ</strong></span> <span class='ocrx_word' id='word_1_922' title='bbox 1307 2726 1429 2761; x_wconf 78' lang='lat' dir='ltr'><strong>ve_ro,_sed</strong></span> <span class='ocrx_word' id='word_1_923' title='bbox 1441 2729 1494 2761; x_wconf 68' lang='lat' dir='ltr'><strong>stet,</strong></span> <span class='ocrx_word' id='word_1_924' title='bbox 1508 2725 1594 2761; x_wconf 66' lang='lat' dir='ltr'><strong>inquit,</strong></span> <span class='ocrx_word' id='word_1_925' title='bbox 1605 2725 1629 2751; x_wconf 75' lang='lat' dir='ltr'><strong>in</strong></span> <span class='ocrx_word' id='word_1_926' title='bbox 1642 2727 1731 2761; x_wconf 67' lang='lat' dir='ltr'><strong>templa</strong></span> <span class='ocrx_word' id='word_1_927' title='bbox 1741 2733 1749 2750; x_wconf 91' lang='lat'><em>:</em></span> <span class='ocrx_word' id='word_1_928' title='bbox 1759 2725 1788 2761; x_wconf 59' lang='lat' dir='ltr'><strong>et</strong></span> <span class='ocrx_word' id='word_1_929' title='bbox 1795 2725 1886 2761; x_wconf 60' lang='lat' dir='ltr'><strong>silibe-</strong></span> 
     </span>
    </p>
   </div>
   <div class='ocr_carea' id='block_1_115' title="bbox 1097 2755 1887 2791">
    <p class='ocr_par' dir='ltr' id='par_1_115' title="bbox 1097 2755 1887 2791">
     <span class='ocr_line' id='line_1_115' title="bbox 1097 2755 1887 2791; baseline -0.003 -8"><span class='ocrx_word' id='word_1_930' title='bbox 1097 2755 1187 2791; x_wconf 78' lang='lat' dir='ltr'><strong>rnoerit</strong></span> <span class='ocrx_word' id='word_1_931' title='bbox 1199 2764 1235 2783; x_wconf 87' lang='lat' dir='ltr'><strong>me</strong></span> <span class='ocrx_word' id='word_1_932' title='bbox 1253 2759 1316 2783; x_wconf 77' lang='lat' dir='ltr'><strong>Deus</strong></span> <span class='ocrx_word' id='word_1_933' title='bbox 1327 2759 1357 2783; x_wconf 82' lang='lat' dir='ltr'><strong>de</strong></span> <span class='ocrx_word' id='word_1_934' title='bbox 1379 2756 1520 2783; x_wconf 80' lang='lat' dir='ltr'><strong>instantibus</strong></span> <span class='ocrx_word' id='word_1_935' title='bbox 1531 2755 1613 2787; x_wconf 75' lang='lat' dir='ltr'><strong>titulis,</strong></span> <span class='ocrx_word' id='word_1_936' title='bbox 1625 2755 1710 2782; x_wconf 74' lang='lat' dir='ltr'><strong>videbo</strong></span> <span class='ocrx_word' id='word_1_937' title='bbox 1722 2755 1887 2789; x_wconf 46' lang='lat' dir='ltr'><strong>pulchritudi‘</strong></span> 
     </span>
    </p>
   </div>
   <div class='ocr_carea' id='block_1_116' title="bbox 1099 2791 1289 2821">
    <p class='ocr_par' dir='ltr' id='par_1_116' title="bbox 1099 2791 1289 2821">
     <span class='ocr_line' id='line_1_116' title="bbox 1099 2791 1289 2821; baseline -0.011 -7"><span class='ocrx_word' id='word_1_938' title='bbox 1099 2794 1153 2815; x_wconf 70' lang='lat' dir='ltr'><strong>nam</strong></span> <span class='ocrx_word' id='word_1_939' title='bbox 1164 2795 1225 2821; x_wconf 67' lang='lat' dir='ltr'><strong>ejus,</strong></span> <span class='ocrx_word' id='word_1_940' title='bbox 1239 2791 1289 2813; x_wconf 86' lang='lat' dir='ltr'><strong>etc.</strong></span> 
     </span>
    </p>
   </div>
  </div>
