2056 3130
161 172 220 199 mihi
228 192 236 204 ,
250 171 323 200 Nolo
339 177 366 200 te
383 182 393 201 :
407 183 465 203 ecce
475 183 530 210 ego,
544 175 619 210 faciat
633 175 695 202 milii
710 176 778 206 quod
789 181 825 203 est
841 176 961 210 placitum

160 220 185 246 iu
195 223 333 253 conspectu
346 229 409 255 qua
422 221 460 255 (2.
473 220 537 256 Reg.
549 221 592 248 15.
605 221 649 248 25.
662 220 718 256 26).
735 221 800 248 Illud
813 229 876 248 vero
890 222 960 256 quod

159 272 218 300 erga
232 264 346 292 Sat'tlem
361 272 392 294 et
402 268 485 295 semel
498 273 526 295 et
537 267 578 295 bis
590 273 618 295 et
632 268 729 302 pluries
742 267 815 301 fecit,
830 273 957 303 quantum

159 320 209 339 non
222 311 410 347 philosophia;
422 314 526 341 culmen
537 314 667 342 ostendit!
680 314 707 341 ld
719 315 790 341 enim
804 319 831 342 et
843 320 959 342 veterem

159 358 241 393 legem
256 360 431 393 superabat,
447 365 472 388 ct
486 360 518 387 ad
533 361 678 395 apostolica
694 366 824 395 praecepta
840 363 960 396 proxime

157 402 313 431 accedebat.
341 404 409 433 Ideo
427 406 516 433 omnia
538 414 597 441 quae
613 414 628 433 a
649 407 704 434 Deo
723 407 959 441 proficiscebantur

156 449 396 484 amplectebatur,
418 459 468 479 nec
489 452 617 479 rationem
638 453 762 487 exigebat
786 461 878 480 eorum
900 461 959 488 qum

155 495 327 527 accidebant.
341 497 393 524 sed
403 505 484 524 unum
494 497 626 531 studebat,
638 505 667 525 ut
678 499 776 533 ubique
787 499 845 534 ejus
857 499 959 534 legibus

155 541 367 575 obsequeretur.
383 542 417 569 Et
428 547 488 578 post
503 546 541 570 tot
553 548 678 578 tantaque
691 544 818 578 praeclara
830 544 958 578 facinora,

154 587 248 616 videns
264 593 434 624 tyrannum,
450 590 619 624 parricidam,
635 591 805 624 fratricidam,
819 595 958 619 contume-

156 634 263 666 liosum.
273 636 424 668 furiosum,
433 636 477 670 qui
486 644 595 671 regnum
607 645 683 664 suum
693 637 836 669 invaserat,
850 646 884 665 ne
894 638 958 665 illud

153 680 261 716 quidem
284 681 341 715 ipsi
365 682 527 710 oﬂ‘endiculo
541 682 606 710 fuit:
623 682 669 710 sed
682 684 704 710 si
719 681 755 710 ita
771 683 824 710 Deo
837 684 957 718 placeat,

154 726 249 761 inquit,
266 727 333 760 pelli
350 735 405 760 me,
422 736 512 756 errare
526 733 552 756 et
566 728 666 764 fugere,
682 729 755 756 illum
768 735 855 757 autem
872 730 898 757 in
910 730 959 758 ho-

155 780 219 800 nore
236 780 314 805 esse,
332 775 360 801 id
375 775 523 810 amplector
543 780 623 810 atque
643 776 758 811 suscipio
770 797 777 809 ,
801 781 828 804 et
846 777 956 811 gratiam

155 819 242 847 habeo
255 828 308 854 pro
318 822 403 848 malis
417 821 574 849 innumeris.
587 821 644 849 Non
658 826 687 849 ut
700 823 773 850 multi
789 823 957 858 impudentes

153 872 184 892 ac
194 865 364 900 petulantes,
379 867 425 901 qui
439 875 474 895 ne
488 868 622 894 minimam
636 867 742 902 quidem
758 873 858 902 partem
874 869 957 903 probe

153 917 291 946 gistorum
306 913 369 947 ejus
382 914 524 948 exsequuti
538 918 610 946 sunt,
622 913 719 948 quique
732 914 754 941 si
768 922 834 949 quos
848 915 956 942 videant

154 965 285 993 prospere
294 965 390 993 agere,
402 966 433 986 se
441 966 505 986 vero
515 965 623 994 parvam
633 959 780 986 molestiam
791 960 958 988 mwstitiam-

761 114 797 143 IN
816 114 1023 145 ΜΑΤΤΗΛΕῸΜ
1050 115 1167 145 HOMIL.
1178 117 1225 147 Ν.

1770 127 1808 155 40

1010 187 1062 215 que
1075 180 1176 213 subire,
1190 179 1337 207 innumeris
1350 180 1452 207 animas
1465 187 1527 208 suas
1541 178 1712 217 blasphemiis
1723 182 1799 211 lube-

1010 224 1119 252 factant.
1142 225 1178 252 At
1197 231 1250 252 non
1265 224 1298 252 iis
1309 224 1404 252 similis
1419 225 1501 252 David
1517 230 1592 259 erat,
1605 227 1649 262 qui
1665 228 1713 255 fuit
1727 230 1799 256 omni

1012 270 1140 298 modestia
1155 270 1291 306 praeditus.
1310 268 1372 298 Ideo
1385 270 1490 298 dicebat
1507 271 1595 300 Deus.
1615 272 1703 300 inveni
1717 273 1801 301 David

1010 317 1091 350 ﬁlium
1103 316 1194 350 Jesste,
1209 317 1291 344 cirum
1302 317 1440 344 secundant
1453 325 1497 344 cor
1509 325 1590 344 meum
1601 320 1612 353 ι
1624 317 1698 345 Ριαι.
1715 319 1759 346 88.
1773 320 1800 347 6.

1009 361 1039 390 2i
1052 363 1072 396 ).
1087 362 1178 391 Talem
1191 367 1218 390 et
1230 370 1280 391 nos
1292 362 1475 398 possideamus
1487 363 1620 398 animam,
1633 368 1661 392 et
1675 365 1803 401 quidquid

1010 408 1141 443 patimur,
1157 409 1252 437 leniter
1264 409 1397 443 feramus,
1411 414 1438 437 et
1449 413 1510 437 ante
1523 417 1632 445 regnum
1643 431 1651 444 ,
1666 411 1709 439 hic
1724 412 1802 441 nobis

1011 454 1144 488 pariamus
1164 454 1318 482 humilitatis
1333 459 1500 490 proventum.
1517 455 1583 483 Nam
1603 456 1659 484 ait:
1677 457 1773 485 Discite
1785 467 1801 485 a

1010 508 1060 532 me,
1071 501 1129 534 quia
1140 501 1206 528 mitis
1216 506 1302 528 sumet
1312 501 1416 528 humilis
1426 501 1509 534 corde,
1519 506 1542 528 et
1552 501 1682 530 invenietis
1690 504 1802 538 requiem

1011 549 1140 577 animabus
1157 549 1245 577 vestris
1265 549 1381 584 (Matth.
1396 550 1439 577 ll.
1451 550 1486 578 29
1497 550 1517 586 ).
1536 550 1571 578 Ut
1584 551 1662 585 igitur
1675 555 1703 579 et
1715 550 1759 578 hic
1771 555 1798 578 et

1011 595 1064 623 illic
1077 596 1169 630 requie
1181 595 1311 629 fruamur,
1324 603 1426 624 summa
1436 603 1500 624 cura
1513 597 1632 624 omnium
1644 597 1775 625 bonorum
1788 598 1797 614 ‘

1008 646 1120 670 matrem
1139 643 1313 670 humilitatem
1329 643 1355 670 in
1367 643 1506 670 animabus
1525 644 1622 671 nostris
1637 643 1795 672 inseramus.

1009 690 1054 718 Sic
1065 691 1135 718 enim
1149 696 1175 719 et
1186 691 1264 726 hujus
1277 691 1337 718 vitae
1349 692 1457 726 pelagus
1470 692 1528 719 sine
1538 691 1664 720 ﬂuctibus
1677 693 1799 727 trajicere

1010 737 1167 771 poterimus,
1182 741 1208 765 et
1221 736 1255 764 ad
1268 737 1437 772 tranquillum
1453 737 1527 764 illum
1541 742 1647 772 portum
1661 739 1795 773 navigare,

1008 784 1092 819 gratia
1110 787 1138 811 et
1155 783 1318 819 benignitate
1329 783 1433 810 Domini
1446 784 1530 810 nostri
1543 783 1607 811 Jesu
1620 783 1737 818 Christi,
1753 789 1796 813 cut

1008 830 1092 866 gloria
1104 835 1131 858 et
1142 830 1282 865 imperium
1294 829 1321 857 in
1334 830 1429 857 saecula
1443 828 1613 857 saeculorum.
1629 829 1724 858 Amen.

1039 926 1216 965 f‘ttanuscripti
1232 935 1280 965 non
1297 929 1375 965 pauci,
1392 929 1514 965 rit-tntum,
1526 931 1633 965 legunt,
1651 939 1707 965 qua:
1723 933 1797 960 lectio

1008 959 1098 988 optime
1110 959 1253 990 quadraret;
1266 960 1311 984 Sed
1322 959 1429 985 Auiauus
1441 959 1511 992 legit.
1522 959 1635 988 bonarum

168 1087 1796 1103 —_—-—_—_————————__——-

860 1163 1036 1194 HOMILIA
1059 1162 1112 1196 ιν.

175 1300 240 1327 Car.
257 1299 278 1326 l.
291 1299 377 1326 v.17.
399 1298 492 1325 Omnes
508 1298 584 1333 igitur
603 1297 772 1332 generationes
792 1296 822 1323 ab
844 1295 972 1322 Abraham

210 1353 291 1380 usque
303 1345 338 1371 ad
353 1344 447 1376 David,
459 1344 628 1379 generationes
641 1342 849 1378 quatuordecim;
863 1346 886 1368 et
895 1349 911 1368 a
921 1340 972 1367 Da-

209 1390 253 1417 uid
264 1398 348 1425 usque
361 1390 397 1416 ad
407 1389 652 1423 transmigrationem
664 1388 813 1424 Babylonis,
827 1386 969 1423 generatio-

210 1444 256 1464 nes
276 1436 492 1472 quatuordecim;
512 1439 534 1462 et
555 1443 571 1461 a
593 1434 813 1470 lransmigratione
833 1432 970 1468 Babylonis

209 1491 292 1518 usque
301 1483 336 1509 ad
351 1482 489 1515 Christum,
502 1481 671 1517 generationes
685 1480 884 1516 quatuordecim.

209 1550 237 1576 1.
249 1548 354 1577 Omnes
365 1547 552 1584 generationes
562 1548 587 1574 in
602 1551 656 1574 tres
668 1551 757 1581 partes
767 1546 866 1578 divisit,
878 1550 969 1573 osten-

175 1595 242 1623 dens
257 1596 320 1623 illos
335 1595 417 1622 etiam
432 1598 491 1629 post
505 1593 656 1628 reipublicae
669 1592 781 1620 formam
796 1592 894 1627 pluries
908 1600 968 1619 mu-

176 1646 258 1668 tatam
274 1649 327 1668 non
343 1642 460 1668 evasisse
479 1639 601 1667 meliores
613 1659 620 1672 ,
638 1639 684 1665 sed
703 1639 759 1665 sive
778 1638 949 1665 aristocratia:
960 1658 968 1670 ,

175 1687 231 1713 sive
244 1694 340 1720 regno,
355 1686 411 1712 sive
423 1684 573 1720 oligarchia:
587 1689 721 1718 parerent,
734 1685 759 1710 in
775 1683 869 1711 iisdem
881 1691 970 1710 versa-

176 1737 217 1759 tos
230 1733 311 1759 malis
325 1739 385 1759 esse
401 1740 407 1758 :
422 1739 452 1758 ac
466 1739 552 1766 neque
573 1730 684 1757 ducibus
695 1750 703 1762 ,
724 1737 810 1764 neque
825 1729 970 1756 sacerdoti-

176 1777 235 1809 bus,
250 1785 339 1812 neque
360 1776 467 1812 regibus
489 1784 545 1803 rem
566 1775 695 1810 publicam
711 1774 967 1809 administrantibus,

176 1824 305 1859 majorem
321 1831 405 1858 penes
417 1823 475 1850 illos
489 1821 591 1849 virtutis
603 1821 733 1848 rationem
749 1820 838 1847 fuisse.
856 1819 908 1847 Cur
920 1827 969 1846 au-

176 1876 228 1898 tem
241 1871 268 1897 in
280 1870 366 1897 media
378 1874 453 1904 parte
465 1874 519 1896 tres
527 1867 695 1902 praetermisit
705 1874 789 1901 reges,
801 1866 827 1893 in
836 1871 968 1900 postrema

177 1922 266 1944 autem
280 1920 354 1951 parte
364 1913 579 1950 generationibus
591 1912 730 1940 duodecim
748 1916 847 1939 tantum
864 1912 965 1946 positis,

177 1961 378 1997 quatuordecim
400 1961 470 1995 ipsas
484 1967 543 1987 esse
557 1959 638 1986 dicit?
660 1958 776 1985 Primam
792 1957 967 1992 quzestionem

177 2008 252 2034 vobis
264 2005 422 2033 solvendam
438 2005 574 2040 relinquo;
598 2011 650 2031 non
669 2004 739 2030 enim
757 2003 845 2029 omnia
865 2002 968 2029 solvere

176 2054 252 2081 vobis
265 2059 376 2080 necesse
390 2056 440 2083 est,
457 2059 491 2078 ne
504 2051 578 2078 vobis
593 2049 727 2077 fastidium
737 2055 896 2084 generemus
908 2056 915 2074 :
925 2054 968 2075 se-

177 2100 289 2127 cundam
302 2105 390 2126 autem
404 2097 606 2132 explanabimus
617 2097 637 2123 ι.
650 2096 713 2123 Mihi
727 2100 799 2122 certe
811 2094 915 2122 videtur
923 2099 969 2121 ca-

177 2142 306 2177 ptivitatis
321 2145 427 2175 tempus
440 2139 482 2166 hic
497 2146 545 2173 pro
559 2145 610 2165 una
623 2138 794 2173 generatione
812 2135 967 2170 numerari,

179 2189 224 2217 sed
239 2193 266 2216 et
280 2189 366 2223 ipsum
379 2186 513 2214 Christum
528 2184 648 2222 [alteram
662 2183 801 2219 implere],
815 2191 895 2219 quem
909 2182 967 2210 ubi-

178 2242 230 2268 que
250 2233 326 2260 nobis
340 2231 486 2266 conjungit.
506 2230 527 2258 E
547 2237 576 2258 re
592 2235 680 2257 autem
697 2229 873 2264 captivitatem
893 2229 966 2256 illam

178 2283 371 2308 commemorat.
382 2299 390 2311 ,
405 2276 549 2305 ostendens
563 2276 626 2303 illuc
638 2276 764 2303 deductos
776 2296 784 2308 ,
799 2283 850 2302 non
865 2279 966 2308 tempe-

178 2326 308 2352 rantiores
317 2324 449 2354 erasiSse;
464 2323 498 2349 ita
510 2327 537 2348 ut
547 2329 654 2356 prorsus
667 2321 833 2348 necessarius
846 2322 968 2348 videatur

178 2372 258 2399 fuisse
266 2370 364 2398 Christi
373 2369 511 2396 adventus.
523 2367 591 2402 Quid
601 2374 664 2402 ergo
674 2367 777 2394 Marcus
788 2374 839 2394 non
852 2367 964 2402 idipsmn

178 2420 241 2453 agit.
253 2426 338 2453 neque
349 2417 412 2444 Jesn
423 2415 601 2449 genealogiam
613 2418 741 2444 recenset,
750 2413 797 2440 sed
809 2413 966 2448 compendio

178 2466 266 2493 omnia
289 2463 388 2491 refert?
411 2462 472 2489 Mihi
495 2461 601 2496 quidem
624 2460 727 2487 videtur
747 2459 884 2486 Maltlimus
904 2463 966 2486 ante

178 2518 270 2538 omnes
283 2516 391 2536 manum
406 2507 480 2535 oneri
493 2505 643 2534 admovisse
656 2508 834 2540 :quapropter
842 2504 967 2539 genealo-

209 2626 219 2641 ¹
237 2630 297 2650 Tres
307 2629 362 2650 51:5.
380 2625 415 2656 sic
426 2624 566 2651 habent.....
587 2623 716 2656 secandam
738 2625 818 2656 autem
833 2619 972 2656 explanabi-

180 2663 241 2686 mus,
251 2657 300 2682 imo
310 2659 333 2681 rt
346 2655 452 2686 primunt
459 2661 564 2686 quoque,
577 2658 624 2679 etc.
638 2654 673 2678 lbi
686 2659 737 2678 tres
749 2654 842 2686 pagina:
853 2652 970 2682 adjiciun-

181 2684 268 2717 tur,‘ut
277 2684 433 2717 explicentur
449 2684 497 2709 illte
515 2685 696 2716 quatuordecim
712 2684 897 2718 generationes,
915 2688 971 2718 qute

181 2714 236 2743 ante
249 2714 414 2749 captivitatem
432 2714 598 2749 numerantur,
609 2722 701 2749 necnon
713 2714 894 2749 {piatuordecim
907 2714 969 2742 alite,

181 2756 234 2780 qum
247 2744 300 2780 post.
308 2747 485 2780 captivitatem.
498 2747 556 2780 Quia
567 2753 625 2770 vero
634 2747 684 2780 haec
693 2744 835 2780 abAAuiauQ
847 2744 909 2768 lecta
923 2751 969 2780 non

182 2775 304 2808 suun-uec
316 2775 434 2802 ridentur
447 2783 501 2808 esse
510 2777 679 2808 Chrysostomi,
693 2777 716 2802 in
733 2776 805 2802 linem
818 2775 970 2802 Commenta-

180 2811 270 2835 riorum
283 2811 306 2835 in
315 2809 452 2834 Matthzuum
461 2807 571 2838 ablegati:
583 2811 646 2833 sunt.

1018 1297 1086 1333 giam
1109 1300 1233 1324 accurate
1255 1294 1345 1331 ponit,
1363 1298 1390 1322 et
1403 1294 1430 1321 in
1443 1294 1475 1321 iis
1487 1301 1547 1329 quae
1561 1298 1709 1321 necessaria
1727 1294 1803 1321 erant

1017 1343 1131 1375 insistit;
1154 1341 1257 1369 Marcus
1279 1347 1344 1368 vero
1364 1344 1424 1374 post
1445 1340 1531 1374 ipsum
1553 1340 1668 1374 scripsit,
1693 1339 1804 1373 ideoque

1017 1387 1175 1423 compendio
1185 1387 1283 1418 studet,
1297 1391 1387 1420 utpote
1397 1385 1440 1420 qui
1451 1385 1505 1420 jam
1518 1385 1588 1412 dicta
1598 1389 1625 1412 et
1638 1389 1698 1412 nota
1711 1392 1805 1412 recen-

1016 1439 1084 1462 seat.
1108 1433 1161 1460 Cur
1178 1440 1241 1466 ergo
1264 1433 1348 1459 Lucas
1366 1432 1445 1459 etiam
1460 1430 1639 1466 genealogiam
1653 1434 1681 1457 et
1695 1430 1802 1465 quidem

1016 1480 1135 1516 pluribus
1161 1478 1270 1506 scribit?
1297 1478 1362 1511 Quia
1389 1477 1528 1504 Mattlizeus
1548 1476 1602 1511 jam
1632 1483 1804 1512 praeessent

1016 1527 1139 1561 viamque
1160 1528 1316 1560 paraverat,
1335 1523 1417 1550 voluit
1441 1523 1484 1549 ille
1506 1522 1602 1557 aliquid
1623 1523 1736 1557 amplius
1755 1531 1804 1550 nos

1016 1572 1139 1599 edocere.
1160 1570 1278 1604 Quisque
1299 1568 1488 1603 discipulorum
1503 1568 1657 1602 magistrum
1673 1575 1748 1595 suum
1762 1573 1804 1596 est

1016 1618 1148 1649 imitatus;
1168 1617 1209 1643 hic
1224 1616 1343 1646 Paulum,
1356 1614 1477 1641 ubertate
1491 1613 1598 1640 flumina
1612 1619 1781 1648 superantem
1793 1622 1801 1647 ;

1015 1664 1059 1692 ille
1071 1664 1189 1694 Petrum,
1204 1661 1324 1689 brevitati
1336 1660 1495 1688 studentem.
1510 1659 1563 1687 Cur
1573 1667 1654 1694 porro
1665 1659 1803 1688 lllattlueus

1015 1711 1041 1738 in
1055 1709 1164 1737 exordio
1179 1716 1232 1735 non
1246 1707 1331 1739 dixit,
1347 1706 1415 1733 sicut
1428 1711 1453 1732 et
1467 1705 1602 1740 propheta:
1612 1725 1619 1738 ,
1641 1705 1709 1732 Visio
1727 1714 1801 1739 quam

1013 1755 1075 1786 vidi,
1089 1755 1141 1786 vel,
1159 1753 1248 1781 Sermo
1266 1752 1309 1786 qui
1330 1754 1410 1788 [actus
1431 1755 1466 1778 est
1484 1751 1518 1777 ad
1537 1750 1595 1777 me?
1617 1750 1746 1783 Quoniam
1766 1750 1800 1778 ad

1014 1801 1081 1836 frugi
1104 1800 1225 1827 homines
1242 1797 1391 1830 scribebat,
1406 1797 1450 1830 qui
1465 1795 1608 1823 admodum
1623 1796 1701 1823 dictis
1714 1801 1802 1824 attcn-

1013 1848 1117 1875 derent.
1141 1846 1246 1873 Etenim
1265 1846 1319 1878 jam
1339 1848 1439 1878 patrata
1455 1843 1580 1870 miracula
1593 1843 1741 1870 clamabant
1753 1864 1761 1875 ,
1775 1848 1803 1871 et

1014 1895 1058 1929 qui
1072 1893 1237 1928 evangelium
1252 1891 1428 1926 accipiebant,
1444 1889 1520 1924 plane
1533 1889 1628 1916 ﬁdeles
1640 1894 1725 1916 erant.
1738 1890 1802 1917 Pro-

1014 1941 1151 1975 phetarum
1164 1947 1227 1965 vero
1240 1943 1360 1969 tempore
1374 1943 1426 1963 non
1441 1940 1479 1963 tot
1491 1940 1567 1962 erant
1581 1934 1707 1962 miracula
1718 1956 1725 1968 ,
1741 1944 1800 1970 qua:

1015 1983 1201 2011 auctoritatem
1213 1983 1278 2018 ipsis
1289 1983 1423 2016 inderent,
1433 1989 1461 2012 et
1471 1992 1564 2019 magna
1576 1988 1640 2012 tunc
1650 1985 1807 2020 erumpebat

1017 2029 1307 2064 pseudoprophetarum
1322 2029 1398 2056 turba
1407 2050 1414 2062 ,
1429 2030 1525 2064 quibus
1538 2030 1622 2065 magis
1634 2030 1807 2058 attendebant

1015 2076 1109 2104 Jtldzui.
1121 2077 1299 2109 Quamobrem
1311 2075 1353 2103 hic
1362 2076 1551 2110 prooemiorum
1563 2076 1657 2103 modus
1665 2076 1734 2111 apud
1745 2076 1806 2104 illos

1016 2121 1182 2149 necessarius
1200 2125 1267 2148 erat.
1291 2121 1318 2148 Si
1340 2129 1404 2148 vero
1427 2121 1501 2156 signa
1521 2121 1678 2156 quandoque
1699 2121 1807 2155 ﬁerent,

1016 2167 1189 2194 barbarorum
1200 2174 1290 2199 causa,
1303 2170 1331 2193 ut
1340 2166 1414 2193 multi
1424 2167 1549 2202 proselyti
1561 2167 1728 2201 accederent,
1741 2167 1806 2192 erle-

1016 2213 1122 2240 bantur.
1138 2212 1251 2240 Fiebant
1265 2220 1369 2248 quoque
1380 2213 1454 2247 signa
1466 2213 1498 2239 ad
1515 2213 1558 2240 Dei
1577 2213 1719 2247 potentiam
1733 2213 1808 2240 exhi-

1016 2259 1138 2290 bendam,
1156 2258 1261 2294 quando
1275 2258 1418 2286 adversarii
1433 2259 1549 2286 subactis
1567 2258 1676 2291 Judmis,
1694 2259 1806 2286 deorum

1015 2311 1123 2332 suorum
1139 2304 1162 2330 vi
1178 2309 1205 2331 et
1218 2304 1318 2330 auxilio
1331 2311 1360 2330 se
1374 2304 1470 2331 vicisse
1485 2303 1621 2338 putabant,
1637 2309 1665 2330 ut
1679 2303 1704 2330 in
1720 2303 1806 2340 Αἰμ-

1017 2354 1062 2385 pto
1074 2350 1200 2384 contigit,
1215 2349 1285 2376 unde
1306 2349 1453 2383 promiscua
1474 2349 1549 2376 turba
1572 2349 1686 2383 profecta
1700 2354 1743 2376 est
1757 2358 1763 2376 :
1780 2355 1808 2377 et

1015 2399 1107 2431 postea
1123 2395 1148 2422 in
1164 2395 1308 2430 Babylone,
1324 2402 1383 2429 qu:e
1395 2394 1428 2421 ad
1443 2394 1577 2421 fornacem
1592 2399 1619 2421 et
1630 2395 1732 2422 somnia
1746 2402 1808 2430 spe-

1014 2446 1097 2469 ctant.
1121 2441 1185 2468 Erat
1202 2441 1281 2468 etiam
1302 2448 1363 2467 cum
1382 2440 1457 2475 signa
1477 2439 1621 2467 ederentur
1642 2439 1668 2467 in
1688 2440 1806 2473 deserto,

1014 2487 1121 2522 quando
1135 2487 1175 2514 sui
1189 2486 1257 2521 juris
1269 2491 1356 2519 erant,
1372 2485 1595 2521 quemadmodum
1610 2490 1637 2513 et
1650 2486 1719 2520 apud
1733 2494 1782 2513 nos
1797 2495 1806 2514 :

1015 2534 1113 2562 etenim
1127 2534 1196 2568 apud
1213 2541 1261 2560 nos
1276 2541 1336 2560 cum
1351 2533 1385 2560 ab
1398 2540 1490 2560 errore
1502 2541 1711 2569 emergeremus,
1727 2535 1803 2569 signa

1015 2581 1096 2607 multa
1109 2579 1227 2606 exhibita
1240 2584 1317 2610 sunt;
1332 2584 1391 2613 post
1403 2579 1461 2606 haec
1475 2583 1575 2613 autem,
1589 2587 1650 2606 cum
1665 2587 1726 2607 vera
1741 2581 1804 2607 reli-

1015 2626 1059 2660 gio
1074 2625 1172 2659 ubique
1184 2624 1354 2651 disseminata
1370 2629 1458 2656 esset,
1475 2624 1517 2651 illa
1532 2630 1715 2652 cessaverunt.
1729 2625 1805 2658 Quod

1016 2672 1037 2699 si
1051 2675 1109 2706 post
1121 2672 1220 2697 exitum
1235 2678 1268 2697 ex
1285 2670 1390 2698 deserto
1401 2671 1474 2705 signa
1489 2671 1558 2698 facta
1570 2676 1633 2698 sunt
1643 2692 1651 2703 ,
1667 2672 1711 2698 illa
1724 2679 1805 2707 pauca

1016 2722 1044 2744 ct
1055 2718 1154 2744 rariora
1168 2717 1291 2748 fuerunt;
1310 2721 1338 2743 ut
1351 2724 1411 2744 cum
1425 2717 1463 2744 sol
1478 2718 1595 2745 substitit
1606 2739 1614 2750 ,
1631 2719 1671 2746 vel
1686 2726 1746 2746 cum
1760 2727 1805 2746 re-

1018 2770 1134 2791 trorsum
1149 2763 1240 2790 abivit.
1262 2762 1343 2798 Signa
1365 2771 1470 2798 quoque
1483 2763 1552 2797 apud
1568 2771 1618 2790 nos
1633 2763 1698 2790 facta
1716 2765 1805 2792 videre

1018 2810 1091 2837 licuit
1103 2818 1110 2836 :
1125 2817 1184 2836 nam
1198 2814 1276 2839 astate
1290 2813 1378 2837 nostra
1394 2809 1443 2837 sub
1455 2809 1570 2843 Juliano,
1582 2809 1627 2844 qui
1640 2815 1734 2836 omnes
1750 2808 1803 2835 iiu-
