2056 3130
195 115 231 142 13

189 178 259 207 aliud
281 178 428 214 quidpiam
450 179 542 208 dicere
554 183 716 216 potuerunt,
735 179 787 208 nisi
799 179 870 215 quod
884 187 917 207 ex
931 179 994 214 Spi-

188 227 240 253 ritu
255 231 338 254 natus
351 227 392 254 sit
406 235 414 261 ;
427 227 562 263 quomodo
572 231 661 255 autem
676 231 703 255 et
715 234 767 262 qua
781 227 883 254 ratione
890 234 923 254 ex
935 226 995 262 Spi-

188 271 238 299 ritu
251 277 335 300 natus
352 273 403 306 sit,
418 273 507 301 nullus
521 281 614 301 eorum
628 275 818 308 interpretatus
830 277 891 305 est;
908 280 994 307 neque

187 319 257 346 enim
272 318 299 346 id
311 318 376 347 ﬁeri
395 324 508 355 poterat.
521 320 612 355 Neque
624 320 761 348 arbitreris
774 324 801 347 to
815 324 897 347 totum
909 319 993 347 edidi-

186 364 254 391 cisse
263 371 329 391 cum
338 366 431 398 audis,
443 365 484 393 Ex
492 365 606 401 Spiritu:
616 373 676 392 nam
688 370 825 400 postquam
833 365 884 392 hoc
890 365 995 392 edidici-

186 417 254 442 mus,
264 409 353 436 multa
365 410 456 438 adhuc
466 411 628 446 ignoramus;
639 411 753 445 exempli
762 418 852 443 causa,
860 409 994 446 quomodo

185 463 208 484 ts
220 456 267 491 qui
283 456 440 485 immensus
457 462 507 489 est,
521 457 547 484 in
565 457 643 484 vulva
662 457 833 489 continetur;
860 456 994 491 quomodo

185 502 208 529 is
227 502 274 536 qui
289 502 392 530 omnia
415 503 552 535 continet,
569 502 595 530 in
618 507 693 530 utero
711 502 830 529 mulieris
853 505 991 536 gestatur;

184 548 326 583 quomodo
342 548 432 584 Virgo
446 549 552 584 pariat,
565 553 593 576 et
610 547 691 583 Virgo
708 552 824 576 maneat.
838 547 988 581 Quomodo,

187 604 283 633 quaeso
299 602 342 631 te,
355 597 475 633 Spiritus
488 597 613 632 templum
624 596 688 624 illud
698 596 868 624 etformavit?
879 603 991 630 quomo-

187 643 223 670 do
236 650 293 670 non
310 647 402 671 totam
421 651 529 671 carnem
549 651 582 670 ex
597 647 681 670 matre
695 643 818 678 sumpsit,
828 642 875 669 sed
891 647 992 676 partem

187 688 256 723 ejus,
272 695 360 723 quam
379 689 453 716 auxit
467 693 494 716 et
514 688 657 716 formavit?
677 688 742 715 Nam
765 688 834 722 quod
862 696 895 714 ex
912 695 992 715 carne

189 733 310 768 Virginis
323 734 476 769 prodierit,
489 733 633 761 declaravit
646 734 687 760 his
711 733 800 761 verbis
817 742 823 760 ί
838 733 913 767 Quod
925 733 991 760 enim

188 780 214 806 in
228 787 259 807 ea
272 784 370 807 natum
385 786 421 807 est
433 788 443 807 :
454 785 482 808 et
496 780 594 808 Paulus
604 800 611 812 ,
628 779 734 806 Factum
746 788 778 807 ea;
796 779 900 806 muliere
919 778 989 814 (Gal.

188 826 215 854 4.
229 826 260 861 Ai)
277 835 285 852 :
306 826 354 853 Ea:
367 827 483 859 muliere,
498 826 592 861 inquit,
609 833 655 854 ora
669 826 810 854 obstruens
833 833 925 853 eorum
946 825 992 860 qui

188 871 326 904 dicerent,
341 873 419 907 quasi
433 879 480 907 per
490 872 630 907 quemdam
645 871 763 899 canalem
775 879 823 906 per
834 879 892 898 eam
904 876 990 898 trans-

190 918 253 945 iisse
281 918 426 945 Christum
449 918 499 954 (a).
523 918 589 947 Nam
604 919 626 945 si
655 918 705 945 hoc
725 923 804 950 esset,
829 918 891 953 quid
916 923 992 945 utero

189 971 258 998 opus
273 963 395 991 fuisset?
414 964 441 992 Si
456 963 508 991 hoc
524 968 613 995 esset,
634 963 699 991 nihil
722 963 833 991 haberet
852 964 990 991 nobiscum

190 1017 341 1037 commune
354 1018 363 1042 ;
381 1010 427 1037 sed
442 1010 494 1037 alia
508 1014 579 1037 esset
589 1010 632 1037 illa
645 1016 719 1041 caro,
733 1017 786 1036 non
799 1017 831 1037 ex
841 1007 926 1036 massa
941 1017 990 1036 no-

190 1058 256 1081 stra.
267 1054 417 1087 Quomodo
427 1062 491 1090 ergo
500 1063 532 1083 ex
545 1055 633 1082 radice
646 1055 729 1082 Iesste
739 1055 750 1082 ?
761 1054 895 1090 quomodo
907 1055 989 1090 virga,

192 1099 234 1126 vel
253 1099 343 1128 Filius
363 1100 500 1128 hominis?
520 1101 653 1136 quomodo
665 1100 714 1129 ﬂos
725 1102 733 1117 ¹
745 1101 756 1127 ‘t
768 1101 901 1136 quomodo
910 1101 990 1128 Maria

192 1149 280 1173 mater
291 1147 390 1174 esset?
405 1155 459 1182 quo
473 1152 551 1182 pacto
572 1155 606 1175 ex
622 1148 724 1175 semine
745 1147 846 1174 David?
858 1148 991 1182 quomodo

193 1191 310 1219 formam
325 1192 400 1220 servi
413 1193 568 1228 acceperit?
589 1193 723 1228 quomodo
744 1192 850 1220 Verbum
871 1201 930 1220 caro
948 1195 991 1229 fa-

192 1243 262 1265 stum
273 1243 313 1266 est
326 1238 419 1274 (Ioan.
433 1239 461 1266 l.
475 1238 519 1274 M)
531 1239 543 1266 ?
557 1246 608 1274 qtta
630 1239 734 1266 ratione
753 1238 849 1266 Paulus
864 1239 991 1266 Romanis

193 1283 280 1311 dixit:
297 1283 341 1311 Ea:
361 1284 449 1318 quibus
461 1284 574 1312 Christus
596 1284 735 1311 set-undam
761 1292 872 1316 carnem,
888 1284 932 1318 qui
952 1289 989 1312 est

193 1338 271 1365 super
284 1331 375 1358 omnia
388 1330 457 1358 Deus
474 1330 560 1366 (Rom.
575 1330 602 1358 9.
617 1330 665 1365 5)?
679 1329 754 1363 Quod
766 1330 844 1365 igitur
859 1337 892 1358 ex
903 1330 989 1364 nobis,

194 1383 226 1403 ex
240 1384 333 1403 massa
347 1381 438 1404 nostra
450 1380 476 1403 et
486 1383 518 1404 ex
532 1381 609 1403 utero
625 1375 738 1410 Virginis
755 1375 893 1411 prodierit,
905 1376 990 1410 palam

195 1426 237 1450 est
250 1430 285 1450 ex
300 1422 381 1450 dictis
400 1429 487 1458 exque
507 1422 566 1449 aliis
590 1421 710 1456 plurimis
725 1430 732 1448 :
746 1421 879 1456 quomodo
902 1427 990 1449 autem

196 1473 250 1494 non
267 1467 346 1494 item.
360 1467 400 1495 Ne
413 1467 494 1502 igitur
506 1467 532 1494 id
546 1471 572 1493 tu
586 1473 690 1501 quaeras
702 1487 709 1499 ,
724 1466 770 1493 sed
782 1467 873 1500 accipe
882 1466 907 1493 id
921 1466 991 1501 quod

197 1513 347 1544 revelatur,
359 1517 386 1540 et
398 1520 433 1540 ne
445 1512 550 1539 curiose
564 1517 684 1539 scrutare
695 1512 722 1538 id
734 1511 804 1546 quod
818 1515 930 1539 tacetur.
945 1513 989 1539 19.

196 1557 298 1592 Ioseph
309 1562 396 1584 autem
409 1558 448 1584 vir
462 1558 526 1593 ejus,
540 1565 597 1584 cum
606 1562 670 1584 esset
680 1557 776 1592 justus,
792 1557 885 1592 inquit,
896 1562 919 1584 et
933 1557 991 1584 nol~

200 1603 232 1629 tet
247 1611 306 1629 eam
320 1603 472 1634 traducere,
486 1601 564 1628 valuit
589 1602 685 1629 occulte
701 1602 824 1630 dimittere
847 1610 912 1630 eam.
926 1603 991 1630 Cum

194 1645 306 1673 dixisset
319 1667 326 1677 ,
344 1646 386 1674 Ex
411 1646 511 1680 Spiritu
526 1651 629 1680 sancto,
645 1651 671 1674 et
685 1646 743 1674 sine
759 1647 814 1674 ullo
831 1655 985 1683 congressu,

194 1698 348 1718 sermonem
373 1699 451 1719 suum
472 1691 552 1719 etiam
571 1692 677 1719 aliunde
697 1691 845 1719 conﬁrmat.
868 1693 908 1720 Ne
928 1694 987 1728 quis

195 1737 267 1764 enim
282 1737 396 1771 diceret,
409 1737 486 1765 Unde
501 1738 551 1765 hoc
563 1737 732 1765 manifestum
749 1738 813 1765 est?
827 1738 887 1772 quis
903 1739 986 1772 novit,

196 1783 254 1818 quis
265 1783 368 1811 audivit
383 1783 435 1812 tale
451 1784 586 1819 quidpiam
607 1784 704 1811 factum
720 1784 798 1812 esse?
817 1792 851 1812 ne
870 1785 988 1820 suspica-

197 1830 264 1856 reris
283 1829 442 1863 discipulum
465 1830 492 1856 in
511 1830 624 1864 gratiam
645 1830 763 1865 magistri
789 1829 839 1857 hoc
851 1837 989 1857 commen-

198 1879 252 1902 tum
270 1882 331 1902 esse
344 1883 351 1901 :
368 1875 468 1902 inducit
488 1875 648 1910 Josephum,
664 1883 711 1910 per
724 1883 755 1903 ea
769 1884 829 1910 quae
844 1883 936 1910 passus
947 1881 990 1904 est

199 1920 239 1948 his
252 1921 332 1947 ﬁdem
342 1920 493 1953 facientem,
507 1928 539 1948 ac
552 1921 573 1948 si
587 1920 688 1948 diceret
703 1930 710 1947 :
724 1920 753 1949 Si
765 1921 829 1948 mihi
845 1921 924 1949 ﬁdem
937 1929 989 1949 non

199 1965 292 1998 habes,
303 1966 325 1993 si
342 1966 521 1993 testimonium
541 1974 628 1993 meum
641 1966 687 1994 tibi
701 1973 852 2001 suspectum
866 1972 917 1999 est,
932 1974 990 1994 cre-

199 2011 232 2038 de
249 2012 308 2038 viro
331 2011 414 2038 illius.
435 2011 530 2046 Ioseph
554 2012 625 2039 enim
635 2032 642 2044 ,
658 2012 715 2044 ait,
730 2013 768 2039 vir
779 2013 843 2047 ejus,
857 2021 913 2039 cum
928 2017 991 2040 esset

196 2058 290 2091 justus.
310 2057 414 2084 Iustum
430 2057 472 2084 hic
494 2058 564 2084 omni
584 2058 681 2085 virtute
699 2058 836 2092 praeditum
857 2058 941 2085 dicit:
956 2058 990 2086 ad

199 2103 326 2137 justitiam
341 2103 412 2130 enim
434 2103 547 2138 pertinet
561 2111 614 2130 non
627 2110 686 2131 esse
701 2111 819 2135 avarum,
835 2108 929 2139 estque
944 2104 988 2138 ju-

201 2151 270 2177 stitia
283 2150 372 2177 omnis
385 2150 468 2176 virtus
487 2159 494 2177 :
508 2154 535 2177 ct
552 2149 602 2177 hoc
626 2151 740 2177 maxime
763 2157 843 2177 sensu
854 2150 990 2185 Scriptura

200 2197 310 2231 justitta:
329 2204 394 2224 voce
415 2197 505 2228 utitur,
521 2201 550 2223 ut
571 2197 678 2232 quando
693 2197 758 2224 dicit
774 2207 780 2223 :
797 2197 882 2224 Homo
892 2197 990 2232 justus,

203 2250 277 2269 uera:
288 2242 348 2278 (Iob
362 2243 388 2270 I.
406 2243 434 2278 1)
447 2250 454 2275 ;
467 2250 498 2270 ac
513 2250 617 2270 rursum
627 2263 636 2275 ,
652 2242 733 2270 Erunt
746 2243 818 2270 ambo
830 2243 896 2278 justi
915 2242 989 2279 (Luc.

204 2289 228 2314 i.
243 2288 281 2322 6).

231 2369 258 2396 ι.
277 2368 384 2403 Iosephi
410 2367 500 2395 Mario:
514 2369 561 2395 viri
587 2369 683 2397 Iaudes.
696 2385 730 2390 --
742 2370 833 2398 Iustus
854 2379 917 2407 ergo
929 2381 985 2399 cum

199 2419 269 2446 esset,
283 2414 310 2441 id
329 2419 385 2447 est,
408 2414 547 2449 benignus,
564 2415 727 2449 moderatus,
741 2417 818 2443 voluit
834 2418 930 2445 occulte
943 2418 984 2445 di-

200 2460 294 2487 mittere
313 2469 379 2487 eam.
397 2460 459 2487 ideo
474 2460 499 2487 id
520 2460 588 2494 quod
608 2461 718 2496 contigit
737 2467 844 2490 enarrat
863 2469 924 2491 ante
939 2472 986 2491 no-

201 2506 280 2534 titiam
294 2505 403 2538 datam,‘
412 2511 442 2533 ut
454 2513 488 2534 ne
502 2506 582 2534 ﬁdem
597 2506 708 2539 deroges
720 2508 751 2535 iis
767 2516 826 2543 quae
840 2517 869 2538 re
882 2511 984 2545 cognita

224 2633 258 2665 (ᾳ)
275 2634 300 2658 ld
311 2632 476 2665 Valentiniani
483 2631 601 2665 dicebant.
613 2634 641 2655 ut
647 2630 724 2665 habet
733 2630 878 2665 Epiphanius
885 2636 910 2660 p.
923 2630 975 2660 172,

195 2661 330 2696 θιξιίιθηκο
339 2673 363 2696 p.
378 2664 436 2693 189,
444 2669 487 2694 per
496 2662 595 2687 Mariam
606 2661 761 2692 pertransisse
769 2661 830 2686 uelut
839 2667 928 2694 aquam
935 2668 979 2694 per

195 2695 307 2761 Militia,
319 2733 440 2763 qumnodo
449 2731 492 2762 ﬂos
501 2730 512 2756 ?
522 2737 569 2755 non
577 2729 690 2763 leguntur
702 2729 762 2763 apud
774 2727 855 2763 Savil.,
868 2730 894 2751 et
904 2733 917 2750 a
927 2725 980 2763 phi-

196 2763 257 2818 πίε
268 2758 432 2793 its-subsunt,
445 2758 489 2788 sed
499 2758 616 2787 habent-ti
631 2762 656 2786 in
666 2758 747 2786 Morel.
766 2764 793 2785 et.
808 2758 870 2784 lecta
879 2763 936 2783 sunt.
949 2758 980 2783 ab

232 2800 294 2819 iano.

775 114 809 142 IN
829 112 1038 142 IIATTHJEUM
1061 115 1156 144 HOMH
1197 119 1240 147 iV.

1789 125 1825 154 u

1039 177 1113 208 gesta
1129 176 1199 200 sunt.
1213 173 1294 201 Certe
1305 174 1328 202 si
1343 174 1405 203 talis
1420 175 1464 202 illa
1479 174 1586 210 fuisset,
1594 184 1647 205 non
1659 177 1739 206 modo
1751 178 1830 214 digna

1040 223 1099 246 erat
1113 226 1173 253 qum
1186 218 1381 253 traduceretur,
1391 220 1438 248 sed
1449 221 1528 248 etiam
1541 222 1612 249 Illam
1622 223 1751 258 supplicio
1761 224 1830 252 afﬁci

1041 264 1085 291 lex
1098 263 1219 298 jubebat.
1229 263 1326 292 Verum
1338 265 1436 300 Ioseph
1451 274 1503 293 non
1517 267 1597 293 modo
1611 268 1635 295 ei
1650 268 1719 302 quod
1734 269 1829 304 majus,

1042 310 1088 337 sed
1102 310 1180 337 etiam
1197 310 1221 337 ei
1236 310 1307 344 quod
1328 311 1416 338 minus
1429 316 1487 339 erat
1505 313 1647 346 consuluit,
1662 322 1759 350 nempe
1780 323 1830 350 pu-

1041 355 1110 383 dori.
1124 355 1181 382 Non
1198 356 1278 383 modo
1289 357 1360 384 enim
1382 358 1476 391 punire
1490 358 1606 390 nolebat,
1621 359 1669 386 sed
1689 367 1722 386 ne
1743 360 1830 388 tradu-

1042 407 1104 428 cere
1117 401 1234 436 quidem.
1253 401 1373 429 Vidistin'
1387 402 1573 437 philosophum
1587 405 1683 437 virum,
1699 409 1726 432 et
1738 409 1830 440 tyran-

1042 447 1102 474 nico
1113 447 1158 473 illo
1170 447 1264 474 affectu
1278 449 1408 476 vacuum?
1419 449 1508 477 Nostis
1519 451 1588 477 enim
1597 456 1711 486 quantus
1722 453 1830 481 morbus

1041 491 1077 518 sit
1100 491 1241 527 zelotypia.
1258 492 1436 526 Quamobrem
1450 494 1473 521 is
1495 495 1538 529 qui
1565 495 1590 522 id
1618 496 1699 531 probe
1719 496 1829 530 sciebat,

1042 537 1129 566 dixit:
1146 537 1240 566 Plenus
1255 539 1309 566 zelo
1332 545 1369 567 est
1385 540 1458 575 furor
1477 541 1524 568 viri
1547 542 1621 577 ejus;
1642 551 1692 570 non
1706 547 1791 578 parcet
1803 543 1830 570 in

1042 579 1082 607 die
1102 582 1217 608 vindich
1232 582 1322 619 (Prov.
1337 585 1364 611 6.
1382 584 1447 619 54);
1473 590 1510 620 et,
1535 585 1608 612 Dura
1630 587 1694 613 sicut
1718 588 1832 622 infernus

1040 627 1167 654 «sinulatio
1192 628 1278 662 (Cant.
1303 629 1328 656 8.
1352 630 1391 663 6).
1412 630 1490 658 Certe
1511 632 1610 658 multos
1631 632 1764 665 novimus,
1786 633 1831 667 qui

1041 672 1133 699 malint
1147 674 1262 701 animam
1277 676 1410 708 amittere,
1431 684 1510 711 quam
1532 677 1557 704 in
1581 678 1719 714 zelotypire
1741 679 1830 714 suspi-

1041 718 1144 745 cionem
1161 720 1288 748 incidere.
1302 722 1350 748 Hic
1364 730 1444 757 porro
1467 730 1519 750 non
1545 732 1616 750 mera
1632 726 1747 759 suspicio
1762 730 1829 757 erat,

1040 771 1099 790 cum
1115 766 1184 792 uteri
1201 771 1288 794 tumor
1302 776 1356 795 rem
1369 769 1454 802 palam
1471 769 1578 797 faceret.
1590 771 1712 798 Attamen
1726 771 1760 798 ita
1773 776 1832 799 erat

1039 811 1072 838 ab
1086 812 1135 839 hoc
1151 813 1232 840 animi
1247 815 1340 842 morbo
1355 815 1430 847 liber,
1446 821 1474 842 ut
1494 824 1527 843 ne
1547 816 1573 843 in
1590 818 1706 845 minimis
1724 818 1831 852 quidem

1041 856 1118 884 vellet
1135 857 1235 893 Virgini
1257 860 1409 887 mmstitiam
1425 860 1533 888 inferre.
1549 861 1615 895 Quia
1630 871 1694 898 ergo
1706 863 1776 890 illam
1791 865 1831 891 iu-

1040 906 1080 928 tus
1092 903 1160 937 apud
1173 911 1202 930 se
1216 904 1331 932 retinere
1353 913 1399 940 per
1414 905 1500 940 legem
1515 915 1567 933 non
1583 907 1664 935 licere
1678 907 1827 942 videbatur,

1041 947 1180 975 traducere
1199 954 1287 977 autem
1301 950 1371 977 illam
1386 955 1412 978 et
1426 951 1452 978 in
1465 951 1595 985 judicium
1609 953 1726 987 trahere,
1744 954 1769 981 id
1783 962 1830 981 ne-

1040 995 1158 1021 cessario
1172 1000 1230 1022 erat
1243 995 1276 1023 ad
1291 1002 1403 1024 mortem
1419 997 1523 1025 tradere
1540 1007 1546 1024 :
1564 1003 1685 1026 neutrum
1699 999 1769 1034 fecit,
1782 1000 1830 1028 sed

1039 1046 1118 1074 supra
1145 1041 1230 1076 legem
1242 1042 1297 1076 jam
1323 1050 1352 1070 se
1373 1051 1466 1078 gerere
1487 1045 1577 1079 coepit.
1592 1045 1736 1079 Oportebat
1757 1047 1829 1074 enim

1037 1085 1091 1118 jam
1118 1086 1275 1116 adveniente
1290 1089 1384 1124 gratia,
1401 1090 1482 1116 multa
1497 1090 1571 1125 signa
1586 1091 1682 1119 adesse
1707 1092 1830 1119 sublimis

1040 1129 1150 1166 hujusce
1166 1132 1289 1160 instituti.
1314 1134 1543 1168 Quemadmodum
1559 1136 1630 1163 enim
1646 1137 1696 1169 sol,
1711 1137 1829 1165 nondum

1038 1177 1127 1204 radios
1147 1178 1302 1213 ostendens,
1317 1180 1422 1207 eminus
1443 1185 1530 1208 tamen
1557 1187 1660 1216 partem
1685 1184 1828 1211 maximam

1038 1222 1109 1250 orbis
1131 1222 1247 1251 illustrat
1267 1233 1274 1251 :
1296 1225 1335 1252 sic
1356 1233 1462 1260 quoque
1485 1225 1607 1254 Christus
1629 1235 1661 1255 ex
1683 1233 1760 1255 utero
1782 1229 1828 1256 illo

1039 1269 1200 1302 cxoriturus,
1214 1274 1355 1306 antequam
1377 1272 1559 1306 egrederetur.
1581 1272 1673 1300 orbem
1698 1278 1782 1300 totum
1798 1274 1830 1301 il—

1038 1313 1185 1342 luminavit.
1200 1314 1301 1353 Idcirco
1322 1315 1362 1343 vel
1386 1320 1448 1344 ante
1471 1321 1574 1351 partum
1590 1318 1725 1353 propheta:
1740 1319 1830 1346 exsul-

1038 1359 1136 1391 tabant,
1153 1364 1181 1386 et
1202 1360 1328 1388 mulieres
1354 1361 1441 1388 futura
1457 1362 1647 1397 pratdicebant,
1663 1368 1690 1390 et
1710 1363 1828 1393 Ioannes

1037 1405 1153 1432 nomium
1176 1413 1190 1433 e
1205 1407 1280 1434 vulva
1302 1414 1438 1442 egressus,
1453 1408 1485 1435 ab
1506 1413 1581 1435 utero
1601 1409 1763 1437 exsultabat.
1780 1410 1829 1438 llic

1037 1452 1125 1486 itaque
1136 1452 1245 1479 multam
1261 1452 1361 1488 Ioseph
1373 1453 1490 1480 ostendit
1504 1453 1696 1488 philosophiam
1712 1463 1720 1482 :
1742 1462 1828 1490 neque

1036 1496 1106 1523 enim
1131 1498 1267 1524 accusavit
1290 1498 1371 1530 illam,
1396 1506 1486 1533 neque
1507 1499 1678 1533 exprobravit
1697 1499 1753 1532 illi,
1778 1499 1828 1528 sed

1036 1542 1171 1576 dimittere
1192 1548 1294 1572 tantum
1310 1545 1450 1580 cogitabat.
1468 1545 1496 1573 in
1522 1545 1573 1573 hoc
1597 1554 1686 1573 rerum
1707 1550 1787 1580 statu,
1800 1549 1829 1574 et

1036 1588 1062 1615 in
1085 1588 1134 1616 hac
1155 1591 1322 1625 negotiorum
1342 1590 1507 1622 difﬁcultate.
1523 1591 1631 1618 advenit
1649 1591 1760 1626 angelus
1781 1592 1826 1627 qui

1035 1635 1195 1662 anxietatem
1211 1643 1317 1663 omnem
1332 1636 1417 1664 tollat.
1433 1636 1611 1670 Quaerendum
1623 1641 1712 1664 autem
1727 1641 1768 1665 est
1778 1645 1826 1665 cur

1035 1681 1145 1716 angelus
1163 1689 1217 1709 non
1231 1686 1293 1710 ante
1307 1681 1417 1714 venerit,
1428 1689 1506 1717 quam
1520 1682 1560 1709 vir
1571 1682 1615 1709 ille
1627 1682 1685 1709 hzec
1697 1682 1722 1709 in
1736 1682 1826 1710 animo

1034 1731 1164 1760 versaret,
1179 1727 1226 1755 sed
1249 1735 1309 1755 cum
1326 1728 1382 1755 haec
1405 1727 1450 1755 ille
1465 1727 1602 1763 cogitaret,
1618 1732 1681 1755 tunc
1703 1728 1824 1756 venerit:

1035 1780 1095 1799 nam
1108 1773 1162 1800 ait:
1172 1772 1217 1800 20.
1230 1771 1294 1799 Htec
1304 1772 1349 1799 illo
1366 1772 1500 1807 cogitante,
1516 1778 1621 1804 angelus
1633 1777 1699 1799 venit
1710 1792 1717 1799 .
1733 1779 1826 1807 :[uam-

1034 1826 1113 1853 quam
1127 1819 1206 1845 etiatn
1220 1822 1362 1853 antequam
1376 1818 1419 1845 illa
1433 1818 1596 1852 conciperet,
1611 1817 1720 1845 nuntius
1732 1824 1824 1845 acces-

1034 1864 1109 1898 serit,
1125 1863 1196 1891 unde
1209 1863 1289 1891 etiam
1306 1863 1358 1891 alia
1377 1863 1491 1898 quaestio
1509 1864 1605 1890 oritur.
1620 1862 1687 1890 Nam
1710 1862 1758 1890 etsi
1774 1869 1824 1890 an-

1034 1908 1110 1943 gelus
1121 1909 1178 1936 viro
1191 1916 1245 1935 non
1254 1908 1368 1942 dixerat,
1378 1916 1425 1935 cur
1434 1908 1515 1943 Virgo
1526 1908 1608 1935 tacuit
1619 1907 1675 1935 haec
1685 1907 1719 1934 ab
1731 1907 1824 1942 angelo

1036 1955 1138 1987 audita,
1154 1959 1179 1982 et
1194 1961 1254 1982 cum
1275 1962 1402 1989 sponsum
1424 1961 1501 1981 suum
1517 1954 1625 1981 anxium
1646 1953 1757 1986 videret,
1771 1960 1826 1981 non

1036 2000 1094 2035 ejus
1108 2000 1268 2028 anxietatem
1281 1999 1405 2027 sustulit?
1419 2007 1467 2027 cur
1480 2007 1544 2035 ergo
1558 2003 1699 2034 antequam
1713 1998 1757 2026 ille
1771 2003 1827 2026 tur-

1037 2046 1156 2078 baretur,
1172 2045 1282 2081 angelus
1305 2053 1358 2072 non
1380 2053 1438 2072 rem
1460 2046 1497 2072 illi
1515 2045 1639 2080 aperuit?
1654 2052 1714 2072 nam
1738 2051 1826 2079 opem

1036 2092 1150 2127 pretium
1179 2096 1221 2118 est
1250 2091 1367 2126 priorem
1395 2091 1570 2127 quaestionem
1597 2090 1683 2126 primo
1711 2091 1826 2119 solvere.

1037 2139 1125 2171 Quare
1138 2146 1195 2166 rem
1212 2138 1249 2165 illi
1264 2146 1316 2166 non
1331 2139 1455 2174 aperuit?
1476 2138 1515 2166 Ne
1527 2138 1599 2166 dicto
1613 2138 1691 2166 ﬁdem
1706 2143 1827 2174 negaret,

1037 2190 1064 2211 et
1080 2185 1194 2218 idipsum
1208 2184 1341 2212 accideret
1354 2184 1392 2212 illi
1403 2184 1472 2219 quod
1484 2184 1630 2212 Zacharias
1643 2184 1709 2212 Nam
1722 2192 1752 2212 re
1764 2192 1829 2212 ocu-

1038 2230 1071 2257 lis
1085 2235 1220 2265 percepta,
1239 2229 1316 2258 facile
1339 2236 1397 2258 erat
1412 2234 1474 2258 tunc
1497 2230 1631 2258 credere:
1653 2237 1713 2258 cum
1739 2235 1829 2258 autem

1038 2276 1162 2304 nondum
1181 2277 1320 2311 coepisset,
1344 2284 1400 2304 non
1423 2276 1502 2304 facile
1527 2276 1603 2303 credi
1622 2279 1742 2310 poterat.
1766 2275 1832 2303 Ideo

1040 2324 1067 2351 id
1095 2323 1209 2359 angelus
1232 2323 1311 2350 initio
1331 2331 1386 2350 non
1413 2322 1492 2355 dixit,
1518 2326 1546 2349 et
1571 2322 1653 2356 Virgo
1679 2321 1776 2349 eadem
1796 2321 1832 2349 de

1039 2376 1122 2398 causa
1146 2369 1242 2396 tacuit.
1265 2369 1360 2404 Neque
1385 2369 1459 2396 enim
1484 2371 1607 2403 putasset
1630 2368 1682 2396 sibi
1707 2377 1765 2396 rem
1790 2369 1833 2397 in-

1038 2415 1199 2443 credibilem
1219 2415 1357 2442 nuntianti
1382 2423 1398 2442 a
1421 2422 1522 2450 sponso
1544 2414 1626 2442 ﬁdem
1646 2422 1707 2442 esse
1727 2415 1832 2443 baben-

1039 2462 1116 2495 dam;
1144 2462 1200 2489 imo
1226 2461 1365 2489 timuisset
1390 2469 1419 2488 se
1448 2461 1526 2488 illum
1556 2461 1583 2488 in
1610 2461 1680 2488 iram
1706 2462 1830 2490 concita-

1040 2511 1128 2535 turam
1150 2515 1222 2539 esse,
1242 2507 1320 2542 quasi
1343 2506 1494 2534 admissum
1514 2511 1659 2542 peccatum
1681 2511 1828 2542 tegentem.

1039 2553 1069 2581 Si
1093 2553 1167 2581 enim
1191 2553 1273 2581 etiam
1296 2553 1356 2588 ipsa
1377 2561 1438 2588 quae
1465 2557 1569 2580 tantam
1592 2553 1708 2588 gratiam
1732 2561 1831 2587 perce-

1038 2604 1118 2635 ptura
1143 2603 1212 2631 erat,
1239 2599 1390 2626 humanum
1416 2599 1483 2633 quid
1510 2607 1589 2634 passa
1615 2603 1656 2626 est
1683 2604 1711 2626 et
1736 2599 1830 2627 dixit:

1040 2644 1175 2677 Quomodo
1193 2644 1240 2679 ﬁet
1260 2644 1349 2676 istud,
1378 2645 1506 2682 quoniam
1523 2646 1611 2672 virum
1631 2654 1684 2672 non
1705 2653 1831 2680 cognosco

1041 2690 1124 2726 (Luc.
1159 2691 1183 2717 Ι.
1216 2690 1294 2726 54)?
1327 2691 1415 2718 multo
1451 2691 1537 2727 magis
1572 2691 1618 2719 ille
1650 2691 1829 2719 dubitasset:

1040 2743 1103 2763 cum
1119 2737 1237 2765 maxime
1260 2736 1289 2764 id
1309 2736 1433 2765 audisset
1453 2745 1469 2766 a
1494 2737 1611 2766 muliere
1627 2737 1693 2766 hinc
1708 2737 1761 2766 sibi
1783 2745 1831 2765 su-

1041 2785 1145 2816 specta.
