2056 3130
238 115 272 145 λδ
589 122 616 151 S.
638 123 780 152 JOANNIS
795 123 1041 155 CHRYSOSTOMI
1057 127 1217 158 ARCHIEP.
1236 129 1507 160 CONSTANTINOP.
1826 134 1864 166 ιθ

269 179 295 205 5.
311 178 373 205 ldeo
389 177 468 211 Virgo
478 178 584 213 quidem
601 179 664 205 nihil
681 179 729 213 ipsi
742 179 805 205 dicit
819 188 824 204 :
839 179 949 213 angelus
962 186 1026 206 vero

233 230 354 258 tempore
364 225 520 259 congruenti
536 224 652 251 advenit.
667 226 765 257 Quare,
782 224 896 259 inquies,
913 225 1026 259 idipsum

231 277 295 305 erga
311 270 447 304 Virginem
461 277 512 296 non
529 269 602 300 fecit,
618 277 668 296 nec
686 273 746 303 post
755 270 957 304 conceptionem
973 270 1025 305 ipsi

232 322 289 343 rem
302 314 442 341 nuntiavit.
458 313 496 341 Ne
509 313 534 340 in
546 314 747 348 perturbatione
759 322 854 349 magna
869 313 945 342 foret.
959 314 1024 341 Nam

235 360 383 388 titncndom
396 366 453 388 erat
466 369 499 388 ne
510 361 554 388 illa
569 361 607 388 rei
622 362 759 389 veritatem
775 369 826 389 non
841 362 914 389 clare
927 363 1024 396 sciens,

233 405 267 433 de
288 414 317 433 se
331 406 395 441 quid
419 407 545 434 acerbum
572 407 739 440 decerneret,
756 415 808 434 neu
831 407 949 435 dedecus
973 417 1026 436 nott

233 451 322 479 ferens
335 451 367 478 ad
381 452 502 486 laqueum
518 452 558 479 vel
573 452 605 479 atl
619 452 735 487 gladium
755 457 919 488 properaret.
935 454 1026 481 Admi-

233 497 314 524 randa
333 498 430 532 quippe
443 497 523 533 Virgo
544 502 612 530 erat,
629 498 739 533 ejusque
760 497 886 526 virtutem
907 499 1025 528 declarat

232 543 317 570 Lucas
339 551 400 570 cum
421 544 469 578 ait,
489 550 547 570 eam
570 544 678 578 quando
699 544 887 571 salutationem
910 547 1022 580 accepit,

230 598 282 617 non
298 591 387 618 statim
403 591 502 626 gaudio
526 591 660 626 perfusam
675 591 769 623 fuisse,
783 599 833 619 nec
846 592 915 619 dicta
931 600 1023 620 susce-

230 637 318 671 pisse;
336 638 381 665 sed
397 638 529 665 turbatam
547 639 703 673 quaesivisse
718 639 805 674 qualis
826 644 896 666 esset
914 639 962 666 ista
977 647 1022 667 sa-

229 683 332 711 lutatio.
347 683 410 717 Quae
421 690 509 711 autem
524 685 563 712 sic
574 691 727 720 comparata
740 691 807 719 erat,
825 694 943 714 mterore
957 694 1023 714 con-

228 729 296 756 fecta
323 729 436 763 fuisset,
461 730 499 758 rei
526 731 662 758 infamiam
687 739 778 759 secum
805 737 949 768 reputans,
971 741 1022 761 nec

227 782 338 809 sperans
355 783 434 810 posse
456 783 486 803 se
499 777 652 811 quempiam
673 778 837 806 audientittm
852 779 884 806 ad
906 779 1021 806 creden-

229 821 293 847 dtun
308 821 444 852 inducere.
459 822 528 857 quod
543 823 569 850 id
585 831 637 850 non
662 831 695 850 ex
721 824 854 851 adulterio
870 825 1018 859 profectum

227 872 309 894 esset.
322 867 359 894 Ne
374 868 461 903 itaque
477 869 501 895 id
515 871 644 901 eveniret,
655 874 716 897 ante
730 870 931 905 conceptionem
946 872 1019 898 venit

228 913 348 947 angelus.
362 913 467 941 Etenim
482 915 623 949 oportebat
637 915 856 950 imperturbatum
877 924 937 944 esse
958 920 1018 944 utc-

223 967 281 986 rutn
303 959 396 991 illum,
419 959 444 986 in
468 968 547 994 quem
571 961 690 987 omnium
712 961 824 989 Creator
848 961 1017 996 ingressurus

222 1009 289 1036 erat,
305 1009 333 1031 et
348 1005 419 1031 omni
446 1005 560 1031 tumultu
579 1013 690 1032 vacuam
713 1006 831 1033 animam
857 1006 941 1040 illam,
957 1014 1017 1042 quae.

225 1049 413 1084 mysteriorum
440 1054 574 1077 tantortttn
598 1051 720 1078 ministra
743 1051 832 1079 futura
854 1056 922 1079 erat.
948 1052 1015 1079 Pro-

221 1100 312 1129 pterea
337 1096 436 1131 Virgini
457 1102 519 1124 ante
534 1098 751 1132 conceptionem,
776 1097 894 1133 Josepho
913 1103 1013 1132 autem,

219 1149 280 1168 cum
291 1146 407 1175 gestaret
420 1147 524 1169 uterum
539 1142 629 1177 Virgo,
640 1138 766 1177 loquutus
787 1149 838 1171 est.
851 1143 927 1177 Quod
939 1143 1014 1171 tttulti

220 1188 410 1222 simpliciorttm
422 1195 484 1216 non.
492 1188 682 1223 intelligentes,
700 1189 742 1216 hic
752 1189 943 1217 dissonantium
954 1197 1014 1218 esse

219 1233 343 1261 dixerunt
362 1243 368 1261 :
390 1234 515 1268 quoniam
531 1234 618 1262 Lucas
632 1235 701 1262 dixit
719 1235 809 1263 Maria:
825 1237 948 1263 nuntium
964 1244 1012 1264 ve-

218 1279 301 1313 nisse,
323 1279 463 1306 Malliueus
486 1285 575 1307 autem
599 1280 740 1315 .losepho:
763 1288 816 1308 nou
840 1281 1012 1309 advertentes

217 1330 358 1361 ulrumqtte
371 1331 475 1361 gestum
493 1326 584 1354 fuisse.
603 1327 630 1354 ld
644 1327 715 1362 quod
729 1328 812 1355 etiatn
835 1328 861 1354 in
886 1328 1011 1355 omnibus

217 1373 335 1400 historiis
349 1373 545 1400 observandum
568 1378 610 1400 est
625 1383 630 1399 :
647 1374 685 1400 sic
709 1374 781 1400 enim
807 1374 903 1401 multas
923 1374 1009 1401 disso-

215 1419 332 1451 natttias,
344 1424 370 1445 ttt
383 1419 490 1454 quidem
511 1423 646 1454 putantur,
663 1420 846 1454 expediemus.
863 1420 944 1447 Venit
958 1421 1008 1447 ita-

215 1472 266 1498 que
281 1465 402 1497 angelus,
417 1465 573 1498 pertttrbato
586 1465 713 1500 Josepho.
727 1465 793 1492 Nam
810 1471 837 1492 et
852 1470 964 1500 propter
976 1473 1007 1493 ea

213 1517 270 1545 quas
289 1517 369 1544 supra
388 1509 458 1537 dicta
474 1514 547 1538 sunt.
564 1515 591 1537 et
606 1514 635 1536 ut
658 1510 717 1544 ejus
740 1510 909 1546 philosophia
922 1519 1006 1547 appa-

212 1559 293 1588 reret,
303 1554 445 1582 adventum
457 1563 536 1582 sttum
549 1554 648 1582 differt.
660 1555 726 1582 Cum
741 1563 806 1583 vero
816 1564 859 1584 res
869 1557 925 1592 jam
935 1562 1007 1586 esset

212 1601 354 1635 implenda,
374 1601 482 1628 advenit
498 1601 616 1628 demum.
640 1600 704 1628 llwc
725 1608 809 1629 autem
827 1611 855 1629 eo
869 1603 1005 1639 cogitante,

211 1647 315 1683 angelus
329 1647 356 1674 t'u
368 1649 462 1675 somnis
475 1648 597 1683 apparuit
610 1648 716 1682 Joseplt.
734 1648 827 1676 Viden'
842 1649 892 1676 viri
914 1650 1006 1678 mode¢

212 1692 364 1720 rationem?
384 1693 441 1720 Non
457 1693 536 1720 modo
552 1701 603 1719 non
619 1693 730 1727 punivit,
747 1693 794 1720 sed
808 1694 908 1721 nemini
923 1694 1000 1728 dixit,

211 1746 242 1765 ac
260 1746 293 1766 ne
308 1738 343 1765 illi
359 1739 467 1773 quidem
479 1746 539 1773 qute
553 1738 578 1765 in
594 1738 773 1773 suspicionem
787 1739 927 1772 veniebat;
955 1740 1002 1768 sed

213 1793 269 1812 rettt
283 1792 374 1813 Secum
391 1785 538 1820 cogitabat,
548 1791 575 1813 et
590 1793 714 1814 secessus
729 1786 941 1821 causamVirgini
957 1788 1006 1815 ob-

211 1835 300 1866 legere
324 1831 459 1858 studebat.
484 1831 576 1867 Neque
600 1832 671 1859 enim
686 1831 753 1859 dixit
778 1832 865 1866 ipsttm
889 1831 1005 1859 voluisse

211 1877 282 1904 illaut
295 1877 404 1911 ejicere,
418 1877 464 1904 sed
477 1877 612 1904 dimittere
629 1888 636 1905 :
651 1885 734 1913 usque
749 1877 817 1904 adeo
832 1877 963 1913 benignus
976 1881 1005 1904 et

211 1921 369 1949 moderatus
388 1923 429 1949 vir
444 1927 511 1950 erat.
525 1923 588 1950 llaec
607 1928 696 1950 autent
712 1923 838 1958 cogitanti
859 1923 885 1950 in
902 1923 1005 1950 somnis

210 1974 321 2003 apparet
336 1968 456 2003 angelus.
473 1968 506 1996 Et
520 1976 569 1996 cur
581 1977 635 1996 non
650 1974 753 2004 aperte,
770 1974 798 1996 ut
812 1969 963 2004 pastoribus
977 1973 1005 1996 et

211 2013 348 2047 Zacharias
371 2014 444 2041 visus
465 2018 515 2047 est,
535 2022 638 2041 necnon
653 2015 734 2041 etiam
756 2014 879 2049 Virgini?
901 2014 1003 2041 Admo-

209 2058 272 2085 dum
288 2058 373 2086 lidelis
387 2059 427 2085 vir
446 2063 513 2092 erat,
531 2067 617 2095 tteqtte
639 2060 735 2095 egebat
749 2060 793 2087 tali
809 2060 919 2087 visione.
937 2060 1003 2087 Nam

208 2102 299 2139 Virgo,
317 2105 359 2132 cui
381 2105 592 2133 annuntiabatur
613 2113 657 2133 res
672 2110 755 2138 tanta,
768 2111 795 2133 et
816 2106 896 2141 longe
920 2106 1003 2140 major

208 2159 287 2184 quam
303 2151 449 2183 Zachariae,
464 2152 546 2179 etiam
562 2156 624 2179 ante
638 2160 694 2180 rem
710 2152 793 2188 ipsam
815 2153 910 2188 egebat
923 2153 1003 2180 mira-

208 2195 255 2223 bili
280 2196 395 2231 quadam
424 2196 551 2224 visione:
578 2203 701 2232 pastores
731 2206 814 2231 vero,
841 2203 931 2233 utpote
956 2198 1002 2232 qui

208 2241 370 2276 agrestiores
385 2246 486 2275 essent,
501 2243 634 2277 apertiore
650 2243 752 2270 visione
770 2250 837 2278 opus
858 2243 1001 2270 habebant.

209 2286 257 2314 Hic
266 2292 354 2314 autem
369 2292 431 2322 post
447 2293 563 2322 partttttt,
579 2296 639 2315 cum
653 2295 735 2323 prava
749 2289 901 2323 suspicione
920 2289 1002 2316 animi

209 2337 355 2364 teneretur,
369 2337 397 2360 et
418 2338 529 2369 paratus
554 2339 643 2360 tantcn
658 2338 732 2361 esset
753 2334 785 2361 ad
808 2334 905 2361 bonam
927 2342 1002 2369 spem

209 2378 286 2405 facile
311 2378 415 2412 reduci,
430 2379 452 2405 si
467 2379 528 2413 quis
549 2379 598 2406 hac
622 2379 647 2406 in
663 2387 691 2407 re
704 2379 760 2407 dux
785 2379 824 2407 illi
846 2385 1000 2415 appareret,

209 2423 400 2451 revelationem
414 2424 521 2458 accipit.
549 2423 612 2452 Ideo
637 2429 698 2460 post
725 2426 905 2460 suspicionem
927 2427 1003 2454 adest

208 2466 295 2496 bonus
310 2469 429 2502 nuntius,
447 2473 475 2496 ut
489 2469 540 2497 ltoc
555 2470 640 2505 ipsum
657 2470 694 2497 illi
711 2470 780 2498 foret
795 2479 856 2498 vera
869 2471 1001 2499 dictorum

208 2515 410 2543 demonstratio.
427 2515 493 2543 Cum
512 2516 584 2543 enittt
599 2517 699 2544 nemini
713 2517 832 2550 dixisset,
848 2517 894 2545 sed
910 2518 999 2545 animo

208 2562 295 2589 solum
312 2562 369 2589 hmc
379 2561 533 2597 cogitasset,
547 2567 574 2589 et
588 2562 638 2590 ltac
652 2562 687 2590 de
707 2570 736 2590 re
751 2562 905 2597 loquentem
919 2571 1000 2598 ange—

209 2608 264 2636 lum
278 2607 394 2640 audiret,
411 2607 589 2635 indubitatum
607 2608 657 2643 ipsi
670 2608 775 2642 signum
787 2613 861 2642 erat,
876 2609 999 2643 angelum

211 2659 226 2681 tt
237 2652 292 2680 Deo
313 2652 425 2686 jussum,
441 2649 500 2678 inec
512 2650 612 2678 dictum
629 2651 754 2678 venisse:
770 2651 852 2686 ipsius
873 2651 944 2678 enim
958 2658 1002 2678 so~

212 2699 264 2726 lius
276 2701 317 2725 est
331 2696 420 2724 cordis
435 2703 531 2723 arcana
547 2697 625 2724 scire.
642 2696 710 2724 Vide
723 2697 812 2732 itaque
831 2701 930 2732 quanta
945 2697 1002 2725 efli-

211 2745 336 2775 ciantttr;
355 2742 407 2769 viri
421 2741 587 2777 philosophia
600 2741 758 2774 ostenditur,
775 2747 802 2770 et
822 2742 886 2770 illud
902 2750 1001 2778 oppor-

213 2795 276 2817 tune
294 2788 328 2816 ab
343 2787 439 2824 angelo
458 2787 589 2824 prolatum
609 2787 643 2815 ad
662 2786 741 2815 fidem
765 2787 823 2823 ejus
844 2787 1001 2815 firmandam

1079 176 1194 210 confert,
1202 177 1357 213 dictumque
1368 182 1454 214 ipsum
1464 188 1521 207 stne
1530 182 1682 217 suspicione
1691 188 1792 216 manet,
1799 186 1870 218 quod

1080 223 1200 250 ostendit
1221 224 1310 258 ipsum
1323 233 1354 253 ea
1369 234 1474 262 passum
1495 235 1566 261 esse,
1581 236 1641 264 quae
1656 230 1696 257 vir
1709 230 1795 265 quivis
1810 231 1872 266 jure

1079 269 1136 304 pati
1151 274 1256 304 poterat

1111 356 1139 384 6.
1163 354 1303 388 Quomodo
1321 360 1410 383 autem
1426 355 1504 383 ﬁdem
1519 356 1569 391 ipsi
1583 356 1645 385 facit
1658 358 1786 393 angelus?
1802 360 1870 388 Audi

1076 406 1102 427 et
1113 401 1210 428 mirare
1222 401 1353 429 dictorum
1366 402 1534 437 sapientiam.
1546 404 1682 432 Accedens
1695 406 1731 431 ait
1743 415 1748 432 :
1761 405 1868 441 Ioseph,

1075 446 1114 480 [ili
1125 445 1209 473 David
1220 467 1226 478 ,
1239 448 1291 474 noli
1301 448 1387 475 timere
1396 449 1509 484 accipere
1520 449 1632 477 Mariam
1645 451 1777 487 conjttgem
1788 458 1868 480 luam.

1074 492 1168 519 Statim
1186 493 1309 520 Davidem
1326 494 1352 520 in
1375 494 1531 522 memoriam
1548 501 1671 529 revocat,
1689 498 1758 525 tttnle
1781 501 1868 526 nasci-

1075 543 1151 565 turus
1163 543 1220 565 erat
1241 539 1383 572 Christus;
1400 548 1486 573 neque
1504 541 1567 568 sinit
1580 542 1652 568 illum
1671 543 1788 576 turbari,
1803 544 1867 572 dum

1075 590 1122 618 per
1131 583 1260 616 majorum
1272 592 1368 612 nomen
1383 586 1584 619 promissionem
1595 587 1719 615 universo
1729 590 1818 624 generi
1829 589 1868 617 fa-

1073 635 1141 656 ctam
1156 629 1180 656 in
1191 631 1347 658 memoriam
1362 637 1478 658 revocat.
1490 632 1542 659 Sed
1550 633 1626 666 cujus
1638 634 1675 660 rei
1688 636 1771 669 gratia
1783 635 1865 663 ﬁliuni

1076 675 1154 702 llavid
1184 680 1270 710 ipsum
1295 677 1427 712 appellat?
1443 677 1484 705 Ne
1505 679 1614 706 timeas:
1629 687 1787 715 quamquam
1804 682 1866 710 alibi
1887 690 1892 695 '

1075 721 1143 748 Deus
1159 729 1209 748 non
1226 722 1260 748 ita
1275 721 1351 755 fecit;
1363 723 1409 750 sed
1422 723 1535 757 quodam
1549 724 1582 752 de
1594 733 1677 753 uxore
1692 727 1806 755 Abraltte
1819 736 1865 756 se-

1072 776 1119 794 cus
1133 776 1211 803 quam
1227 774 1380 803 oportuerat
1394 771 1527 806 cogitante
1539 792 1547 805 ,
1570 774 1717 802 terroribus
1732 776 1865 812 minisque

1073 815 1097 840 itt
1123 815 1254 850 loquendo
1277 823 1340 843 usus
1364 817 1434 844 Deus
1455 823 1515 851 est;
1531 819 1634 847 etiamsi
1650 821 1686 848 ibi
1699 830 1804 857 qttoque
1819 832 1863 851 res

1071 867 1117 894 per
1131 862 1305 895 ignorantiam
1317 862 1393 890 fieret
1407 872 1414 889 :
1430 871 1515 899 neque
1527 865 1597 892 enim
1609 874 1697 894 rerum
1710 875 1808 903 gnarus
1819 869 1864 897 ille

1070 905 1164 932 Saram
1175 911 1315 942 acceperat
1328 916 1334 934 :
1347 913 1463 936 attamen
1480 911 1660 944 perterrefecit
1671 921 1731 940 eum
1743 922 1750 947 ;
1763 914 1804 942 ltic
1815 923 1864 943 au-

1070 956 1122 978 tem
1137 952 1228 979 mitius
1240 953 1336 987 agitur.
1351 953 1447 989 Ingens
1461 956 1531 983 enim
1547 962 1605 984 erat
1619 966 1708 986 rerum
1723 967 1782 994 qua:
1797 969 1862 997 age-

1069 996 1166 1024 bantur
1176 998 1340 1033 magnitudo,
1356 1007 1532 1036 magnumque
1544 1003 1613 1030 inter
1625 1005 1707 1032 virum
1720 1011 1861 1042 utrumque

1068 1043 1212 1071 discrimen
1227 1053 1233 1072 :
1250 1051 1411 1080 quapropter
1424 1055 1475 1074 non
1491 1053 1549 1076 erat
1564 1049 1746 1085 increpatione
1760 1060 1837 1087 opus.
1852 1054 1858 1069 '

1067 1087 1133 1115 Cum
1147 1095 1235 1117 autem
1249 1091 1332 1125 dixit,
1350 1091 1391 1119 Ne
1406 1093 1512 1127 timeas,
1526 1094 1646 1122 declarat
1658 1097 1743 1131 ipsum
1758 1103 1861 1126 metue-

1068 1141 1099 1161 re
1114 1143 1147 1162 ne
1161 1135 1244 1162 Deum
1263 1136 1397 1170 offendat,
1411 1139 1433 1165 si
1446 1139 1593 1167 adulteram
1616 1149 1724 1169 uxorem
1741 1143 1836 1172 ltabeat
1850 1153 1858 1174 :

1067 1182 1102 1206 ita
1119 1181 1167 1207 nisi
1181 1181 1231 1209 ltoc
1244 1182 1354 1216 fuisset,
1370 1183 1442 1211 illam
1454 1184 1588 1214 dimittere
1599 1194 1632 1214 ne
1645 1188 1789 1224 cogitasset
1800 1192 1859 1226 qui-

1067 1225 1139 1253 dem.
1162 1227 1207 1255 llis
1231 1228 1309 1262 igitur
1331 1230 1454 1258 omnibus
1472 1232 1640 1266 declaratur,
1655 1243 1670 1262 a
1687 1235 1741 1263 Deo
1754 1225 1858 1266 venisse

1066 1273 1188 1306 angelum
1199 1295 1206 1305 ,
1223 1276 1267 1308 qui
1288 1276 1376 1302 omnia
1396 1284 1456 1311 quae
1475 1278 1601 1313 Cogitavit
1615 1284 1642 1307 et
1659 1281 1749 1309 animo
1764 1291 1858 1317 passus

1065 1318 1225 1355 estJoseph,
1240 1321 1265 1348 in
1278 1321 1394 1349 medium
1409 1325 1533 1352 attulitet
1541 1327 1674 1361 exposuit.
1688 1329 1802 1364 Virginis
1813 1338 1861 1356 au-

1067 1369 1118 1391 tetn
1133 1366 1302 1398 prontttttiato
1315 1369 1431 1401 nomine,
1448 1377 1502 1398 tton
1516 1370 1559 1398 hic
1573 1373 1664 1406 stetit,
1679 1373 1726 1401 sed
1740 1374 1858 1406 addidit,

1064 1409 1202 1446 Coniugem
1225 1417 1310 1444 luant,
1333 1421 1412 1448 quam
1438 1423 1490 1443 non
1516 1417 1551 1444 ita
1576 1424 1707 1453 vocasset,
1729 1420 1751 1447 si
1768 1422 1858 1448 vitiata

1065 1456 1167 1484 fuisset.
1181 1458 1327 1493 Conjugetn
1340 1468 1404 1488 vero
1420 1460 1463 1489 ltic
1475 1470 1600 1497 sponsam
1615 1471 1692 1493 vocat
1705 1475 1712 1493 :
1727 1467 1857 1501 quemad-

1066 1502 1173 1529 modum
1190 1507 1214 1531 et
1228 1512 1343 1538 generos
1363 1514 1459 1534 vocare
1480 1508 1548 1535 solet
1571 1510 1705 1545 Scriptura
1725 1520 1854 1548 sponsos,

1063 1553 1124 1575 ante
1138 1550 1252 1584 nuptias.
1262 1551 1330 1584 Quid
1338 1560 1401 1580 vero
1409 1553 1540 1588 significat
1549 1556 1622 1587 illud.
1631 1558 1768 1593 Accipere?
1780 1560 1856 1588 Domi

1063 1594 1178 1622 retinere
1193 1605 1199 1622 :
1212 1596 1268 1630 jam
1283 1598 1354 1624 enim
1370 1599 1441 1626 illaut
1456 1601 1546 1628 animo
1560 1602 1707 1631 dimiserat.
1724 1604 1802 1633 Hane
1815 1606 1857 1633 di-

1062 1640 1170 1668 missam
1182 1642 1268 1670 retiue
1278 1664 1284 1674 ,
1297 1652 1375 1678 quam
1389 1645 1435 1672 tibi
1450 1646 1517 1674 Deus
1531 1649 1625 1681 tradit,
1643 1658 1695 1677 non
1710 1657 1834 1684 parentes
1847 1662 1852 1679 :

1063 1686 1142 1712 tradit
1157 1693 1245 1715 autem
1260 1696 1312 1716 non
1325 1690 1358 1716 ad
1374 1692 1478 1726 nuptias
1488 1713 1496 1725 ,
1510 1693 1556 1720 sed
1569 1699 1665 1722 utrum
1679 1696 1723 1723 illa
1736 1697 1854 1731 habites;

1063 1731 1141 1758 tradit
1157 1740 1236 1766 porro
1251 1741 1299 1768 per
1313 1743 1406 1763 vocem
1421 1745 1517 1764 meam.
1535 1738 1568 1766 Ut
1581 1739 1652 1767 illam
1669 1746 1760 1776 postea
1773 1742 1853 1770 Citri-

1061 1783 1117 1803 stus
1131 1778 1238 1806 tradidit
1250 1779 1398 1815 discipulo,
1415 1782 1449 1809 ita
1465 1788 1492 1810 et
1508 1791 1580 1812 nunc
1593 1785 1711 1822 Josepho
1727 1789 1849 1818 traditur.

1061 1822 1161 1850 Deinde
1176 1832 1232 1852 rem
1257 1825 1370 1854 obscure
1392 1828 1511 1857 indicans
1522 1851 1529 1862 ,
1544 1838 1655 1865 pravam
1671 1835 1850 1868 suspicionem

1060 1877 1113 1897 non
1139 1873 1319 1905 memoravit,
1340 1873 1386 1902 sed
1412 1874 1567 1905 honestiore
1595 1881 1852 1916 congruentioreque

1058 1915 1138 1943 modo
1152 1918 1336 1952 conceptionis
1349 1921 1467 1954 exposita
1483 1926 1580 1955 causa,
1593 1924 1664 1951 illam
1678 1927 1795 1959 sustulit,
1807 1915 1852 1955 os.

1059 1961 1169 1989 tendens
1188 1969 1248 1990 cum
1260 1983 1268 1996 ,
1284 1970 1394 2000 propter
1413 1968 1534 1995 eamdem
1556 1969 1640 2004 ipsam
1656 1978 1785 2006 causam,
1801 1981 1851 2009 qua

1059 2006 1169 2034 timebat
1180 2013 1207 2035 et
1220 2009 1291 2036 illam
1303 2010 1437 2039 dimittere
1448 2013 1564 2046 volebat,
1574 2016 1634 2049 jure
1648 2016 1718 2044 illaut
1733 2006 1852 2054 recipi-are

1057 2057 1083 2079 et
1098 2054 1214 2081 retittere
1227 2054 1325 2083 debere
1339 2065 1346 2083 :
1360 2057 1452 2092 sicque
1466 2066 1499 2086 ex
1513 2060 1658 2088 abundanti
1671 2063 1730 2095 ejus
1743 2065 1848 2092 masti-

1057 2098 1120 2125 tiam
1135 2099 1253 2127 resolvit.
1270 2101 1327 2128 Non
1350 2103 1449 2136 modo,
1471 2104 1573 2140 inquit,
1591 2106 1683 2134 illicito
1704 2115 1850 2144 congressu

1056 2151 1120 2177 pura
1134 2149 1176 2171 est
1185 2164 1193 2176 .
1207 2145 1254 2173 sed
1265 2147 1345 2174 etiam
1356 2155 1436 2183 supra
1449 2154 1570 2178 naturam
1583 2156 1687 2179 uterum
1698 2158 1793 2188 gestat.
1807 2155 1847 2183 Ne

1055 2188 1135 2223 igitur
1148 2195 1248 2218 metutn
1265 2200 1348 2226 ponas
1364 2198 1464 2221 tantum
1476 2215 1482 2226 .
1498 2196 1546 2223 sed
1562 2197 1588 2224 in
1601 2205 1723 2232 magnam
1739 2207 1849 2235 erumpe

1054 2233 1174 2262 lil'lillalll
1190 2244 1196 2262 :
1213 2236 1289 2270 Quod
1301 2239 1367 2265 enini
1380 2239 1406 2266 in
1420 2248 1450 2267 ea
1462 2247 1549 2268 natum
1564 2247 1616 2275 est,
1632 2243 1664 2270 de
1678 2244 1777 2279 Spiritu
1792 2233 1848 2273 aan-

1052 2284 1092 2306 clo
1105 2285 1152 2307 est.
1176 2281 1342 2317 Stupettdum
1357 2284 1479 2319 dictum,
1496 2285 1640 2315 humanam
1656 2290 1845 2324 cogitationem

1051 2331 1198 2359 superans,
1216 2326 1341 2363 legesque
1362 2334 1464 2357 natura:
1483 2334 1685 2361 transcendens.
1705 2334 1846 2368 Quomodo

1052 2370 1130 2405 igitur
1140 2371 1230 2400 credet
1238 2374 1277 2401 vir
1289 2375 1354 2402 tales
1365 2383 1418 2402 non
1426 2383 1552 2411 expertus
1561 2380 1725 2408 narrationes
1733 2381 1745 2408 ?
1754 2382 1773 2408 A
1783 2390 1845 2417 pra:-

1051 2416 1198 2449 teritorum,
1213 2418 1307 2454 inquit,
1322 2421 1495 2450 revelatione.
1510 2423 1571 2451 Ideo
1581 2426 1669 2453 omnia
1681 2434 1740 2461 quat
1751 2416 1841 2455 mente

1050 2462 1194 2496 cogitabat,
1208 2465 1344 2498 revelarit,
1357 2474 1417 2500 qute
1429 2475 1524 2502 passus
1534 2474 1584 2503 est,
1597 2478 1656 2504 qua-
1670 2471 1766 2505 timuit,
1780 2481 1841 2508 qnze

1049 2506 1137 2534 facere
1148 2509 1336 2544 meditabatur,
1350 2516 1378 2539 ut
1388 2512 1440 2540 illis
1451 2514 1476 2540 in
1488 2515 1604 2543 ntedittm
1615 2515 1748 2551 adductis,
1759 2506 1839 2546 etiam

1051 2553 1092 2581 ltis
1105 2553 1183 2582 fidetn
1195 2555 1320 2591 haberet;
1335 2559 1388 2586 imo
1400 2568 1453 2587 non
1465 2568 1495 2588 ex
1510 2563 1652 2596 prteteritis
1663 2568 1762 2592 tanttttn
1771 2585 1779 2598 ,
1790 2566 1838 2592 sed

1050 2599 1129 2626 etiam
1141 2608 1173 2627 ex
1188 2601 1282 2630 futuris
1292 2603 1325 2631 ad
1337 2605 1497 2633 credendum
1513 2607 1586 2634 illum
1609 2609 1720 2637 inducit.
1732 2609 1776 2637 2|.
1792 2610 1846 2638 Pa-

1050 2641 1098 2668 riet
1109 2647 1203 2676 autent,
1216 2643 1311 2679 inquit,
1324 2646 1416 2680 ﬁlium,
1430 2653 1452 2673 et
1463 2649 1561 2676 vocabis
1574 2658 1662 2678 nomen
1675 2651 1730 2687 ejus
1739 2653 1836 2682 letum.

1049 2684 1087 2713 Ne
1098 2691 1174 2716 putes
1184 2688 1253 2715 enim
1266 2690 1327 2724 quia
1338 2697 1370 2718 ex
1382 2690 1480 2726 Spiritu
1493 2699 1585 2722 sancto
1598 2701 1648 2732 est,
1661 2684 1691 2724 te.
1699 2697 1759 2726 ideo
1769 2699 1836 2727 alic-

1095 2792 1103 2806 ¹
1121 2792 1176 2821 Alii,
1189 2798 1234 2816 non
1246 2792 1377 2825 increpavit
1387 2799 1410 2821 ut
1421 2799 1549 2828 oportebat.
