  <div class='ocr_page' id='page_1' title='image "/cluster/home/n/w/nwhite01/storage/ocr_20150623/57-58/njp.32101077772653/064.png"; bbox 0 0 2056 3130; ppageno 0'>
   <div class='ocr_carea' id='block_1_1' title="bbox 151 132 183 159">
    <p class='ocr_par' dir='ltr' id='par_1_1' title="bbox 151 132 183 159">
     <span class='ocr_line' id='line_1_1' title="bbox 151 132 183 159; baseline -0.031 0"><span class='ocrx_word' id='word_1_1' title='bbox 151 132 183 159; x_wconf 78' lang='grc' dir='ltr'><strong><em>Π</em></strong></span> 
     </span>
    </p>
   </div>
   <div class='ocr_carea' id='block_1_2' title="bbox 151 181 947 211">
    <p class='ocr_par' dir='ltr' id='par_1_2' title="bbox 151 181 947 211">
     <span class='ocr_line' id='line_1_2' title="bbox 151 181 947 211; baseline 0 -1"><span class='ocrx_word' id='word_1_2' title='bbox 151 189 213 210; x_wconf 73' lang='lat' dir='ltr'><strong>eum</strong></span> <span class='ocrx_word' id='word_1_3' title='bbox 222 188 282 209; x_wconf 84' lang='lat' dir='ltr'><strong>esse</strong></span> <span class='ocrx_word' id='word_1_4' title='bbox 293 188 310 209; x_wconf 88' lang='lat' dir='ltr'><strong>a</strong></span> <span class='ocrx_word' id='word_1_5' title='bbox 324 181 482 210; x_wconf 88' lang='lat' dir='ltr'><strong>ministerio</strong></span> <span class='ocrx_word' id='word_1_6' title='bbox 495 182 649 211; x_wconf 58' lang='lat' dir='ltr'><strong>oeconomia:</strong></span> <span class='ocrx_word' id='word_1_7' title='bbox 663 182 744 210; x_wconf 90' lang='lat' dir='ltr'><strong>illius.</strong></span> <span class='ocrx_word' id='word_1_8' title='bbox 757 183 866 210; x_wconf 82' lang='lat' dir='ltr'><strong>Etiamsi</strong></span> <span class='ocrx_word' id='word_1_9' title='bbox 877 184 947 211; x_wconf 88' lang='lat' dir='ltr'><strong>enim</strong></span> 
     </span>
    </p>
   </div>
   <div class='ocr_carea' id='block_1_3' title="bbox 152 226 948 264">
    <p class='ocr_par' dir='ltr' id='par_1_3' title="bbox 152 226 948 264">
     <span class='ocr_line' id='line_1_3' title="bbox 152 226 948 264; baseline -0.001 -8"><span class='ocrx_word' id='word_1_10' title='bbox 152 228 216 256; x_wconf 86' lang='lat' dir='ltr'><strong>nihil</strong></span> <span class='ocrx_word' id='word_1_11' title='bbox 229 226 262 254; x_wconf 86' lang='lat' dir='ltr'><strong>ad</strong></span> <span class='ocrx_word' id='word_1_12' title='bbox 282 229 492 263; x_wconf 75' lang='lat' dir='ltr'><strong>generationem</strong></span> <span class='ocrx_word' id='word_1_13' title='bbox 514 227 654 260; x_wconf 86' lang='lat' dir='ltr'><strong>conferas,</strong></span> <span class='ocrx_word' id='word_1_14' title='bbox 678 227 726 255; x_wconf 87' lang='lat' dir='ltr'><strong>sed</strong></span> <span class='ocrx_word' id='word_1_15' title='bbox 749 228 846 256; x_wconf 85' lang='lat' dir='ltr'><strong>intacta</strong></span> <span class='ocrx_word' id='word_1_16' title='bbox 867 228 948 264; x_wconf 84' lang='lat' dir='ltr'><strong>Virgo</strong></span> 
     </span>
    </p>
   </div>
   <div class='ocr_carea' id='block_1_4' title="bbox 153 275 946 310">
    <p class='ocr_par' dir='ltr' id='par_1_4' title="bbox 153 275 946 310">
     <span class='ocr_line' id='line_1_4' title="bbox 153 275 946 310; baseline 0.001 -9"><span class='ocrx_word' id='word_1_17' title='bbox 153 278 276 306; x_wconf 82' lang='lat' dir='ltr'><strong>maneat;</strong></span> <span class='ocrx_word' id='word_1_18' title='bbox 295 279 418 302; x_wconf 93' lang='lat' dir='ltr'><strong>attamen</strong></span> <span class='ocrx_word' id='word_1_19' title='bbox 433 275 507 310; x_wconf 85' lang='lat' dir='ltr'><strong>quod</strong></span> <span class='ocrx_word' id='word_1_20' title='bbox 518 279 559 303; x_wconf 91' lang='lat' dir='ltr'><strong>est</strong></span> <span class='ocrx_word' id='word_1_21' title='bbox 571 275 638 310; x_wconf 93' lang='lat' dir='ltr'><strong>patri</strong></span> <span class='ocrx_word' id='word_1_22' title='bbox 653 275 808 310; x_wconf 90' lang='lat' dir='ltr'><strong>proprium,</strong></span> <span class='ocrx_word' id='word_1_23' title='bbox 824 275 874 303; x_wconf 86' lang='lat' dir='ltr'><strong>etsi</strong></span> <span class='ocrx_word' id='word_1_24' title='bbox 890 275 946 302; x_wconf 82' lang='lat' dir='ltr'><strong>vir-</strong></span> 
     </span>
    </p>
   </div>
   <div class='ocr_carea' id='block_1_5' title="bbox 153 320 946 356">
    <p class='ocr_par' dir='ltr' id='par_1_5' title="bbox 153 320 946 356">
     <span class='ocr_line' id='line_1_5' title="bbox 153 320 946 356; baseline 0.003 -9"><span class='ocrx_word' id='word_1_25' title='bbox 153 321 267 356; x_wconf 82' lang='lat' dir='ltr'><strong>ginitatis</strong></span> <span class='ocrx_word' id='word_1_26' title='bbox 279 320 441 356; x_wconf 83' lang='lat' dir='ltr'><strong>dignitatem</strong></span> <span class='ocrx_word' id='word_1_27' title='bbox 456 329 510 349; x_wconf 91' lang='lat' dir='ltr'><strong>non</strong></span> <span class='ocrx_word' id='word_1_28' title='bbox 523 322 678 355; x_wconf 92' lang='lat' dir='ltr'><strong>labefactet,</strong></span> <span class='ocrx_word' id='word_1_29' title='bbox 695 322 745 349; x_wconf 93' lang='lat' dir='ltr'><strong>hoc</strong></span> <span class='ocrx_word' id='word_1_30' title='bbox 759 321 808 349; x_wconf 84' lang='lat' dir='ltr'><strong>tibi</strong></span> <span class='ocrx_word' id='word_1_31' title='bbox 820 321 946 355; x_wconf 88' lang='lat' dir='ltr'><strong>confero,</strong></span> 
     </span>
    </p>
   </div>
   <div class='ocr_carea' id='block_1_6' title="bbox 154 368 946 403">
    <p class='ocr_par' dir='ltr' id='par_1_6' title="bbox 154 368 946 403">
     <span class='ocr_line' id='line_1_6' title="bbox 154 368 946 403; baseline 0.004 -10"><span class='ocrx_word' id='word_1_32' title='bbox 154 372 181 394; x_wconf 92' lang='lat' dir='ltr'><strong>ut</strong></span> <span class='ocrx_word' id='word_1_33' title='bbox 194 371 255 394; x_wconf 83' lang='lat' dir='ltr'><strong>nato</strong></span> <span class='ocrx_word' id='word_1_34' title='bbox 268 374 369 395; x_wconf 86' lang='lat' dir='ltr'><strong>nomen</strong></span> <span class='ocrx_word' id='word_1_35' title='bbox 383 368 517 403; x_wconf 80' lang='lat' dir='ltr'><strong>imponas.</strong></span> <span class='ocrx_word' id='word_1_36' title='bbox 529 368 569 396; x_wconf 87' lang='lat' dir='ltr'><strong>Tu</strong></span> <span class='ocrx_word' id='word_1_37' title='bbox 582 369 652 396; x_wconf 85' lang='lat' dir='ltr'><strong>enim</strong></span> <span class='ocrx_word' id='word_1_38' title='bbox 668 368 775 396; x_wconf 85' lang='lat' dir='ltr'><strong>voeabis</strong></span> <span class='ocrx_word' id='word_1_39' title='bbox 789 369 874 396; x_wconf 88' lang='lat' dir='ltr'><strong>illum.</strong></span> <span class='ocrx_word' id='word_1_40' title='bbox 889 368 946 396; x_wconf 89' lang='lat' dir='ltr'><strong>Etsi</strong></span> 
     </span>
    </p>
   </div>
   <div class='ocr_carea' id='block_1_7' title="bbox 155 413 945 450">
    <p class='ocr_par' dir='ltr' id='par_1_7' title="bbox 155 413 945 450">
     <span class='ocr_line' id='line_1_7' title="bbox 155 413 945 450; baseline 0.004 -11"><span class='ocrx_word' id='word_1_41' title='bbox 155 420 264 448; x_wconf 80' lang='lat' dir='ltr'><strong>namque</strong></span> <span class='ocrx_word' id='word_1_42' title='bbox 287 413 359 441; x_wconf 86' lang='lat' dir='ltr'><strong>ﬁlius</strong></span> <span class='ocrx_word' id='word_1_43' title='bbox 382 418 446 441; x_wconf 87' lang='lat' dir='ltr'><strong>tuus</strong></span> <span class='ocrx_word' id='word_1_44' title='bbox 461 421 515 442; x_wconf 90' lang='lat' dir='ltr'><strong>non</strong></span> <span class='ocrx_word' id='word_1_45' title='bbox 528 414 579 447; x_wconf 88' lang='lat' dir='ltr'><strong>sit,</strong></span> <span class='ocrx_word' id='word_1_46' title='bbox 595 419 621 441; x_wconf 90' lang='lat' dir='ltr'><strong>tu</strong></span> <span class='ocrx_word' id='word_1_47' title='bbox 638 420 773 449; x_wconf 89' lang='lat' dir='ltr'><strong>paternam</strong></span> <span class='ocrx_word' id='word_1_48' title='bbox 789 422 851 450; x_wconf 81' lang='lat' dir='ltr'><strong>erga</strong></span> <span class='ocrx_word' id='word_1_49' title='bbox 870 415 945 442; x_wconf 91' lang='lat' dir='ltr'><strong>illum</strong></span> 
     </span>
    </p>
   </div>
   <div class='ocr_carea' id='block_1_8' title="bbox 154 460 945 495">
    <p class='ocr_par' dir='ltr' id='par_1_8' title="bbox 154 460 945 495">
     <span class='ocr_line' id='line_1_8' title="bbox 154 460 945 495; baseline 0.003 -9"><span class='ocrx_word' id='word_1_50' title='bbox 154 466 227 495; x_wconf 78' lang='lat' dir='ltr'><strong>geres</strong></span> <span class='ocrx_word' id='word_1_51' title='bbox 246 467 353 487; x_wconf 86' lang='lat' dir='ltr'><strong>curam.</strong></span> <span class='ocrx_word' id='word_1_52' title='bbox 368 460 433 488; x_wconf 81' lang='lat' dir='ltr'><strong>Ideo</strong></span> <span class='ocrx_word' id='word_1_53' title='bbox 443 460 486 488; x_wconf 92' lang='lat' dir='ltr'><strong>vel</strong></span> <span class='ocrx_word' id='word_1_54' title='bbox 499 460 533 487; x_wconf 90' lang='lat' dir='ltr'><strong>ab</strong></span> <span class='ocrx_word' id='word_1_55' title='bbox 546 461 602 495; x_wconf 86' lang='lat' dir='ltr'><strong>ipsa</strong></span> <span class='ocrx_word' id='word_1_56' title='bbox 615 461 731 488; x_wconf 88' lang='lat' dir='ltr'><strong>nominis</strong></span> <span class='ocrx_word' id='word_1_57' title='bbox 754 461 923 495; x_wconf 86' lang='lat' dir='ltr'><strong>impositione</strong></span> <span class='ocrx_word' id='word_1_58' title='bbox 936 482 945 494; x_wconf 91' lang='lat'><strong>,</strong></span> 
     </span>
    </p>
   </div>
   <div class='ocr_carea' id='block_1_9' title="bbox 155 507 946 542">
    <p class='ocr_par' dir='ltr' id='par_1_9' title="bbox 155 507 946 542">
     <span class='ocr_line' id='line_1_9' title="bbox 155 507 946 542; baseline 0.003 -9"><span class='ocrx_word' id='word_1_59' title='bbox 155 511 214 534; x_wconf 88' lang='lat' dir='ltr'><strong>nato</strong></span> <span class='ocrx_word' id='word_1_60' title='bbox 227 510 254 534; x_wconf 89' lang='lat' dir='ltr'><strong>te</strong></span> <span class='ocrx_word' id='word_1_61' title='bbox 276 507 399 541; x_wconf 86' lang='lat' dir='ltr'><strong>parentis</strong></span> <span class='ocrx_word' id='word_1_62' title='bbox 419 507 480 535; x_wconf 90' lang='lat' dir='ltr'><strong>loco</strong></span> <span class='ocrx_word' id='word_1_63' title='bbox 499 507 624 542; x_wconf 88' lang='lat' dir='ltr'><strong>adjungo.</strong></span> <span class='ocrx_word' id='word_1_64' title='bbox 640 507 742 534; x_wconf 82' lang='lat' dir='ltr'><strong>Deinde</strong></span> <span class='ocrx_word' id='word_1_65' title='bbox 757 515 790 534; x_wconf 89' lang='lat' dir='ltr'><strong>ne</strong></span> <span class='ocrx_word' id='word_1_66' title='bbox 812 507 871 542; x_wconf 88' lang='lat' dir='ltr'><strong>quis</strong></span> <span class='ocrx_word' id='word_1_67' title='bbox 885 507 946 535; x_wconf 86' lang='lat' dir='ltr'><strong>ideo</strong></span> 
     </span>
    </p>
   </div>
   <div class='ocr_carea' id='block_1_10' title="bbox 154 553 946 588">
    <p class='ocr_par' dir='ltr' id='par_1_10' title="bbox 154 553 946 588">
     <span class='ocr_line' id='line_1_10' title="bbox 154 553 946 588; baseline 0.003 -10"><span class='ocrx_word' id='word_1_68' title='bbox 154 559 212 579; x_wconf 85' lang='lat' dir='ltr'><strong>eum</strong></span> <span class='ocrx_word' id='word_1_69' title='bbox 233 556 337 587; x_wconf 80' lang='lat' dir='ltr'><strong>patrem</strong></span> <span class='ocrx_word' id='word_1_70' title='bbox 350 559 412 580; x_wconf 84' lang='lat' dir='ltr'><strong>esse</strong></span> <span class='ocrx_word' id='word_1_71' title='bbox 432 553 631 588; x_wconf 80' lang='lat' dir='ltr'><strong>suspicaretur,</strong></span> <span class='ocrx_word' id='word_1_72' title='bbox 646 553 708 580; x_wconf 90' lang='lat' dir='ltr'><strong>audi</strong></span> <span class='ocrx_word' id='word_1_73' title='bbox 721 560 802 588; x_wconf 81' lang='lat' dir='ltr'><strong>quam</strong></span> <span class='ocrx_word' id='word_1_74' title='bbox 822 557 946 580; x_wconf 74' lang='lat' dir='ltr'><strong>accurate</strong></span> 
     </span>
    </p>
   </div>
   <div class='ocr_carea' id='block_1_11' title="bbox 155 597 943 633">
    <p class='ocr_par' dir='ltr' id='par_1_11' title="bbox 155 597 943 633">
     <span class='ocr_line' id='line_1_11' title="bbox 155 597 943 633; baseline 0.001 -8"><span class='ocrx_word' id='word_1_75' title='bbox 155 598 290 632; x_wconf 77' lang='lat' dir='ltr'><strong>sequentia</strong></span> <span class='ocrx_word' id='word_1_76' title='bbox 306 602 409 633; x_wconf 86' lang='lat' dir='ltr'><strong>ponat:</strong></span> <span class='ocrx_word' id='word_1_77' title='bbox 425 597 531 631; x_wconf 83' lang='lat' dir='ltr'><strong>Pariet,</strong></span> <span class='ocrx_word' id='word_1_78' title='bbox 546 598 648 632; x_wconf 88' lang='lat' dir='ltr'><strong>inquit,</strong></span> <span class='ocrx_word' id='word_1_79' title='bbox 669 598 771 633; x_wconf 75' lang='lat' dir='ltr'><strong>ﬁlium;</strong></span> <span class='ocrx_word' id='word_1_80' title='bbox 787 606 839 626; x_wconf 92' lang='lat' dir='ltr'><strong>non</strong></span> <span class='ocrx_word' id='word_1_81' title='bbox 859 599 943 632; x_wconf 88' lang='lat' dir='ltr'><strong>dicit,</strong></span> 
     </span>
    </p>
   </div>
   <div class='ocr_carea' id='block_1_12' title="bbox 155 643 944 680">
    <p class='ocr_par' dir='ltr' id='par_1_12' title="bbox 155 643 944 680">
     <span class='ocr_line' id='line_1_12' title="bbox 155 643 944 680; baseline 0.003 -10"><span class='ocrx_word' id='word_1_82' title='bbox 155 643 242 670; x_wconf 79' lang='lat' dir='ltr'><strong>Pariet</strong></span> <span class='ocrx_word' id='word_1_83' title='bbox 253 643 301 671; x_wconf 90' lang='lat' dir='ltr'><strong>tibi</strong></span> <span class='ocrx_word' id='word_1_84' title='bbox 313 653 321 675; x_wconf 88' lang='lat'><strong>;</strong></span> <span class='ocrx_word' id='word_1_85' title='bbox 336 643 384 671; x_wconf 86' lang='lat' dir='ltr'><strong>sed</strong></span> <span class='ocrx_word' id='word_1_86' title='bbox 395 643 599 672; x_wconf 74' lang='lat' dir='ltr'><strong>itideterminate</strong></span> <span class='ocrx_word' id='word_1_87' title='bbox 610 645 699 679; x_wconf 85' lang='lat' dir='ltr'><strong>posuit</strong></span> <span class='ocrx_word' id='word_1_88' title='bbox 711 653 718 671; x_wconf 85' lang='lat'><strong>:</strong></span> <span class='ocrx_word' id='word_1_89' title='bbox 730 652 782 672; x_wconf 85' lang='lat' dir='ltr'><strong>non</strong></span> <span class='ocrx_word' id='word_1_90' title='bbox 791 644 862 672; x_wconf 86' lang='lat' dir='ltr'><strong>enim</strong></span> <span class='ocrx_word' id='word_1_91' title='bbox 873 645 882 660; x_wconf 95' lang='grc'>¹</span> <span class='ocrx_word' id='word_1_92' title='bbox 894 645 944 680; x_wconf 87' lang='lat' dir='ltr'><strong>ipsi</strong></span> 
     </span>
    </p>
   </div>
   <div class='ocr_carea' id='block_1_13' title="bbox 155 689 554 723">
    <p class='ocr_par' dir='ltr' id='par_1_13' title="bbox 155 689 554 723">
     <span class='ocr_line' id='line_1_13' title="bbox 155 689 554 723; baseline 0.005 -8"><span class='ocrx_word' id='word_1_93' title='bbox 155 689 272 723; x_wconf 86' lang='lat' dir='ltr'><strong>peperit,</strong></span> <span class='ocrx_word' id='word_1_94' title='bbox 283 689 333 716; x_wconf 85' lang='lat' dir='ltr'><strong>sed</strong></span> <span class='ocrx_word' id='word_1_95' title='bbox 348 689 472 717; x_wconf 73' lang='lat' dir='ltr'><strong>universo</strong></span> <span class='ocrx_word' id='word_1_96' title='bbox 484 689 554 717; x_wconf 85' lang='lat' dir='ltr'><strong>orbi.</strong></span> 
     </span>
    </p>
   </div>
   <div class='ocr_carea' id='block_1_14' title="bbox 186 781 942 822">
    <p class='ocr_par' dir='ltr' id='par_1_14' title="bbox 186 781 942 822">
     <span class='ocr_line' id='line_1_14' title="bbox 186 781 942 822; baseline 0.009 -14"><span class='ocrx_word' id='word_1_97' title='bbox 186 781 213 808; x_wconf 78' lang='grc' dir='ltr'><strong>Ἰ.</strong></span> <span class='ocrx_word' id='word_1_98' title='bbox 239 783 356 817; x_wconf 88' lang='lat' dir='ltr'><strong>Ideoque</strong></span> <span class='ocrx_word' id='word_1_99' title='bbox 377 790 475 811; x_wconf 86' lang='lat' dir='ltr'><strong>nomen</strong></span> <span class='ocrx_word' id='word_1_100' title='bbox 490 784 548 819; x_wconf 88' lang='lat' dir='ltr'><strong>ejus</strong></span> <span class='ocrx_word' id='word_1_101' title='bbox 562 791 596 812; x_wconf 77' lang='lat' dir='ltr'><strong>ex</strong></span> <span class='ocrx_word' id='word_1_102' title='bbox 615 784 682 813; x_wconf 67' lang='lat' dir='ltr'><strong>caelo</strong></span> <span class='ocrx_word' id='word_1_103' title='bbox 703 785 797 814; x_wconf 88' lang='lat' dir='ltr'><strong>detulit</strong></span> <span class='ocrx_word' id='word_1_104' title='bbox 817 787 942 822; x_wconf 82' lang='lat' dir='ltr'><strong>angelus,</strong></span> 
     </span>
    </p>
   </div>
   <div class='ocr_carea' id='block_1_15' title="bbox 150 826 943 867">
    <p class='ocr_par' dir='ltr' id='par_1_15' title="bbox 150 826 943 867">
     <span class='ocr_line' id='line_1_15' title="bbox 150 826 943 867; baseline 0.01 -14"><span class='ocrx_word' id='word_1_105' title='bbox 150 826 213 854; x_wconf 82' lang='lat' dir='ltr'><strong>hinc</strong></span> <span class='ocrx_word' id='word_1_106' title='bbox 233 828 380 856; x_wconf 87' lang='lat' dir='ltr'><strong>ostendens</strong></span> <span class='ocrx_word' id='word_1_107' title='bbox 400 829 549 857; x_wconf 85' lang='lat' dir='ltr'><strong>mirabilem</strong></span> <span class='ocrx_word' id='word_1_108' title='bbox 565 837 625 858; x_wconf 88' lang='lat' dir='ltr'><strong>esse</strong></span> <span class='ocrx_word' id='word_1_109' title='bbox 637 835 743 866; x_wconf 86' lang='lat' dir='ltr'><strong>partum</strong></span> <span class='ocrx_word' id='word_1_110' title='bbox 754 853 761 865; x_wconf 92' lang='lat'><strong>,</strong></span> <span class='ocrx_word' id='word_1_111' title='bbox 778 833 849 867; x_wconf 91' lang='lat' dir='ltr'><strong>quod</strong></span> <span class='ocrx_word' id='word_1_112' title='bbox 872 833 943 861; x_wconf 79' lang='lat' dir='ltr'><strong>Deus</strong></span> 
     </span>
    </p>
   </div>
   <div class='ocr_carea' id='block_1_16' title="bbox 150 873 943 913">
    <p class='ocr_par' dir='ltr' id='par_1_16' title="bbox 150 873 943 913">
     <span class='ocr_line' id='line_1_16' title="bbox 150 873 943 913; baseline 0.009 -14"><span class='ocrx_word' id='word_1_113' title='bbox 150 873 207 907; x_wconf 80' lang='lat' dir='ltr'><strong>ipse</strong></span> <span class='ocrx_word' id='word_1_114' title='bbox 222 880 320 901; x_wconf 88' lang='lat' dir='ltr'><strong>nomen</strong></span> <span class='ocrx_word' id='word_1_115' title='bbox 334 874 393 909; x_wconf 84' lang='lat' dir='ltr'><strong>ejus</strong></span> <span class='ocrx_word' id='word_1_116' title='bbox 410 874 446 903; x_wconf 90' lang='lat' dir='ltr'><strong>de</strong></span> <span class='ocrx_word' id='word_1_117' title='bbox 460 875 527 903; x_wconf 71' lang='lat' dir='ltr'><strong>caelo</strong></span> <span class='ocrx_word' id='word_1_118' title='bbox 541 883 589 911; x_wconf 90' lang='lat' dir='ltr'><strong>per</strong></span> <span class='ocrx_word' id='word_1_119' title='bbox 601 877 722 912; x_wconf 81' lang='lat' dir='ltr'><strong>angelum</strong></span> <span class='ocrx_word' id='word_1_120' title='bbox 733 877 850 913; x_wconf 77' lang='lat' dir='ltr'><strong>Josepho</strong></span> <span class='ocrx_word' id='word_1_121' title='bbox 863 879 943 907; x_wconf 89' lang='lat' dir='ltr'><strong>mise-</strong></span> 
     </span>
    </p>
   </div>
   <div class='ocr_carea' id='block_1_17' title="bbox 148 917 941 956">
    <p class='ocr_par' dir='ltr' id='par_1_17' title="bbox 148 917 941 956">
     <span class='ocr_line' id='line_1_17' title="bbox 148 917 941 956; baseline 0.01 -12"><span class='ocrx_word' id='word_1_122' title='bbox 148 918 193 945; x_wconf 88' lang='lat' dir='ltr'><strong>rit.</strong></span> <span class='ocrx_word' id='word_1_123' title='bbox 206 917 300 953; x_wconf 83' lang='lat' dir='ltr'><strong>Neque</strong></span> <span class='ocrx_word' id='word_1_124' title='bbox 313 919 386 946; x_wconf 84' lang='lat' dir='ltr'><strong>enim</strong></span> <span class='ocrx_word' id='word_1_125' title='bbox 398 927 484 955; x_wconf 83' lang='lat' dir='ltr'><strong>Ipsum</strong></span> <span class='ocrx_word' id='word_1_126' title='bbox 496 927 559 948; x_wconf 87' lang='lat' dir='ltr'><strong>casu</strong></span> <span class='ocrx_word' id='word_1_127' title='bbox 572 926 599 949; x_wconf 89' lang='lat' dir='ltr'><strong>et</strong></span> <span class='ocrx_word' id='word_1_128' title='bbox 612 922 671 950; x_wconf 89' lang='lat' dir='ltr'><strong>sine</strong></span> <span class='ocrx_word' id='word_1_129' title='bbox 680 929 759 950; x_wconf 90' lang='lat' dir='ltr'><strong>causa</strong></span> <span class='ocrx_word' id='word_1_130' title='bbox 772 923 863 952; x_wconf 91' lang='lat' dir='ltr'><strong>datum</strong></span> <span class='ocrx_word' id='word_1_131' title='bbox 875 924 923 952; x_wconf 87' lang='lat' dir='ltr'><strong>fuit</strong></span> <span class='ocrx_word' id='word_1_132' title='bbox 932 945 941 956; x_wconf 86' lang='lat'><strong><em>.</em></strong></span> 
     </span>
    </p>
   </div>
   <div class='ocr_carea' id='block_1_18' title="bbox 147 963 941 1004">
    <p class='ocr_par' dir='ltr' id='par_1_18' title="bbox 147 963 941 1004">
     <span class='ocr_line' id='line_1_18' title="bbox 147 963 941 1004; baseline 0.009 -14"><span class='ocrx_word' id='word_1_133' title='bbox 147 963 196 991; x_wconf 91' lang='lat' dir='ltr'><strong>sed</strong></span> <span class='ocrx_word' id='word_1_134' title='bbox 215 969 257 991; x_wconf 90' lang='lat' dir='ltr'><strong>est</strong></span> <span class='ocrx_word' id='word_1_135' title='bbox 271 964 345 992; x_wconf 90' lang='lat' dir='ltr'><strong>mille</strong></span> <span class='ocrx_word' id='word_1_136' title='bbox 360 965 492 993; x_wconf 89' lang='lat' dir='ltr'><strong>bonorutn</strong></span> <span class='ocrx_word' id='word_1_137' title='bbox 507 966 659 995; x_wconf 87' lang='lat' dir='ltr'><strong>thesaurus.</strong></span> <span class='ocrx_word' id='word_1_138' title='bbox 674 967 776 996; x_wconf 86' lang='lat' dir='ltr'><strong>idcirco</strong></span> <span class='ocrx_word' id='word_1_139' title='bbox 791 969 878 1004; x_wconf 91' lang='lat' dir='ltr'><strong>ipsum</strong></span> <span class='ocrx_word' id='word_1_140' title='bbox 891 978 941 997; x_wconf 92' lang='lat' dir='ltr'><strong>an-</strong></span> 
     </span>
    </p>
   </div>
   <div class='ocr_carea' id='block_1_19' title="bbox 145 1009 941 1048">
    <p class='ocr_par' dir='ltr' id='par_1_19' title="bbox 145 1009 941 1048">
     <span class='ocr_line' id='line_1_19' title="bbox 145 1009 941 1048; baseline 0.009 -12"><span class='ocrx_word' id='word_1_141' title='bbox 145 1009 223 1044; x_wconf 84' lang='lat' dir='ltr'><strong>gelus</strong></span> <span class='ocrx_word' id='word_1_142' title='bbox 236 1009 443 1045; x_wconf 84' lang='lat' dir='ltr'><strong>interpretatur,</strong></span> <span class='ocrx_word' id='word_1_143' title='bbox 457 1012 637 1048; x_wconf 85' lang='lat' dir='ltr'><strong>optimamque</strong></span> <span class='ocrx_word' id='word_1_144' title='bbox 650 1020 726 1048; x_wconf 90' lang='lat' dir='ltr'><strong>spem</strong></span> <span class='ocrx_word' id='word_1_145' title='bbox 740 1014 818 1042; x_wconf 84' lang='lat' dir='ltr'><strong>oﬁ&#39;ert</strong></span> <span class='ocrx_word' id='word_1_146' title='bbox 827 1035 836 1048; x_wconf 92' lang='lat'><strong>,</strong></span> <span class='ocrx_word' id='word_1_147' title='bbox 850 1019 877 1042; x_wconf 90' lang='lat' dir='ltr'><strong>et</strong></span> <span class='ocrx_word' id='word_1_148' title='bbox 891 1015 941 1043; x_wconf 84' lang='lat' dir='ltr'><strong>hac</strong></span> 
     </span>
    </p>
   </div>
   <div class='ocr_carea' id='block_1_20' title="bbox 145 1055 939 1094">
    <p class='ocr_par' dir='ltr' id='par_1_20' title="bbox 145 1055 939 1094">
     <span class='ocr_line' id='line_1_20' title="bbox 145 1055 939 1094; baseline 0.009 -12"><span class='ocrx_word' id='word_1_149' title='bbox 145 1055 250 1083; x_wconf 76' lang='lat' dir='ltr'><strong>ratione</strong></span> <span class='ocrx_word' id='word_1_150' title='bbox 263 1055 344 1084; x_wconf 85' lang='lat' dir='ltr'><strong>ﬁdem</strong></span> <span class='ocrx_word' id='word_1_151' title='bbox 358 1056 409 1091; x_wconf 84' lang='lat' dir='ltr'><strong>Ipsi</strong></span> <span class='ocrx_word' id='word_1_152' title='bbox 421 1057 547 1085; x_wconf 86' lang='lat' dir='ltr'><strong>conciliat</strong></span> <span class='ocrx_word' id='word_1_153' title='bbox 559 1067 565 1085; x_wconf 90' lang='lat'>:</span> <span class='ocrx_word' id='word_1_154' title='bbox 582 1066 642 1085; x_wconf 90' lang='lat' dir='ltr'><strong>nam</strong></span> <span class='ocrx_word' id='word_1_155' title='bbox 654 1060 812 1094; x_wconf 89' lang='lat' dir='ltr'><strong>propensius</strong></span> <span class='ocrx_word' id='word_1_156' title='bbox 825 1060 939 1088; x_wconf 86' lang='lat' dir='ltr'><strong>inclina-</strong></span> 
     </span>
    </p>
   </div>
   <div class='ocr_carea' id='block_1_21' title="bbox 145 1100 940 1139">
    <p class='ocr_par' dir='ltr' id='par_1_21' title="bbox 145 1100 940 1139">
     <span class='ocr_line' id='line_1_21' title="bbox 145 1100 940 1139; baseline 0.01 -12"><span class='ocrx_word' id='word_1_157' title='bbox 145 1108 207 1128; x_wconf 84' lang='lat' dir='ltr'><strong>Il&#39;llll&#39;</strong></span> <span class='ocrx_word' id='word_1_158' title='bbox 219 1100 254 1128; x_wconf 85' lang='lat' dir='ltr'><strong>ad</strong></span> <span class='ocrx_word' id='word_1_159' title='bbox 268 1108 314 1128; x_wconf 86' lang='lat' dir='ltr'><strong>res</strong></span> <span class='ocrx_word' id='word_1_160' title='bbox 327 1101 530 1137; x_wconf 84' lang='lat' dir='ltr'><strong>hujuscemodi;</strong></span> <span class='ocrx_word' id='word_1_161' title='bbox 545 1103 659 1139; x_wconf 88' lang='lat' dir='ltr'><strong>ideoque</strong></span> <span class='ocrx_word' id='word_1_162' title='bbox 673 1104 725 1132; x_wconf 90' lang='lat' dir='ltr'><strong>illis</strong></span> <span class='ocrx_word' id='word_1_163' title='bbox 738 1104 840 1133; x_wconf 80' lang='lat' dir='ltr'><strong>facilius</strong></span> <span class='ocrx_word' id='word_1_164' title='bbox 849 1106 940 1134; x_wconf 84' lang='lat' dir='ltr'><strong>credi-</strong></span> 
     </span>
    </p>
   </div>
   <div class='ocr_carea' id='block_1_22' title="bbox 144 1147 938 1183">
    <p class='ocr_par' dir='ltr' id='par_1_22' title="bbox 144 1147 938 1183">
     <span class='ocr_line' id='line_1_22' title="bbox 144 1147 938 1183; baseline 0.009 -10"><span class='ocrx_word' id='word_1_165' title='bbox 144 1154 215 1174; x_wconf 86' lang='lat' dir='ltr'><strong>mus.</strong></span> <span class='ocrx_word' id='word_1_166' title='bbox 227 1147 297 1174; x_wconf 89' lang='lat' dir='ltr'><strong>Cum</strong></span> <span class='ocrx_word' id='word_1_167' title='bbox 314 1147 395 1183; x_wconf 78' lang='lat' dir='ltr'><strong>igitur</strong></span> <span class='ocrx_word' id='word_1_168' title='bbox 409 1155 443 1176; x_wconf 77' lang='lat' dir='ltr'><strong>ex</strong></span> <span class='ocrx_word' id='word_1_169' title='bbox 463 1149 586 1177; x_wconf 89' lang='lat' dir='ltr'><strong>omnibus</strong></span> <span class='ocrx_word' id='word_1_170' title='bbox 599 1149 632 1177; x_wconf 87' lang='lat' dir='ltr'><strong>ad</strong></span> <span class='ocrx_word' id='word_1_171' title='bbox 649 1150 729 1178; x_wconf 88' lang='lat' dir='ltr'><strong>ﬁdem</strong></span> <span class='ocrx_word' id='word_1_172' title='bbox 743 1151 768 1179; x_wconf 91' lang='lat' dir='ltr'><strong>ei</strong></span> <span class='ocrx_word' id='word_1_173' title='bbox 789 1151 938 1180; x_wconf 85' lang='lat' dir='ltr'><strong>habendam</strong></span> 
     </span>
    </p>
   </div>
   <div class='ocr_carea' id='block_1_23' title="bbox 143 1195 937 1234">
    <p class='ocr_par' dir='ltr' id='par_1_23' title="bbox 143 1195 937 1234">
     <span class='ocr_line' id='line_1_23' title="bbox 143 1195 937 1234; baseline 0.009 -15"><span class='ocrx_word' id='word_1_174' title='bbox 143 1198 324 1227; x_wconf 66' lang='lat' dir='ltr'><strong>prmparasset</strong></span> <span class='ocrx_word' id='word_1_175' title='bbox 333 1214 341 1226; x_wconf 89' lang='lat'><strong>,</strong></span> <span class='ocrx_word' id='word_1_176' title='bbox 357 1201 391 1221; x_wconf 80' lang='lat' dir='ltr'><strong>ex</strong></span> <span class='ocrx_word' id='word_1_177' title='bbox 405 1195 565 1229; x_wconf 64' lang='lat' dir='ltr'><strong>prasteritis,</strong></span> <span class='ocrx_word' id='word_1_178' title='bbox 581 1203 613 1223; x_wconf 84' lang='lat' dir='ltr'><strong>ex</strong></span> <span class='ocrx_word' id='word_1_179' title='bbox 626 1195 723 1224; x_wconf 82' lang='lat' dir='ltr'><strong>futuris</strong></span> <span class='ocrx_word' id='word_1_180' title='bbox 734 1201 762 1224; x_wconf 87' lang='lat' dir='ltr'><strong>et</strong></span> <span class='ocrx_word' id='word_1_181' title='bbox 774 1205 806 1225; x_wconf 83' lang='lat' dir='ltr'><strong>ex</strong></span> <span class='ocrx_word' id='word_1_182' title='bbox 820 1206 937 1234; x_wconf 61' lang='lat' dir='ltr'><strong>praesen-</strong></span> 
     </span>
    </p>
   </div>
   <div class='ocr_carea' id='block_1_24' title="bbox 141 1238 938 1281">
    <p class='ocr_par' dir='ltr' id='par_1_24' title="bbox 141 1238 938 1281">
     <span class='ocr_line' id='line_1_24' title="bbox 141 1238 938 1281; baseline 0.011 -17"><span class='ocrx_word' id='word_1_183' title='bbox 141 1238 227 1271; x_wconf 78' lang='lat' dir='ltr'><strong>tibus,</strong></span> <span class='ocrx_word' id='word_1_184' title='bbox 241 1246 349 1266; x_wconf 85' lang='lat' dir='ltr'><strong>necnon</strong></span> <span class='ocrx_word' id='word_1_185' title='bbox 363 1240 398 1267; x_wconf 90' lang='lat' dir='ltr'><strong>ab</strong></span> <span class='ocrx_word' id='word_1_186' title='bbox 408 1240 510 1269; x_wconf 92' lang='lat' dir='ltr'><strong>honore</strong></span> <span class='ocrx_word' id='word_1_187' title='bbox 520 1241 570 1276; x_wconf 86' lang='lat' dir='ltr'><strong>ipsi</strong></span> <span class='ocrx_word' id='word_1_188' title='bbox 581 1242 674 1270; x_wconf 85' lang='lat' dir='ltr'><strong>debito</strong></span> <span class='ocrx_word' id='word_1_189' title='bbox 683 1263 692 1275; x_wconf 90' lang='lat'><strong>,</strong></span> <span class='ocrx_word' id='word_1_190' title='bbox 707 1243 808 1271; x_wconf 86' lang='lat' dir='ltr'><strong>inducit</strong></span> <span class='ocrx_word' id='word_1_191' title='bbox 822 1245 938 1281; x_wconf 88' lang='lat' dir='ltr'><strong>prophe-</strong></span> 
     </span>
    </p>
   </div>
   <div class='ocr_carea' id='block_1_25' title="bbox 141 1285 938 1320">
    <p class='ocr_par' dir='ltr' id='par_1_25' title="bbox 141 1285 938 1320">
     <span class='ocr_line' id='line_1_25' title="bbox 141 1285 938 1320; baseline 0.013 -10"><span class='ocrx_word' id='word_1_192' title='bbox 141 1288 213 1316; x_wconf 86' lang='lat' dir='ltr'><strong>tam,</strong></span> <span class='ocrx_word' id='word_1_193' title='bbox 226 1289 380 1319; x_wconf 89' lang='lat' dir='ltr'><strong>opportune</strong></span> <span class='ocrx_word' id='word_1_194' title='bbox 389 1285 431 1314; x_wconf 86' lang='lat' dir='ltr'><strong>his</strong></span> <span class='ocrx_word' id='word_1_195' title='bbox 442 1287 565 1315; x_wconf 90' lang='lat' dir='ltr'><strong>onmibus</strong></span> <span class='ocrx_word' id='word_1_196' title='bbox 574 1289 705 1316; x_wconf 84' lang='lat' dir='ltr'><strong>calculum</strong></span> <span class='ocrx_word' id='word_1_197' title='bbox 716 1290 834 1318; x_wconf 84' lang='lat' dir='ltr'><strong>dantem.</strong></span> <span class='ocrx_word' id='word_1_198' title='bbox 846 1291 938 1320; x_wconf 84' lang='lat' dir='ltr'><strong>Prius-</strong></span> 
     </span>
    </p>
   </div>
   <div class='ocr_carea' id='block_1_26' title="bbox 138 1324 936 1372">
    <p class='ocr_par' dir='ltr' id='par_1_26' title="bbox 138 1324 936 1372">
     <span class='ocr_line' id='line_1_26' title="bbox 138 1324 936 1372; baseline 0.013 -16"><span class='ocrx_word' id='word_1_199' title='bbox 138 1337 220 1364; x_wconf 79' lang='lat' dir='ltr'><strong>quam</strong></span> <span class='ocrx_word' id='word_1_200' title='bbox 244 1324 311 1358; x_wconf 83' lang='lat' dir='ltr'><strong>vero</strong></span> <span class='ocrx_word' id='word_1_201' title='bbox 324 1331 412 1366; x_wconf 82' lang='lat' dir='ltr'><strong>ipsum</strong></span> <span class='ocrx_word' id='word_1_202' title='bbox 427 1333 550 1367; x_wconf 86' lang='lat' dir='ltr'><strong>inducat,</strong></span> <span class='ocrx_word' id='word_1_203' title='bbox 564 1334 633 1362; x_wconf 89' lang='lat' dir='ltr'><strong>bona</strong></span> <span class='ocrx_word' id='word_1_204' title='bbox 646 1343 695 1371; x_wconf 88' lang='lat' dir='ltr'><strong>per</strong></span> <span class='ocrx_word' id='word_1_205' title='bbox 704 1336 790 1372; x_wconf 90' lang='lat' dir='ltr'><strong>ipsum</strong></span> <span class='ocrx_word' id='word_1_206' title='bbox 801 1338 858 1365; x_wconf 91' lang='lat' dir='ltr'><strong>orbi</strong></span> <span class='ocrx_word' id='word_1_207' title='bbox 869 1346 936 1366; x_wconf 91' lang='lat' dir='ltr'><strong>con-</strong></span> 
     </span>
    </p>
   </div>
   <div class='ocr_carea' id='block_1_27' title="bbox 140 1375 936 1418">
    <p class='ocr_par' dir='ltr' id='par_1_27' title="bbox 140 1375 936 1418">
     <span class='ocr_line' id='line_1_27' title="bbox 140 1375 936 1418; baseline 0.013 -16"><span class='ocrx_word' id='word_1_208' title='bbox 140 1375 250 1403; x_wconf 83' lang='lat' dir='ltr'><strong>fcrenda</strong></span> <span class='ocrx_word' id='word_1_209' title='bbox 275 1379 452 1411; x_wconf 77' lang='lat' dir='ltr'><strong>prrenuntiat.</strong></span> <span class='ocrx_word' id='word_1_210' title='bbox 475 1379 602 1412; x_wconf 71' lang='lat' dir='ltr'><strong>Qumnam</strong></span> <span class='ocrx_word' id='word_1_211' title='bbox 625 1381 669 1408; x_wconf 89' lang='lat' dir='ltr'><strong>illa</strong></span> <span class='ocrx_word' id='word_1_212' title='bbox 693 1383 773 1410; x_wconf 86' lang='lat' dir='ltr'><strong>sunt?</strong></span> <span class='ocrx_word' id='word_1_213' title='bbox 798 1383 936 1418; x_wconf 83' lang='lat' dir='ltr'><strong>Ereptioa</strong></span> 
     </span>
    </p>
   </div>
   <div class='ocr_carea' id='block_1_28' title="bbox 140 1422 936 1465">
    <p class='ocr_par' dir='ltr' id='par_1_28' title="bbox 140 1422 936 1465">
     <span class='ocr_line' id='line_1_28' title="bbox 140 1422 936 1465; baseline 0.011 -17"><span class='ocrx_word' id='word_1_214' title='bbox 140 1422 257 1455; x_wconf 83' lang='lat' dir='ltr'><strong>peccatis</strong></span> <span class='ocrx_word' id='word_1_215' title='bbox 269 1430 278 1451; x_wconf 72' lang='grc' dir='ltr'><strong>ι</strong></span> <span class='ocrx_word' id='word_1_216' title='bbox 292 1422 357 1457; x_wconf 76' lang='lat' dir='ltr'><strong>Ipse</strong></span> <span class='ocrx_word' id='word_1_217' title='bbox 369 1425 437 1451; x_wconf 82' lang='lat' dir='ltr'><strong>enim</strong></span> <span class='ocrx_word' id='word_1_218' title='bbox 447 1445 455 1457; x_wconf 87' lang='lat'><strong>,</strong></span> <span class='ocrx_word' id='word_1_219' title='bbox 471 1425 573 1460; x_wconf 85' lang='lat' dir='ltr'><strong>inquit,</strong></span> <span class='ocrx_word' id='word_1_220' title='bbox 592 1427 690 1454; x_wconf 76' lang='lat' dir='ltr'><strong>salvum</strong></span> <span class='ocrx_word' id='word_1_221' title='bbox 715 1428 790 1462; x_wconf 81' lang='lat' dir='ltr'><strong>faciet</strong></span> <span class='ocrx_word' id='word_1_222' title='bbox 813 1431 936 1465; x_wconf 84' lang='lat' dir='ltr'><strong>populum</strong></span> 
     </span>
    </p>
   </div>
   <div class='ocr_carea' id='block_1_29' title="bbox 132 1471 931 1510">
    <p class='ocr_par' dir='ltr' id='par_1_29' title="bbox 132 1471 931 1510">
     <span class='ocr_line' id='line_1_29' title="bbox 132 1471 931 1510; baseline 0.009 -15"><span class='ocrx_word' id='word_1_223' title='bbox 132 1476 209 1495; x_wconf 72' lang='lat' dir='ltr'><strong>sum</strong></span> <span class='ocrx_word' id='word_1_224' title='bbox 227 1477 245 1496; x_wconf 77' lang='grc' dir='ltr'><strong>α</strong></span> <span class='ocrx_word' id='word_1_225' title='bbox 259 1471 372 1504; x_wconf 76' lang='lat' dir='ltr'><strong>peccatis</strong></span> <span class='ocrx_word' id='word_1_226' title='bbox 383 1479 480 1498; x_wconf 84' lang='lat' dir='ltr'><strong>eorum.</strong></span> <span class='ocrx_word' id='word_1_227' title='bbox 496 1472 545 1500; x_wconf 86' lang='lat' dir='ltr'><strong>Hic</strong></span> <span class='ocrx_word' id='word_1_228' title='bbox 558 1479 663 1508; x_wconf 89' lang='lat' dir='ltr'><strong>quoque</strong></span> <span class='ocrx_word' id='word_1_229' title='bbox 679 1473 839 1508; x_wconf 89' lang='lat' dir='ltr'><strong>stupendum</strong></span> <span class='ocrx_word' id='word_1_230' title='bbox 853 1475 931 1510; x_wconf 82' lang='lat' dir='ltr'><strong>quid-</strong></span> 
     </span>
    </p>
   </div>
   <div class='ocr_carea' id='block_1_30' title="bbox 135 1515 930 1548">
    <p class='ocr_par' dir='ltr' id='par_1_30' title="bbox 135 1515 930 1548">
     <span class='ocr_line' id='line_1_30' title="bbox 135 1515 930 1548; baseline 0.009 -7"><span class='ocrx_word' id='word_1_231' title='bbox 135 1515 206 1548; x_wconf 84' lang='lat' dir='ltr'><strong>piam</strong></span> <span class='ocrx_word' id='word_1_232' title='bbox 220 1515 367 1544; x_wconf 88' lang='lat' dir='ltr'><strong>indicatur.</strong></span> <span class='ocrx_word' id='word_1_233' title='bbox 378 1517 438 1544; x_wconf 92' lang='lat' dir='ltr'><strong>Non</strong></span> <span class='ocrx_word' id='word_1_234' title='bbox 453 1519 524 1545; x_wconf 89' lang='lat' dir='ltr'><strong>enim</strong></span> <span class='ocrx_word' id='word_1_235' title='bbox 535 1526 550 1546; x_wconf 90' lang='lat' dir='ltr'><strong>a</strong></span> <span class='ocrx_word' id='word_1_236' title='bbox 562 1518 639 1546; x_wconf 90' lang='lat' dir='ltr'><strong>bellis</strong></span> <span class='ocrx_word' id='word_1_237' title='bbox 648 1519 698 1546; x_wconf 89' lang='lat' dir='ltr'><strong>sub</strong></span> <span class='ocrx_word' id='word_1_238' title='bbox 711 1527 820 1548; x_wconf 87' lang='lat' dir='ltr'><strong>sensum</strong></span> <span class='ocrx_word' id='word_1_239' title='bbox 832 1520 930 1548; x_wconf 86' lang='lat' dir='ltr'><strong>caden-</strong></span> 
     </span>
    </p>
   </div>
   <div class='ocr_carea' id='block_1_31' title="bbox 134 1560 929 1601">
    <p class='ocr_par' dir='ltr' id='par_1_31' title="bbox 134 1560 929 1601">
     <span class='ocr_line' id='line_1_31' title="bbox 134 1560 929 1601; baseline 0.011 -15"><span class='ocrx_word' id='word_1_240' title='bbox 134 1560 220 1593; x_wconf 87' lang='lat' dir='ltr'><strong>tibus,</strong></span> <span class='ocrx_word' id='word_1_241' title='bbox 235 1568 290 1589; x_wconf 91' lang='lat' dir='ltr'><strong>non</strong></span> <span class='ocrx_word' id='word_1_242' title='bbox 305 1570 319 1588; x_wconf 93' lang='lat' dir='ltr'><strong>a</strong></span> <span class='ocrx_word' id='word_1_243' title='bbox 334 1562 456 1591; x_wconf 89' lang='lat' dir='ltr'><strong>barbaris</strong></span> <span class='ocrx_word' id='word_1_244' title='bbox 466 1584 474 1596; x_wconf 89' lang='lat'><strong>,</strong></span> <span class='ocrx_word' id='word_1_245' title='bbox 490 1564 537 1592; x_wconf 89' lang='lat' dir='ltr'><strong>sed</strong></span> <span class='ocrx_word' id='word_1_246' title='bbox 550 1564 621 1599; x_wconf 87' lang='lat' dir='ltr'><strong>quod</strong></span> <span class='ocrx_word' id='word_1_247' title='bbox 636 1565 714 1600; x_wconf 83' lang='lat' dir='ltr'><strong>longe</strong></span> <span class='ocrx_word' id='word_1_248' title='bbox 728 1566 814 1601; x_wconf 86' lang='lat' dir='ltr'><strong>majus</strong></span> <span class='ocrx_word' id='word_1_249' title='bbox 824 1572 898 1601; x_wconf 88' lang='lat' dir='ltr'><strong>erat,</strong></span> <span class='ocrx_word' id='word_1_250' title='bbox 914 1575 929 1596; x_wconf 93' lang='lat' dir='ltr'><strong>a</strong></span> 
     </span>
    </p>
   </div>
   <div class='ocr_carea' id='block_1_32' title="bbox 134 1606 929 1645">
    <p class='ocr_par' dir='ltr' id='par_1_32' title="bbox 134 1606 929 1645">
     <span class='ocr_line' id='line_1_32' title="bbox 134 1606 929 1645; baseline 0.009 -12"><span class='ocrx_word' id='word_1_251' title='bbox 134 1606 251 1639; x_wconf 80' lang='lat' dir='ltr'><strong>peccatis</strong></span> <span class='ocrx_word' id='word_1_252' title='bbox 274 1607 445 1636; x_wconf 88' lang='lat' dir='ltr'><strong>liberandum</strong></span> <span class='ocrx_word' id='word_1_253' title='bbox 471 1610 599 1644; x_wconf 88' lang='lat' dir='ltr'><strong>populum</strong></span> <span class='ocrx_word' id='word_1_254' title='bbox 619 1610 701 1645; x_wconf 88' lang='lat' dir='ltr'><strong>ipsius</strong></span> <span class='ocrx_word' id='word_1_255' title='bbox 720 1612 880 1640; x_wconf 89' lang='lat' dir='ltr'><strong>annuntiat:</strong></span> <span class='ocrx_word' id='word_1_256' title='bbox 902 1613 929 1640; x_wconf 89' lang='lat' dir='ltr'><strong>id</strong></span> 
     </span>
    </p>
   </div>
   <div class='ocr_carea' id='block_1_33' title="bbox 133 1651 927 1691">
    <p class='ocr_par' dir='ltr' id='par_1_33' title="bbox 133 1651 927 1691">
     <span class='ocr_line' id='line_1_33' title="bbox 133 1651 927 1691; baseline 0.01 -14"><span class='ocrx_word' id='word_1_257' title='bbox 133 1651 205 1685; x_wconf 90' lang='lat' dir='ltr'><strong>quod</strong></span> <span class='ocrx_word' id='word_1_258' title='bbox 225 1659 306 1680; x_wconf 92' lang='lat' dir='ltr'><strong>nemo</strong></span> <span class='ocrx_word' id='word_1_259' title='bbox 324 1657 387 1681; x_wconf 89' lang='lat' dir='ltr'><strong>ante</strong></span> <span class='ocrx_word' id='word_1_260' title='bbox 408 1654 498 1682; x_wconf 88' lang='lat' dir='ltr'><strong>facere</strong></span> <span class='ocrx_word' id='word_1_261' title='bbox 516 1660 648 1689; x_wconf 89' lang='lat' dir='ltr'><strong>potuerat.</strong></span> <span class='ocrx_word' id='word_1_262' title='bbox 666 1656 699 1683; x_wconf 87' lang='lat' dir='ltr'><strong>Et</strong></span> <span class='ocrx_word' id='word_1_263' title='bbox 713 1664 765 1691; x_wconf 92' lang='lat' dir='ltr'><strong>qua</strong></span> <span class='ocrx_word' id='word_1_264' title='bbox 779 1656 813 1684; x_wconf 87' lang='lat' dir='ltr'><strong>de</strong></span> <span class='ocrx_word' id='word_1_265' title='bbox 827 1665 906 1686; x_wconf 90' lang='lat' dir='ltr'><strong>causa</strong></span> <span class='ocrx_word' id='word_1_266' title='bbox 919 1678 927 1689; x_wconf 86' lang='lat'><strong>.</strong></span> 
     </span>
    </p>
   </div>
   <div class='ocr_carea' id='block_1_34' title="bbox 135 1698 929 1739">
    <p class='ocr_par' dir='ltr' id='par_1_34' title="bbox 135 1698 929 1739">
     <span class='ocr_line' id='line_1_34' title="bbox 135 1698 929 1739; baseline 0.01 -15"><span class='ocrx_word' id='word_1_267' title='bbox 135 1698 239 1732; x_wconf 85' lang='lat' dir='ltr'><strong>inquies</strong></span> <span class='ocrx_word' id='word_1_268' title='bbox 251 1719 259 1731; x_wconf 89' lang='lat'><strong>,</strong></span> <span class='ocrx_word' id='word_1_269' title='bbox 275 1698 408 1734; x_wconf 80' lang='lat' dir='ltr'><strong>Populum</strong></span> <span class='ocrx_word' id='word_1_270' title='bbox 422 1709 497 1727; x_wconf 78' lang='lat' dir='ltr'><strong>suum</strong></span> <span class='ocrx_word' id='word_1_271' title='bbox 510 1701 596 1735; x_wconf 85' lang='lat' dir='ltr'><strong>dixit,</strong></span> <span class='ocrx_word' id='word_1_272' title='bbox 610 1710 696 1737; x_wconf 86' lang='lat' dir='ltr'><strong>neque</strong></span> <span class='ocrx_word' id='word_1_273' title='bbox 711 1708 803 1738; x_wconf 84' lang='lat' dir='ltr'><strong>gentes</strong></span> <span class='ocrx_word' id='word_1_274' title='bbox 815 1704 929 1739; x_wconf 79' lang='lat' dir='ltr'><strong>adjecit?</strong></span> 
     </span>
    </p>
   </div>
   <div class='ocr_carea' id='block_1_35' title="bbox 134 1743 930 1783">
    <p class='ocr_par' dir='ltr' id='par_1_35' title="bbox 134 1743 930 1783">
     <span class='ocr_line' id='line_1_35' title="bbox 134 1743 930 1783; baseline 0.01 -13"><span class='ocrx_word' id='word_1_275' title='bbox 134 1743 173 1771; x_wconf 85' lang='lat' dir='ltr'><strong>Ne</strong></span> <span class='ocrx_word' id='word_1_276' title='bbox 186 1745 277 1772; x_wconf 88' lang='lat' dir='ltr'><strong>statim</strong></span> <span class='ocrx_word' id='word_1_277' title='bbox 290 1745 442 1774; x_wconf 87' lang='lat' dir='ltr'><strong>auditorem</strong></span> <span class='ocrx_word' id='word_1_278' title='bbox 456 1747 623 1781; x_wconf 86' lang='lat' dir='ltr'><strong>percelleret.</strong></span> <span class='ocrx_word' id='word_1_279' title='bbox 635 1748 760 1783; x_wconf 83' lang='lat' dir='ltr'><strong>Alioquin</strong></span> <span class='ocrx_word' id='word_1_280' title='bbox 771 1756 835 1776; x_wconf 91' lang='lat' dir='ltr'><strong>vero</strong></span> <span class='ocrx_word' id='word_1_281' title='bbox 849 1749 930 1778; x_wconf 91' lang='lat' dir='ltr'><strong>intel-</strong></span> 
     </span>
    </p>
   </div>
   <div class='ocr_carea' id='block_1_36' title="bbox 135 1788 927 1829">
    <p class='ocr_par' dir='ltr' id='par_1_36' title="bbox 135 1788 927 1829">
     <span class='ocr_line' id='line_1_36' title="bbox 135 1788 927 1829; baseline 0.009 -14"><span class='ocrx_word' id='word_1_282' title='bbox 135 1788 241 1824; x_wconf 81' lang='lat' dir='ltr'><strong>ligentia</strong></span> <span class='ocrx_word' id='word_1_283' title='bbox 262 1791 390 1825; x_wconf 65' lang='lat' dir='ltr'><strong>praeditus</strong></span> <span class='ocrx_word' id='word_1_284' title='bbox 404 1792 510 1819; x_wconf 88' lang='lat' dir='ltr'><strong>auditor</strong></span> <span class='ocrx_word' id='word_1_285' title='bbox 524 1792 566 1819; x_wconf 82' lang='lat' dir='ltr'><strong>hic</strong></span> <span class='ocrx_word' id='word_1_286' title='bbox 580 1797 674 1828; x_wconf 82' lang='lat' dir='ltr'><strong>gentes</strong></span> <span class='ocrx_word' id='word_1_287' title='bbox 686 1801 792 1829; x_wconf 89' lang='lat' dir='ltr'><strong>quoque</strong></span> <span class='ocrx_word' id='word_1_288' title='bbox 805 1795 927 1822; x_wconf 91' lang='lat' dir='ltr'><strong>subindi-</strong></span> 
     </span>
    </p>
   </div>
   <div class='ocr_carea' id='block_1_37' title="bbox 134 1835 929 1872">
    <p class='ocr_par' dir='ltr' id='par_1_37' title="bbox 134 1835 929 1872">
     <span class='ocr_line' id='line_1_37' title="bbox 134 1835 929 1872; baseline 0.008 -11"><span class='ocrx_word' id='word_1_289' title='bbox 134 1835 188 1862; x_wconf 90' lang='lat' dir='ltr'><strong>cari</strong></span> <span class='ocrx_word' id='word_1_290' title='bbox 199 1836 339 1870; x_wconf 85' lang='lat' dir='ltr'><strong>perspicit.</strong></span> <span class='ocrx_word' id='word_1_291' title='bbox 351 1836 469 1871; x_wconf 86' lang='lat' dir='ltr'><strong>Populus</strong></span> <span class='ocrx_word' id='word_1_292' title='bbox 478 1837 549 1864; x_wconf 89' lang='lat' dir='ltr'><strong>enim</strong></span> <span class='ocrx_word' id='word_1_293' title='bbox 559 1838 618 1872; x_wconf 84' lang='lat' dir='ltr'><strong>ejus</strong></span> <span class='ocrx_word' id='word_1_294' title='bbox 630 1843 692 1866; x_wconf 90' lang='lat' dir='ltr'><strong>sunt</strong></span> <span class='ocrx_word' id='word_1_295' title='bbox 701 1846 755 1866; x_wconf 91' lang='lat' dir='ltr'><strong>non</strong></span> <span class='ocrx_word' id='word_1_296' title='bbox 767 1839 852 1867; x_wconf 79' lang='lat' dir='ltr'><strong>Judaei</strong></span> <span class='ocrx_word' id='word_1_297' title='bbox 867 1844 929 1868; x_wconf 83' lang='lat' dir='ltr'><strong>tan-</strong></span> 
     </span>
    </p>
   </div>
   <div class='ocr_carea' id='block_1_38' title="bbox 135 1882 927 1920">
    <p class='ocr_par' dir='ltr' id='par_1_38' title="bbox 135 1882 927 1920">
     <span class='ocr_line' id='line_1_38' title="bbox 135 1882 927 1920; baseline 0.008 -12"><span class='ocrx_word' id='word_1_298' title='bbox 135 1886 189 1909; x_wconf 91' lang='lat' dir='ltr'><strong>tum</strong></span> <span class='ocrx_word' id='word_1_299' title='bbox 199 1902 207 1915; x_wconf 92' lang='lat'><strong>,</strong></span> <span class='ocrx_word' id='word_1_300' title='bbox 222 1882 270 1910; x_wconf 88' lang='lat' dir='ltr'><strong>sed</strong></span> <span class='ocrx_word' id='word_1_301' title='bbox 282 1890 378 1910; x_wconf 88' lang='lat' dir='ltr'><strong>omnes</strong></span> <span class='ocrx_word' id='word_1_302' title='bbox 390 1884 435 1918; x_wconf 87' lang='lat' dir='ltr'><strong>qui</strong></span> <span class='ocrx_word' id='word_1_303' title='bbox 447 1884 596 1918; x_wconf 85' lang='lat' dir='ltr'><strong>accedunt,</strong></span> <span class='ocrx_word' id='word_1_304' title='bbox 609 1888 637 1912; x_wconf 88' lang='lat' dir='ltr'><strong>et</strong></span> <span class='ocrx_word' id='word_1_305' title='bbox 649 1886 707 1920; x_wconf 87' lang='lat' dir='ltr'><strong>ejus</strong></span> <span class='ocrx_word' id='word_1_306' title='bbox 717 1885 868 1914; x_wconf 88' lang='lat' dir='ltr'><strong>doctrinam</strong></span> <span class='ocrx_word' id='word_1_307' title='bbox 878 1894 927 1914; x_wconf 91' lang='lat' dir='ltr'><strong>co-</strong></span> 
     </span>
    </p>
   </div>
   <div class='ocr_carea' id='block_1_39' title="bbox 135 1929 926 1968">
    <p class='ocr_par' dir='ltr' id='par_1_39' title="bbox 135 1929 926 1968">
     <span class='ocr_line' id='line_1_39' title="bbox 135 1929 926 1968; baseline 0.006 -13"><span class='ocrx_word' id='word_1_308' title='bbox 135 1929 333 1963; x_wconf 84' lang='lat' dir='ltr'><strong>gnitionemque</strong></span> <span class='ocrx_word' id='word_1_309' title='bbox 361 1930 518 1965; x_wconf 85' lang='lat' dir='ltr'><strong>suscipiunt.</strong></span> <span class='ocrx_word' id='word_1_310' title='bbox 540 1931 728 1959; x_wconf 83' lang='lat' dir='ltr'><strong>Animadverte</strong></span> <span class='ocrx_word' id='word_1_311' title='bbox 747 1936 835 1959; x_wconf 87' lang='lat' dir='ltr'><strong>autem</strong></span> <span class='ocrx_word' id='word_1_312' title='bbox 857 1941 926 1968; x_wconf 88' lang='lat' dir='ltr'><strong>quo-</strong></span> 
     </span>
    </p>
   </div>
   <div class='ocr_carea' id='block_1_40' title="bbox 136 1974 925 2012">
    <p class='ocr_par' dir='ltr' id='par_1_40' title="bbox 136 1974 925 2012">
     <span class='ocr_line' id='line_1_40' title="bbox 136 1974 925 2012; baseline 0.005 -11"><span class='ocrx_word' id='word_1_313' title='bbox 136 1974 213 2002; x_wconf 89' lang='lat' dir='ltr'><strong>modo</strong></span> <span class='ocrx_word' id='word_1_314' title='bbox 223 1975 283 2009; x_wconf 81' lang='lat' dir='ltr'><strong>ejus</strong></span> <span class='ocrx_word' id='word_1_315' title='bbox 294 1975 450 2010; x_wconf 78' lang='lat' dir='ltr'><strong>dignitatem</strong></span> <span class='ocrx_word' id='word_1_316' title='bbox 462 1976 539 2004; x_wconf 83' lang='lat' dir='ltr'><strong>nobis</strong></span> <span class='ocrx_word' id='word_1_317' title='bbox 551 1977 695 2011; x_wconf 89' lang='lat' dir='ltr'><strong>aperuerit,</strong></span> <span class='ocrx_word' id='word_1_318' title='bbox 710 1978 837 2012; x_wconf 91' lang='lat' dir='ltr'><strong>populum</strong></span> <span class='ocrx_word' id='word_1_319' title='bbox 847 1985 925 2005; x_wconf 89' lang='lat' dir='ltr'><strong>suum</strong></span> 
     </span>
    </p>
   </div>
   <div class='ocr_carea' id='block_1_41' title="bbox 136 2021 926 2056">
    <p class='ocr_par' dir='ltr' id='par_1_41' title="bbox 136 2021 926 2056">
     <span class='ocr_line' id='line_1_41' title="bbox 136 2021 926 2056; baseline 0.004 -8"><span class='ocrx_word' id='word_1_320' title='bbox 136 2021 272 2056; x_wconf 83' lang='lat' dir='ltr'><strong>appellans</strong></span> <span class='ocrx_word' id='word_1_321' title='bbox 295 2022 422 2056; x_wconf 88' lang='lat' dir='ltr'><strong>populum</strong></span> <span class='ocrx_word' id='word_1_322' title='bbox 447 2021 598 2050; x_wconf 66' lang='lat' dir='ltr'><strong>Iudaicum.</strong></span> <span class='ocrx_word' id='word_1_323' title='bbox 614 2023 670 2050; x_wconf 85' lang='lat' dir='ltr'><strong>Hoc</strong></span> <span class='ocrx_word' id='word_1_324' title='bbox 690 2023 760 2051; x_wconf 88' lang='lat' dir='ltr'><strong>enim</strong></span> <span class='ocrx_word' id='word_1_325' title='bbox 776 2024 841 2051; x_wconf 90' lang='lat' dir='ltr'><strong>nihil</strong></span> <span class='ocrx_word' id='word_1_326' title='bbox 856 2024 926 2051; x_wconf 89' lang='lat' dir='ltr'><strong>aliud</strong></span> 
     </span>
    </p>
   </div>
   <div class='ocr_carea' id='block_1_42' title="bbox 136 2067 922 2103">
    <p class='ocr_par' dir='ltr' id='par_1_42' title="bbox 136 2067 922 2103">
     <span class='ocr_line' id='line_1_42' title="bbox 136 2067 922 2103; baseline 0.005 -9"><span class='ocrx_word' id='word_1_327' title='bbox 136 2067 278 2102; x_wconf 83' lang='lat' dir='ltr'><strong>signiﬁcat,</strong></span> <span class='ocrx_word' id='word_1_328' title='bbox 289 2075 368 2102; x_wconf 88' lang='lat' dir='ltr'><strong>quam</strong></span> <span class='ocrx_word' id='word_1_329' title='bbox 383 2076 444 2096; x_wconf 92' lang='lat' dir='ltr'><strong>eum</strong></span> <span class='ocrx_word' id='word_1_330' title='bbox 455 2089 462 2100; x_wconf 92' lang='lat'><strong>,</strong></span> <span class='ocrx_word' id='word_1_331' title='bbox 473 2069 516 2103; x_wconf 85' lang='lat' dir='ltr'><strong>qui</strong></span> <span class='ocrx_word' id='word_1_332' title='bbox 530 2073 606 2096; x_wconf 87' lang='lat' dir='ltr'><strong>natus</strong></span> <span class='ocrx_word' id='word_1_333' title='bbox 616 2073 658 2096; x_wconf 88' lang='lat' dir='ltr'><strong>est</strong></span> <span class='ocrx_word' id='word_1_334' title='bbox 667 2090 674 2100; x_wconf 87' lang='lat'><strong>,</strong></span> <span class='ocrx_word' id='word_1_335' title='bbox 686 2076 746 2097; x_wconf 87' lang='lat' dir='ltr'><strong>esse</strong></span> <span class='ocrx_word' id='word_1_336' title='bbox 758 2069 853 2097; x_wconf 89' lang='lat' dir='ltr'><strong>Filium</strong></span> <span class='ocrx_word' id='word_1_337' title='bbox 865 2071 922 2100; x_wconf 90' lang='lat' dir='ltr'><strong>Dei.</strong></span> 
     </span>
    </p>
   </div>
   <div class='ocr_carea' id='block_1_43' title="bbox 136 2113 923 2150">
    <p class='ocr_par' dir='ltr' id='par_1_43' title="bbox 136 2113 923 2150">
     <span class='ocr_line' id='line_1_43' title="bbox 136 2113 923 2150; baseline 0.005 -11"><span class='ocrx_word' id='word_1_338' title='bbox 136 2121 166 2140; x_wconf 87' lang='lat' dir='ltr'><strong>ac</strong></span> <span class='ocrx_word' id='word_1_339' title='bbox 176 2113 210 2141; x_wconf 89' lang='lat' dir='ltr'><strong>de</strong></span> <span class='ocrx_word' id='word_1_340' title='bbox 229 2121 293 2148; x_wconf 84' lang='lat' dir='ltr'><strong>rege</strong></span> <span class='ocrx_word' id='word_1_341' title='bbox 305 2121 422 2148; x_wconf 89' lang='lat' dir='ltr'><strong>superno</strong></span> <span class='ocrx_word' id='word_1_342' title='bbox 443 2122 533 2142; x_wconf 85' lang='lat' dir='ltr'><strong>sermo</strong></span> <span class='ocrx_word' id='word_1_343' title='bbox 547 2115 597 2150; x_wconf 84' lang='lat' dir='ltr'><strong>ipsi</strong></span> <span class='ocrx_word' id='word_1_344' title='bbox 612 2120 661 2142; x_wconf 87' lang='lat' dir='ltr'><strong>est.</strong></span> <span class='ocrx_word' id='word_1_345' title='bbox 676 2115 767 2150; x_wconf 86' lang='lat' dir='ltr'><strong>Neque</strong></span> <span class='ocrx_word' id='word_1_346' title='bbox 782 2116 852 2143; x_wconf 91' lang='lat' dir='ltr'><strong>enim</strong></span> <span class='ocrx_word' id='word_1_347' title='bbox 872 2116 923 2143; x_wconf 85' lang='lat' dir='ltr'><strong>alia</strong></span> 
     </span>
    </p>
   </div>
   <div class='ocr_carea' id='block_1_44' title="bbox 136 2159 924 2195">
    <p class='ocr_par' dir='ltr' id='par_1_44' title="bbox 136 2159 924 2195">
     <span class='ocr_line' id='line_1_44' title="bbox 136 2159 924 2195; baseline 0.004 -10"><span class='ocrx_word' id='word_1_348' title='bbox 136 2164 251 2194; x_wconf 84' lang='lat' dir='ltr'><strong>potestas</strong></span> <span class='ocrx_word' id='word_1_349' title='bbox 264 2164 373 2194; x_wconf 85' lang='lat' dir='ltr'><strong>peccata</strong></span> <span class='ocrx_word' id='word_1_350' title='bbox 387 2160 524 2187; x_wconf 86' lang='lat' dir='ltr'><strong>remittere</strong></span> <span class='ocrx_word' id='word_1_351' title='bbox 534 2159 614 2192; x_wconf 85' lang='lat' dir='ltr'><strong>valet,</strong></span> <span class='ocrx_word' id='word_1_352' title='bbox 627 2160 678 2187; x_wconf 90' lang='lat' dir='ltr'><strong>nisi</strong></span> <span class='ocrx_word' id='word_1_353' title='bbox 692 2168 722 2188; x_wconf 87' lang='lat' dir='ltr'><strong>ea</strong></span> <span class='ocrx_word' id='word_1_354' title='bbox 736 2168 795 2195; x_wconf 73' lang='lat' dir='ltr'><strong>qua:</strong></span> <span class='ocrx_word' id='word_1_355' title='bbox 806 2160 839 2188; x_wconf 91' lang='lat' dir='ltr'><strong>ad</strong></span> <span class='ocrx_word' id='word_1_356' title='bbox 853 2161 924 2188; x_wconf 88' lang='lat' dir='ltr'><strong>illam</strong></span> 
     </span>
    </p>
   </div>
   <div class='ocr_carea' id='block_1_45' title="bbox 136 2205 924 2242">
    <p class='ocr_par' dir='ltr' id='par_1_45' title="bbox 136 2205 924 2242">
     <span class='ocr_line' id='line_1_45' title="bbox 136 2205 924 2242; baseline 0.001 -10"><span class='ocrx_word' id='word_1_357' title='bbox 136 2206 311 2233; x_wconf 86' lang='lat' dir='ltr'><strong>substantiam</strong></span> <span class='ocrx_word' id='word_1_358' title='bbox 326 2205 452 2240; x_wconf 79' lang='lat' dir='ltr'><strong>pertinet.</strong></span> <span class='ocrx_word' id='word_1_359' title='bbox 467 2205 597 2239; x_wconf 82' lang='lat' dir='ltr'><strong>Quoniam</strong></span> <span class='ocrx_word' id='word_1_360' title='bbox 612 2206 691 2241; x_wconf 82' lang='lat' dir='ltr'><strong>igitur</strong></span> <span class='ocrx_word' id='word_1_361' title='bbox 705 2211 806 2233; x_wconf 88' lang='lat' dir='ltr'><strong>tantum</strong></span> <span class='ocrx_word' id='word_1_362' title='bbox 819 2207 924 2242; x_wconf 85' lang='lat' dir='ltr'><strong>accepi-</strong></span> 
     </span>
    </p>
   </div>
   <div class='ocr_carea' id='block_1_46' title="bbox 137 2251 924 2286">
    <p class='ocr_par' dir='ltr' id='par_1_46' title="bbox 137 2251 924 2286">
     <span class='ocr_line' id='line_1_46' title="bbox 137 2251 924 2286; baseline 0.003 -9"><span class='ocrx_word' id='word_1_363' title='bbox 137 2258 193 2278; x_wconf 90' lang='lat' dir='ltr'><strong>mus</strong></span> <span class='ocrx_word' id='word_1_364' title='bbox 205 2251 304 2278; x_wconf 92' lang='lat' dir='ltr'><strong>donum</strong></span> <span class='ocrx_word' id='word_1_365' title='bbox 316 2272 323 2284; x_wconf 90' lang='lat'><strong>,</strong></span> <span class='ocrx_word' id='word_1_366' title='bbox 338 2251 404 2278; x_wconf 90' lang='lat' dir='ltr'><strong>nihil</strong></span> <span class='ocrx_word' id='word_1_367' title='bbox 419 2259 472 2278; x_wconf 89' lang='lat' dir='ltr'><strong>non</strong></span> <span class='ocrx_word' id='word_1_368' title='bbox 488 2258 597 2286; x_wconf 85' lang='lat' dir='ltr'><strong>agamus</strong></span> <span class='ocrx_word' id='word_1_369' title='bbox 609 2259 642 2278; x_wconf 90' lang='lat' dir='ltr'><strong>ne</strong></span> <span class='ocrx_word' id='word_1_370' title='bbox 655 2256 755 2278; x_wconf 88' lang='lat' dir='ltr'><strong>tantum</strong></span> <span class='ocrx_word' id='word_1_371' title='bbox 767 2252 924 2280; x_wconf 81' lang='lat' dir='ltr'><strong>beneficium</strong></span> 
     </span>
    </p>
   </div>
   <div class='ocr_carea' id='block_1_47' title="bbox 136 2294 924 2331">
    <p class='ocr_par' dir='ltr' id='par_1_47' title="bbox 136 2294 924 2331">
     <span class='ocr_line' id='line_1_47' title="bbox 136 2294 924 2331; baseline 0.001 -8"><span class='ocrx_word' id='word_1_372' title='bbox 136 2296 350 2324; x_wconf 86' lang='lat' dir='ltr'><strong>dehonestemus.</strong></span> <span class='ocrx_word' id='word_1_373' title='bbox 366 2294 393 2323; x_wconf 89' lang='lat' dir='ltr'><strong>Si</strong></span> <span class='ocrx_word' id='word_1_374' title='bbox 417 2295 488 2322; x_wconf 89' lang='lat' dir='ltr'><strong>enim</strong></span> <span class='ocrx_word' id='word_1_375' title='bbox 502 2304 532 2323; x_wconf 88' lang='lat' dir='ltr'><strong>ea</strong></span> <span class='ocrx_word' id='word_1_376' title='bbox 546 2303 605 2331; x_wconf 65' lang='lat' dir='ltr'><strong>quae</strong></span> <span class='ocrx_word' id='word_1_377' title='bbox 624 2301 686 2324; x_wconf 88' lang='lat' dir='ltr'><strong>ante</strong></span> <span class='ocrx_word' id='word_1_378' title='bbox 705 2296 775 2324; x_wconf 89' lang='lat' dir='ltr'><strong>hunc</strong></span> <span class='ocrx_word' id='word_1_379' title='bbox 797 2298 924 2324; x_wconf 84' lang='lat' dir='ltr'><strong>honorem</strong></span> 
     </span>
    </p>
   </div>
   <div class='ocr_carea' id='block_1_48' title="bbox 135 2343 918 2379">
    <p class='ocr_par' dir='ltr' id='par_1_48' title="bbox 135 2343 918 2379">
     <span class='ocr_line' id='line_1_48' title="bbox 135 2343 918 2379; baseline 0 -9"><span class='ocrx_word' id='word_1_380' title='bbox 135 2347 204 2378; x_wconf 83' lang='lat' dir='ltr'><strong>gesta</strong></span> <span class='ocrx_word' id='word_1_381' title='bbox 215 2347 288 2376; x_wconf 84' lang='lat' dir='ltr'><strong>sunt,</strong></span> <span class='ocrx_word' id='word_1_382' title='bbox 302 2343 381 2378; x_wconf 79' lang='lat' dir='ltr'><strong>digna</strong></span> <span class='ocrx_word' id='word_1_383' title='bbox 390 2343 492 2371; x_wconf 85' lang='lat' dir='ltr'><strong>ultione</strong></span> <span class='ocrx_word' id='word_1_384' title='bbox 501 2348 586 2378; x_wconf 80' lang='lat' dir='ltr'><strong>erant,</strong></span> <span class='ocrx_word' id='word_1_385' title='bbox 599 2343 682 2371; x_wconf 81' lang='lat' dir='ltr'><strong>multo</strong></span> <span class='ocrx_word' id='word_1_386' title='bbox 693 2344 776 2379; x_wconf 83' lang='lat' dir='ltr'><strong>magis</strong></span> <span class='ocrx_word' id='word_1_387' title='bbox 788 2348 845 2379; x_wconf 89' lang='lat' dir='ltr'><strong>post</strong></span> <span class='ocrx_word' id='word_1_388' title='bbox 856 2343 918 2370; x_wconf 82' lang='lat' dir='ltr'><strong>inef-</strong></span> 
     </span>
    </p>
   </div>
   <div class='ocr_carea' id='block_1_49' title="bbox 137 2388 477 2416">
    <p class='ocr_par' dir='ltr' id='par_1_49' title="bbox 137 2388 477 2416">
     <span class='ocr_line' id='line_1_49' title="bbox 137 2388 477 2416; baseline 0 0"><span class='ocrx_word' id='word_1_389' title='bbox 137 2389 210 2416; x_wconf 82' lang='lat' dir='ltr'><strong>labile</strong></span> <span class='ocrx_word' id='word_1_390' title='bbox 224 2389 289 2416; x_wconf 91' lang='lat' dir='ltr'><strong>illud</strong></span> <span class='ocrx_word' id='word_1_391' title='bbox 304 2388 477 2416; x_wconf 84' lang='lat' dir='ltr'><strong>beneﬁcium.</strong></span> 
     </span>
    </p>
   </div>
   <div class='ocr_carea' id='block_1_50' title="bbox 164 2477 920 2514">
    <p class='ocr_par' dir='ltr' id='par_1_50' title="bbox 164 2477 920 2514">
     <span class='ocr_line' id='line_1_50' title="bbox 164 2477 920 2514; baseline 0 -9"><span class='ocrx_word' id='word_1_392' title='bbox 164 2478 258 2506; x_wconf 75' lang='lat' dir='ltr'><strong>Fidelis</strong></span> <span class='ocrx_word' id='word_1_393' title='bbox 279 2487 312 2506; x_wconf 75' lang='lat' dir='ltr'><strong>ea:</strong></span> <span class='ocrx_word' id='word_1_394' title='bbox 324 2479 385 2505; x_wconf 70' lang='lat' dir='ltr'><strong>vitae</strong></span> <span class='ocrx_word' id='word_1_395' title='bbox 398 2478 512 2505; x_wconf 77' lang='lat' dir='ltr'><strong>instituto</strong></span> <span class='ocrx_word' id='word_1_396' title='bbox 526 2477 819 2514; x_wconf 71' lang='lat' dir='ltr'><strong>dignoscendur.—H:ec</strong></span> <span class='ocrx_word' id='word_1_397' title='bbox 840 2485 920 2512; x_wconf 81' lang='lat' dir='ltr'><strong>porro</strong></span> 
     </span>
    </p>
   </div>
   <div class='ocr_carea' id='block_1_51' title="bbox 133 2523 919 2557">
    <p class='ocr_par' dir='ltr' id='par_1_51' title="bbox 133 2523 919 2557">
     <span class='ocr_line' id='line_1_51' title="bbox 133 2523 919 2557; baseline -0.003 -5"><span class='ocrx_word' id='word_1_398' title='bbox 133 2533 178 2552; x_wconf 88' lang='lat' dir='ltr'><strong>non</strong></span> <span class='ocrx_word' id='word_1_399' title='bbox 192 2526 250 2552; x_wconf 90' lang='lat' dir='ltr'><strong>sine</strong></span> <span class='ocrx_word' id='word_1_400' title='bbox 272 2532 356 2552; x_wconf 87' lang='lat' dir='ltr'><strong>causa</strong></span> <span class='ocrx_word' id='word_1_401' title='bbox 381 2531 454 2551; x_wconf 91' lang='lat' dir='ltr'><strong>nunc</strong></span> <span class='ocrx_word' id='word_1_402' title='bbox 468 2523 543 2556; x_wconf 84' lang='lat' dir='ltr'><strong>dico;</strong></span> <span class='ocrx_word' id='word_1_403' title='bbox 569 2524 615 2551; x_wconf 89' lang='lat' dir='ltr'><strong>sed</strong></span> <span class='ocrx_word' id='word_1_404' title='bbox 638 2524 700 2557; x_wconf 88' lang='lat' dir='ltr'><strong>quia</strong></span> <span class='ocrx_word' id='word_1_405' title='bbox 721 2523 820 2550; x_wconf 87' lang='lat' dir='ltr'><strong>multos</strong></span> <span class='ocrx_word' id='word_1_406' title='bbox 842 2523 919 2551; x_wconf 83' lang='lat' dir='ltr'><strong>video</strong></span> 
     </span>
    </p>
   </div>
   <div class='ocr_carea' id='block_1_52' title="bbox 133 2569 919 2606">
    <p class='ocr_par' dir='ltr' id='par_1_52' title="bbox 133 2569 919 2606">
     <span class='ocr_line' id='line_1_52' title="bbox 133 2569 919 2606; baseline -0.001 -9"><span class='ocrx_word' id='word_1_407' title='bbox 133 2576 184 2605; x_wconf 85' lang='lat' dir='ltr'><strong>post</strong></span> <span class='ocrx_word' id='word_1_408' title='bbox 199 2572 331 2606; x_wconf 90' lang='lat' dir='ltr'><strong>baptisma</strong></span> <span class='ocrx_word' id='word_1_409' title='bbox 351 2571 510 2606; x_wconf 77' lang='lat' dir='ltr'><strong>segniores,</strong></span> <span class='ocrx_word' id='word_1_410' title='bbox 533 2577 613 2605; x_wconf 85' lang='lat' dir='ltr'><strong>quam</strong></span> <span class='ocrx_word' id='word_1_411' title='bbox 632 2570 651 2597; x_wconf 89' lang='lat' dir='ltr'><strong>ii</strong></span> <span class='ocrx_word' id='word_1_412' title='bbox 676 2569 722 2604; x_wconf 89' lang='lat' dir='ltr'><strong>qui</strong></span> <span class='ocrx_word' id='word_1_413' title='bbox 737 2569 853 2596; x_wconf 89' lang='lat' dir='ltr'><strong>nondum</strong></span> <span class='ocrx_word' id='word_1_414' title='bbox 878 2569 919 2596; x_wconf 89' lang='lat' dir='ltr'><strong>in-</strong></span> 
     </span>
    </p>
   </div>
   <div class='ocr_carea' id='block_1_53' title="bbox 130 2615 915 2653">
    <p class='ocr_par' dir='ltr' id='par_1_53' title="bbox 130 2615 915 2653">
     <span class='ocr_line' id='line_1_53' title="bbox 130 2615 915 2653; baseline -0.004 -8"><span class='ocrx_word' id='word_1_415' title='bbox 130 2618 186 2645; x_wconf 73' lang='lat' dir='ltr'><strong>itiati</strong></span> <span class='ocrx_word' id='word_1_416' title='bbox 199 2622 272 2652; x_wconf 88' lang='lat' dir='ltr'><strong>sunt,</strong></span> <span class='ocrx_word' id='word_1_417' title='bbox 289 2625 380 2653; x_wconf 87' lang='lat' dir='ltr'><strong>neque</strong></span> <span class='ocrx_word' id='word_1_418' title='bbox 394 2617 475 2644; x_wconf 88' lang='lat' dir='ltr'><strong>ullam</strong></span> <span class='ocrx_word' id='word_1_419' title='bbox 488 2616 613 2644; x_wconf 83' lang='lat' dir='ltr'><strong>habentes</strong></span> <span class='ocrx_word' id='word_1_420' title='bbox 626 2615 736 2643; x_wconf 86' lang='lat' dir='ltr'><strong>instituti</strong></span> <span class='ocrx_word' id='word_1_421' title='bbox 750 2616 834 2643; x_wconf 84' lang='lat' dir='ltr'><strong>nostri</strong></span> <span class='ocrx_word' id='word_1_422' title='bbox 843 2615 915 2643; x_wconf 89' lang='lat' dir='ltr'><strong>noti-</strong></span> 
     </span>
    </p>
   </div>
   <div class='ocr_carea' id='block_1_54' title="bbox 153 2729 915 2765">
    <p class='ocr_par' dir='ltr' id='par_1_54' title="bbox 153 2729 915 2765">
     <span class='ocr_line' id='line_1_54' title="bbox 153 2729 915 2765; baseline -0.005 -7"><span class='ocrx_word' id='word_1_423' title='bbox 153 2733 158 2748; x_wconf 91' lang='lat'>&#39;</span> <span class='ocrx_word' id='word_1_424' title='bbox 173 2732 243 2765; x_wconf 75' lang='lat' dir='ltr'><strong>Savil.</strong></span> <span class='ocrx_word' id='word_1_425' title='bbox 263 2736 291 2758; x_wconf 88' lang='lat' dir='ltr'><strong>et</strong></span> <span class='ocrx_word' id='word_1_426' title='bbox 302 2736 363 2758; x_wconf 74' lang='lat' dir='ltr'><strong>Mss.</strong></span> <span class='ocrx_word' id='word_1_427' title='bbox 376 2730 464 2765; x_wconf 65' lang='lat' dir='ltr'><strong>Morel.</strong></span> <span class='ocrx_word' id='word_1_428' title='bbox 477 2733 510 2757; x_wconf 87' lang='lat' dir='ltr'><strong>sic</strong></span> <span class='ocrx_word' id='word_1_429' title='bbox 522 2732 611 2765; x_wconf 80' lang='lat' dir='ltr'><strong>habent</strong></span> <span class='ocrx_word' id='word_1_430' title='bbox 623 2738 629 2755; x_wconf 89' lang='lat'>:</span> <span class='ocrx_word' id='word_1_431' title='bbox 647 2729 709 2765; x_wconf 70' lang='grc' dir='ltr'><strong>4ηᾴὶ</strong></span> <span class='ocrx_word' id='word_1_432' title='bbox 720 2736 792 2765; x_wconf 70' lang='grc' dir='ltr'><strong>ᾳῃανη</strong></span> <span class='ocrx_word' id='word_1_433' title='bbox 802 2731 915 2754; x_wconf 82' lang='lat' dir='ltr'><strong>accurate</strong></span> 
     </span>
    </p>
   </div>
   <div class='ocr_carea' id='block_1_55' title="bbox 123 2760 913 2799">
    <p class='ocr_par' dir='ltr' id='par_1_55' title="bbox 123 2760 913 2799">
     <span class='ocr_line' id='line_1_55' title="bbox 123 2760 913 2799; baseline -0.003 -11"><span class='ocrx_word' id='word_1_434' title='bbox 123 2764 234 2799; x_wconf 66' lang='lat' dir='ltr'><strong>sequentia</strong></span> <span class='ocrx_word' id='word_1_435' title='bbox 251 2767 330 2796; x_wconf 78' lang='lat' dir='ltr'><strong>ponat</strong></span> <span class='ocrx_word' id='word_1_436' title='bbox 346 2770 355 2789; x_wconf 91' lang='lat'><strong><em>:</em></strong></span> <span class='ocrx_word' id='word_1_437' title='bbox 379 2772 392 2787; x_wconf 85' lang='grc' dir='ltr'><strong>ι</strong></span> <span class='ocrx_word' id='word_1_438' title='bbox 405 2762 494 2794; x_wconf 68' lang='grc' dir='ltr'><strong>μανία,</strong></span> <span class='ocrx_word' id='word_1_439' title='bbox 507 2771 518 2786; x_wconf 73' lang='grc' dir='ltr'><strong>ι</strong></span> <span class='ocrx_word' id='word_1_440' title='bbox 536 2761 715 2789; x_wconf 79' lang='lat' dir='ltr'><strong>indcterminate</strong></span> <span class='ocrx_word' id='word_1_441' title='bbox 734 2760 849 2792; x_wconf 76' lang='lat' dir='ltr'><strong>loquens;</strong></span> <span class='ocrx_word' id='word_1_442' title='bbox 866 2765 913 2786; x_wconf 86' lang='lat' dir='ltr'><strong>non</strong></span> 
     </span>
    </p>
   </div>
   <div class='ocr_carea' id='block_1_56' title="bbox 121 2799 245 2824">
    <p class='ocr_par' dir='ltr' id='par_1_56' title="bbox 121 2799 245 2824">
     <span class='ocr_line' id='line_1_56' title="bbox 121 2799 245 2824; baseline -0.008 -4"><span class='ocrx_word' id='word_1_443' title='bbox 121 2801 183 2824; x_wconf 74' lang='lat' dir='ltr'><strong>eum,</strong></span> <span class='ocrx_word' id='word_1_444' title='bbox 197 2799 245 2821; x_wconf 84' lang='lat' dir='ltr'><strong>etc.</strong></span> 
     </span>
    </p>
   </div>
   <div class='ocr_carea' id='block_1_57' title="bbox 673 114 1198 156">
    <p class='ocr_par' dir='ltr' id='par_1_57' title="bbox 673 114 1198 156">
     <span class='ocr_line' id='line_1_57' title="bbox 673 114 1198 156; baseline -0.002 -2"><span class='ocrx_word' id='word_1_445' title='bbox 673 114 678 119; x_wconf 86' lang='grc'><em>”</em></span> <span class='ocrx_word' id='word_1_446' title='bbox 728 125 765 154; x_wconf 81' lang='lat' dir='ltr'><strong>nt</strong></span> <span class='ocrx_word' id='word_1_447' title='bbox 783 126 988 156; x_wconf 60' lang='lat' dir='ltr'><strong>MATTHIEUM</strong></span> <span class='ocrx_word' id='word_1_448' title='bbox 1018 127 1132 156; x_wconf 72' lang='lat' dir='ltr'><strong>nom.</strong></span> <span class='ocrx_word' id='word_1_449' title='bbox 1154 126 1198 154; x_wconf 88' lang='lat' dir='ltr'><strong>tv.</strong></span> 
     </span>
    </p>
   </div>
   <div class='ocr_carea' id='block_1_58' title="bbox 1743 129 1780 156">
    <p class='ocr_par' dir='ltr' id='par_1_58' title="bbox 1743 129 1780 156">
     <span class='ocr_line' id='line_1_58' title="bbox 1743 129 1780 156; baseline 0 0"><span class='ocrx_word' id='word_1_450' title='bbox 1743 129 1780 156; x_wconf 69' lang='grc'><strong>48</strong></span> 
     </span>
    </p>
   </div>
   <div class='ocr_carea' id='block_1_59' title="bbox 997 181 1783 220">
    <p class='ocr_par' dir='ltr' id='par_1_59' title="bbox 997 181 1783 220">
     <span class='ocr_line' id='line_1_59' title="bbox 997 181 1783 220; baseline 0.006 -12"><span class='ocrx_word' id='word_1_451' title='bbox 997 181 1071 210; x_wconf 88' lang='lat' dir='ltr'><strong>tiam.</strong></span> <span class='ocrx_word' id='word_1_452' title='bbox 1088 182 1202 218; x_wconf 84' lang='lat' dir='ltr'><strong>Ideoque</strong></span> <span class='ocrx_word' id='word_1_453' title='bbox 1214 189 1263 211; x_wconf 89' lang='lat' dir='ltr'><strong>nec</strong></span> <span class='ocrx_word' id='word_1_454' title='bbox 1275 183 1300 210; x_wconf 95' lang='lat' dir='ltr'><strong>in</strong></span> <span class='ocrx_word' id='word_1_455' title='bbox 1316 183 1383 215; x_wconf 83' lang='lat' dir='ltr'><strong>foro,</strong></span> <span class='ocrx_word' id='word_1_456' title='bbox 1400 190 1449 212; x_wconf 81' lang='lat' dir='ltr'><strong>nco</strong></span> <span class='ocrx_word' id='word_1_457' title='bbox 1462 184 1488 212; x_wconf 85' lang='lat' dir='ltr'><strong>in</strong></span> <span class='ocrx_word' id='word_1_458' title='bbox 1501 184 1612 212; x_wconf 82' lang='lat' dir='ltr'><strong>ecclesia</strong></span> <span class='ocrx_word' id='word_1_459' title='bbox 1625 188 1712 220; x_wconf 82' lang='lat' dir='ltr'><strong>potest</strong></span> <span class='ocrx_word' id='word_1_460' title='bbox 1726 185 1783 212; x_wconf 87' lang='lat' dir='ltr'><strong>dis-</strong></span> 
     </span>
    </p>
   </div>
   <div class='ocr_carea' id='block_1_60' title="bbox 996 228 1785 266">
    <p class='ocr_par' dir='ltr' id='par_1_60' title="bbox 996 228 1785 266">
     <span class='ocr_line' id='line_1_60' title="bbox 996 228 1785 266; baseline 0.005 -11"><span class='ocrx_word' id='word_1_461' title='bbox 996 228 1077 263; x_wconf 83' lang='lat' dir='ltr'><strong>tingui</strong></span> <span class='ocrx_word' id='word_1_462' title='bbox 1103 228 1190 257; x_wconf 87' lang='lat' dir='ltr'><strong>ﬁdelis</strong></span> <span class='ocrx_word' id='word_1_463' title='bbox 1210 237 1224 256; x_wconf 93' lang='lat' dir='ltr'><strong>a</strong></span> <span class='ocrx_word' id='word_1_464' title='bbox 1244 237 1298 256; x_wconf 90' lang='lat' dir='ltr'><strong>non</strong></span> <span class='ocrx_word' id='word_1_465' title='bbox 1321 229 1410 262; x_wconf 85' lang='lat' dir='ltr'><strong>ﬁdeli,</strong></span> <span class='ocrx_word' id='word_1_466' title='bbox 1434 230 1483 257; x_wconf 90' lang='lat' dir='ltr'><strong>nisi</strong></span> <span class='ocrx_word' id='word_1_467' title='bbox 1506 230 1565 265; x_wconf 88' lang='lat' dir='ltr'><strong>quis</strong></span> <span class='ocrx_word' id='word_1_468' title='bbox 1579 230 1648 258; x_wconf 88' lang='lat' dir='ltr'><strong>adsit</strong></span> <span class='ocrx_word' id='word_1_469' title='bbox 1667 235 1785 266; x_wconf 85' lang='lat' dir='ltr'><strong>tempore</strong></span> 
     </span>
    </p>
   </div>
   <div class='ocr_carea' id='block_1_61' title="bbox 995 275 1784 312">
    <p class='ocr_par' dir='ltr' id='par_1_61' title="bbox 995 275 1784 312">
     <span class='ocr_line' id='line_1_61' title="bbox 995 275 1784 312; baseline 0.004 -11"><span class='ocrx_word' id='word_1_470' title='bbox 995 275 1181 310; x_wconf 85' lang='lat' dir='ltr'><strong>mysteriorum</strong></span> <span class='ocrx_word' id='word_1_471' title='bbox 1194 296 1202 308; x_wconf 90' lang='lat'><strong>,</strong></span> <span class='ocrx_word' id='word_1_472' title='bbox 1224 281 1252 303; x_wconf 91' lang='lat' dir='ltr'><strong>ct</strong></span> <span class='ocrx_word' id='word_1_473' title='bbox 1273 275 1361 303; x_wconf 87' lang='lat' dir='ltr'><strong>videat</strong></span> <span class='ocrx_word' id='word_1_474' title='bbox 1383 276 1428 311; x_wconf 78' lang='lat' dir='ltr'><strong>qui</strong></span> <span class='ocrx_word' id='word_1_475' title='bbox 1442 276 1598 311; x_wconf 84' lang='lat' dir='ltr'><strong>ejiciantur,</strong></span> <span class='ocrx_word' id='word_1_476' title='bbox 1621 280 1650 304; x_wconf 87' lang='lat' dir='ltr'><strong>et</strong></span> <span class='ocrx_word' id='word_1_477' title='bbox 1667 277 1712 312; x_wconf 90' lang='lat' dir='ltr'><strong>qui</strong></span> <span class='ocrx_word' id='word_1_478' title='bbox 1725 285 1784 305; x_wconf 77' lang='lat' dir='ltr'><strong>ma-</strong></span> 
     </span>
    </p>
   </div>
   <div class='ocr_carea' id='block_1_62' title="bbox 994 319 1785 355">
    <p class='ocr_par' dir='ltr' id='par_1_62' title="bbox 994 319 1785 355">
     <span class='ocr_line' id='line_1_62' title="bbox 994 319 1785 355; baseline 0.005 -9"><span class='ocrx_word' id='word_1_479' title='bbox 994 323 1084 347; x_wconf 89' lang='lat' dir='ltr'><strong>neant.</strong></span> <span class='ocrx_word' id='word_1_480' title='bbox 1098 319 1239 355; x_wconf 88' lang='lat' dir='ltr'><strong>Oporteret</strong></span> <span class='ocrx_word' id='word_1_481' title='bbox 1251 326 1339 349; x_wconf 88' lang='lat' dir='ltr'><strong>autem</strong></span> <span class='ocrx_word' id='word_1_482' title='bbox 1354 328 1401 349; x_wconf 88' lang='lat' dir='ltr'><strong>eos</strong></span> <span class='ocrx_word' id='word_1_483' title='bbox 1421 328 1473 350; x_wconf 89' lang='lat' dir='ltr'><strong>non</strong></span> <span class='ocrx_word' id='word_1_484' title='bbox 1487 329 1501 348; x_wconf 90' lang='lat' dir='ltr'><strong>a</strong></span> <span class='ocrx_word' id='word_1_485' title='bbox 1515 322 1574 350; x_wconf 86' lang='lat' dir='ltr'><strong>loco</strong></span> <span class='ocrx_word' id='word_1_486' title='bbox 1586 342 1596 355; x_wconf 61' lang='grc' dir='ltr'><strong>ν</strong></span> <span class='ocrx_word' id='word_1_487' title='bbox 1612 322 1659 350; x_wconf 87' lang='lat' dir='ltr'><strong>sed</strong></span> <span class='ocrx_word' id='word_1_488' title='bbox 1672 330 1687 349; x_wconf 89' lang='lat' dir='ltr'><strong>a</strong></span> <span class='ocrx_word' id='word_1_489' title='bbox 1701 323 1785 350; x_wconf 83' lang='lat' dir='ltr'><strong>mori-</strong></span> 
     </span>
    </p>
   </div>
   <div class='ocr_carea' id='block_1_63' title="bbox 994 364 1784 403">
    <p class='ocr_par' dir='ltr' id='par_1_63' title="bbox 994 364 1784 403">
     <span class='ocr_line' id='line_1_63' title="bbox 994 364 1784 403; baseline 0.004 -11"><span class='ocrx_word' id='word_1_490' title='bbox 994 364 1043 392; x_wconf 91' lang='lat' dir='ltr'><strong>bus</strong></span> <span class='ocrx_word' id='word_1_491' title='bbox 1063 365 1199 401; x_wconf 75' lang='lat' dir='ltr'><strong>distingui.</strong></span> <span class='ocrx_word' id='word_1_492' title='bbox 1223 366 1287 394; x_wconf 89' lang='lat' dir='ltr'><strong>Nam</strong></span> <span class='ocrx_word' id='word_1_493' title='bbox 1307 370 1426 395; x_wconf 79' lang='lat' dir='ltr'><strong>externte</strong></span> <span class='ocrx_word' id='word_1_494' title='bbox 1442 367 1550 403; x_wconf 88' lang='lat' dir='ltr'><strong>quidem</strong></span> <span class='ocrx_word' id='word_1_495' title='bbox 1571 367 1724 403; x_wconf 77' lang='lat' dir='ltr'><strong>dignitates,</strong></span> <span class='ocrx_word' id='word_1_496' title='bbox 1749 368 1784 395; x_wconf 91' lang='lat' dir='ltr'><strong>ab</strong></span> 
     </span>
    </p>
   </div>
   <div class='ocr_carea' id='block_1_64' title="bbox 993 411 1783 449">
    <p class='ocr_par' dir='ltr' id='par_1_64' title="bbox 993 411 1783 449">
     <span class='ocr_line' id='line_1_64' title="bbox 993 411 1783 449; baseline 0.005 -12"><span class='ocrx_word' id='word_1_497' title='bbox 993 411 1110 438; x_wconf 83' lang='lat' dir='ltr'><strong>externis</strong></span> <span class='ocrx_word' id='word_1_498' title='bbox 1125 412 1194 439; x_wconf 92' lang='lat' dir='ltr'><strong>notis</strong></span> <span class='ocrx_word' id='word_1_499' title='bbox 1208 416 1236 439; x_wconf 89' lang='lat' dir='ltr'><strong>et</strong></span> <span class='ocrx_word' id='word_1_500' title='bbox 1245 412 1408 440; x_wconf 87' lang='lat' dir='ltr'><strong>ornamentis</strong></span> <span class='ocrx_word' id='word_1_501' title='bbox 1418 412 1477 448; x_wconf 77' lang='lat' dir='ltr'><strong>jure</strong></span> <span class='ocrx_word' id='word_1_502' title='bbox 1489 413 1679 449; x_wconf 77' lang='lat' dir='ltr'><strong>dignoscuntur</strong></span> <span class='ocrx_word' id='word_1_503' title='bbox 1705 421 1712 440; x_wconf 89' lang='lat'>:</span> <span class='ocrx_word' id='word_1_504' title='bbox 1732 420 1783 441; x_wconf 91' lang='lat' dir='ltr'><strong>no-</strong></span> 
     </span>
    </p>
   </div>
   <div class='ocr_carea' id='block_1_65' title="bbox 992 457 1784 494">
    <p class='ocr_par' dir='ltr' id='par_1_65' title="bbox 992 457 1784 494">
     <span class='ocr_line' id='line_1_65' title="bbox 992 457 1784 494; baseline 0.006 -12"><span class='ocrx_word' id='word_1_505' title='bbox 992 461 1046 483; x_wconf 89' lang='lat' dir='ltr'><strong>stra</strong></span> <span class='ocrx_word' id='word_1_506' title='bbox 1068 464 1131 484; x_wconf 87' lang='lat' dir='ltr'><strong>vero</strong></span> <span class='ocrx_word' id='word_1_507' title='bbox 1144 458 1178 485; x_wconf 90' lang='lat' dir='ltr'><strong>ab</strong></span> <span class='ocrx_word' id='word_1_508' title='bbox 1195 457 1260 493; x_wconf 88' lang='lat' dir='ltr'><strong>ipsis</strong></span> <span class='ocrx_word' id='word_1_509' title='bbox 1279 458 1373 486; x_wconf 88' lang='lat' dir='ltr'><strong>animis</strong></span> <span class='ocrx_word' id='word_1_510' title='bbox 1387 464 1449 486; x_wconf 88' lang='lat' dir='ltr'><strong>nota</strong></span> <span class='ocrx_word' id='word_1_511' title='bbox 1468 466 1527 486; x_wconf 87' lang='lat' dir='ltr'><strong>csse</strong></span> <span class='ocrx_word' id='word_1_512' title='bbox 1542 463 1654 494; x_wconf 88' lang='lat' dir='ltr'><strong>oportet.</strong></span> <span class='ocrx_word' id='word_1_513' title='bbox 1666 459 1784 488; x_wconf 82' lang='lat' dir='ltr'><strong>Fidelem</strong></span> 
     </span>
    </p>
   </div>
   <div class='ocr_carea' id='block_1_66' title="bbox 991 501 1785 538">
    <p class='ocr_par' dir='ltr' id='par_1_66' title="bbox 991 501 1785 538">
     <span class='ocr_line' id='line_1_66' title="bbox 991 501 1785 538; baseline 0.01 -11"><span class='ocrx_word' id='word_1_514' title='bbox 991 507 1107 535; x_wconf 84' lang='lat' dir='ltr'><strong>namque</strong></span> <span class='ocrx_word' id='word_1_515' title='bbox 1118 509 1171 528; x_wconf 86' lang='lat' dir='ltr'><strong>non</strong></span> <span class='ocrx_word' id='word_1_516' title='bbox 1193 509 1208 529; x_wconf 77' lang='grc' dir='ltr'><strong>ι</strong></span> <span class='ocrx_word' id='word_1_517' title='bbox 1221 501 1293 530; x_wconf 83' lang='lat' dir='ltr'><strong>dono</strong></span> <span class='ocrx_word' id='word_1_518' title='bbox 1310 508 1411 532; x_wconf 86' lang='lat' dir='ltr'><strong>tantum</strong></span> <span class='ocrx_word' id='word_1_519' title='bbox 1421 526 1429 538; x_wconf 90' lang='lat'><strong>,</strong></span> <span class='ocrx_word' id='word_1_520' title='bbox 1451 506 1499 534; x_wconf 86' lang='lat' dir='ltr'><strong>sed</strong></span> <span class='ocrx_word' id='word_1_521' title='bbox 1511 507 1594 535; x_wconf 90' lang='lat' dir='ltr'><strong>etiam</strong></span> <span class='ocrx_word' id='word_1_522' title='bbox 1611 515 1628 535; x_wconf 68' lang='grc' dir='ltr'><strong>ι</strong></span> <span class='ocrx_word' id='word_1_523' title='bbox 1641 514 1711 536; x_wconf 81' lang='lat' dir='ltr'><strong>novo</strong></span> <span class='ocrx_word' id='word_1_524' title='bbox 1723 509 1785 537; x_wconf 70' lang='lat' dir='ltr'><strong>vita:</strong></span> 
     </span>
    </p>
   </div>
   <div class='ocr_carea' id='block_1_67' title="bbox 989 546 1784 585">
    <p class='ocr_par' dir='ltr' id='par_1_67' title="bbox 989 546 1784 585">
     <span class='ocr_line' id='line_1_67' title="bbox 989 546 1784 585; baseline 0.014 -12"><span class='ocrx_word' id='word_1_525' title='bbox 989 546 1109 575; x_wconf 84' lang='lat' dir='ltr'><strong>instituto</strong></span> <span class='ocrx_word' id='word_1_526' title='bbox 1122 549 1230 583; x_wconf 84' lang='lat' dir='ltr'><strong>agnosci</strong></span> <span class='ocrx_word' id='word_1_527' title='bbox 1247 558 1295 585; x_wconf 87' lang='lat' dir='ltr'><strong>par</strong></span> <span class='ocrx_word' id='word_1_528' title='bbox 1307 556 1387 579; x_wconf 87' lang='lat' dir='ltr'><strong>esset.</strong></span> <span class='ocrx_word' id='word_1_529' title='bbox 1409 552 1507 581; x_wconf 76' lang='lat' dir='ltr'><strong>Fidelis</strong></span> <span class='ocrx_word' id='word_1_530' title='bbox 1521 559 1548 581; x_wconf 91' lang='lat' dir='ltr'><strong>et</strong></span> <span class='ocrx_word' id='word_1_531' title='bbox 1561 555 1690 583; x_wconf 90' lang='lat' dir='ltr'><strong>luminare</strong></span> <span class='ocrx_word' id='word_1_532' title='bbox 1703 560 1731 584; x_wconf 86' lang='lat' dir='ltr'><strong>et</strong></span> <span class='ocrx_word' id='word_1_533' title='bbox 1743 556 1784 584; x_wconf 87' lang='lat' dir='ltr'><strong>sal</strong></span> 
     </span>
    </p>
   </div>
   <div class='ocr_carea' id='block_1_68' title="bbox 991 593 1830 636">
    <p class='ocr_par' dir='ltr' id='par_1_68' title="bbox 991 593 1830 636">
     <span class='ocr_line' id='line_1_68' title="bbox 991 593 1830 636; baseline 0.013 -18"><span class='ocrx_word' id='word_1_534' title='bbox 991 593 1081 620; x_wconf 74' lang='lat' dir='ltr'><strong>mundi</strong></span> <span class='ocrx_word' id='word_1_535' title='bbox 1102 599 1163 621; x_wconf 88' lang='lat' dir='ltr'><strong>esse</strong></span> <span class='ocrx_word' id='word_1_536' title='bbox 1175 593 1265 621; x_wconf 84' lang='lat' dir='ltr'><strong>debet.</strong></span> <span class='ocrx_word' id='word_1_537' title='bbox 1282 595 1347 623; x_wconf 87' lang='lat' dir='ltr'><strong>Cum</strong></span> <span class='ocrx_word' id='word_1_538' title='bbox 1371 602 1460 625; x_wconf 86' lang='lat' dir='ltr'><strong>autem</strong></span> <span class='ocrx_word' id='word_1_539' title='bbox 1474 606 1523 626; x_wconf 91' lang='lat' dir='ltr'><strong>nec</strong></span> <span class='ocrx_word' id='word_1_540' title='bbox 1539 599 1586 627; x_wconf 89' lang='lat' dir='ltr'><strong>tibi</strong></span> <span class='ocrx_word' id='word_1_541' title='bbox 1601 600 1708 635; x_wconf 85' lang='lat' dir='ltr'><strong>quidem</strong></span> <span class='ocrx_word' id='word_1_542' title='bbox 1732 600 1783 636; x_wconf 87' lang='lat' dir='ltr'><strong>ipsi</strong></span> <span class='ocrx_word' id='word_1_543' title='bbox 1827 606 1830 608; x_wconf 76' lang='lat'><em>‘</em></span> 
     </span>
    </p>
   </div>
   <div class='ocr_carea' id='block_1_69' title="bbox 989 636 1783 681">
    <p class='ocr_par' dir='ltr' id='par_1_69' title="bbox 989 636 1783 681">
     <span class='ocr_line' id='line_1_69' title="bbox 989 636 1783 681; baseline 0.015 -18"><span class='ocrx_word' id='word_1_544' title='bbox 989 636 1079 664; x_wconf 84' lang='lat' dir='ltr'><strong>lnceas</strong></span> <span class='ocrx_word' id='word_1_545' title='bbox 1090 658 1098 670; x_wconf 90' lang='lat'><strong>,</strong></span> <span class='ocrx_word' id='word_1_546' title='bbox 1115 645 1165 665; x_wconf 88' lang='lat' dir='ltr'><strong>nec</strong></span> <span class='ocrx_word' id='word_1_547' title='bbox 1180 640 1312 674; x_wconf 87' lang='lat' dir='ltr'><strong>propriam</strong></span> <span class='ocrx_word' id='word_1_548' title='bbox 1328 643 1495 677; x_wconf 86' lang='lat' dir='ltr'><strong>putredinem</strong></span> <span class='ocrx_word' id='word_1_549' title='bbox 1510 645 1677 681; x_wconf 82' lang='lat' dir='ltr'><strong>constringas</strong></span> <span class='ocrx_word' id='word_1_550' title='bbox 1687 667 1694 679; x_wconf 88' lang='lat'><strong>,</strong></span> <span class='ocrx_word' id='word_1_551' title='bbox 1711 646 1783 674; x_wconf 85' lang='lat' dir='ltr'><strong>unde</strong></span> 
     </span>
    </p>
   </div>
   <div class='ocr_carea' id='block_1_70' title="bbox 989 683 1782 726">
    <p class='ocr_par' dir='ltr' id='par_1_70' title="bbox 989 683 1782 726">
     <span class='ocr_line' id='line_1_70' title="bbox 989 683 1782 726; baseline 0.014 -17"><span class='ocrx_word' id='word_1_552' title='bbox 989 683 1095 711; x_wconf 85' lang='lat' dir='ltr'><strong>tandem</strong></span> <span class='ocrx_word' id='word_1_553' title='bbox 1110 689 1135 712; x_wconf 90' lang='lat' dir='ltr'><strong>te</strong></span> <span class='ocrx_word' id='word_1_554' title='bbox 1147 692 1226 713; x_wconf 78' lang='lat' dir='ltr'><strong>nosse</strong></span> <span class='ocrx_word' id='word_1_555' title='bbox 1239 687 1403 721; x_wconf 84' lang='lat' dir='ltr'><strong>poterimus?</strong></span> <span class='ocrx_word' id='word_1_556' title='bbox 1421 696 1455 717; x_wconf 92' lang='lat' dir='ltr'><strong>an</strong></span> <span class='ocrx_word' id='word_1_557' title='bbox 1468 691 1529 726; x_wconf 90' lang='lat' dir='ltr'><strong>quia</strong></span> <span class='ocrx_word' id='word_1_558' title='bbox 1541 690 1568 718; x_wconf 90' lang='lat' dir='ltr'><strong>in</strong></span> <span class='ocrx_word' id='word_1_559' title='bbox 1581 691 1665 719; x_wconf 85' lang='lat' dir='ltr'><strong>sacris</strong></span> <span class='ocrx_word' id='word_1_560' title='bbox 1674 691 1782 720; x_wconf 83' lang='lat' dir='ltr'><strong>ﬂuentis</strong></span> 
     </span>
    </p>
   </div>
   <div class='ocr_carea' id='block_1_71' title="bbox 989 727 1783 772">
    <p class='ocr_par' dir='ltr' id='par_1_71' title="bbox 989 727 1783 772">
     <span class='ocr_line' id='line_1_71' title="bbox 989 727 1783 772; baseline 0.015 -16"><span class='ocrx_word' id='word_1_561' title='bbox 989 727 1124 764; x_wconf 77' lang='lat' dir='ltr'><strong>ingressus</strong></span> <span class='ocrx_word' id='word_1_562' title='bbox 1139 732 1189 759; x_wconf 86' lang='lat' dir='ltr'><strong>es?</strong></span> <span class='ocrx_word' id='word_1_563' title='bbox 1203 732 1255 760; x_wconf 85' lang='lat' dir='ltr'><strong>Sed</strong></span> <span class='ocrx_word' id='word_1_564' title='bbox 1269 733 1320 762; x_wconf 88' lang='lat' dir='ltr'><strong>hoc</strong></span> <span class='ocrx_word' id='word_1_565' title='bbox 1333 739 1360 762; x_wconf 90' lang='lat' dir='ltr'><strong>te</strong></span> <span class='ocrx_word' id='word_1_566' title='bbox 1371 735 1404 763; x_wconf 92' lang='lat' dir='ltr'><strong>ad</strong></span> <span class='ocrx_word' id='word_1_567' title='bbox 1419 737 1577 772; x_wconf 89' lang='lat' dir='ltr'><strong>supplicium</strong></span> <span class='ocrx_word' id='word_1_568' title='bbox 1592 738 1710 767; x_wconf 88' lang='lat' dir='ltr'><strong>deducit.</strong></span> <span class='ocrx_word' id='word_1_569' title='bbox 1726 740 1783 768; x_wconf 82' lang='lat' dir='ltr'><strong>Ma-</strong></span> 
     </span>
    </p>
   </div>
   <div class='ocr_carea' id='block_1_72' title="bbox 987 775 1783 819">
    <p class='ocr_par' dir='ltr' id='par_1_72' title="bbox 987 775 1783 819">
     <span class='ocr_line' id='line_1_72' title="bbox 987 775 1783 819; baseline 0.015 -18"><span class='ocrx_word' id='word_1_570' title='bbox 987 775 1098 809; x_wconf 86' lang='lat' dir='ltr'><strong>gnitudo</strong></span> <span class='ocrx_word' id='word_1_571' title='bbox 1119 777 1191 804; x_wconf 89' lang='lat' dir='ltr'><strong>enim</strong></span> <span class='ocrx_word' id='word_1_572' title='bbox 1212 777 1320 807; x_wconf 90' lang='lat' dir='ltr'><strong>honoris</strong></span> <span class='ocrx_word' id='word_1_573' title='bbox 1332 800 1339 813; x_wconf 92' lang='lat'><strong>,</strong></span> <span class='ocrx_word' id='word_1_574' title='bbox 1363 781 1396 808; x_wconf 91' lang='lat' dir='ltr'><strong>iis</strong></span> <span class='ocrx_word' id='word_1_575' title='bbox 1409 781 1453 816; x_wconf 90' lang='lat' dir='ltr'><strong>qui</strong></span> <span class='ocrx_word' id='word_1_576' title='bbox 1468 782 1548 810; x_wconf 91' lang='lat' dir='ltr'><strong>vitam</strong></span> <span class='ocrx_word' id='word_1_577' title='bbox 1570 783 1720 819; x_wconf 83' lang='lat' dir='ltr'><strong>hujusmodi</strong></span> <span class='ocrx_word' id='word_1_578' title='bbox 1735 785 1783 812; x_wconf 90' lang='lat' dir='ltr'><strong>ho-</strong></span> 
     </span>
    </p>
   </div>
   <div class='ocr_carea' id='block_1_73' title="bbox 990 821 1781 865">
    <p class='ocr_par' dir='ltr' id='par_1_73' title="bbox 990 821 1781 865">
     <span class='ocr_line' id='line_1_73' title="bbox 990 821 1781 865; baseline 0.015 -18"><span class='ocrx_word' id='word_1_579' title='bbox 990 828 1055 848; x_wconf 90' lang='lat' dir='ltr'><strong>nore</strong></span> <span class='ocrx_word' id='word_1_580' title='bbox 1067 821 1173 857; x_wconf 89' lang='lat' dir='ltr'><strong>dignam</strong></span> <span class='ocrx_word' id='word_1_581' title='bbox 1189 831 1240 851; x_wconf 91' lang='lat' dir='ltr'><strong>non</strong></span> <span class='ocrx_word' id='word_1_582' title='bbox 1260 830 1355 860; x_wconf 83' lang='lat' dir='ltr'><strong>agunt,</strong></span> <span class='ocrx_word' id='word_1_583' title='bbox 1369 826 1578 856; x_wconf 88' lang='lat' dir='ltr'><strong>additamentum</strong></span> <span class='ocrx_word' id='word_1_584' title='bbox 1593 830 1715 865; x_wconf 88' lang='lat' dir='ltr'><strong>supplicii</strong></span> <span class='ocrx_word' id='word_1_585' title='bbox 1729 836 1781 861; x_wconf 84' lang='lat' dir='ltr'><strong>es:.</strong></span> 
     </span>
    </p>
   </div>
   <div class='ocr_carea' id='block_1_74' title="bbox 989 866 1780 913">
    <p class='ocr_par' dir='ltr' id='par_1_74' title="bbox 989 866 1780 913">
     <span class='ocr_line' id='line_1_74' title="bbox 989 866 1780 913; baseline 0.015 -20"><span class='ocrx_word' id='word_1_586' title='bbox 989 866 1107 895; x_wconf 86' lang='lat' dir='ltr'><strong>Fidelem</strong></span> <span class='ocrx_word' id='word_1_587' title='bbox 1120 869 1192 896; x_wconf 90' lang='lat' dir='ltr'><strong>enim</strong></span> <span class='ocrx_word' id='word_1_588' title='bbox 1209 878 1261 898; x_wconf 91' lang='lat' dir='ltr'><strong>non</strong></span> <span class='ocrx_word' id='word_1_589' title='bbox 1276 871 1310 898; x_wconf 89' lang='lat' dir='ltr'><strong>ab</strong></span> <span class='ocrx_word' id='word_1_590' title='bbox 1323 872 1355 899; x_wconf 89' lang='lat' dir='ltr'><strong>iis</strong></span> <span class='ocrx_word' id='word_1_591' title='bbox 1371 876 1472 901; x_wconf 87' lang='lat' dir='ltr'><strong>tantum</strong></span> <span class='ocrx_word' id='word_1_592' title='bbox 1485 882 1545 909; x_wconf 70' lang='lat' dir='ltr'><strong>quae</strong></span> <span class='ocrx_word' id='word_1_593' title='bbox 1557 882 1573 902; x_wconf 90' lang='lat' dir='ltr'><strong>a</strong></span> <span class='ocrx_word' id='word_1_594' title='bbox 1588 875 1644 904; x_wconf 92' lang='lat' dir='ltr'><strong>Deo</strong></span> <span class='ocrx_word' id='word_1_595' title='bbox 1656 877 1761 913; x_wconf 85' lang='lat' dir='ltr'><strong>accepit</strong></span> <span class='ocrx_word' id='word_1_596' title='bbox 1771 898 1780 910; x_wconf 87' lang='lat'><strong><em>.</em></strong></span> 
     </span>
    </p>
   </div>
   <div class='ocr_carea' id='block_1_75' title="bbox 987 912 1783 956">
    <p class='ocr_par' dir='ltr' id='par_1_75' title="bbox 987 912 1783 956">
     <span class='ocr_line' id='line_1_75' title="bbox 987 912 1783 956; baseline 0.015 -17"><span class='ocrx_word' id='word_1_597' title='bbox 987 912 1034 940; x_wconf 86' lang='lat' dir='ltr'><strong>sed</strong></span> <span class='ocrx_word' id='word_1_598' title='bbox 1050 913 1131 941; x_wconf 88' lang='lat' dir='ltr'><strong>etiam</strong></span> <span class='ocrx_word' id='word_1_599' title='bbox 1144 914 1178 942; x_wconf 90' lang='lat' dir='ltr'><strong>ab</strong></span> <span class='ocrx_word' id='word_1_600' title='bbox 1198 915 1230 942; x_wconf 87' lang='lat' dir='ltr'><strong>iis</strong></span> <span class='ocrx_word' id='word_1_601' title='bbox 1243 923 1302 951; x_wconf 84' lang='lat' dir='ltr'><strong>quae</strong></span> <span class='ocrx_word' id='word_1_602' title='bbox 1317 917 1373 952; x_wconf 90' lang='lat' dir='ltr'><strong>ipse</strong></span> <span class='ocrx_word' id='word_1_603' title='bbox 1386 918 1475 946; x_wconf 91' lang='lat' dir='ltr'><strong>intulit</strong></span> <span class='ocrx_word' id='word_1_604' title='bbox 1493 919 1594 956; x_wconf 81' lang='lat' dir='ltr'><strong>fulgere</strong></span> <span class='ocrx_word' id='word_1_605' title='bbox 1609 928 1657 956; x_wconf 91' lang='lat' dir='ltr'><strong>par</strong></span> <span class='ocrx_word' id='word_1_606' title='bbox 1668 912 1730 955; x_wconf 74' lang='lat' dir='ltr'><strong>est,</strong></span> <span class='ocrx_word' id='word_1_607' title='bbox 1751 928 1783 951; x_wconf 89' lang='lat' dir='ltr'><strong>et</strong></span> 
     </span>
    </p>
   </div>
   <div class='ocr_carea' id='block_1_76' title="bbox 987 958 1779 1004">
    <p class='ocr_par' dir='ltr' id='par_1_76' title="bbox 987 958 1779 1004">
     <span class='ocr_line' id='line_1_76' title="bbox 987 958 1779 1004; baseline 0.015 -19"><span class='ocrx_word' id='word_1_608' title='bbox 987 958 1104 994; x_wconf 90' lang='lat' dir='ltr'><strong>undique</strong></span> <span class='ocrx_word' id='word_1_609' title='bbox 1118 967 1147 988; x_wconf 91' lang='lat' dir='ltr'><strong>se</strong></span> <span class='ocrx_word' id='word_1_610' title='bbox 1161 966 1252 989; x_wconf 91' lang='lat' dir='ltr'><strong>notum</strong></span> <span class='ocrx_word' id='word_1_611' title='bbox 1267 968 1405 998; x_wconf 69' lang='lat' dir='ltr'><strong>prmstare,</strong></span> <span class='ocrx_word' id='word_1_612' title='bbox 1417 965 1452 993; x_wconf 91' lang='lat' dir='ltr'><strong>ab</strong></span> <span class='ocrx_word' id='word_1_613' title='bbox 1462 965 1567 994; x_wconf 87' lang='lat' dir='ltr'><strong>incessu</strong></span> <span class='ocrx_word' id='word_1_614' title='bbox 1581 987 1589 1000; x_wconf 92' lang='lat'><strong>,</strong></span> <span class='ocrx_word' id='word_1_615' title='bbox 1605 967 1639 995; x_wconf 85' lang='lat' dir='ltr'><strong>ab</strong></span> <span class='ocrx_word' id='word_1_616' title='bbox 1650 968 1759 1004; x_wconf 82' lang='lat' dir='ltr'><strong>aspectu</strong></span> <span class='ocrx_word' id='word_1_617' title='bbox 1770 989 1779 1002; x_wconf 83' lang='lat'><strong>,</strong></span> 
     </span>
    </p>
   </div>
   <div class='ocr_carea' id='block_1_77' title="bbox 987 1003 1780 1044">
    <p class='ocr_par' dir='ltr' id='par_1_77' title="bbox 987 1003 1780 1044">
     <span class='ocr_line' id='line_1_77' title="bbox 987 1003 1780 1044; baseline 0.016 -14"><span class='ocrx_word' id='word_1_618' title='bbox 987 1003 1021 1030; x_wconf 89' lang='lat' dir='ltr'><strong>ab</strong></span> <span class='ocrx_word' id='word_1_619' title='bbox 1036 1004 1137 1038; x_wconf 87' lang='lat' dir='ltr'><strong>habitu,</strong></span> <span class='ocrx_word' id='word_1_620' title='bbox 1151 1013 1165 1032; x_wconf 92' lang='lat' dir='ltr'><strong>a</strong></span> <span class='ocrx_word' id='word_1_621' title='bbox 1179 1014 1254 1034; x_wconf 78' lang='lat' dir='ltr'><strong>voce.</strong></span> <span class='ocrx_word' id='word_1_622' title='bbox 1269 1007 1331 1036; x_wconf 65' lang='lat' dir='ltr'><strong>llaec</strong></span> <span class='ocrx_word' id='word_1_623' title='bbox 1343 1014 1432 1037; x_wconf 86' lang='lat' dir='ltr'><strong>autem</strong></span> <span class='ocrx_word' id='word_1_624' title='bbox 1444 1010 1511 1044; x_wconf 80' lang='lat' dir='ltr'><strong>dixi,</strong></span> <span class='ocrx_word' id='word_1_625' title='bbox 1528 1020 1581 1040; x_wconf 83' lang='lat' dir='ltr'><strong>non</strong></span> <span class='ocrx_word' id='word_1_626' title='bbox 1594 1017 1624 1040; x_wconf 91' lang='lat' dir='ltr'><strong>ut</strong></span> <span class='ocrx_word' id='word_1_627' title='bbox 1633 1013 1667 1041; x_wconf 85' lang='lat' dir='ltr'><strong>ad</strong></span> <span class='ocrx_word' id='word_1_628' title='bbox 1683 1003 1780 1042; x_wconf 81' lang='lat' dir='ltr'><strong>osten-</strong></span> 
     </span>
    </p>
   </div>
   <div class='ocr_carea' id='block_1_78' title="bbox 988 1050 1780 1096">
    <p class='ocr_par' dir='ltr' id='par_1_78' title="bbox 988 1050 1780 1096">
     <span class='ocr_line' id='line_1_78' title="bbox 988 1050 1780 1096; baseline 0.016 -20"><span class='ocrx_word' id='word_1_629' title='bbox 988 1050 1115 1079; x_wconf 85' lang='lat' dir='ltr'><strong>tationem</strong></span> <span class='ocrx_word' id='word_1_630' title='bbox 1128 1072 1134 1083; x_wconf 86' lang='lat'><strong>,</strong></span> <span class='ocrx_word' id='word_1_631' title='bbox 1150 1052 1196 1080; x_wconf 75' lang='lat' dir='ltr'><strong>sed</strong></span> <span class='ocrx_word' id='word_1_632' title='bbox 1208 1057 1237 1080; x_wconf 91' lang='lat' dir='ltr'><strong>ut</strong></span> <span class='ocrx_word' id='word_1_633' title='bbox 1246 1053 1278 1081; x_wconf 91' lang='lat' dir='ltr'><strong>ad</strong></span> <span class='ocrx_word' id='word_1_634' title='bbox 1292 1055 1434 1084; x_wconf 86' lang='lat' dir='ltr'><strong>utilitatem</strong></span> <span class='ocrx_word' id='word_1_635' title='bbox 1449 1057 1595 1085; x_wconf 85' lang='lat' dir='ltr'><strong>videntium</strong></span> <span class='ocrx_word' id='word_1_636' title='bbox 1609 1066 1658 1086; x_wconf 87' lang='lat' dir='ltr'><strong>nos</strong></span> <span class='ocrx_word' id='word_1_637' title='bbox 1669 1067 1780 1096; x_wconf 82' lang='lat' dir='ltr'><strong>compo-</strong></span> 
     </span>
    </p>
   </div>
   <div class='ocr_carea' id='block_1_79' title="bbox 988 1097 1779 1141">
    <p class='ocr_par' dir='ltr' id='par_1_79' title="bbox 988 1097 1779 1141">
     <span class='ocr_line' id='line_1_79' title="bbox 988 1097 1779 1141; baseline 0.014 -18"><span class='ocrx_word' id='word_1_638' title='bbox 988 1103 1092 1125; x_wconf 86' lang='lat' dir='ltr'><strong>namus.</strong></span> <span class='ocrx_word' id='word_1_639' title='bbox 1112 1097 1188 1126; x_wconf 90' lang='lat' dir='ltr'><strong>Nunc</strong></span> <span class='ocrx_word' id='word_1_640' title='bbox 1202 1105 1290 1127; x_wconf 87' lang='lat' dir='ltr'><strong>autem</strong></span> <span class='ocrx_word' id='word_1_641' title='bbox 1306 1101 1492 1138; x_wconf 83' lang='lat' dir='ltr'><strong>undecumque</strong></span> <span class='ocrx_word' id='word_1_642' title='bbox 1513 1107 1539 1131; x_wconf 82' lang='lat' dir='ltr'><strong>te</strong></span> <span class='ocrx_word' id='word_1_643' title='bbox 1560 1104 1671 1132; x_wconf 85' lang='lat' dir='ltr'><strong>voluero</strong></span> <span class='ocrx_word' id='word_1_644' title='bbox 1684 1105 1779 1141; x_wconf 87' lang='lat' dir='ltr'><strong>digno-</strong></span> 
     </span>
    </p>
   </div>
   <div class='ocr_carea' id='block_1_80' title="bbox 987 1145 1779 1188">
    <p class='ocr_par' dir='ltr' id='par_1_80' title="bbox 987 1145 1779 1188">
     <span class='ocr_line' id='line_1_80' title="bbox 987 1145 1779 1188; baseline 0.014 -18"><span class='ocrx_word' id='word_1_645' title='bbox 987 1150 1074 1176; x_wconf 86' lang='lat' dir='ltr'><strong>scere,</strong></span> <span class='ocrx_word' id='word_1_646' title='bbox 1095 1145 1212 1181; x_wconf 92' lang='lat' dir='ltr'><strong>undique</strong></span> <span class='ocrx_word' id='word_1_647' title='bbox 1225 1150 1252 1175; x_wconf 87' lang='lat' dir='ltr'><strong>te</strong></span> <span class='ocrx_word' id='word_1_648' title='bbox 1267 1148 1374 1177; x_wconf 87' lang='lat' dir='ltr'><strong>invenio</strong></span> <span class='ocrx_word' id='word_1_649' title='bbox 1388 1156 1403 1176; x_wconf 92' lang='lat' dir='ltr'><strong>a</strong></span> <span class='ocrx_word' id='word_1_650' title='bbox 1417 1150 1558 1178; x_wconf 85' lang='lat' dir='ltr'><strong>contrariis</strong></span> <span class='ocrx_word' id='word_1_651' title='bbox 1570 1151 1700 1188; x_wconf 83' lang='lat' dir='ltr'><strong>dignosci.</strong></span> <span class='ocrx_word' id='word_1_652' title='bbox 1721 1153 1751 1181; x_wconf 83' lang='lat' dir='ltr'><strong>Si</strong></span> <span class='ocrx_word' id='word_1_653' title='bbox 1764 1161 1779 1181; x_wconf 89' lang='lat' dir='ltr'><strong>a</strong></span> 
     </span>
    </p>
   </div>
   <div class='ocr_carea' id='block_1_81' title="bbox 987 1190 1778 1230">
    <p class='ocr_par' dir='ltr' id='par_1_81' title="bbox 987 1190 1778 1230">
     <span class='ocr_line' id='line_1_81' title="bbox 987 1190 1778 1230; baseline 0.015 -15"><span class='ocrx_word' id='word_1_654' title='bbox 987 1195 1047 1216; x_wconf 80' lang='lat' dir='ltr'><strong>.oco</strong></span> <span class='ocrx_word' id='word_1_655' title='bbox 1058 1190 1103 1224; x_wconf 86' lang='lat' dir='ltr'><strong>qui</strong></span> <span class='ocrx_word' id='word_1_656' title='bbox 1118 1191 1155 1218; x_wconf 92' lang='lat' dir='ltr'><strong>sis</strong></span> <span class='ocrx_word' id='word_1_657' title='bbox 1169 1192 1249 1219; x_wconf 89' lang='lat' dir='ltr'><strong>velim</strong></span> <span class='ocrx_word' id='word_1_658' title='bbox 1268 1193 1388 1222; x_wconf 87' lang='lat' dir='ltr'><strong>ediscere</strong></span> <span class='ocrx_word' id='word_1_659' title='bbox 1397 1215 1404 1227; x_wconf 83' lang='lat'><strong>,</strong></span> <span class='ocrx_word' id='word_1_660' title='bbox 1421 1195 1448 1222; x_wconf 95' lang='lat' dir='ltr'><strong>in</strong></span> <span class='ocrx_word' id='word_1_661' title='bbox 1461 1196 1533 1224; x_wconf 91' lang='lat' dir='ltr'><strong>circo</strong></span> <span class='ocrx_word' id='word_1_662' title='bbox 1546 1201 1571 1224; x_wconf 90' lang='lat' dir='ltr'><strong>te</strong></span> <span class='ocrx_word' id='word_1_663' title='bbox 1583 1217 1591 1230; x_wconf 91' lang='lat'><strong>,</strong></span> <span class='ocrx_word' id='word_1_664' title='bbox 1607 1197 1632 1225; x_wconf 89' lang='lat' dir='ltr'><strong>in</strong></span> <span class='ocrx_word' id='word_1_665' title='bbox 1646 1198 1758 1227; x_wconf 80' lang='lat' dir='ltr'><strong>theatris</strong></span> <span class='ocrx_word' id='word_1_666' title='bbox 1770 1219 1778 1230; x_wconf 87' lang='lat'><strong>,</strong></span> 
     </span>
    </p>
   </div>
   <div class='ocr_carea' id='block_1_82' title="bbox 986 1234 1779 1278">
    <p class='ocr_par' dir='ltr' id='par_1_82' title="bbox 986 1234 1779 1278">
     <span class='ocr_line' id='line_1_82' title="bbox 986 1234 1779 1278; baseline 0.015 -18"><span class='ocrx_word' id='word_1_667' title='bbox 986 1238 1014 1261; x_wconf 89' lang='lat' dir='ltr'><strong>et</strong></span> <span class='ocrx_word' id='word_1_668' title='bbox 1034 1234 1132 1270; x_wconf 89' lang='lat' dir='ltr'><strong>iniquis</strong></span> <span class='ocrx_word' id='word_1_669' title='bbox 1151 1238 1369 1272; x_wconf 89' lang='lat' dir='ltr'><strong>occupationibus</strong></span> <span class='ocrx_word' id='word_1_670' title='bbox 1391 1240 1469 1268; x_wconf 86' lang='lat' dir='ltr'><strong>video</strong></span> <span class='ocrx_word' id='word_1_671' title='bbox 1490 1241 1547 1269; x_wconf 87' lang='lat' dir='ltr'><strong>dies</strong></span> <span class='ocrx_word' id='word_1_672' title='bbox 1561 1243 1726 1278; x_wconf 82' lang='lat' dir='ltr'><strong>transigere,</strong></span> <span class='ocrx_word' id='word_1_673' title='bbox 1752 1244 1779 1272; x_wconf 93' lang='lat' dir='ltr'><strong>in</strong></span> 
     </span>
    </p>
   </div>
   <div class='ocr_carea' id='block_1_83' title="bbox 987 1278 1778 1322">
    <p class='ocr_par' dir='ltr' id='par_1_83' title="bbox 987 1278 1778 1322">
     <span class='ocr_line' id='line_1_83' title="bbox 987 1278 1778 1322; baseline 0.014 -16"><span class='ocrx_word' id='word_1_674' title='bbox 987 1278 1037 1307; x_wconf 87' lang='lat' dir='ltr'><strong>fori</strong></span> <span class='ocrx_word' id='word_1_675' title='bbox 1051 1282 1164 1311; x_wconf 76' lang='lat' dir='ltr'><strong>ctetibus</strong></span> <span class='ocrx_word' id='word_1_676' title='bbox 1177 1283 1359 1319; x_wconf 90' lang='lat' dir='ltr'><strong>improborum</strong></span> <span class='ocrx_word' id='word_1_677' title='bbox 1371 1306 1379 1319; x_wconf 86' lang='lat'><strong>,</strong></span> <span class='ocrx_word' id='word_1_678' title='bbox 1393 1285 1419 1313; x_wconf 91' lang='lat' dir='ltr'><strong>in</strong></span> <span class='ocrx_word' id='word_1_679' title='bbox 1434 1292 1619 1322; x_wconf 89' lang='lat' dir='ltr'><strong>corruptorum</strong></span> <span class='ocrx_word' id='word_1_680' title='bbox 1640 1288 1778 1318; x_wconf 83' lang='lat' dir='ltr'><strong>hominum</strong></span> 
     </span>
    </p>
   </div>
   <div class='ocr_carea' id='block_1_84' title="bbox 984 1327 1778 1367">
    <p class='ocr_par' dir='ltr' id='par_1_84' title="bbox 984 1327 1778 1367">
     <span class='ocr_line' id='line_1_84' title="bbox 984 1327 1778 1367; baseline 0.015 -15"><span class='ocrx_word' id='word_1_681' title='bbox 984 1327 1139 1360; x_wconf 85' lang='lat' dir='ltr'><strong>consortio;</strong></span> <span class='ocrx_word' id='word_1_682' title='bbox 1152 1328 1175 1355; x_wconf 90' lang='lat' dir='ltr'><strong>si</strong></span> <span class='ocrx_word' id='word_1_683' title='bbox 1187 1335 1203 1356; x_wconf 91' lang='lat' dir='ltr'><strong>a</strong></span> <span class='ocrx_word' id='word_1_684' title='bbox 1215 1329 1305 1357; x_wconf 88' lang='lat' dir='ltr'><strong>vultus</strong></span> <span class='ocrx_word' id='word_1_685' title='bbox 1323 1332 1526 1367; x_wconf 88' lang='lat' dir='ltr'><strong>compositione,</strong></span> <span class='ocrx_word' id='word_1_686' title='bbox 1539 1333 1646 1362; x_wconf 86' lang='lat' dir='ltr'><strong>assidue</strong></span> <span class='ocrx_word' id='word_1_687' title='bbox 1657 1338 1685 1363; x_wconf 85' lang='lat' dir='ltr'><strong>to</strong></span> <span class='ocrx_word' id='word_1_688' title='bbox 1696 1343 1778 1364; x_wconf 83' lang='lat' dir='ltr'><strong>cerno</strong></span> 
     </span>
    </p>
   </div>
   <div class='ocr_carea' id='block_1_85' title="bbox 991 1374 1778 1418">
    <p class='ocr_par' dir='ltr' id='par_1_85' title="bbox 991 1374 1778 1418">
     <span class='ocr_line' id='line_1_85' title="bbox 991 1374 1778 1418; baseline 0.015 -18"><span class='ocrx_word' id='word_1_689' title='bbox 991 1374 1134 1403; x_wconf 83' lang='lat' dir='ltr'><strong>cachinnis</strong></span> <span class='ocrx_word' id='word_1_690' title='bbox 1147 1375 1269 1404; x_wconf 91' lang='lat' dir='ltr'><strong>deditum</strong></span> <span class='ocrx_word' id='word_1_691' title='bbox 1282 1384 1314 1404; x_wconf 88' lang='lat' dir='ltr'><strong>ac</strong></span> <span class='ocrx_word' id='word_1_692' title='bbox 1327 1377 1500 1413; x_wconf 89' lang='lat' dir='ltr'><strong>dissolutum,</strong></span> <span class='ocrx_word' id='word_1_693' title='bbox 1517 1380 1588 1409; x_wconf 91' lang='lat' dir='ltr'><strong>haud</strong></span> <span class='ocrx_word' id='word_1_694' title='bbox 1602 1389 1682 1410; x_wconf 80' lang='lat' dir='ltr'><strong>secus</strong></span> <span class='ocrx_word' id='word_1_695' title='bbox 1695 1390 1778 1418; x_wconf 86' lang='lat' dir='ltr'><strong>quam</strong></span> 
     </span>
    </p>
   </div>
   <div class='ocr_carea' id='block_1_86' title="bbox 992 1420 1777 1460">
    <p class='ocr_par' dir='ltr' id='par_1_86' title="bbox 992 1420 1777 1460">
     <span class='ocr_line' id='line_1_86' title="bbox 992 1420 1777 1460; baseline 0.013 -15"><span class='ocrx_word' id='word_1_696' title='bbox 992 1420 1160 1447; x_wconf 75' lang='lat' dir='ltr'><strong>meretricem</strong></span> <span class='ocrx_word' id='word_1_697' title='bbox 1180 1421 1331 1456; x_wconf 86' lang='lat' dir='ltr'><strong>procaciter</strong></span> <span class='ocrx_word' id='word_1_698' title='bbox 1357 1422 1475 1451; x_wconf 90' lang='lat' dir='ltr'><strong>hiantem</strong></span> <span class='ocrx_word' id='word_1_699' title='bbox 1498 1429 1526 1452; x_wconf 91' lang='lat' dir='ltr'><strong>et</strong></span> <span class='ocrx_word' id='word_1_700' title='bbox 1552 1425 1714 1454; x_wconf 87' lang='lat' dir='ltr'><strong>dissolutam</strong></span> <span class='ocrx_word' id='word_1_701' title='bbox 1729 1435 1737 1460; x_wconf 87' lang='lat'><strong>;</strong></span> <span class='ocrx_word' id='word_1_702' title='bbox 1751 1427 1777 1454; x_wconf 82' lang='lat' dir='ltr'><strong>si</strong></span> 
     </span>
    </p>
   </div>
   <div class='ocr_carea' id='block_1_87' title="bbox 992 1465 1762 1507">
    <p class='ocr_par' dir='ltr' id='par_1_87' title="bbox 992 1465 1762 1507">
     <span class='ocr_line' id='line_1_87' title="bbox 992 1465 1762 1507; baseline 0.012 -16"><span class='ocrx_word' id='word_1_703' title='bbox 992 1471 1008 1491; x_wconf 91' lang='lat' dir='ltr'><strong>a</strong></span> <span class='ocrx_word' id='word_1_704' title='bbox 1021 1465 1151 1496; x_wconf 84' lang='lat' dir='ltr'><strong>vestibus.</strong></span> <span class='ocrx_word' id='word_1_705' title='bbox 1166 1466 1278 1501; x_wconf 89' lang='lat' dir='ltr'><strong>perinde</strong></span> <span class='ocrx_word' id='word_1_706' title='bbox 1298 1471 1324 1495; x_wconf 87' lang='lat' dir='ltr'><strong>te</strong></span> <span class='ocrx_word' id='word_1_707' title='bbox 1332 1469 1460 1496; x_wconf 91' lang='lat' dir='ltr'><strong>amictum</strong></span> <span class='ocrx_word' id='word_1_708' title='bbox 1476 1470 1553 1497; x_wconf 86' lang='lat' dir='ltr'><strong>video</strong></span> <span class='ocrx_word' id='word_1_709' title='bbox 1569 1475 1650 1507; x_wconf 88' lang='lat' dir='ltr'><strong>atque</strong></span> <span class='ocrx_word' id='word_1_710' title='bbox 1665 1472 1762 1500; x_wconf 86' lang='lat' dir='ltr'><strong>histrio</strong></span> 
     </span>
    </p>
   </div>
   <div class='ocr_carea' id='block_1_88' title="bbox 992 1510 1778 1548">
    <p class='ocr_par' dir='ltr' id='par_1_88' title="bbox 992 1510 1778 1548">
     <span class='ocr_line' id='line_1_88' title="bbox 992 1510 1778 1548; baseline 0.013 -12"><span class='ocrx_word' id='word_1_711' title='bbox 992 1517 1073 1543; x_wconf 90' lang='lat' dir='ltr'><strong>nem;</strong></span> <span class='ocrx_word' id='word_1_712' title='bbox 1102 1510 1125 1538; x_wconf 86' lang='lat' dir='ltr'><strong>si</strong></span> <span class='ocrx_word' id='word_1_713' title='bbox 1147 1519 1162 1538; x_wconf 93' lang='lat' dir='ltr'><strong>a</strong></span> <span class='ocrx_word' id='word_1_714' title='bbox 1182 1512 1344 1545; x_wconf 85' lang='lat' dir='ltr'><strong>clientibus,</strong></span> <span class='ocrx_word' id='word_1_715' title='bbox 1371 1515 1506 1548; x_wconf 85' lang='lat' dir='ltr'><strong>parasitos</strong></span> <span class='ocrx_word' id='word_1_716' title='bbox 1540 1516 1723 1545; x_wconf 88' lang='lat' dir='ltr'><strong>circumducis</strong></span> <span class='ocrx_word' id='word_1_717' title='bbox 1750 1523 1778 1545; x_wconf 70' lang='lat' dir='ltr'><strong>et</strong></span> 
     </span>
    </p>
   </div>
   <div class='ocr_carea' id='block_1_89' title="bbox 993 1554 1778 1593">
    <p class='ocr_par' dir='ltr' id='par_1_89' title="bbox 993 1554 1778 1593">
     <span class='ocr_line' id='line_1_89' title="bbox 993 1554 1778 1593; baseline 0.013 -12"><span class='ocrx_word' id='word_1_718' title='bbox 993 1555 1147 1589; x_wconf 83' lang='lat' dir='ltr'><strong>adultores;</strong></span> <span class='ocrx_word' id='word_1_719' title='bbox 1162 1557 1184 1584; x_wconf 88' lang='lat' dir='ltr'><strong>si</strong></span> <span class='ocrx_word' id='word_1_720' title='bbox 1201 1564 1216 1584; x_wconf 91' lang='lat' dir='ltr'><strong>a</strong></span> <span class='ocrx_word' id='word_1_721' title='bbox 1232 1554 1335 1590; x_wconf 81' lang='lat' dir='ltr'><strong>verbis,</strong></span> <span class='ocrx_word' id='word_1_722' title='bbox 1348 1559 1415 1590; x_wconf 67' lang='lat' dir='ltr'><strong>rihil</strong></span> <span class='ocrx_word' id='word_1_723' title='bbox 1439 1567 1553 1593; x_wconf 87' lang='lat' dir='ltr'><strong>sanum,</strong></span> <span class='ocrx_word' id='word_1_724' title='bbox 1569 1561 1637 1589; x_wconf 87' lang='lat' dir='ltr'><strong>nihil</strong></span> <span class='ocrx_word' id='word_1_725' title='bbox 1652 1570 1778 1590; x_wconf 86' lang='lat' dir='ltr'><strong>necessa-</strong></span> 
     </span>
    </p>
   </div>
   <div class='ocr_carea' id='block_1_90' title="bbox 992 1601 1779 1636">
    <p class='ocr_par' dir='ltr' id='par_1_90' title="bbox 992 1601 1779 1636">
     <span class='ocr_line' id='line_1_90' title="bbox 992 1601 1779 1636; baseline 0.013 -10"><span class='ocrx_word' id='word_1_726' title='bbox 992 1601 1075 1634; x_wconf 88' lang='lat' dir='ltr'><strong>rium,</strong></span> <span class='ocrx_word' id='word_1_727' title='bbox 1089 1601 1156 1628; x_wconf 91' lang='lat' dir='ltr'><strong>nihil</strong></span> <span class='ocrx_word' id='word_1_728' title='bbox 1176 1603 1208 1629; x_wconf 87' lang='lat' dir='ltr'><strong>ad</strong></span> <span class='ocrx_word' id='word_1_729' title='bbox 1226 1603 1381 1631; x_wconf 81' lang='lat' dir='ltr'><strong>institutum</strong></span> <span class='ocrx_word' id='word_1_730' title='bbox 1398 1605 1460 1632; x_wconf 68' lang='lat' dir='ltr'><strong>vita:</strong></span> <span class='ocrx_word' id='word_1_731' title='bbox 1482 1610 1605 1634; x_wconf 65' lang='lat' dir='ltr'><strong>nostrum</strong></span> <span class='ocrx_word' id='word_1_732' title='bbox 1621 1608 1779 1636; x_wconf 74' lang='lat' dir='ltr'><strong>concutiens</strong></span> 
     </span>
    </p>
   </div>
   <div class='ocr_carea' id='block_1_91' title="bbox 993 1646 1779 1686">
    <p class='ocr_par' dir='ltr' id='par_1_91' title="bbox 993 1646 1779 1686">
     <span class='ocr_line' id='line_1_91' title="bbox 993 1646 1779 1686; baseline 0.011 -14"><span class='ocrx_word' id='word_1_733' title='bbox 993 1646 1148 1681; x_wconf 85' lang='lat' dir='ltr'><strong>loquentem</strong></span> <span class='ocrx_word' id='word_1_734' title='bbox 1163 1647 1263 1679; x_wconf 80' lang='lat' dir='ltr'><strong>audio;</strong></span> <span class='ocrx_word' id='word_1_735' title='bbox 1278 1649 1302 1676; x_wconf 91' lang='lat' dir='ltr'><strong>si</strong></span> <span class='ocrx_word' id='word_1_736' title='bbox 1318 1657 1334 1676; x_wconf 91' lang='lat' dir='ltr'><strong>a</strong></span> <span class='ocrx_word' id='word_1_737' title='bbox 1354 1657 1458 1683; x_wconf 87' lang='lat' dir='ltr'><strong>mensa,</strong></span> <span class='ocrx_word' id='word_1_738' title='bbox 1481 1651 1568 1686; x_wconf 82' lang='lat' dir='ltr'><strong>major</strong></span> <span class='ocrx_word' id='word_1_739' title='bbox 1589 1652 1651 1680; x_wconf 90' lang='lat' dir='ltr'><strong>ninc</strong></span> <span class='ocrx_word' id='word_1_740' title='bbox 1666 1660 1779 1681; x_wconf 88' lang='lat' dir='ltr'><strong>accusa-</strong></span> 
     </span>
    </p>
   </div>
   <div class='ocr_carea' id='block_1_92' title="bbox 993 1692 1334 1723">
    <p class='ocr_par' dir='ltr' id='par_1_92' title="bbox 993 1692 1334 1723">
     <span class='ocr_line' id='line_1_92' title="bbox 993 1692 1334 1723; baseline 0.015 -5"><span class='ocrx_word' id='word_1_741' title='bbox 993 1692 1077 1719; x_wconf 91' lang='lat' dir='ltr'><strong>tionis</strong></span> <span class='ocrx_word' id='word_1_742' title='bbox 1093 1694 1205 1721; x_wconf 87' lang='lat' dir='ltr'><strong>materia</strong></span> <span class='ocrx_word' id='word_1_743' title='bbox 1219 1695 1334 1723; x_wconf 87' lang='lat' dir='ltr'><strong>orietur.</strong></span> 
     </span>
    </p>
   </div>
   <div class='ocr_carea' id='block_1_93' title="bbox 1017 1772 1772 1816">
    <p class='ocr_par' dir='ltr' id='par_1_93' title="bbox 1017 1772 1772 1816">
     <span class='ocr_line' id='line_1_93' title="bbox 1017 1772 1772 1816; baseline 0.019 -17"><span class='ocrx_word' id='word_1_744' title='bbox 1017 1772 1045 1800; x_wconf 86' lang='lat'><strong>8.</strong></span> <span class='ocrx_word' id='word_1_745' title='bbox 1072 1773 1210 1803; x_wconf 89' lang='lat' dir='ltr'><strong>Uudenam</strong></span> <span class='ocrx_word' id='word_1_746' title='bbox 1236 1776 1336 1812; x_wconf 86' lang='lat' dir='ltr'><strong>igitur,</strong></span> <span class='ocrx_word' id='word_1_747' title='bbox 1361 1786 1474 1814; x_wconf 66' lang='lat' dir='ltr'><strong>quaeso,</strong></span> <span class='ocrx_word' id='word_1_748' title='bbox 1500 1785 1594 1816; x_wconf 91' lang='lat' dir='ltr'><strong>potero</strong></span> <span class='ocrx_word' id='word_1_749' title='bbox 1616 1787 1642 1811; x_wconf 92' lang='lat' dir='ltr'><strong>te</strong></span> <span class='ocrx_word' id='word_1_750' title='bbox 1666 1783 1772 1812; x_wconf 82' lang='lat' dir='ltr'><strong>ﬁdelem</strong></span> 
     </span>
    </p>
   </div>
   <div class='ocr_carea' id='block_1_94' title="bbox 980 1824 1773 1858">
    <p class='ocr_par' dir='ltr' id='par_1_94' title="bbox 980 1824 1773 1858">
     <span class='ocr_line' id='line_1_94' title="bbox 980 1824 1773 1858; baseline 0.018 -13"><span class='ocrx_word' id='word_1_751' title='bbox 980 1825 1145 1854; x_wconf 81' lang='lat' dir='ltr'><strong>agnoscere,</strong></span> <span class='ocrx_word' id='word_1_752' title='bbox 1171 1829 1230 1849; x_wconf 86' lang='lat' dir='ltr'><strong>cum</strong></span> <span class='ocrx_word' id='word_1_753' title='bbox 1253 1829 1332 1858; x_wconf 84' lang='lat' dir='ltr'><strong>supra</strong></span> <span class='ocrx_word' id='word_1_754' title='bbox 1355 1824 1425 1853; x_wconf 90' lang='lat' dir='ltr'><strong>dicta</strong></span> <span class='ocrx_word' id='word_1_755' title='bbox 1439 1826 1528 1855; x_wconf 87' lang='lat' dir='ltr'><strong>omnia</strong></span> <span class='ocrx_word' id='word_1_756' title='bbox 1551 1830 1713 1857; x_wconf 87' lang='lat' dir='ltr'><strong>contrarium</strong></span> <span class='ocrx_word' id='word_1_757' title='bbox 1727 1839 1773 1858; x_wconf 87' lang='lat' dir='ltr'><strong>ar-</strong></span> 
     </span>
    </p>
   </div>
   <div class='ocr_carea' id='block_1_95' title="bbox 979 1865 1773 1908">
    <p class='ocr_par' dir='ltr' id='par_1_95' title="bbox 979 1865 1773 1908">
     <span class='ocr_line' id='line_1_95' title="bbox 979 1865 1773 1908; baseline 0.018 -18"><span class='ocrx_word' id='word_1_758' title='bbox 979 1865 1080 1898; x_wconf 83' lang='lat' dir='ltr'><strong>guant?</strong></span> <span class='ocrx_word' id='word_1_759' title='bbox 1094 1865 1128 1892; x_wconf 87' lang='lat' dir='ltr'><strong>Et</strong></span> <span class='ocrx_word' id='word_1_760' title='bbox 1148 1866 1211 1900; x_wconf 92' lang='lat' dir='ltr'><strong>quid</strong></span> <span class='ocrx_word' id='word_1_761' title='bbox 1234 1867 1295 1895; x_wconf 91' lang='lat' dir='ltr'><strong>dico</strong></span> <span class='ocrx_word' id='word_1_762' title='bbox 1316 1868 1443 1898; x_wconf 84' lang='lat' dir='ltr'><strong>ﬁdelem?</strong></span> <span class='ocrx_word' id='word_1_763' title='bbox 1461 1870 1552 1908; x_wconf 85' lang='lat' dir='ltr'><strong>Neque</strong></span> <span class='ocrx_word' id='word_1_764' title='bbox 1571 1874 1641 1901; x_wconf 91' lang='lat' dir='ltr'><strong>enim</strong></span> <span class='ocrx_word' id='word_1_765' title='bbox 1655 1875 1677 1902; x_wconf 89' lang='lat' dir='ltr'><strong>si</strong></span> <span class='ocrx_word' id='word_1_766' title='bbox 1692 1875 1773 1904; x_wconf 87' lang='lat' dir='ltr'><strong>homo</strong></span> 
     </span>
    </p>
   </div>
   <div class='ocr_carea' id='block_1_96' title="bbox 978 1910 1774 1957">
    <p class='ocr_par' dir='ltr' id='par_1_96' title="bbox 978 1910 1774 1957">
     <span class='ocr_line' id='line_1_96' title="bbox 978 1910 1774 1957; baseline 0.019 -21"><span class='ocrx_word' id='word_1_767' title='bbox 978 1910 1016 1937; x_wconf 89' lang='lat' dir='ltr'><strong>sis</strong></span> <span class='ocrx_word' id='word_1_768' title='bbox 1030 1918 1136 1945; x_wconf 88' lang='lat' dir='ltr'><strong>possum</strong></span> <span class='ocrx_word' id='word_1_769' title='bbox 1155 1912 1293 1942; x_wconf 89' lang='lat' dir='ltr'><strong>evidenter</strong></span> <span class='ocrx_word' id='word_1_770' title='bbox 1310 1923 1466 1951; x_wconf 85' lang='lat' dir='ltr'><strong>agnoscere.</strong></span> <span class='ocrx_word' id='word_1_771' title='bbox 1481 1918 1547 1947; x_wconf 85' lang='lat' dir='ltr'><strong>Nam</strong></span> <span class='ocrx_word' id='word_1_772' title='bbox 1562 1928 1622 1957; x_wconf 87' lang='lat' dir='ltr'><strong>cum</strong></span> <span class='ocrx_word' id='word_1_773' title='bbox 1636 1922 1709 1950; x_wconf 89' lang='lat' dir='ltr'><strong>calce</strong></span> <span class='ocrx_word' id='word_1_774' title='bbox 1723 1923 1774 1950; x_wconf 87' lang='lat' dir='ltr'><strong>im-</strong></span> 
     </span>
    </p>
   </div>
   <div class='ocr_carea' id='block_1_97' title="bbox 980 1959 1772 1998">
    <p class='ocr_par' dir='ltr' id='par_1_97' title="bbox 980 1959 1772 1998">
     <span class='ocr_line' id='line_1_97' title="bbox 980 1959 1772 1998; baseline 0.018 -15"><span class='ocrx_word' id='word_1_775' title='bbox 980 1961 1053 1991; x_wconf 90' lang='lat' dir='ltr'><strong>petas</strong></span> <span class='ocrx_word' id='word_1_776' title='bbox 1068 1962 1095 1985; x_wconf 92' lang='lat' dir='ltr'><strong>ut</strong></span> <span class='ocrx_word' id='word_1_777' title='bbox 1109 1959 1200 1986; x_wconf 86' lang='lat' dir='ltr'><strong>asinus</strong></span> <span class='ocrx_word' id='word_1_778' title='bbox 1211 1980 1219 1993; x_wconf 90' lang='lat'><strong>,</strong></span> <span class='ocrx_word' id='word_1_779' title='bbox 1233 1961 1341 1990; x_wconf 83' lang='lat' dir='ltr'><strong>exsilias</strong></span> <span class='ocrx_word' id='word_1_780' title='bbox 1356 1968 1386 1990; x_wconf 93' lang='lat' dir='ltr'><strong>ut</strong></span> <span class='ocrx_word' id='word_1_781' title='bbox 1397 1969 1506 1998; x_wconf 87' lang='lat' dir='ltr'><strong>taurus,</strong></span> <span class='ocrx_word' id='word_1_782' title='bbox 1523 1967 1556 1994; x_wconf 90' lang='lat' dir='ltr'><strong>ad</strong></span> <span class='ocrx_word' id='word_1_783' title='bbox 1571 1968 1698 1996; x_wconf 90' lang='lat' dir='ltr'><strong>mulieres</strong></span> <span class='ocrx_word' id='word_1_784' title='bbox 1712 1969 1772 1997; x_wconf 91' lang='lat' dir='ltr'><strong>hin-</strong></span> 
     </span>
    </p>
   </div>
   <div class='ocr_carea' id='block_1_98' title="bbox 979 2002 1770 2045">
    <p class='ocr_par' dir='ltr' id='par_1_98' title="bbox 979 2002 1770 2045">
     <span class='ocr_line' id='line_1_98' title="bbox 979 2002 1770 2045; baseline 0.019 -17"><span class='ocrx_word' id='word_1_785' title='bbox 979 2002 1038 2029; x_wconf 90' lang='lat' dir='ltr'><strong>nias</strong></span> <span class='ocrx_word' id='word_1_786' title='bbox 1052 2007 1080 2030; x_wconf 93' lang='lat' dir='ltr'><strong>ut</strong></span> <span class='ocrx_word' id='word_1_787' title='bbox 1092 2011 1177 2039; x_wconf 86' lang='lat' dir='ltr'><strong>equus</strong></span> <span class='ocrx_word' id='word_1_788' title='bbox 1187 2026 1194 2036; x_wconf 91' lang='lat'><strong>,</strong></span> <span class='ocrx_word' id='word_1_789' title='bbox 1210 2007 1342 2034; x_wconf 83' lang='lat' dir='ltr'><strong>veraciter</strong></span> <span class='ocrx_word' id='word_1_790' title='bbox 1356 2008 1420 2036; x_wconf 90' lang='lat' dir='ltr'><strong>edas</strong></span> <span class='ocrx_word' id='word_1_791' title='bbox 1434 2014 1462 2037; x_wconf 85' lang='lat' dir='ltr'><strong>ut</strong></span> <span class='ocrx_word' id='word_1_792' title='bbox 1477 2018 1555 2039; x_wconf 88' lang='lat' dir='ltr'><strong>ursus</strong></span> <span class='ocrx_word' id='word_1_793' title='bbox 1567 2033 1575 2045; x_wconf 87' lang='lat'><strong>,</strong></span> <span class='ocrx_word' id='word_1_794' title='bbox 1594 2020 1701 2041; x_wconf 91' lang='lat' dir='ltr'><strong>carnem</strong></span> <span class='ocrx_word' id='word_1_795' title='bbox 1719 2016 1770 2042; x_wconf 88' lang='lat' dir='ltr'><strong>itn-</strong></span> 
     </span>
    </p>
   </div>
   <div class='ocr_carea' id='block_1_99' title="bbox 976 2048 1771 2091">
    <p class='ocr_par' dir='ltr' id='par_1_99' title="bbox 976 2048 1771 2091">
     <span class='ocr_line' id='line_1_99' title="bbox 976 2048 1771 2091; baseline 0.02 -17"><span class='ocrx_word' id='word_1_796' title='bbox 976 2048 1105 2083; x_wconf 86' lang='lat' dir='ltr'><strong>pinguare</strong></span> <span class='ocrx_word' id='word_1_797' title='bbox 1116 2051 1225 2079; x_wconf 84' lang='lat' dir='ltr'><strong>studeas</strong></span> <span class='ocrx_word' id='word_1_798' title='bbox 1245 2057 1273 2080; x_wconf 90' lang='lat' dir='ltr'><strong>ut</strong></span> <span class='ocrx_word' id='word_1_799' title='bbox 1284 2055 1372 2082; x_wconf 89' lang='lat' dir='ltr'><strong>mulus</strong></span> <span class='ocrx_word' id='word_1_800' title='bbox 1384 2076 1391 2088; x_wconf 87' lang='lat'><strong>,</strong></span> <span class='ocrx_word' id='word_1_801' title='bbox 1408 2056 1562 2091; x_wconf 88' lang='lat' dir='ltr'><strong>injuriarum</strong></span> <span class='ocrx_word' id='word_1_802' title='bbox 1575 2067 1678 2088; x_wconf 89' lang='lat' dir='ltr'><strong>memor</strong></span> <span class='ocrx_word' id='word_1_803' title='bbox 1692 2061 1728 2089; x_wconf 90' lang='lat' dir='ltr'><strong>sis</strong></span> <span class='ocrx_word' id='word_1_804' title='bbox 1742 2067 1771 2089; x_wconf 88' lang='lat' dir='ltr'><strong>ut</strong></span> 
     </span>
    </p>
   </div>
   <div class='ocr_carea' id='block_1_100' title="bbox 976 2095 1770 2140">
    <p class='ocr_par' dir='ltr' id='par_1_100' title="bbox 976 2095 1770 2140">
     <span class='ocr_line' id='line_1_100' title="bbox 976 2095 1770 2140; baseline 0.02 -20"><span class='ocrx_word' id='word_1_805' title='bbox 976 2095 1104 2128; x_wconf 87' lang='lat' dir='ltr'><strong>camelus,</strong></span> <span class='ocrx_word' id='word_1_806' title='bbox 1119 2097 1209 2131; x_wconf 85' lang='lat' dir='ltr'><strong>rapias</strong></span> <span class='ocrx_word' id='word_1_807' title='bbox 1224 2102 1252 2125; x_wconf 94' lang='lat' dir='ltr'><strong>ut</strong></span> <span class='ocrx_word' id='word_1_808' title='bbox 1263 2098 1340 2134; x_wconf 90' lang='lat' dir='ltr'><strong>lupus</strong></span> <span class='ocrx_word' id='word_1_809' title='bbox 1351 2121 1358 2132; x_wconf 92' lang='lat'><strong>,</strong></span> <span class='ocrx_word' id='word_1_810' title='bbox 1373 2101 1497 2130; x_wconf 87' lang='lat' dir='ltr'><strong>irascaris</strong></span> <span class='ocrx_word' id='word_1_811' title='bbox 1511 2109 1540 2131; x_wconf 95' lang='lat' dir='ltr'><strong>ut</strong></span> <span class='ocrx_word' id='word_1_812' title='bbox 1551 2112 1673 2140; x_wconf 87' lang='lat' dir='ltr'><strong>serpens,</strong></span> <span class='ocrx_word' id='word_1_813' title='bbox 1690 2106 1770 2135; x_wconf 77' lang='lat' dir='ltr'><strong>ferias</strong></span> 
     </span>
    </p>
   </div>
   <div class='ocr_carea' id='block_1_101' title="bbox 976 2142 1768 2187">
    <p class='ocr_par' dir='ltr' id='par_1_101' title="bbox 976 2142 1768 2187">
     <span class='ocr_line' id='line_1_101' title="bbox 976 2142 1768 2187; baseline 0.019 -21"><span class='ocrx_word' id='word_1_814' title='bbox 976 2144 1005 2166; x_wconf 91' lang='lat' dir='ltr'><strong>ut</strong></span> <span class='ocrx_word' id='word_1_815' title='bbox 1020 2142 1136 2176; x_wconf 88' lang='lat' dir='ltr'><strong>scorpio,</strong></span> <span class='ocrx_word' id='word_1_816' title='bbox 1152 2143 1299 2178; x_wconf 88' lang='lat' dir='ltr'><strong>vcrsipellis</strong></span> <span class='ocrx_word' id='word_1_817' title='bbox 1314 2146 1351 2173; x_wconf 89' lang='lat' dir='ltr'><strong>sis</strong></span> <span class='ocrx_word' id='word_1_818' title='bbox 1365 2151 1394 2174; x_wconf 80' lang='grc' dir='ltr'><strong>ιιι</strong></span> <span class='ocrx_word' id='word_1_819' title='bbox 1408 2147 1510 2183; x_wconf 83' lang='lat' dir='ltr'><strong>vulpes,</strong></span> <span class='ocrx_word' id='word_1_820' title='bbox 1524 2150 1599 2178; x_wconf 88' lang='lat' dir='ltr'><strong>virus</strong></span> <span class='ocrx_word' id='word_1_821' title='bbox 1622 2151 1768 2187; x_wconf 88' lang='lat' dir='ltr'><strong>iniquitatis</strong></span> 
     </span>
    </p>
   </div>
   <div class='ocr_carea' id='block_1_102' title="bbox 975 2188 1767 2226">
    <p class='ocr_par' dir='ltr' id='par_1_102' title="bbox 975 2188 1767 2226">
     <span class='ocr_line' id='line_1_102' title="bbox 975 2188 1767 2226; baseline 0.019 -14"><span class='ocrx_word' id='word_1_822' title='bbox 975 2191 1109 2214; x_wconf 88' lang='lat' dir='ltr'><strong>serves&#39;ut</strong></span> <span class='ocrx_word' id='word_1_823' title='bbox 1129 2188 1200 2223; x_wconf 85' lang='lat' dir='ltr'><strong>aspis</strong></span> <span class='ocrx_word' id='word_1_824' title='bbox 1219 2194 1247 2217; x_wconf 88' lang='lat' dir='ltr'><strong>et</strong></span> <span class='ocrx_word' id='word_1_825' title='bbox 1269 2191 1376 2225; x_wconf 81' lang='lat' dir='ltr'><strong>vipera,</strong></span> <span class='ocrx_word' id='word_1_826' title='bbox 1398 2193 1526 2223; x_wconf 86' lang='lat' dir='ltr'><strong>adversus</strong></span> <span class='ocrx_word' id='word_1_827' title='bbox 1549 2197 1646 2225; x_wconf 86' lang='lat' dir='ltr'><strong>fratres</strong></span> <span class='ocrx_word' id='word_1_828' title='bbox 1668 2198 1767 2226; x_wconf 86' lang='lat' dir='ltr'><strong>bellum</strong></span> 
     </span>
    </p>
   </div>
   <div class='ocr_carea' id='block_1_103' title="bbox 973 2234 1768 2278">
    <p class='ocr_par' dir='ltr' id='par_1_103' title="bbox 973 2234 1768 2278">
     <span class='ocr_line' id='line_1_103' title="bbox 973 2234 1768 2278; baseline 0.018 -20"><span class='ocrx_word' id='word_1_829' title='bbox 973 2239 1062 2267; x_wconf 86' lang='lat' dir='ltr'><strong>geras,</strong></span> <span class='ocrx_word' id='word_1_830' title='bbox 1091 2237 1120 2260; x_wconf 89' lang='lat' dir='ltr'><strong>ut</strong></span> <span class='ocrx_word' id='word_1_831' title='bbox 1138 2234 1254 2263; x_wconf 88' lang='lat' dir='ltr'><strong>crudelis</strong></span> <span class='ocrx_word' id='word_1_832' title='bbox 1264 2236 1308 2264; x_wconf 90' lang='lat' dir='ltr'><strong>ille</strong></span> <span class='ocrx_word' id='word_1_833' title='bbox 1323 2237 1428 2266; x_wconf 60' lang='lat' dir='ltr'><strong>daemon</strong></span> <span class='ocrx_word' id='word_1_834' title='bbox 1447 2248 1454 2266; x_wconf 93' lang='lat'>:</span> <span class='ocrx_word' id='word_1_835' title='bbox 1478 2242 1612 2276; x_wconf 90' lang='lat' dir='ltr'><strong>quomodo</strong></span> <span class='ocrx_word' id='word_1_836' title='bbox 1633 2247 1659 2270; x_wconf 90' lang='lat' dir='ltr'><strong>te</strong></span> <span class='ocrx_word' id='word_1_837' title='bbox 1674 2248 1768 2278; x_wconf 88' lang='lat' dir='ltr'><strong>potero</strong></span> 
     </span>
    </p>
   </div>
   <div class='ocr_carea' id='block_1_104' title="bbox 979 2277 1768 2315">
    <p class='ocr_par' dir='ltr' id='par_1_104' title="bbox 979 2277 1768 2315">
     <span class='ocr_line' id='line_1_104' title="bbox 979 2277 1768 2315; baseline 0.018 -14"><span class='ocrx_word' id='word_1_838' title='bbox 979 2281 1049 2302; x_wconf 80' lang='lat' dir='ltr'><strong>Inter</strong></span> <span class='ocrx_word' id='word_1_839' title='bbox 1069 2277 1190 2306; x_wconf 87' lang='lat' dir='ltr'><strong>homines</strong></span> <span class='ocrx_word' id='word_1_840' title='bbox 1213 2287 1410 2315; x_wconf 88' lang='lat' dir='ltr'><strong>annumerare,</strong></span> <span class='ocrx_word' id='word_1_841' title='bbox 1434 2290 1495 2310; x_wconf 92' lang='lat' dir='ltr'><strong>cum</strong></span> <span class='ocrx_word' id='word_1_842' title='bbox 1521 2284 1644 2313; x_wconf 65' lang='lat' dir='ltr'><strong>humanm</strong></span> <span class='ocrx_word' id='word_1_843' title='bbox 1666 2277 1768 2315; x_wconf 66' lang='lat' dir='ltr'><strong>natura:</strong></span> 
     </span>
    </p>
   </div>
   <div class='ocr_carea' id='block_1_105' title="bbox 976 2321 1768 2363">
    <p class='ocr_par' dir='ltr' id='par_1_105' title="bbox 976 2321 1768 2363">
     <span class='ocr_line' id='line_1_105' title="bbox 976 2321 1768 2363; baseline 0.019 -16"><span class='ocrx_word' id='word_1_844' title='bbox 976 2321 1144 2351; x_wconf 84' lang='lat' dir='ltr'><strong>characteres</strong></span> <span class='ocrx_word' id='word_1_845' title='bbox 1167 2324 1192 2351; x_wconf 92' lang='lat' dir='ltr'><strong>in</strong></span> <span class='ocrx_word' id='word_1_846' title='bbox 1214 2329 1240 2352; x_wconf 92' lang='lat' dir='ltr'><strong>te</strong></span> <span class='ocrx_word' id='word_1_847' title='bbox 1255 2334 1307 2354; x_wconf 92' lang='lat' dir='ltr'><strong>non</strong></span> <span class='ocrx_word' id='word_1_848' title='bbox 1327 2328 1452 2356; x_wconf 82' lang='lat' dir='ltr'><strong>videam?</strong></span> <span class='ocrx_word' id='word_1_849' title='bbox 1471 2329 1627 2363; x_wconf 70' lang='lat' dir='ltr'><strong>Quaerebam</strong></span> <span class='ocrx_word' id='word_1_850' title='bbox 1641 2330 1768 2361; x_wconf 71' lang='lat' dir='ltr'><strong>differen-</strong></span> 
     </span>
    </p>
   </div>
   <div class='ocr_carea' id='block_1_106' title="bbox 977 2367 1767 2412">
    <p class='ocr_par' dir='ltr' id='par_1_106' title="bbox 977 2367 1767 2412">
     <span class='ocr_line' id='line_1_106' title="bbox 977 2367 1767 2412; baseline 0.015 -18"><span class='ocrx_word' id='word_1_851' title='bbox 977 2367 1039 2395; x_wconf 90' lang='lat' dir='ltr'><strong>tiam</strong></span> <span class='ocrx_word' id='word_1_852' title='bbox 1064 2369 1285 2398; x_wconf 86' lang='lat' dir='ltr'><strong>calechumenum</strong></span> <span class='ocrx_word' id='word_1_853' title='bbox 1305 2372 1375 2400; x_wconf 88' lang='lat' dir='ltr'><strong>inter</strong></span> <span class='ocrx_word' id='word_1_854' title='bbox 1389 2378 1418 2401; x_wconf 88' lang='lat' dir='ltr'><strong>et</strong></span> <span class='ocrx_word' id='word_1_855' title='bbox 1438 2374 1544 2402; x_wconf 89' lang='lat' dir='ltr'><strong>fidelem</strong></span> <span class='ocrx_word' id='word_1_856' title='bbox 1556 2397 1564 2408; x_wconf 84' lang='grc'><em>,</em></span> <span class='ocrx_word' id='word_1_857' title='bbox 1579 2381 1607 2404; x_wconf 92' lang='lat' dir='ltr'><strong>et</strong></span> <span class='ocrx_word' id='word_1_858' title='bbox 1620 2378 1767 2412; x_wconf 82' lang='lat' dir='ltr'><strong>periculum</strong></span> 
     </span>
    </p>
   </div>
   <div class='ocr_carea' id='block_1_107' title="bbox 974 2414 1763 2453">
    <p class='ocr_par' dir='ltr' id='par_1_107' title="bbox 974 2414 1763 2453">
     <span class='ocr_line' id='line_1_107' title="bbox 974 2414 1763 2453; baseline 0.015 -13"><span class='ocrx_word' id='word_1_859' title='bbox 974 2417 1014 2440; x_wconf 90' lang='lat' dir='ltr'><strong>est</strong></span> <span class='ocrx_word' id='word_1_860' title='bbox 1035 2421 1070 2441; x_wconf 89' lang='lat' dir='ltr'><strong>ne</strong></span> <span class='ocrx_word' id='word_1_861' title='bbox 1089 2414 1210 2444; x_wconf 88' lang='lat' dir='ltr'><strong>invenire</strong></span> <span class='ocrx_word' id='word_1_862' title='bbox 1228 2425 1357 2453; x_wconf 84' lang='lat' dir='ltr'><strong>nequeam</strong></span> <span class='ocrx_word' id='word_1_863' title='bbox 1378 2419 1464 2448; x_wconf 89' lang='lat' dir='ltr'><strong>virum</strong></span> <span class='ocrx_word' id='word_1_864' title='bbox 1480 2421 1549 2449; x_wconf 88' lang='lat' dir='ltr'><strong>inter</strong></span> <span class='ocrx_word' id='word_1_865' title='bbox 1562 2427 1587 2450; x_wconf 90' lang='lat' dir='ltr'><strong>et</strong></span> <span class='ocrx_word' id='word_1_866' title='bbox 1608 2422 1691 2451; x_wconf 86' lang='lat' dir='ltr'><strong>feram</strong></span> <span class='ocrx_word' id='word_1_867' title='bbox 1706 2424 1763 2452; x_wconf 89' lang='lat' dir='ltr'><strong>dis-</strong></span> 
     </span>
    </p>
   </div>
   <div class='ocr_carea' id='block_1_108' title="bbox 971 2458 1766 2498">
    <p class='ocr_par' dir='ltr' id='par_1_108' title="bbox 971 2458 1766 2498">
     <span class='ocr_line' id='line_1_108' title="bbox 971 2458 1766 2498; baseline 0.016 -14"><span class='ocrx_word' id='word_1_868' title='bbox 971 2458 1083 2486; x_wconf 81' lang='lat' dir='ltr'><strong>crimen.</strong></span> <span class='ocrx_word' id='word_1_869' title='bbox 1104 2461 1205 2496; x_wconf 88' lang='lat' dir='ltr'><strong>Ecquid</strong></span> <span class='ocrx_word' id='word_1_870' title='bbox 1225 2467 1251 2490; x_wconf 90' lang='lat' dir='ltr'><strong>te</strong></span> <span class='ocrx_word' id='word_1_871' title='bbox 1275 2463 1361 2491; x_wconf 90' lang='lat' dir='ltr'><strong>dicam</strong></span> <span class='ocrx_word' id='word_1_872' title='bbox 1375 2466 1453 2493; x_wconf 81' lang='lat' dir='ltr'><strong>esse?</strong></span> <span class='ocrx_word' id='word_1_873' title='bbox 1466 2465 1577 2494; x_wconf 84' lang='lat' dir='ltr'><strong>Feram?</strong></span> <span class='ocrx_word' id='word_1_874' title='bbox 1590 2468 1624 2496; x_wconf 83' lang='lat' dir='ltr'><strong>At</strong></span> <span class='ocrx_word' id='word_1_875' title='bbox 1636 2468 1700 2496; x_wconf 67' lang='lat' dir='ltr'><strong>ferae</strong></span> <span class='ocrx_word' id='word_1_876' title='bbox 1712 2478 1766 2498; x_wconf 92' lang='lat' dir='ltr'><strong>uno</strong></span> 
     </span>
    </p>
   </div>
   <div class='ocr_carea' id='block_1_109' title="bbox 972 2506 1767 2548">
    <p class='ocr_par' dir='ltr' id='par_1_109' title="bbox 972 2506 1767 2548">
     <span class='ocr_line' id='line_1_109' title="bbox 972 2506 1767 2548; baseline 0.018 -18"><span class='ocrx_word' id='word_1_877' title='bbox 972 2508 1075 2533; x_wconf 86' lang='lat' dir='ltr'><strong>tantum</strong></span> <span class='ocrx_word' id='word_1_878' title='bbox 1090 2506 1154 2534; x_wconf 87' lang='lat' dir='ltr'><strong>vitio</strong></span> <span class='ocrx_word' id='word_1_879' title='bbox 1168 2512 1314 2537; x_wconf 88' lang='lat' dir='ltr'><strong>tenentur:</strong></span> <span class='ocrx_word' id='word_1_880' title='bbox 1339 2514 1365 2538; x_wconf 89' lang='lat' dir='ltr'><strong>tu</strong></span> <span class='ocrx_word' id='word_1_881' title='bbox 1392 2519 1456 2540; x_wconf 92' lang='lat' dir='ltr'><strong>vero</strong></span> <span class='ocrx_word' id='word_1_882' title='bbox 1478 2512 1522 2548; x_wconf 92' lang='lat' dir='ltr'><strong>qui</strong></span> <span class='ocrx_word' id='word_1_883' title='bbox 1542 2514 1630 2541; x_wconf 91' lang='lat' dir='ltr'><strong>omnia</strong></span> <span class='ocrx_word' id='word_1_884' title='bbox 1651 2515 1767 2544; x_wconf 81' lang='lat' dir='ltr'><strong>circum-</strong></span> 
     </span>
    </p>
   </div>
   <div class='ocr_carea' id='block_1_110' title="bbox 967 2550 1762 2596">
    <p class='ocr_par' dir='ltr' id='par_1_110' title="bbox 967 2550 1762 2596">
     <span class='ocr_line' id='line_1_110' title="bbox 967 2550 1762 2596; baseline 0.016 -19"><span class='ocrx_word' id='word_1_885' title='bbox 967 2554 1024 2577; x_wconf 88' lang='lat' dir='ltr'><strong>ters</strong></span> <span class='ocrx_word' id='word_1_886' title='bbox 1038 2550 1100 2578; x_wconf 87' lang='lat' dir='ltr'><strong>vitia</strong></span> <span class='ocrx_word' id='word_1_887' title='bbox 1115 2573 1124 2585; x_wconf 88' lang='lat'><strong>,</strong></span> <span class='ocrx_word' id='word_1_888' title='bbox 1137 2552 1215 2588; x_wconf 85' lang='lat' dir='ltr'><strong>longe</strong></span> <span class='ocrx_word' id='word_1_889' title='bbox 1228 2556 1312 2590; x_wconf 86' lang='lat' dir='ltr'><strong>magis</strong></span> <span class='ocrx_word' id='word_1_890' title='bbox 1326 2564 1405 2591; x_wconf 89' lang='lat' dir='ltr'><strong>quam</strong></span> <span class='ocrx_word' id='word_1_891' title='bbox 1420 2558 1471 2586; x_wconf 66' lang='lat' dir='ltr'><strong>illa:</strong></span> <span class='ocrx_word' id='word_1_892' title='bbox 1485 2558 1595 2588; x_wconf 88' lang='lat' dir='ltr'><strong>rationis</strong></span> <span class='ocrx_word' id='word_1_893' title='bbox 1607 2567 1637 2588; x_wconf 91' lang='lat' dir='ltr'><strong>es</strong></span> <span class='ocrx_word' id='word_1_894' title='bbox 1656 2569 1762 2596; x_wconf 86' lang='lat' dir='ltr'><strong>expers.</strong></span> 
     </span>
    </p>
   </div>
   <div class='ocr_carea' id='block_1_111' title="bbox 969 2594 1762 2641">
    <p class='ocr_par' dir='ltr' id='par_1_111' title="bbox 969 2594 1762 2641">
     <span class='ocr_line' id='line_1_111' title="bbox 969 2594 1762 2641; baseline 0.016 -19"><span class='ocrx_word' id='word_1_895' title='bbox 969 2594 1023 2622; x_wconf 87' lang='lat' dir='ltr'><strong>Sed</strong></span> <span class='ocrx_word' id='word_1_896' title='bbox 1036 2595 1183 2626; x_wconf 63' lang='lat' dir='ltr'><strong>daemonem</strong></span> <span class='ocrx_word' id='word_1_897' title='bbox 1208 2605 1233 2627; x_wconf 92' lang='lat' dir='ltr'><strong>te</strong></span> <span class='ocrx_word' id='word_1_898' title='bbox 1247 2601 1367 2629; x_wconf 85' lang='lat' dir='ltr'><strong>vocabo?</strong></span> <span class='ocrx_word' id='word_1_899' title='bbox 1380 2602 1460 2638; x_wconf 85' lang='lat' dir='ltr'><strong>Atqui</strong></span> <span class='ocrx_word' id='word_1_900' title='bbox 1472 2603 1578 2633; x_wconf 83' lang='lat' dir='ltr'><strong>daemon</strong></span> <span class='ocrx_word' id='word_1_901' title='bbox 1596 2613 1682 2641; x_wconf 84' lang='lat' dir='ltr'><strong>neque</strong></span> <span class='ocrx_word' id='word_1_902' title='bbox 1692 2594 1762 2635; x_wconf 74' lang='lat' dir='ltr'><strong>ven-</strong></span> 
     </span>
    </p>
   </div>
   <div class='ocr_carea' id='block_1_112' title="bbox 970 2640 1805 2684">
    <p class='ocr_par' dir='ltr' id='par_1_112' title="bbox 970 2640 1805 2684">
     <span class='ocr_line' id='line_1_112' title="bbox 970 2640 1805 2684; baseline 0.018 -17"><span class='ocrx_word' id='word_1_903' title='bbox 970 2640 1018 2668; x_wconf 85' lang='lat' dir='ltr'><strong>tris</strong></span> <span class='ocrx_word' id='word_1_904' title='bbox 1031 2644 1164 2677; x_wconf 82' lang='lat' dir='ltr'><strong>tyrannidi</strong></span> <span class='ocrx_word' id='word_1_905' title='bbox 1177 2645 1299 2674; x_wconf 88' lang='lat' dir='ltr'><strong>subditus</strong></span> <span class='ocrx_word' id='word_1_906' title='bbox 1314 2652 1364 2682; x_wconf 87' lang='lat' dir='ltr'><strong>est,</strong></span> <span class='ocrx_word' id='word_1_907' title='bbox 1378 2656 1464 2684; x_wconf 85' lang='lat' dir='ltr'><strong>neque</strong></span> <span class='ocrx_word' id='word_1_908' title='bbox 1475 2649 1581 2679; x_wconf 87' lang='lat' dir='ltr'><strong>divitias</strong></span> <span class='ocrx_word' id='word_1_909' title='bbox 1596 2640 1678 2680; x_wconf 78' lang='lat' dir='ltr'><strong>amat.</strong></span> <span class='ocrx_word' id='word_1_910' title='bbox 1694 2652 1762 2681; x_wconf 89' lang='lat' dir='ltr'><strong>Cum</strong></span> <span class='ocrx_word' id='word_1_911' title='bbox 1799 2651 1805 2678; x_wconf 49' lang='grc' dir='ltr'><strong>ἵ</strong></span> 
     </span>
    </p>
   </div>
   <div class='ocr_carea' id='block_1_113' title="bbox 968 2688 1761 2734">
    <p class='ocr_par' dir='ltr' id='par_1_113' title="bbox 968 2688 1761 2734">
     <span class='ocr_line' id='line_1_113' title="bbox 968 2688 1761 2734; baseline 0.018 -21"><span class='ocrx_word' id='word_1_912' title='bbox 968 2694 1033 2722; x_wconf 83' lang='lat' dir='ltr'><strong>ergo</strong></span> <span class='ocrx_word' id='word_1_913' title='bbox 1041 2688 1115 2722; x_wconf 89' lang='lat' dir='ltr'><strong>plura</strong></span> <span class='ocrx_word' id='word_1_914' title='bbox 1127 2689 1202 2725; x_wconf 85' lang='lat' dir='ltr'><strong>vitia,</strong></span> <span class='ocrx_word' id='word_1_915' title='bbox 1213 2699 1292 2727; x_wconf 88' lang='lat' dir='ltr'><strong>quam</strong></span> <span class='ocrx_word' id='word_1_916' title='bbox 1306 2692 1370 2721; x_wconf 68' lang='lat' dir='ltr'><strong>ferae</strong></span> <span class='ocrx_word' id='word_1_917' title='bbox 1384 2699 1411 2722; x_wconf 89' lang='lat' dir='ltr'><strong>et</strong></span> <span class='ocrx_word' id='word_1_918' title='bbox 1424 2694 1559 2724; x_wconf 70' lang='lat' dir='ltr'><strong>daemones</strong></span> <span class='ocrx_word' id='word_1_919' title='bbox 1571 2697 1680 2732; x_wconf 88' lang='lat' dir='ltr'><strong>habeas,</strong></span> <span class='ocrx_word' id='word_1_920' title='bbox 1692 2707 1761 2734; x_wconf 89' lang='lat' dir='ltr'><strong>quo-</strong></span> 
     </span>
    </p>
   </div>
   <div class='ocr_carea' id='block_1_114' title="bbox 969 2733 1760 2773">
    <p class='ocr_par' dir='ltr' id='par_1_114' title="bbox 969 2733 1760 2773">
     <span class='ocr_line' id='line_1_114' title="bbox 969 2733 1760 2773; baseline 0.018 -14"><span class='ocrx_word' id='word_1_921' title='bbox 969 2733 1060 2768; x_wconf 86' lang='lat' dir='ltr'><strong>modo,</strong></span> <span class='ocrx_word' id='word_1_922' title='bbox 1081 2742 1182 2770; x_wconf 68' lang='lat' dir='ltr'><strong>quaeso,</strong></span> <span class='ocrx_word' id='word_1_923' title='bbox 1206 2741 1232 2765; x_wconf 88' lang='lat' dir='ltr'><strong>te</strong></span> <span class='ocrx_word' id='word_1_924' title='bbox 1251 2737 1387 2768; x_wconf 87' lang='lat' dir='ltr'><strong>hominem</strong></span> <span class='ocrx_word' id='word_1_925' title='bbox 1407 2741 1583 2770; x_wconf 86' lang='lat' dir='ltr'><strong>vocabimus?</strong></span> <span class='ocrx_word' id='word_1_926' title='bbox 1605 2744 1628 2771; x_wconf 89' lang='lat' dir='ltr'><strong>si</strong></span> <span class='ocrx_word' id='word_1_927' title='bbox 1643 2733 1708 2772; x_wconf 77' lang='lat' dir='ltr'><strong>vero</strong></span> <span class='ocrx_word' id='word_1_928' title='bbox 1734 2749 1760 2773; x_wconf 85' lang='lat' dir='ltr'><strong>te</strong></span> 
     </span>
    </p>
   </div>
   <div class='ocr_carea' id='block_1_115' title="bbox 968 2779 1758 2826">
    <p class='ocr_par' dir='ltr' id='par_1_115' title="bbox 968 2779 1758 2826">
     <span class='ocr_line' id='line_1_115' title="bbox 968 2779 1758 2826; baseline 0.018 -20"><span class='ocrx_word' id='word_1_929' title='bbox 968 2779 1103 2809; x_wconf 73' lang='lat' dir='ltr'><strong>hominem</strong></span> <span class='ocrx_word' id='word_1_930' title='bbox 1118 2790 1214 2812; x_wconf 84' lang='lat' dir='ltr'><strong>vocare</strong></span> <span class='ocrx_word' id='word_1_931' title='bbox 1226 2791 1280 2813; x_wconf 92' lang='lat' dir='ltr'><strong>non</strong></span> <span class='ocrx_word' id='word_1_932' title='bbox 1303 2785 1385 2821; x_wconf 84' lang='lat' dir='ltr'><strong>licet,</strong></span> <span class='ocrx_word' id='word_1_933' title='bbox 1400 2788 1533 2823; x_wconf 88' lang='lat' dir='ltr'><strong>quomodo</strong></span> <span class='ocrx_word' id='word_1_934' title='bbox 1546 2789 1650 2819; x_wconf 88' lang='lat' dir='ltr'><strong>ﬁdelem</strong></span> <span class='ocrx_word' id='word_1_935' title='bbox 1667 2791 1758 2826; x_wconf 87' lang='lat' dir='ltr'><strong>appel-</strong></span> 
     </span>
    </p>
   </div>
  </div>
