2056 3130
267 111 302 138 ω
628 116 658 142 S.
679 115 822 144 JOANNIS
841 117 1083 146 CHRYSOSTOMI
1103 117 1261 146 ARCHIEP.
1281 118 1553 147 CONSTANTINOP.
1867 123 1902 151 50

270 165 400 194 labimus?
413 166 489 202 Quod
503 172 591 196 autem
610 169 728 198 deterius
743 175 784 198 est
796 191 804 204 ,
819 178 880 198 eum
894 171 928 198 ita
943 171 1011 199 male
1024 179 1059 198 sx-

269 219 329 238 mus
341 212 437 246 aifecti,
455 222 488 241 ne
501 215 649 250 cogitamus
663 216 770 251 quidem
785 217 881 244 animae
896 223 994 245 nostra!
1012 218 1062 245 de-

268 256 451 292 formitatem,
475 268 563 295 neque
590 262 648 296 cjus
676 262 822 290 foeditatem
847 264 980 291 novimus.
1008 263 1061 292 Sed

268 303 336 337 apud
353 307 488 332 tonsorem
508 306 606 334 sedens
620 328 628 340 ,
650 315 753 335 comam
765 308 914 336 detonderis
925 330 933 343 ,
956 315 1062 345 arrepto

269 350 379 384 speculo
394 352 532 379 caesariem
547 354 712 388 consideras,
729 360 756 382 et
769 355 906 383 adstantes
920 357 1062 392 ipsumque

267 399 404 424 tonsorem
419 396 580 434 interrogas,
603 407 665 427 num
679 405 775 428 ornate
787 401 900 429 frontem
912 403 1062 430 concinna-

267 442 335 469 verit
350 452 357 469 :
373 450 405 470 ac
417 451 488 478 saepe
500 464 507 477 ,
523 452 605 473 senex
619 453 679 473 cum
702 447 739 474 sis
750 467 758 480 ,
775 455 827 474 non
843 448 942 475 vereris
954 448 1062 482 juveni-

266 488 335 516 libus
356 489 450 517 studiis
464 490 582 519 insanire
601 501 607 519 :
630 493 745 520 animam
767 501 831 521 vero
853 501 970 522 nostram
983 516 990 527 ,
1008 503 1060 524 non

267 535 347 562 modo
360 536 518 569 deformem,
532 537 579 565 sed
595 538 674 566 etiam
686 539 777 566 ferina:
792 539 884 568 formze
895 548 965 573 esse,
978 542 1061 570 instar

266 580 362 616 Scyllae
375 587 402 609 et
415 582 558 611 Cbimzeraa
572 606 580 618 ,
593 593 653 620 qua:
667 586 694 614 in
709 586 796 614 fabula
810 587 942 622 feruntur,
962 596 996 617 ne
1010 590 1062 617 mi-

266 627 368 655 nimum
382 629 490 663 quidem
502 631 633 659 sentimus
646 641 652 659 :
669 640 827 668 quamquam
847 639 935 662 tamen
950 635 993 663 hic
1005 636 1060 670 spi-

265 672 360 701 rituale
379 675 517 709 speculum
540 676 685 706 habeamus
706 679 784 714 longe
803 680 898 708 melius
921 685 947 708 ct
971 681 1060 709 utilius

265 718 321 747 illo.
344 720 402 748 Non
424 721 504 749 modo
529 723 600 751 enim
622 724 817 754 deformitatem
840 731 990 760 monstrat,
1011 728 1059 755 sed

264 766 344 793 etiam
359 771 443 794 mutat
456 768 527 796 illam
542 769 570 797 in
588 771 812 805 pulchritudinem
834 773 992 802 immensam
1004 794 1012 808 ,
1035 774 1058 802 si

263 809 374 847 quidetn'
386 814 510 843 velimus.

303 910 358 939 Vita
372 916 516 938 sanctorum
527 911 761 947 speculum—Hoc
772 919 852 946 porro
865 912 1002 947 speculum
1012 918 1051 942 est

261 958 404 992 proborum
418 958 536 984 virorum
553 957 692 991 memoria,
709 965 812 985 necnon
825 958 910 986 beata:
936 959 1053 994 ipsorum

261 1003 321 1030 vitae
336 1003 443 1030 historia
456 1025 464 1037 ,
478 1003 673 1038 Scripturarum
688 1004 781 1035 lectio,
794 1005 865 1039 leges
878 1012 892 1030 a
906 1005 961 1032 Deo
974 1005 1052 1032 datae.

262 1048 289 1075 Si
314 1048 354 1076 vel
367 1049 450 1076 semel
465 1049 582 1076 volueris
602 1049 762 1076 Sanctorum
787 1050 914 1084 imagines
933 1055 1055 1078 contem-

263 1095 329 1129 plari
343 1115 350 1126 ,
371 1094 569 1122 deformitatem
582 1095 678 1121 animte
695 1099 747 1121 tu:c
769 1095 870 1122 videbis
884 1103 891 1122 2
907 1104 958 1130 qua
972 1096 1055 1124 semel

262 1145 416 1175 couspecta,
432 1141 504 1168 nullo
517 1140 570 1167 alio
583 1141 672 1175 egebis
686 1144 715 1167 ut
728 1141 762 1168 ab
773 1141 824 1168 hac
837 1141 998 1176 turpitudine
1021 1142 1056 1169 li-

263 1187 376 1214 bereris.
401 1186 441 1213 Ad
457 1186 508 1213 hoc
528 1187 599 1213 enim
613 1186 679 1213 utile
700 1186 776 1213 nobis
790 1191 830 1214 est
845 1187 894 1214 hoc
907 1187 1054 1222 speculum,

264 1234 420 1268 facilemque
432 1233 508 1260 nobis
523 1233 609 1260 reddit
624 1233 692 1260 hanc
712 1233 896 1260 mutationem.
911 1233 993 1261 Nemo
1009 1234 1057 1261 ita-

264 1288 315 1315 que
330 1280 355 1306 in
380 1280 518 1307 brntorum
542 1279 626 1307 forma
644 1284 758 1307 maneat.
780 1279 808 1308 Si
828 1280 900 1308 enim
914 1287 1007 1308 servus
1028 1282 1056 1309 in

263 1326 371 1353 domum
389 1326 471 1361 patris
485 1333 538 1353 non
553 1325 652 1358 intrat,
668 1333 729 1353 curn
743 1326 805 1353 fera:
818 1326 928 1354 formam
946 1327 1056 1361 habeas,

263 1371 399 1406 quomodo
413 1376 440 1398 tu
456 1371 481 1398 in
496 1371 585 1398 limina
600 1371 644 1398 illa
659 1371 760 1406 ingredi
775 1372 891 1406 poteris?
904 1372 1005 1406 Ecquid
1023 1373 1056 1400 le-

265 1425 321 1445 ram
336 1417 415 1446 dico?
430 1417 496 1445 Fera
512 1418 581 1445 enim
603 1417 721 1445 deterior
734 1424 775 1445 est
791 1418 942 1452 hujusmodi
965 1418 1054 1446 homo.

265 1464 340 1491 Fers:
354 1464 424 1491 enim
439 1463 488 1491 etsi
513 1468 605 1491 natura
619 1471 665 1490 sua
682 1464 783 1491 feroces
799 1464 862 1497 sint,
878 1464 992 1492 humana
1015 1470 1057 1492 ta-

265 1519 324 1538 men
339 1515 396 1538 arte
415 1517 487 1544 stupe
508 1514 697 1537 mansuescunt
718 1519 724 1536 :
749 1515 776 1537 tu
800 1518 864 1538 vero
885 1511 930 1545 qui
951 1510 1056 1539 illarum

265 1557 412 1584 naturalem
429 1557 559 1584 feritatem
580 1557 605 1583 iu
620 1556 859 1588 mansuetudinem,
882 1564 941 1590 quae
966 1562 1058 1585 contra

265 1607 387 1629 naturam
399 1610 490 1629 earum
506 1607 557 1634 est,
567 1606 743 1634 transmutas,
758 1609 836 1637 quam
853 1601 963 1631 habebis
976 1610 1055 1630 excu-

265 1649 405 1681 sationem,
420 1647 464 1683 qui
477 1647 716 1680 mansuetudinem,
730 1655 807 1682 qnam
817 1656 850 1677 ex
860 1654 950 1676 natura
965 1650 1058 1682 habeS,

265 1696 292 1722 in
305 1695 449 1726 feritatem,
465 1702 525 1729 qua:
539 1699 631 1722 contra
647 1699 770 1721 naturam
783 1699 840 1729 est,
864 1696 997 1722 convertis
1010 1716 1017 1727 ,
1032 1701 1058 1723 ct

265 1741 311 1776 qui
329 1737 401 1776 quod
425 1741 509 1768 ferum
532 1745 588 1767 erat
601 1741 665 1767 mite
685 1740 810 1774 reddens,
826 1742 949 1776 teipsum,
967 1747 1058 1769 natura

267 1788 358 1823 mitem
371 1808 378 1820 ,
392 1791 485 1815 contra
500 1792 621 1814 naturam
636 1786 753 1816 ferocem
767 1788 928 1815 constituisti
943 1797 949 1815 :
964 1795 994 1816 ac
1014 1789 1058 1823 qui

268 1834 371 1861 leonem
385 1834 488 1861 cicuras
498 1839 719 1869 mansuetumque
733 1834 832 1867 reddis,
847 1835 965 1862 animum
982 1840 1056 1862 tuum

268 1879 345 1906 leone
366 1880 524 1907 ferociorem
545 1880 647 1908 efﬁcis?
673 1880 777 1908 etiamsi
797 1880 850 1908 duo
873 1881 927 1908 illic
948 1881 1059 1914 impedi-

268 1929 360 1952 menta
376 1923 478 1955 adsint,
498 1928 527 1950 et
541 1923 614 1957 quod
631 1922 688 1949 fera
704 1922 747 1949 illa
763 1922 799 1949 sit
814 1921 927 1949 rationis
943 1930 1050 1958 expers,

264 1973 292 1996 et
305 1967 378 2003 quod
391 1967 515 1994 omnium
531 1967 566 1994 sit
579 1966 758 1993 ferocissima.
775 1966 900 1993 Attamen
914 1966 939 1992 vi
958 1966 1052 1994 indita:

235 2040 238 2042 _
265 2014 314 2041 tibi
337 2022 352 2040 a
374 2013 431 2040 Deo
453 2012 604 2047 sapientiar,
630 2017 756 2039 naturam
781 2012 866 2047 ipsam
890 2012 987 2039 vincis.
1010 2012 1051 2039 Tu

264 2060 348 2095 igitur
367 2059 415 2094 qui
435 2059 554 2086 ferarum
575 2063 700 2085 naturam
722 2059 819 2091 vincis,
844 2066 894 2085 cur
914 2059 941 2085 in
964 2059 1050 2093 teipse

263 2111 292 2133 et
307 2110 412 2133 natura
427 2110 456 2132 ct
476 2104 626 2131 voluntatis
646 2103 748 2131 bonum
768 2103 880 2138 prodis?
893 2104 932 2131 Ac
949 2103 971 2130 si
990 2103 1050 2138 qui-

263 2152 326 2179 dem
347 2156 373 2179 te
394 2150 478 2178 alium
502 2150 642 2180 hominem
664 2150 758 2177 utilem
781 2149 897 2177 reddere
913 2150 1049 2185 juberem,

263 2206 297 2226 ne
316 2198 357 2225 sic
373 2197 486 2232 quidem
509 2197 558 2224 tibi
578 2204 609 2223 ea
627 2196 757 2223 mandare
775 2196 896 2228 viderer,
914 2204 974 2230 quze
993 2195 1052 2223 fieri

263 2244 412 2278 nequirent
429 2251 435 2269 :
452 2250 547 2277 posses
563 2246 654 2269 tamen
672 2246 701 2269 tu
718 2242 837 2276 objieere
853 2246 878 2269 te
893 2249 947 2268 non
962 2241 1051 2268 domi-

264 2298 330 2318 num
344 2297 404 2318 esse
418 2289 567 2317 voluntatis
580 2289 703 2319 alterius,
720 2295 772 2316 nec
785 2295 869 2323 penes
885 2292 910 2315 te
923 2287 950 2314 id
964 2291 1052 2314 totum

267 2344 337 2364 esse.
353 2335 434 2363 Nunc
451 2340 543 2363 autem
559 2335 650 2362 bellua
668 2339 712 2361 tua
728 2339 779 2363 cst.
795 2334 822 2361 in
839 2339 886 2361 tuo
905 2333 993 2368 posita
1009 2341 1053 2360 ar-

264 2382 346 2410 bitrio
351 2403 357 2409 .

299 2475 326 2503 9.
347 2475 380 2503 In
393 2475 458 2502 iram
473 2476 606 2503 invehitur.
626 2475 738 2511 Sanguis
751 2474 844 2502 Christi
863 2474 961 2500 morbos
975 2473 1053 2499 animi

262 2523 407 2558 exstinguit.
431 2521 542 2555 A/Tectus
561 2530 618 2557 erga
636 2526 763 2548 creaturas
780 2528 889 2547 amorem
900 2518 991 2547 Christi
1004 2519 1053 2544 mi-

265 2569 367 2595 nuit.——-
377 2567 460 2602 Quam
473 2575 536 2602 ergo
550 2567 632 2594 habes
645 2566 838 2598 defensionem,
852 2566 914 2593 dum
931 2569 1052 2592 naturam

264 2620 335 2642 tuam
344 2622 396 2641 non
411 2613 526 2647 subigis?
537 2621 615 2648 quem
625 2613 801 2640 excusationis
809 2613 925 2640 colorem
935 2611 1054 2647 proferre

265 2659 376 2694 poteris,
392 2659 455 2686 dum
470 2659 575 2686 leonem
587 2659 612 2685 in
629 2658 763 2685 hominem
776 2658 918 2690 convertis,
934 2663 1010 2692 teque
1021 2665 1052 2684 ex

266 2705 373 2744 homine
388 2705 492 2732 leonem
506 2704 604 2731 factum
617 2704 725 2735 videns,
742 2703 767 2731 id
781 2711 833 2731 non
847 2711 933 2736 curas,
951 2710 982 2730 ac
991 2704 1052 2730 dum

265 2751 303 2778 illi
318 2759 365 2785 ea,
381 2759 440 2786 qua:
456 2758 535 2785 supra
551 2754 671 2777 naturam
688 2750 746 2784 ejus
766 2754 826 2777 sunt
838 2771 844 2782 ,
864 2749 983 2784 largiris.
1006 2749 1052 2776 tibi

265 2805 298 2825 ne
311 2805 343 2825 ea
358 2797 464 2832 quidem
479 2803 580 2830 servas,
594 2803 653 2831 quae
666 2803 700 2823 ex
715 2800 807 2824 natura
821 2795 914 2828 habes,
929 2794 975 2823 sed
990 2794 1053 2822 dum

1115 179 1185 205 feras
1197 162 1323 212 agrestes.
1332 176 1367 203 ad
1381 176 1543 203 nobilitatem
1559 179 1676 203 nostram
1691 175 1824 203 deducere
1837 183 1902 202 eon-

1115 223 1203 251 tcndis
1213 244 1221 256 ,
1238 223 1354 257 teipsum
1366 230 1401 249 ex
1421 222 1489 249 solio
1500 222 1574 256 regni
1584 220 1715 254 detrudis,
1726 223 1791 248 etin
1802 220 1904 248 bellua.

1113 278 1173 298 rum
1195 270 1313 297 furorem
1333 269 1464 304 depellis?
1480 268 1572 303 Cogita
1592 275 1725 302 namque,
1750 267 1772 295 si
1796 267 1904 303 placet,

1114 316 1181 343 iram
1201 322 1261 344 esse
1272 315 1355 343 feram
1368 323 1374 341 :
1388 319 1416 342 et
1427 318 1552 350 quantam
1567 313 1610 340 alii
1622 314 1692 340 circa
1705 314 1798 341 leones
1812 320 1904 340 curam

1115 361 1290 396 impendunt,
1312 364 1412 387 tanqu
1434 363 1462 387 et
1482 364 1509 386 tu
1532 358 1656 393 impende
1674 359 1744 386 circa
1768 359 1882 393 teipsum
1895 378 1904 389 .

1113 411 1193 441 atque
1211 406 1329 433 animum
1350 410 1424 432 tuum
1443 403 1534 431 mitem
1557 407 1777 438 mansuetumque
1800 403 1903 431 redde:

1113 459 1174 479 nam
1188 456 1215 479 et
1237 451 1282 479 ille
1297 451 1375 478 saivis
1392 450 1516 478 dentibus
1528 454 1554 476 et
1567 449 1672 484 ungulis
1686 449 1830 476 instructus
1842 453 1883 475 est
1895 468 1903 480 ,

1112 505 1144 525 ac
1158 498 1208 525 nisi
1221 497 1324 525 cicures
1338 496 1436 532 ipsum,
1455 495 1544 523 omnia
1558 494 1660 529 perdet.
1672 494 1764 529 Neque
1777 495 1848 522 enim
1862 494 1906 522 leo

1114 549 1141 572 et
1155 545 1246 578 vipera
1261 543 1300 570 sie
1318 543 1421 570 viscera
1437 541 1555 569 lacerare
1572 543 1699 575 possunt,
1721 544 1749 567 ut
1766 540 1804 567 ira
1815 559 1822 572 ,
1845 547 1906 574 qua:

1113 589 1217 625 tragulis
1239 588 1332 617 ferreis
1359 588 1466 616 assidue
1490 587 1583 614 laniat.
1604 586 1696 621 Neque
1720 594 1785 613 vero
1805 593 1906 621 corpus

1113 640 1215 663 tantum
1235 634 1390 668 labefactat,
1405 633 1453 661 sed
1470 638 1497 661 et
1508 633 1603 660 anima:
1622 633 1762 659 sanitatem
1781 639 1906 660 corrum-

1113 682 1159 716 pit,
1170 682 1222 708 vim
1233 681 1291 716 ejus
1299 688 1404 708 omuem
1416 679 1571 710 corrodens,
1581 678 1721 711 dilaniatis,
1736 679 1903 714 discerpens,

1113 733 1140 756 et
1153 728 1186 755 ad
1200 728 1288 755 omnia
1309 727 1430 755 inutilem
1444 726 1569 754 reddens.
1583 726 1649 753 Nam
1665 725 1688 753 si
1701 726 1724 753 is
1736 726 1781 761 qui
1795 732 1904 754 vermes

1113 775 1140 802 in
1157 775 1302 803 visceribus
1325 774 1426 806 nutrit,
1450 781 1486 801 ne
1506 773 1638 808 respirare
1659 772 1766 808 quidem
1789 774 1904 808 poterit,

1112 822 1215 850 cunctis
1236 821 1305 848 intus
1325 820 1458 855 corruptis
1476 840 1483 852 ,
1502 818 1635 854 quomodo
1652 819 1732 846 talem
1751 824 1904 854 serpentem

1112 867 1254 900 habentes,
1267 867 1369 894 viscera
1383 865 1471 894 munia
1483 864 1681 898 con-edentem,
1696 864 1762 892 iram
1774 863 1844 897 dico,
1859 873 1906 900 ge-

1112 921 1239 942 nerosum
1261 914 1358 949 aliquid
1383 922 1478 950 parere
1499 917 1664 950 poterimus?
1683 917 1822 951 Quomodo
1835 925 1901 952 ergo

1110 960 1256 995 poterimus
1277 959 1310 987 ab
1330 959 1379 987 hac
1398 965 1472 994 peste
1487 961 1616 989 liberari?
1631 962 1659 990 Si
1679 963 1751 990 illam
1763 963 1899 997 potionem

1109 1005 1241 1039 bibamus,
1256 1013 1314 1040 quae
1328 1006 1412 1040 possit
1425 1007 1495 1034 intus
1510 1007 1611 1042 positos
1625 1015 1729 1036 vermes
1743 1011 1771 1035 et
1788 1015 1901 1043 serpen-

1110 1057 1150 1080 tes
1172 1054 1352 1087 exstinguere.
1375 1053 1465 1087 Ecqua
1489 1054 1563 1088 potio
1584 1054 1629 1081 illa
1651 1058 1702 1086 est,
1723 1054 1822 1089 inquis,
1838 1062 1900 1089 qua:

1110 1102 1210 1124 tantam
1235 1097 1287 1124 vim
1311 1097 1428 1125 habeat?
1451 1098 1588 1126 Pretiosus
1610 1099 1718 1134 sanguis
1738 1099 1849 1132 Christi,
1875 1100 1898 1127 si

1110 1150 1169 1171 cum
1184 1142 1280 1171 ﬁducia
1293 1148 1414 1171 sumatur
1430 1153 1435 1170 :
1452 1145 1560 1172 morbos
1575 1144 1672 1180 quippe
1686 1152 1778 1172 omnes
1795 1146 1899 1173 exstin-

1109 1197 1190 1224 guere
1212 1189 1332 1224 poterit;
1360 1190 1421 1217 huic
1444 1190 1513 1217 adde
1533 1189 1681 1218 divinarum
1702 1191 1898 1226 Scripturarutn

1109 1236 1215 1263 lectioni
1229 1237 1401 1264 attentionem
1412 1257 1419 1269 ,
1434 1236 1548 1272 huicque
1563 1237 1671 1272 adjicias
1683 1238 1897 1274 eleemosynam:

1110 1289 1158 1316 per
1179 1282 1237 1316 haec
1264 1282 1363 1317 quippe
1384 1283 1474 1309 omnia
1501 1283 1636 1318 exstingui
1661 1288 1785 1320 poterunt
1811 1284 1899 1311 morbi

1109 1328 1225 1355 animam
1241 1327 1442 1355 labefactantes.
1456 1328 1582 1363 Turnoque
1593 1329 1679 1356 solum
1694 1329 1825 1362 vivemus,
1836 1336 1899 1357 cum

1107 1372 1163 1408 jam
1186 1380 1239 1400 non
1266 1373 1377 1400 meliore
1397 1372 1552 1400 conditione
1571 1374 1664 1407 simus,
1686 1381 1764 1409 quam
1778 1374 1898 1402 mortui:

1109 1426 1170 1446 nam
1194 1419 1245 1446 illis
1266 1419 1434 1451 viventibus,
1451 1427 1500 1446 nos
1513 1420 1602 1447 vivere
1615 1421 1770 1455 nequimus,
1788 1421 1834 1448 sed
1849 1428 1898 1448 ne—

1109 1465 1225 1492 cessario
1246 1465 1374 1499 perimus.
1397 1464 1452 1492 Nisi
1471 1465 1541 1492 enim
1560 1465 1603 1492 hic
1625 1465 1684 1493 illos
1706 1466 1897 1499 occiderimus,

1110 1509 1165 1537 illic
1180 1517 1228 1537 nos
1247 1510 1358 1537 omnino
1373 1509 1531 1537 iuterﬁcient
1545 1520 1551 1537 :
1566 1511 1621 1538 imo
1632 1516 1660 1538 et
1672 1517 1733 1538 ante
1748 1515 1897 1539 extremum

1108 1555 1210 1582 obitum
1227 1555 1261 1583 de
1274 1556 1350 1583 nobis
1364 1556 1407 1583 hic
1422 1556 1548 1584 ultionem
1562 1561 1678 1584 sument.
1697 1557 1800 1585 Etenim
1814 1566 1898 1585 unus-

1107 1602 1219 1637 quisque
1235 1602 1343 1629 morbus
1364 1602 1562 1636 hujuscemodi,
1585 1603 1699 1630 crudelis
1714 1624 1722 1636 ,
1746 1604 1900 1639 tyrannicus

1107 1653 1135 1675 et
1147 1647 1303 1675 insatiabilis
1314 1652 1369 1681 est,
1386 1655 1436 1675 nec
1450 1655 1498 1675 nos
1517 1649 1634 1683 quotidie
1646 1649 1802 1677 corrodendi
1816 1650 1898 1678 ﬁnem

1108 1693 1172 1720 facit
1185 1702 1191 1719 τ
1207 1701 1267 1720 nam
1283 1693 1377 1721 dentes
1391 1693 1496 1721 leonum
1508 1698 1570 1721 sunt
1587 1694 1681 1722 dentes
1697 1695 1812 1729 ipsorum
1822 1716 1829 1727 ,
1841 1695 1895 1722 imo

1108 1740 1187 1766 etiam
1215 1739 1293 1774 longe
1318 1740 1454 1767 saeviores.
1479 1739 1534 1767 Leo
1558 1740 1657 1775 quippe
1680 1740 1725 1767 tibi
1751 1741 1898 1768 exsatiatus

1107 1786 1202 1818 fuerit,
1227 1794 1240 1812 a
1265 1786 1394 1813 cadavere
1415 1786 1528 1814 discedit
1548 1795 1554 1812 :
1572 1786 1598 1813 hi
1617 1794 1682 1814 vero
1708 1787 1794 1815 morbi
1816 1787 1898 1815 animi

1108 1839 1252 1867 numquam
1272 1833 1413 1864 satiantur,
1437 1839 1524 1867 neque
1545 1837 1660 1865 cessantI
1684 1832 1770 1860 donec
1790 1838 1897 1868 captum

1107 1878 1243 1905 hominem
1263 1877 1370 1905 diabolo
1392 1879 1541 1913 proximum
1560 1880 1713 1906 statuerint.
1726 1879 1809 1907 Tanta
1821 1881 1894 1908 enim

1107 1924 1212 1951 illorum
1226 1923 1265 1950 vis
1280 1927 1339 1957 est,
1364 1929 1394 1950 ut
1414 1931 1493 1958 quam
1513 1924 1668 1951 servitutem
1681 1924 1787 1952 Christo
1801 1925 1898 1953 Paulus

1106 1970 1236 2003 exhibuit,
1253 1970 1287 1996 ita
1298 1974 1327 1996 ut
1340 1974 1448 2004 propter
1462 1969 1534 1996 illum
1549 1970 1575 1997 et
1584 1970 1732 2004 gehennam
1747 1976 1773 1997 et
1786 1979 1897 2005 regnum

1107 2015 1278 2050 despiceret,
1301 2015 1423 2042 eamdem
1444 2014 1527 2049 ipsam
1547 2022 1562 2041 a
1582 2015 1692 2050 captivis
1709 2016 1764 2043 suis
1778 2017 1895 2051 exigant.

1106 2061 1172 2088 Nam
1188 2061 1244 2087 sive
1262 2061 1287 2087 iu
1308 2067 1450 2094 corporum
1462 2081 1468 2092 ,
1490 2060 1546 2087 sive
1565 2060 1592 2087 in
1611 2060 1778 2094 divitiarum,
1800 2061 1856 2088 sive
1870 2062 1896 2089 in

1106 2107 1196 2142 gloriae
1215 2114 1333 2133 amorem
1356 2106 1414 2139 quis
1430 2106 1565 2138 inciderit,
1579 2110 1606 2133 et
1618 2106 1766 2141 gehennam
1782 2107 1895 2140 deridet,

1107 2156 1134 2179 et
1147 2159 1257 2186 regnum
1272 2152 1428 2183 contemnit,
1442 2156 1469 2177 ut
1482 2152 1569 2185 amata
1583 2159 1612 2178 re
1627 2152 1751 2186 potiatur.
1766 2152 1804 2179 Ne
1817 2152 1897 2187 igitur

1106 2197 1189 2225 Paulo
1202 2197 1282 2224 ﬁdem
1296 2188 1543 2231 negemusdiciznti.
1554 2204 1583 2224 se
1590 2195 1722 2224 Christum
1733 2197 1768 2224 ita
1779 2205 1894 2225 amasse.

1110 2242 1172 2270 Cum
1188 2243 1257 2270 enim
1276 2243 1443 2270 inveniantur
1464 2242 1571 2276 quidam
1594 2241 1676 2268 animi
1697 2241 1835 2269 atl‘ectibus
1859 2243 1895 2269 ita

1109 2289 1270 2322 servientes,
1286 2296 1334 2316 cur
1348 2288 1409 2315 illud
1424 2287 1577 2315 incredibile
1591 2287 1668 2314 nobis
1688 2287 1826 2314 videatur?
1851 2288 1896 2314 Et-

1108 2335 1179 2362 enim
1193 2335 1252 2362 ideo
1264 2342 1338 2362 amor
1348 2342 1410 2369 erga
1419 2334 1553 2361 Christum
1569 2334 1699 2360 inlirmior
1708 2338 1759 2366 est,
1770 2333 1830 2367 quia
1842 2337 1894 2360 tota

1109 2381 1146 2407 vis
1161 2386 1250 2408 nostra
1263 2381 1288 2407 in
1300 2381 1423 2407 vitiorum
1437 2387 1527 2406 amore
1538 2379 1703 2406 consumitur
1715 2383 1757 2405 :et
1767 2379 1894 2412 rupimus,

1108 2430 1134 2452 ct
1150 2426 1268 2453 avaritite
1285 2425 1367 2453 dediti
1382 2432 1474 2452 sumus
1484 2446 1491 2457 ,
1508 2430 1534 2452 et
1552 2432 1628 2452 vana:
1641 2425 1731 2459 gloria:
1745 2425 1873 2452 servimus
1884 2445 1892 2458 ,

1107 2479 1158 2506 qua
1173 2471 1236 2505 quid
1257 2471 1334 2498 vilius
1356 2471 1455 2498 fuerit?
1470 2471 1578 2498 Etiamsi
1598 2471 1668 2498 enim
1691 2471 1832 2498 admodum
1857 2471 1893 2498 sis

1107 2518 1281 2552 conspicuus,
1302 2517 1386 2545 nihilo
1407 2518 1501 2545 melior
1514 2518 1567 2546 eris
1589 2518 1621 2545 iis
1643 2517 1687 2552 qui
1703 2517 1800 2544 intimas
1814 2517 1894 2544 sortis

1107 2567 1185 2596 sunt;
1207 2563 1262 2590 imo
1285 2563 1319 2591 ob
1339 2563 1390 2591 hoc
1410 2564 1495 2598 ipsum
1518 2564 1569 2591 illis
1583 2563 1692 2591 inferior
1705 2564 1768 2590 eris.
1781 2563 1893 2597 Quando

1106 2609 1176 2636 enim
1191 2609 1269 2636 iidem
1284 2609 1342 2644 ipsi,
1359 2610 1403 2644 qui
1418 2614 1443 2637 te
1452 2610 1596 2644 gloriosum
1610 2617 1641 2636 ac
1652 2609 1819 2643 splendidum
1829 2608 1892 2636 red-

1107 2654 1169 2681 dere
1190 2654 1314 2686 student,
1337 2655 1372 2682 ob
1387 2655 1438 2682 hoc
1451 2655 1538 2690 ipsum
1553 2660 1579 2682 te
1593 2655 1716 2682 derident
1726 2674 1734 2687 ,
1749 2654 1819 2690 quod
1833 2655 1892 2689 glo-

1106 2699 1172 2726 riam
1187 2700 1220 2726 ab
1234 2700 1298 2734 ipsis
1315 2700 1434 2734 requiras
1444 2721 1453 2733 ,
1472 2700 1605 2735 quomodo
1619 2707 1672 2727 non
1687 2700 1744 2727 hate
1757 2700 1888 2734 cupiditas

1107 2745 1151 2773 tibi
1166 2746 1192 2772 in
1202 2747 1363 2773 contrarium
1376 2747 1515 2774 vertetur?
1526 2746 1592 2774 Nam
1603 2746 1652 2781 illi,
1661 2746 1788 2782 quidquid
1797 2751 1886 2782 agant,

1106 2796 1273 2819 accusatores
1284 2792 1321 2819 tui
1331 2795 1403 2819 sunt.
