2056 3130
158 161 186 187 5|
739 156 770 184 ΙΝ
790 156 938 184 ΜΑΤΤΗΑΞ

1024 157 1138 186 llOMlL.
1160 158 1203 186 ιν.
1751 158 1787 187 52

189 209 230 238 il).
249 209 363 237 Gloriam
381 209 548 242 consequitur
567 210 609 244 qui
629 209 735 245 giarium
750 210 894 236 contemnit.
908 225 944 230 —-

154 254 375 291 Quemadmodum
383 255 457 282 enim
467 255 595 283 adulterio
603 255 642 282 vel
652 254 818 281 fornicationi
823 254 941 282 deditum

154 303 175 329 si
188 301 245 336 quis
257 300 423 333 laudaverit,
443 301 486 327 vel
501 300 550 336 ipsi
574 299 697 327 adulatus
719 299 808 332 fuerit,
830 307 863 327 eo
884 300 943 335 ipso

155 347 236 382 potius
260 352 422 378 accusator,
446 354 526 381 quam
550 346 671 374 laudator
692 346 763 373 illius
777 350 839 374 est:
853 347 892 374 sic
912 351 940 374 et

153 401 224 421 vanae
235 393 328 428 gloriae
341 393 480 427 cupidum,
494 400 554 420 eum
566 392 704 420 laudamus
717 399 820 426 omnes,
834 399 943 420 accusa-

153 446 221 467 tores
240 440 331 474 potius
351 439 410 474 ejus
424 447 505 474 quam
522 439 672 466 laudatores
694 446 794 466 sumus.
810 439 863 467 Cur
877 447 941 475 ergo

154 493 206 513 rem
218 487 327 513 venaris
341 506 348 518 ,
369 486 446 520 cujus
467 486 629 513 contrarium
651 485 697 512 tibi
710 485 779 513 solet
792 485 940 513 accidere?

153 533 215 560 Nam
230 533 253 559 si
267 532 381 568 gloriam
396 532 525 567 consequi
539 532 580 560 vis
590 552 598 566 ,
614 531 725 567 gloriam
738 537 879 560 contemne
889 553 896 564 ,
915 537 942 559 et

153 579 270 606 omnium
296 579 505 614 gloriosissimus
530 578 596 606 eris.
623 577 678 605 Cur
705 577 730 604 id
753 578 852 612 pateris
872 578 942 613 quod

128 652 135 655 _
153 633 246 662 passus
270 631 312 654 est
336 625 601 653 NabuchodonOsor?
628 625 693 652 Nam
716 630 742 652 et
765 626 809 652 ille
830 630 943 652 snatuam

153 671 246 705 erexit,
256 680 289 699 ex
299 672 371 707 ligno
379 672 417 707 (α)
425 677 452 699 et
461 671 649 698 ex‘insensibili
659 670 741 698 forma
750 676 846 706 putans
854 678 884 698 se
894 670 944 697 sibi

153 718 249 746 famam
263 719 468 746 conciliaturum
483 725 560 750 esse,
576 722 603 745 et
614 718 659 753 qui
673 718 746 744 vivus
760 722 818 744 erat
838 725 869 743 ex
891 724 944 743 non

151 765 256 792 vivente
271 764 400 791 illustrior
411 771 540 798 apparere
552 763 686 798 cupiebat.
703 762 796 790 Viden‘
807 762 941 797 ingentem

150 811 302 839 insaniam?
319 811 384 838 Dum
399 811 449 838 sibi
465 815 539 846 putat
553 811 680 839 honorem
695 811 839 839 conciliare
849 833 857 846 ,
872 819 939 839 con-

150 857 287 884 tumeliam
309 857 397 892 potius
411 857 462 885 sibi
478 858 557 892 parit.
573 858 637 884 Dum
650 858 720 885 enim
737 857 842 885 videtur
854 858 941 885 inani-

151 907 228 930 mata:
243 902 282 930 rei
296 903 383 937 magis
394 903 487 936 lidere,
499 911 577 938 quam
592 903 642 931 sibi
655 903 723 938 ipsi,
737 907 765 931 et
775 904 871 930 animm
886 911 942 931 sua;

150 949 259 982 viventi,
273 954 354 983 atque
367 949 427 976 ideo
442 949 541 984 lignum
557 949 583 976 in
599 954 700 976 tantum
716 949 825 977 honoris
835 949 941 977 culmen

152 994 284 1029 provehit.
300 993 436 1029 quomodo
451 1001 504 1021 non
520 995 597 1021 fuerit
611 994 665 1022 risu
681 994 775 1029 dignus
785 1015 793 1026 ,
810 994 872 1022 dum
887 1002 939 1022 non

153 1048 168 1066 a
182 1039 311 1072 moribus,
324 1040 372 1067 sed
385 1040 419 1067 ab
429 1040 564 1067 asseribus
578 1040 666 1068 ornari
689 1041 792 1068 studet?
807 1041 939 1074 Quemad-

152 1085 260 1113 modum
275 1086 297 1112 si
311 1086 371 1121 quis
387 1094 418 1113 ex
435 1086 587 1120 pavimento
601 1086 695 1114 domus
709 1091 755 1113 aut
769 1094 800 1114 ex
824 1087 941 1121 pulchri-

151 1131 243 1158 tudine
266 1131 345 1158 scala:
369 1132 467 1166 suspici
488 1132 573 1164 malit,
591 1139 669 1166 quam
684 1140 716 1159 ex
731 1140 764 1159 eo
778 1132 848 1167 quod
861 1132 941 1159 homo

149 1177 184 1203 sit
198 1185 205 1202 :
221 1176 375 1210 hujusmodi
390 1177 476 1204 virum
497 1177 571 1204 multi
593 1184 663 1204 nunc
678 1178 823 1204 imitantur.
839 1177 937 1211 Quem-

148 1221 291 1248 admodum
311 1222 439 1249 enimille
452 1222 486 1249 ab
499 1222 627 1258 imagine,
643 1223 683 1250 sic
704 1223 748 1251 alii
769 1231 785 1250 a
802 1223 938 1257 vestibus,

148 1267 191 1294 alii
204 1267 239 1294 ab
261 1267 379 1301 :edibus,
403 1275 418 1294 a
442 1268 536 1300 mulis,
560 1275 575 1294 a
598 1269 751 1302 carpentis,
774 1276 790 1295 a
810 1267 941 1296 columnis

148 1320 207 1347 qua:
219 1317 282 1340 sunt
295 1314 319 1340 in
333 1313 467 1346 domibus,
483 1313 508 1341 in
524 1314 701 1341 admiratione
715 1313 806 1342 haberi
820 1315 940 1349 cupiunt.

149 1358 214 1386 Nam
225 1366 287 1386 cum
302 1359 365 1386 illud
378 1380 386 1391 ,
401 1359 472 1394 quod
486 1359 606 1387 homines
620 1360 672 1387 sint
685 1380 693 1392 ,
713 1359 851 1387 amiserint
862 1381 869 1393 ,
885 1362 940 1388 cir-

148 1409 292 1437 cumeunt,
310 1410 339 1432 ut
359 1405 408 1432 sibi
422 1405 528 1433 aliunde
543 1405 654 1440 gloriam
667 1405 750 1432 multo
766 1406 819 1432 risu
832 1406 938 1442 digitum

148 1450 303 1477 concilient.
323 1449 421 1477 Verum
445 1451 566 1485 generosi
583 1450 621 1477 illi
635 1454 664 1478 et
678 1451 766 1485 magni
786 1450 832 1478 Dei
847 1451 954 1478 l‘amuli'

148 1504 202 1523 non
216 1496 294 1527 inde,
310 1496 358 1524 sed
373 1504 406 1524 ex
429 1497 526 1532 quibus
542 1504 591 1532 par
611 1499 686 1530 erat,
707 1496 875 1525 effulserunt.
892 1498 940 1525 Et-

148 1542 221 1569 enim
235 1547 262 1569 et
276 1542 384 1577 captivi,
400 1548 427 1570 et
438 1542 522 1574 servi,
536 1547 563 1570 et
574 1543 686 1576 juvenes
696 1563 703 1576 ,
715 1547 742 1570 et
756 1543 898 1578 peregrini,
912 1549 940 1572 et

147 1587 229 1615 rebus
242 1588 367 1616 omnibus
381 1588 537 1615 domesticis
551 1588 636 1620 vacui,
651 1588 735 1616 multo
748 1589 878 1617 clariores
889 1590 938 1617 visi

149 1637 230 1666 sunt,
252 1641 333 1668 quam
355 1634 373 1661 ii
396 1633 441 1669 qui
461 1634 514 1661 illis
535 1634 658 1662 onmibus
677 1634 832 1662 circumdati
851 1640 938 1662 erant.

147 1678 226 1706 Certe
238 1679 492 1707 Nabuchodonosori
505 1687 554 1707 nec
567 1684 639 1707 tanta
651 1680 695 1708 illa
707 1685 793 1708 statua
805 1701 812 1713 ,
827 1687 876 1707 nec
889 1687 939 1706 sa-

149 1730 232 1759 trapze
242 1745 249 1756 ,
278 1732 328 1752 nec
351 1725 450 1759 duces,
465 1733 513 1753 nec
528 1725 650 1753 immensi
660 1727 803 1758 exercitus,
820 1733 869 1753 nec
881 1725 938 1752 auri

149 1772 190 1798 vis
199 1792 207 1799 .
219 1779 269 1799 uec
282 1772 382 1806 quaevis
396 1772 446 1799 alia
460 1779 554 1807 pompa
565 1793 572 1805 ,
589 1772 734 1799 secundum
748 1772 939 1807 conetipiscen-

149 1817 212 1843 tiam
226 1814 285 1851 ejus
299 1817 376 1844 fuere
390 1818 466 1849 satis,
482 1822 511 1844 ut
524 1825 636 1852 magnus
650 1823 807 1852 appareret;
822 1818 864 1845 his
873 1825 938 1845 vero

148 1863 192 1895 qui
204 1862 255 1889 illis
265 1862 391 1890 omnibus
400 1862 520 1890 destituti
530 1867 618 1893 erant.
628 1863 684 1890 sola
694 1863 859 1898 philosophia
874 1863 938 1890 satis

149 1908 195 1935 fuit
211 1917 217 1935 :
231 1916 291 1943 quae
304 1909 350 1936 illo
363 1909 407 1944 qui
426 1909 576 1937 diademate
589 1914 616 1937 et
630 1917 747 1945 purpura
766 1913 875 1937 ornatus
887 1930 895 1942 ,
910 1913 939 1937 et

150 1959 186 1981 tot
199 1955 259 1982 aliis
271 1954 467 1990 circumseptus
481 1960 556 1987 erat,
578 1963 625 1983 eos
644 1956 689 1991 qui
703 1955 769 1983 nihil
784 1963 877 1984 eorum
889 1956 938 1983 "na—

149 2000 258 2032 hebant,
275 2005 349 2028 tanto
370 1994 564 2035 splendid-iores
584 2001 713 2035 faciebat,
726 2007 826 2037 quanto
841 2002 881 2029 sol
898 2007 939 2029 est

149 2046 302 2076 margarita‘
318 2046 492 2080 splendidior.
507 2046 611 2074 Etenim
626 2047 652 2073 in
669 2047 786 2075 medium
798 2047 870 2075 orbis
881 2048 939 2075 uni-

147 2090 216 2118 versi
233 2090 435 2118 adducebantur
446 2091 557 2125 juvenes
569 2112 576 2124 ,
592 2091 689 2126 captivi
702 2112 712 2124 ,
733 2092 826 2125 servi,
850 2092 935 2127 iisque

147 2136 266 2163 adductis
287 2136 377 2163 statim
393 2143 441 2164 rex
461 2136 548 2171 ignem
570 2136 603 2164 ab
622 2137 707 2164 oculis
718 2138 873 2171 emittebat,
888 2137 934 2165 ad-

146 2183 277 2210 stantibus
290 2182 414 2216 ducibus,
430 2183 575 2218 toparchis,
588 2184 751 2218 principibus
766 2192 796 2212 ac
808 2189 863 2212 toto
874 2184 934 2212 dia-

148 2226 198 2253 buli
212 2228 328 2260 theatro,
342 2228 405 2255 dum
420 2236 472 2255 vox
488 2228 634 2256 fistularum
652 2236 683 2257 ac
699 2229 822 2257 tubarum
835 2230 935 2257 omnis-

145 2281 197 2307 que
218 2274 312 2301 musici
334 2274 503 2302 instrumenti
517 2275 550 2302 ad
565 2275 659 2302 callum
677 2283 761 2310 usque
773 2275 932 2308 ascendens,

146 2319 251 2347 illorum
264 2321 373 2348 auribus
385 2324 551 2355 personaret.
566 2320 671 2348 Fornax
684 2321 895 2349 succendebatur
907 2326 934 2349 et

145 2366 251 2393 ﬂamma
266 2367 299 2394 ad
322 2367 480 2394 immensam
502 2366 668 2394 altitudinem
688 2374 773 2402 usque
794 2367 828 2394 ad
849 2367 934 2395 nubes

145 2412 326 2445 ascendebat,
353 2411 445 2439 omnia
468 2416 541 2439 metu
565 2415 718 2447 terroreque
745 2412 822 2447 plena
846 2418 932 2440 erant.

146 2458 243 2485 Verum
264 2458 324 2485 illos
339 2458 448 2492 quidem
462 2457 527 2485 nihil
541 2458 635 2485 horum
654 2459 801 2491 exterruit;
821 2459 869 2486 sed
884 2459 933 2486 ad-

146 2509 245 2532 stantes
257 2505 332 2539 quasi
343 2503 466 2540 ludentes
478 2511 574 2538 pueros
588 2503 749 2536 deriserunt,
766 2504 932 2531 ac‘virtutem

148 2550 431 2585 mansuetudinemque
442 2556 517 2577 suam
533 2549 717 2583 ostenderunt,
733 2549 852 2585 ipsisque
861 2549 932 2577 tubis

180 2695 215 2726 (tt)
230 2694 272 2719 Hic
283 2692 470 2726 memoria‘lalii
487 2692 581 2726 videtur
600 2692 794 2726 Chrysostomus,
812 2699 869 2726 cum
882 2692 942 2726 dicit

149 2723 247 2750 statuam
264 2725 328 2750 illam
344 2731 359 2749 a
372 2723 605 2755 Nabuchodonosore
625 2723 712 2748 faetam
728 2730 761 2748 ea;
777 2723 841 2755 ligno
857 2723 940 2748 fuisse.

150 2760 202 2781 Nam
213 2763 285 2780 aurea
297 2755 339 2780 illa
352 2756 378 2779 in
389 2753 572 2785 exemplaribus
580 2755 692 2779 omnibus
702 2753 834 2784 Hebraicis,
842 2755 938 2785 Graecis,

151 2787 234 2812 Latinis
243 2787 319 2811 fuiﬁe
328 2786 430 2811 dicitur.

160 2819 351 2874 _c';la'lallll:.s'fipu
363 2824 415 2843 non
427 2818 496 2849 [auct
507 2816 600 2849 tegunt,
618 2816 676 2847 tuto,
687 2823 739 2849 pro,
751 2816 892 2849 margarita.
909 2820 935 2844 Β

160 2863 165 2873 ι
209 2856 232 2874 111
248 2856 254 2873 Ι
295 2865 303 2874 ι

146 2855 179 2873 διε
188 2855 303 2874 amantis.

1005 212 1143 240 clariorem
1156 213 1310 241 emittentes
1321 220 1414 242 vocem
1429 213 1552 243 dicebant
1563 225 1571 243 :
1584 215 1681 243 Notam
1693 217 1725 245 sit
1733 218 1788 252 tibi,

1003 266 1048 285 rea;
1063 257 1149 294 (Dan.
1166 259 1192 286 5.
1208 258 1242 286 η
1252 259 1272 293 ).
1294 258 1469 294 Ναιυθνθηίηι
1484 261 1572 289 verbis
1586 266 1726 297 tyrannum
1739 263 1799 291 de--

1004 303 1147 332 honestare
1161 304 1294 338 volebant;
1310 305 1472 333 sed'tantum
1488 307 1612 341 pietatem
1627 314 1701 335 suam
1714 309 1790 336 exhi‘

1001 350 1074 378 bere.
1091 351 1257 386 Quapropter
1275 359 1328 378 non
1349 351 1441 387 longis
1456 353 1624 381 sermonibus
1645 359 1706 381 sunt
1727 355 1766 381 usi
1779 375 1787 388 ,

1003 397 1050 424 sed
1066 397 1157 431 paucis
1169 401 1265 424 cuncta
1279 397 1447 425 declararunt
1462 407 1469 425 :
1484 397 1548 431 Est,
1564 399 1683 434 inquiunt
1694 421 1701 432 ,
1717 399 1795 427 Deum

1000 442 1027 468 in
1042 442 1113 475 uelo,
1128 442 1171 476 qui
1184 447 1262 477 potest
1276 451 1418 470 nos-eruere
1427 442 1509 476 (Ibid.
1521 451 1544 470 υ.
1559 440 1615 479 1⁵1).
1630 445 1697 478 Quid
1713 445 1789 472 nobis

1002 491 1100 513 tantam
1121 487 1314 515 multitudinem
1329 488 1464 515 ostendis?
1476 489 1537 524 quid
1552 488 1707 517 fornacem?
1723 491 1801 525 quid:

1001 533 1103 567 gladios
1120 538 1230 566 acutos,
1255 533 1317 568 quid
1333 533 1465 561 terribiles
1487 534 1720 569 illossatellites?
1741 536 1802 563 llis»

998 578 1121 606 omnibus
1137 579 1259 613 superior
1271 585 1298 607 et
1318 580 1451 614 potentior
1470 585 1511 607 est
1530 581 1668 608 Dominus.
1686 581 1787 609 Deinde

997 624 1144 658 cogitantes
1157 625 1314 659 contingere
1334 633 1412 660 posse
1429 626 1512 653 Deum
1528 627 1645 654 ita-velle
1655 647 1663 659 ,
1680 635 1711 654 ae
1727 634 1787 662 per-

998 669 1104 696 mittere
1130 674 1158 696 ιιι.
1182 670 1232 704 ipsi
1253 671 1501 704 comburerentur;
1521 679 1556 699 ne
1579 672 1625 699 illo
1648 672 1788 700 accidente

998 713 1152 741 viderentur
1166 715 1310 743 mendacia
1319 716 1419 751 loquuti
1432 724 1502 750 esse,
1515 718 1565 745 hoc
1575 718 1655 746 etiam
1668 718 1785 746 addunt:

1000 759 1074 791 Quod
1088 761 1110 787 si
1120 761 1166 787 hoc
1179 769 1230 787 mm
1242 761 1288 795 ﬁat
1298 782 1306 795 ,
1320 767 1408 789 notum
1421 763 1453 790 sit
1472 763 1516 790 tibi
1534 771 1579 791 nos
1597 763 1656 791 deos
1669 768 1725 792 tuo;
1737 773 1798 792 non:

998 806 1078 833 colere
1089 806 1170 840 (Dan.
1179 808 1204 835 5.
1221 807 1277 842 18).

1033 852 1077 879 il.
1097 852 1124 880 Si
1139 853 1210 880 enim
1223 853 1364 886 dixissent,
1378 854 1495 882 Deus-ob
1510 860 1685 890 peccataxnon
1706 861 1792 884 emet-

998 904 1057 930 nos,
1071 898 1141 932 quod
1155 899 1180 925 si
1193 906 1244 925 non
1259 899 1366 934 eripiat,
1381 900 1445 928 ﬁdes
1460 901 1524 935 ipsis
1539 909 1591 928 non
1612 901 1700 930 habita
1723 902 1797 930 fuisv

997 948 1048 970 set.
1065 943 1126 970 Ideo
1141 943 1183 971 hic
1194 944 1258 972 illud
1274 949 1376 977 tacent;
1392 946 1418 973 id
1432 954 1497 973 vero
1507 946 1600 974 dicunt
1621 947 1647 974 in
1666 946 1791 979 formica,

997 987 1211 1023 frequentissime
1225 995 1332 1025 peccata
1347 997 1599 1020 commemorantes.
1613 992 1709 1019 Coram
1725 1000 1788 1028 rego

996 1039 1084 1062 autem
1099 1035 1165 1062 nihil
1178 1037 1329 1070 bujusmodi
1339 1044 1347 1070 ;
1358 1037 1405 1065 sed
1420 1038 1525 1066 etiamsi
1536 1038 1711 1067 oomburendi
1722 1039 1787 1071 sint.

996 1081 1066 1116 piam
1080 1082 1234 1116 religionem
1246 1089 1276 1110 se
1289 1090 1341 1110 non
1356 1083 1507 1118 prodituros
1527 1091 1587 1112 esse
1605 1084 1707 1112 dicunt.
1728 1079 1788 1112 Non

995 1127 1066 1154 enim
1082 1134 1129 1161 pro
1144 1127 1320 1156 retributione
1334 1132 1414 1164 atque
1429 1129 1553 1157 mercede
1565 1129 1591 1157 id
1604 1130 1728 1165 agebant,
1739 1130 1788 1158 sed

995 1179 1029 1200 ex
1041 1172 1097 1199 sola
1112 1174 1222 1200 caritate
1236 1182 1244 1200 :
1258 1174 1362 1201 etiamsi
1377 1175 1403 1201 in
1417 1175 1570 1210 captivitate
1582 1175 1645 1203 etin
1658 1175 1788 1204 servitute

992 1223 1095 1251 essent,
1105 1218 1179 1246 nullo
1192 1219 1309 1247 fruentes
1323 1220 1403 1247 bono.
1415 1219 1480 1248 Nam
1494 1221 1614 1255 etpatria
1623 1226 1651 1249 et
1665 1221 1789 1249 libertate

996 1267 1025 1290 et
1036 1263 1160 1291 omnibus
1170 1263 1249 1291 bonis
1267 1265 1431 1293 exciderant.
1453 1265 1492 1293 Ne
1505 1266 1571 1293 mihi
1591 1266 1662 1294 enim
1686 1267 1746 1294 illos
1759 1267 1786 1294 in

998 1309 1081 1344 regali
1093 1309 1152 1337 aula
1167 1317 1364 1338 commemores
1382 1310 1509 1339 honores.
1524 1311 1591 1340 Cum
1609 1312 1681 1339 enim
1702 1313 1793 1340 sancti

996 1359 1024 1383 et
1030 1355 1094 1390 justi
1105 1361 1205 1389 essent,
1216 1357 1444 1385 sexcentiesdomi
1458 1358 1554 1393 stipem
1568 1365 1663 1394 cogere
1676 1358 1795 1386 maluis-

996 1405 1067 1433 sent,
1083 1405 1111 1428 et
1128 1402 1217 1437 templi
1230 1402 1309 1431 bonis
1322 1402 1393 1430 frui:
1409 1402 1483 1438 Etegi
1496 1403 1568 1431 enim
1578 1424 1586 1437 ,
1602 1404 1702 1439 inquit,
1715 1405 1787 1438 obje-

996 1455 1050 1479 ctus
1061 1459 1114 1478 esse
1123 1459 1149 1478 in
1163 1451 1238 1478 domo
1250 1449 1300 1477 Dei
1315 1449 1382 1482 mei,
1396 1449 1477 1484 magis
1490 1457 1566 1483 quam
1578 1449 1690 1475 habitare
1705 1450 1732 1475 tu
1745 1452 1794 1475 ta»

995 1498 1136 1524 bernaer
1149 1500 1306 1532 peccatorum
1319 1495 1329 1532 (
1342 1495 1415 1523 Psal.
1428 1495 1473 1523 85.
1489 1495 1520 1522 il
1538 1495 1563 1530 );
1578 1499 1622 1528 et,
1638 1494 1731 1521 Melior
1747 1499 1791 1521 eu-

995 1544 1049 1571 ἀίει
1063 1551 1115 1571 una
1123 1543 1149 1570 in
1162 1543 1234 1570 atriis
1246 1543 1294 1569 tuis
1308 1550 1383 1577 super
1393 1541 1474 1569 millia
1483 1540 1586 1577 (ΗΜ).
1598 1540 1687 1574 Longe
1696 1539 1792 1576 potius

996 1596 1061 1624 ergo
1073 1588 1229 1616 maluissent
1238 1587 1335 1623 objecti
1348 1594 1407 1615 esse
1417 1586 1594 1622 domi,quam
1608 1585 1634 1613 in
1649 1585 1787 1621 Babylone

995 1642 1119 1670 regnare.
1133 1633 1162 1661 ld
1172 1633 1242 1669 quod
1254 1633 1342 1668 palam
1357 1637 1399 1660 est
1408 1640 1441 1660 ex
1454 1633 1487 1659 iis
1498 1638 1558 1667 quae
1572 1631 1598 1659 in
1616 1630 1724 1659 fornace
1736 1630 1786 1658 de-

994 1681 1107 1713 clarant,
1122 1689 1192 1716 aegre
1203 1688 1234 1708 se
1243 1680 1314 1708 ferre
1325 1687 1423 1714 nempe
1440 1678 1631 1706 habitationem
1645 1677 1787 1714 Babyloni-

994 1734 1065 1755 cam.
1079 1727 1135 1754 Etsi
1148 1726 1219 1754 enim
1232 1726 1287 1754 illic
1301 1725 1384 1752 multo
1399 1724 1550 1752 fruerentur
1562 1723 1675 1756 honore,
1690 1730 1787 1758 magno

995 1773 1064 1809 ipsis
1074 1772 1161 1801 dolori
1174 1776 1250 1800 erant
1262 1776 1432 1802 ceterorum.
1446 1777 1513 1805 quas
1525 1770 1574 1805 ipsi
1590 1769 1725 1801 videbant.
1738 1776 1786 1796 ca-

996 1818 1147 1846 lamitates:
1162 1817 1233 1853 quod
1251 1816 1352 1844 sanctis
1365 1816 1483 1844 maxime
1501 1815 1639 1850 proprium
1659 1819 1711 1848 est,
1733 1822 1786 1842 non

995 1864 1116 1899 gloriam,
1133 1871 1186 1890 non
1196 1863 1337 1895 honorem,
1346 1869 1400 1890 non
1412 1861 1486 1889 aliud
1498 1861 1642 1897 quidquam
1651 1860 1787 1896 proximo—

995 1917 1056 1937 rum
1069 1903 1148 1936 saluti
1171 1912 1345 1942 anteponere.
1359 1906 1426 1934 Vide
1448 1906 1528 1942 igitur
1541 1905 1675 1941 quomodo
1692 1905 1719 1932 in
1733 1904 1787 1932 for-

997 1962 1063 1982 nace
1084 1962 1134 1990 pro
1156 1954 1228 1981 omni
1246 1953 1345 1988 populo
1360 1952 1551 1987 supplicarent.
1565 1951 1620 1979 Nos
1642 1956 1731 1979 autem
1752 1959 1788 1979 ne

995 2000 1101 2035 quidem
1114 2007 1175 2026 cum
1186 1998 1328 2034 tranquille
1341 1997 1456 2033 agimus,
1468 1996 1579 2024 fratrum
1595 1996 1785 2024 recordamur:

995 2051 1093 2074 etcum
1119 2045 1222 2073 somnia
1242 2044 1421 2079 explorarent,
1437 2050 1490 2070 non
1514 2049 1573 2075 sua,
1601 2041 1648 2070 sed
1673 2041 1786 2069 aliorum

995 2092 1137 2120 commoda
1159 2093 1185 2118 in
1206 2099 1288 2126 scopo
1310 2091 1465 2119 habebant:
1481 2090 1553 2125 quod
1575 2089 1647 2117 enim
1671 2094 1786 2116 mortem

996 2142 1216 2170 contemnerent,
1242 2137 1334 2164 multis
1354 2142 1447 2171 postea
1472 2136 1652 2164 declararunt.
1682 2134 1788 2170 Ubique

997 2189 1087 2212 autem
1105 2187 1204 2219 praesto
1217 2187 1278 2211 sunt
1297 2182 1378 2209 Deum
1392 2182 1498 2217 placare
1520 2181 1668 2209 studentes.
1684 2179 1786 2207 Deinde

995 2231 1057 2266 quia
1070 2238 1100 2259 se
1111 2238 1164 2258 non
1178 2229 1212 2257 ad
1227 2229 1253 2257 id
1268 2229 1391 2257 sufﬁcere
1405 2228 1544 2263 putabant,
1560 2227 1594 2254 ad
1612 2231 1703 2262 patres
1720 2234 1786 2254 con-

995 2278 1117 2313 fugiunt:
1132 2276 1183 2312 ipsi
1198 2280 1287 2303 autem
1308 2282 1361 2302 non
1381 2274 1452 2301 aliud
1466 2273 1564 2300 atl‘erre
1582 2273 1686 2306 dicunt,
1706 2279 1786 2307 quam

995 2323 1116 2358 spiritum
1127 2322 1281 2350 contritum.
1296 2321 1352 2348 ﬂos
1362 2320 1454 2355 itaque
1465 2324 1492 2347 et
1502 2327 1550 2347 nos
1563 2319 1705 2346 imitemur.
1719 2318 1785 2346 Nam

995 2369 1074 2397 etiam
1088 2375 1159 2396 nunc
1168 2371 1220 2395 stat
1231 2373 1312 2394 aurea
1325 2366 1422 2401 imago,
1436 2371 1566 2392 mamonae
1579 2371 1675 2398 nempe
1696 2369 1787 2400 tyran-

995 2415 1047 2443 nis.
1061 2414 1113 2442 Sed
1126 2421 1180 2442 non
1200 2413 1368 2441 attendamus
1392 2411 1537 2448 tympanis,
1558 2418 1612 2438 non
1627 2411 1715 2444 tibiis,
1731 2417 1786 2437 non

994 2461 1094 2497 cinyris
1106 2481 1113 2494 ,
1138 2468 1191 2488 non
1219 2460 1321 2495 reliquo
1340 2458 1498 2487 divitiarum‘
1519 2457 1656 2492 apparatni
1672 2464 1783 2484 :verum

995 2507 1099 2544 etiamsi
1115 2506 1141 2533 in
1155 2505 1317 2541 paupertatis
1326 2504 1461 2532 fornacem
1476 2502 1595 2530 incidere
1609 2506 1740 2537 oporteat.
1757 2502 1788 2530 id

992 2558 1081 2594 potius
1095 2557 1252 2592 deligamus,
1272 2561 1343 2583 utne
1364 2555 1451 2591 ipsum
1465 2554 1618 2586 adoremus,
1638 2557 1667 2580 et
1684 2551 1736 2579 erit
1754 2558 1782 2578 In

995 2604 1083 2632 medio
1102 2603 1217 2632 fornacis
1239 2610 1284 2630 ros
1298 2602 1420 2630 sibilans.
1433 2601 1472 2629 Ne
1493 2603 1583 2636 itaque
1598 2602 1783 2635 tiaupertatem

995 2655 1162 2684 horreamus,
1171 2649 1232 2677 dum
1245 2649 1377 2677 fornacem
1388 2647 1511 2675 audimus
1524 2647 1545 2676 ¹.
1556 2646 1622 2674 Nam
1634 2649 1696 2674 tunc
1702 2645 1784 2673 etiam

1022 2781 1031 2795 ί
1049 2783 1075 2804 tn
1086 2775 1156 2803 savil.
1174 2779 1201 2800 et
1217 2773 1308 2805 aliquot
1325 2775 1378 2806 |_lss.
1391 2770 1492 2802 legitur,
1502 2768 1623 2806 neigitttr
1636 2768 1782 2806 ingemuit:

991 2799 1145 2845 ρωῷῖίῖιὶξ
1150 2799 1280 2845 Γοψξξεώ.
1292 2802 1338 2829 Sed
1357 2799 1475 2834 pres'tare
1487 2799 1582 2826 videtur
1595 2799 1670 2825 lectio
1680 2799 1783 2830 Norelli,

992 2837 1046 2877 [lite
1057 2844 1082 2868 in
1093 2842 1162 2866 textu
1172 2837 1246 2869 jacet.
