2056 3130
251 161 287 190 53
595 159 624 187 S.
643 157 784 186 IOANNIS
803 156 1045 185 CllRYSOSTOlﬂ
1063 156 1224 185 ARCHlEP.
1243 157 1514 185 CONSTANTINOP.
1835 159 1872 188 δι

247 214 266 241 it
277 211 359 249 quiin
376 207 510 240 fornacem
527 210 678 238 incideram
692 210 853 238 illustriores
868 209 955 237 effecti
970 211 1036 244 :qui

247 264 336 288 autem
358 263 472 286 statuam
491 257 677 289 adoraverunt,
699 256 780 284 occisi
802 259 874 284 sunt.
897 254 951 283 Sed
974 259 1037 282 tunc

247 307 337 335 omnia
356 306 435 334 simul
450 303 519 333 facta
533 309 612 338 sunt;
628 311 699 332 nunc
713 311 778 332 vero
796 303 847 331 alia
870 302 924 336 hic,
944 302 995 330 alia
1010 303 1036 331 in

247 354 336 382 futuro
350 352 459 385 saeculo,
473 352 523 379 alia
536 355 563 379 et
581 350 626 378 hic
646 354 674 378 et
694 350 720 377 in
739 349 827 377 futuro
839 348 949 377 saeculo.
971 348 1037 376 Nam

247 400 304 435 qui,
317 407 352 428 ne
365 405 516 426 mamonam
529 396 681 429 adorarent,
696 399 878 430 paupertatem
889 394 1037 430 elegerunt,

247 451 276 474 et
288 446 332 473 hic
344 450 371 473 et
382 444 436 472 illic
449 442 644 478 splendidiores
655 446 735 470 erunt
747 450 754 468 :
769 441 814 477 qui
833 448 898 469 vero
916 441 958 468 hic
971 440 1039 476 inju-

224 508 227 510 -
248 497 291 520 ste
302 491 409 519 divitias
424 489 610 526 possederunt,
624 492 687 515 tunc
698 493 832 516 extremas
845 487 920 514 luent
932 493 1036 521 pronas.

249 538 290 566 Ex
303 538 353 565 hac
367 537 476 565 fornace
485 535 603 563 Lazarus
615 534 692 567 exiit,
707 541 762 561 non
777 533 866 561 minus
879 533 1039 568 conspicuus

248 593 328 621 quam
349 589 405 612 tres
423 583 463 610 illi
481 581 577 621 pueri;
592 580 666 608 dives
689 583 789 613 autem,
813 575 858 614 q'ui
870 578 1039 606 adorantium

249 636 365 660 statuam
380 630 463 658 instar
476 629 537 662 fuit,
551 628 583 655 ad
597 627 747 663 gehennam
760 625 900 654 damnatus
912 625 1040 653 est.Nam

249 686 310 714 qua
324 677 393 705 dicta
407 679 480 708 sunt,
494 675 577 710 ﬁgura
591 673 700 701 illorum
713 676 798 700 erant.
814 671 848 700 Ut
863 671 944 707 igitur
956 672 975 699 ii
995 672 1040 707 qui

250 725 278 752 in
292 723 428 752 fornacem
445 720 612 753 inciderunt,
631 718 698 746 nihil
718 719 790 753 passi
808 722 888 751 sunt;
911 718 955 754 qui
977 726 1041 747 vero

250 771 316 799 foris
328 773 414 802 erant,
428 774 523 804 magna
531 774 592 795 cum
605 765 774 793 vehementia
790 769 853 792 sunt
863 765 965 800 abrepti
979 773 987 792 :
1003 765 1042 793 sic

250 822 279 846 et
292 822 354 844 tunc
366 815 435 848 erit;
450 813 536 841 sancti
547 813 590 848 qui
604 819 652 847 per
663 811 773 839 ﬂuvium
785 811 891 846 igneum
904 810 1042 846 incedunt,

252 864 318 892 nihil
332 864 466 898 ingratum
490 860 634 896 patientur,
654 858 702 886 sed
724 858 778 886 laeti
799 857 1041 893 apparebunt;qui

251 915 341 938 autem
361 908 503 943 imaginem
534 906 731 939 adoraverunt,
755 904 842 940 ignem
866 903 995 931 videbunt
1015 904 1041 931 in

251 965 282 985 se
294 956 386 991 quavis
398 955 451 982 fera
464 953 561 981 suvius
571 952 727 984 irruentem,
738 954 765 977 et
774 950 845 977 intus
852 949 1040 977 attrahentem.

253 1005 344 1039 itaque
356 1003 378 1030 si
389 1001 448 1037 quis
461 1000 611 1036 gehennam
622 1005 675 1025 non
688 996 783 1030 credit,
795 997 863 1024 hanc
876 996 969 1024 videns
987 996 1041 1024 for.

253 1051 357 1077 uacem,
370 1051 385 1071 a
402 1043 575 1078 praesentibus
590 1043 677 1070 futura
695 1041 807 1069 credere
819 1040 938 1072 ediscat,
959 1046 991 1067 ac
1005 1046 1040 1066 ne

251 1091 344 1119 timeat
361 1089 525 1125 paupertatis
551 1088 696 1119 fornacem.
721 1086 767 1114 sed
792 1087 880 1121 potius
901 1085 1038 1113 fornacem

251 1136 364 1172 peccati.
382 1135 444 1163 Hiec
457 1135 528 1162 enim
549 1139 576 1162 et
589 1133 695 1162 ﬂamma
710 1137 737 1160 et
752 1132 830 1160 dolor
843 1139 899 1164 eSt;
912 1131 956 1159 illa
976 1138 1040 1158 vero

253 1187 336 1210 roset
344 1182 460 1217 requies.
484 1181 512 1209 in
530 1181 574 1209 illa
590 1181 698 1208 fornace
718 1183 772 1207 stat
785 1179 921 1211 diabolus;
944 1179 970 1206 in
991 1178 1040 1205 hac

250 1228 337 1264 angeli
351 1228 517 1256 excutientes
529 1226 675 1254 ﬂammam.

287 1274 332 1302 12.
351 1273 414 1301 Haec
426 1272 537 1300 audiant
547 1272 653 1305 divites,
667 1271 712 1306 qui
725 1270 889 1306 paupertatis
906 1270 1038 1297 ﬂammam

251 1319 411 1347 accendunt.
439 1317 605 1353 Pauperibus
630 1317 701 1345 enim
721 1316 788 1344 nihil
809 1316 952 1348 nocebunt,
978 1322 1040 1342 rore

251 1369 317 1404 ipsis
333 1367 556 1403 superveniente:
571 1373 601 1394 se
615 1372 679 1393 vero
692 1365 764 1400 ipsos
784 1363 898 1391 ﬂammis
916 1362 1038 1395 tradent,

250 1422 317 1450 quas
327 1415 376 1450 ipsi
388 1413 504 1450 propriis
525 1412 649 1440 manibus
665 1411 856 1439 accenderunt.
873 1409 948 1437 Tunc
959 1416 1041 1444 ange-

249 1461 292 1489 lus
302 1460 439 1489 descendit
452 1460 485 1487 ad
498 1467 595 1494 pueros
605 1467 613 1492 ;
623 1459 683 1494 jam
693 1466 757 1486 vero
770 1463 819 1486 nos
834 1457 868 1485 ad
885 1465 943 1489 eos,
954 1457 999 1492 qui
1012 1457 1039 1484 iu

250 1507 359 1534 fornace
372 1505 538 1542 paupertatis
548 1509 624 1538 sunt,
640 1504 848 1537 descendamus,
862 1507 890 1531 et
908 1510 956 1538 per
967 1503 1039 1530 elee-

250 1559 389 1588 mosynam
403 1559 492 1580 rorem
506 1552 650 1587 pariamus,
664 1550 851 1586 ﬂammamque
864 1550 1037 1583 excutiamus,

249 1603 350 1627 utcum
368 1599 420 1626 illis
435 1605 593 1626 coronarum
614 1597 697 1624 simus
717 1601 875 1628 consortes;
891 1601 972 1631 utque
991 1604 1050 1631 εει

250 1645 345 1672 henuae
367 1643 499 1671 ﬂammam
523 1643 622 1671 Christi
636 1650 685 1670 vox
699 1642 815 1670 excutiat
831 1642 922 1669 dicens
936 1662 944 1674 ,
968 1641 1036 1669 Esu-

248 1692 354 1718 riemem
368 1698 408 1717 me
420 1689 526 1723 vidistis,
541 1694 565 1716 et
581 1689 684 1725 paviatir
698 1690 708 1724 (
722 1688 816 1716 Matth.
831 1688 879 1715 25.
892 1688 927 1715 '55
940 1687 962 1723 ).
976 1687 1038 1715 llaec

249 1736 321 1764 enim
334 1743 387 1763 vox
414 1740 477 1763 tunc
492 1735 569 1764 nobis
592 1742 641 1770 pro
661 1741 723 1763 rore
744 1734 830 1761 aderit
853 1740 901 1768 per
924 1733 1038 1761 mediam

248 1783 382 1811 ﬂammam
394 1781 515 1810 sibilans.
531 1781 729 1810 Desceadamus
749 1781 837 1816 itaque
847 1788 907 1808 cum
923 1780 1039 1808 eleemo-

248 1832 314 1865 syna
340 1829 366 1856 in
395 1828 528 1856 fornacem
558 1826 721 1862 paupertatis
741 1826 900 1854 :vidoamus
924 1825 1040 1860 philoso-

250 1874 363 1910 phantes
381 1874 440 1902 illos
452 1874 497 1909 qui
512 1873 543 1901 in
552 1874 609 1908 ipsa
630 1873 768 1900 ambulant
779 1892 786 1905 ,
801 1877 828 1899 et
842 1865 1039 1899 carbones'cal-

248 1925 312 1949 cant
334 1921 369 1947 ιε
392 1921 530 1948 videamus
554 1928 611 1948 rem
633 1927 728 1947 novam
755 1923 835 1953 atque
861 1918 1036 1953 stupendam,

248 1966 384 1994 hominem
408 1966 435 1994 in
461 1966 568 1994 fornace
589 1965 757 2000 psallentem,
773 1964 908 1991 hominem
930 1963 957 1990 in
977 1963 1038 1998 igne

247 2012 346 2048 gratias
358 2016 490 2048 agentem,
504 2015 621 2039 extrema
636 2011 724 2045 inopia
737 2010 932 2046 colligatum,et
941 2010 1038 2038 multas

247 2058 355 2086 Christo
368 2058 462 2086 laudes
479 2057 651 2085 referentem.
665 2057 770 2084 Etenim
783 2057 873 2092 pueris
892 2056 944 2084 illis
958 2063 1038 2090 pares

247 2104 334 2132 suntii
347 2104 393 2140 qui
401 2107 583 2139 paupertatem
595 2096 657 2131 cum
669 2102 812 2138 gratiarum
822 2102 926 2129 actione
937 2101 1035 2129 ferunt.

282 2181 290 2198 ι
309 2181 366 2211 Alii.
376 2185 399 2208 et
409 2181 522 2213 superbas
530 2180 707 2213 catcant.,lul‘ra
714 2180 821 2213 quidam,
829 2178 917 2205 omitas
927 2183 979 2205 Deo
985 2178 1037 2205 tau-

247 2208 301 2238 des.
313 2208 365 2244 pro,
378 2208 465 2238 mtdtus
476 2212 569 2238 Christo
580 2211 672 2237 laudes.

1092 210 1159 238 Nam
1172 211 1234 247 igne
1247 210 1390 238 terribilior
1403 215 1444 238 est
1455 209 1621 243 mendicitas,
1640 210 1775 245 magisque
1786 209 1878 236 incen-

1091 255 1156 284 dere
1166 256 1243 284 solet.
1263 255 1314 284 Sed
1337 255 1442 283 ﬂamma
1466 261 1563 290 pueros
1586 254 1647 282 illos
1668 261 1721 282 non
1747 254 1877 289 incendit,

1091 310 1184 330 verum
1209 303 1270 337 quia
1296 303 1394 338 gratias
1421 302 1533 330 Domino
1555 301 1748 335 reddiderunt,
1773 302 1877 330 vincula

1091 357 1209 384 ipsorum
1222 349 1310 377 subito
1319 349 1405 376 soluta
1415 352 1487 376 sunt.
1500 347 1537 375 ita
1551 351 1578 375 et
1590 354 1671 381 nunc,
1685 348 1707 375 si
1728 348 1754 375 in
1766 355 1879 383 pauper-

1092 399 1173 423 tatem
1185 395 1274 430 lapsus
1287 395 1384 430 gratias
1394 401 1467 429 agas,
1476 393 1578 421 vincula
1587 393 1724 420 solvuntur
1733 398 1760 421 et
1771 393 1877 421 ﬂamma

1091 441 1281 476 exstinguitur;
1297 440 1319 468 si
1335 447 1388 467 non
1401 440 1581 474 extinguatur,
1604 438 1630 466 id
1643 439 1713 474 quod
1728 439 1878 466 mirabilius

1091 490 1143 519 est,
1158 494 1205 522 pro
1216 486 1319 514 ﬂamma
1332 485 1392 514 fons
1403 485 1516 513 efficitur
1525 484 1536 499 ’
1546 493 1554 517 ;
1565 484 1634 519 quod
1649 488 1711 512 tunc
1721 485 1800 512 etiam
1811 492 1878 512 con-

1092 532 1149 567 tigit
1165 541 1172 558 :
1188 539 1249 559 nam
1264 532 1290 559 in
1313 531 1401 559 media
1415 531 1522 558 fornace
1542 538 1604 558 rore
1623 537 1690 565 puro
1711 530 1877 558 fruebantur.

1092 577 1179 613 Ignem
1193 577 1299 612 quidem
1324 585 1377 605 non
1399 577 1535 608 exstinxit.
1550 576 1597 604 scd
1612 584 1645 604 ne
1659 577 1879 604 comburerentur

1091 624 1136 659 qui
1148 631 1182 651 eo
1195 623 1282 658 injecti
1299 623 1401 650 fuerant
1417 623 1563 657 impedivit.
1585 622 1640 650 Hoc
1654 623 1732 649 etiam
1751 622 1777 650 in
1791 621 1879 657 philo-

1091 669 1264 703 sophantibus
1278 669 1369 696 videre
1380 672 1422 696 est
1433 677 1440 695 ε
1453 668 1552 696 etenim
1580 668 1607 695 in
1625 672 1779 702 paupertate
1802 667 1880 694 timo-

1091 717 1129 745 ris
1155 716 1237 751 magis
1255 720 1378 750 expertes
1398 719 1477 749 sunt,
1506 721 1584 750 quam
1602 714 1707 742 divites.
1733 714 1771 741 Ne
1790 714 1880 749 itaque

1092 767 1166 790 extra
1180 761 1312 788 caminum
1321 759 1471 792 sedeamus,
1481 759 1553 786 nulla
1565 766 1626 794 erga
1635 766 1765 794 pauperes
1773 759 1879 786 miseri-

1092 806 1182 834 cordia
1197 805 1295 838 aﬂ‘ecti,
1312 814 1345 833 ne
1358 806 1491 840 patiamur
1505 804 1576 840 quod
1590 809 1652 832 tunc
1668 804 1703 832 illi
1718 805 1787 839 passi
1805 809 1877 831 sunt.

1092 853 1120 881 Si
1133 853 1202 880 enim
1216 851 1381 879 descendens
1392 851 1425 878 ad
1441 858 1537 886 pueros
1551 857 1611 877 cum
1623 850 1676 877 illis
1686 850 1802 884 steteris,
1814 849 1882 877 nihil

1091 899 1154 926 mali
1175 897 1222 925 tibi
1244 897 1340 925 inferet
1365 897 1433 933 ignis
1453 897 1499 923 :si
1525 900 1613 923 autem
1636 903 1750 930 superne
1771 895 1879 928 sedens,

1091 944 1246 979 despexeris
1271 944 1332 970 illos
1357 943 1383 970 in
1406 943 1512 969 ﬂamma
1528 942 1701 977 paupertatis,
1727 947 1753 969 te
1773 941 1880 969 ﬂamma

1091 990 1237 1018 comburet.
1254 983 1391 1016 Descende
1405 988 1484 1023 igitur
1493 988 1518 1014 in
1530 988 1628 1022 ignem,
1640 994 1674 1015 ne
1686 986 1835 1014 incendaris
1847 987 1881 1014 ab

1091 1038 1152 1072 igne
1166 1045 1173 1063 :
1189 1043 1223 1063 ne
1237 1035 1331 1063 sedeas
1341 1039 1415 1062 extra
1431 1035 1531 1069 ignem,
1544 1041 1579 1061 ne
1593 1039 1618 1062 te
1632 1033 1738 1060 ﬂamma
1755 1032 1880 1068 abripiat.

1091 1083 1119 1110 Si
1133 1082 1203 1110 enim
1217 1086 1242 1109 te
1255 1081 1351 1109 viderit
1362 1088 1422 1108 cum
1436 1079 1607 1115 pauperibus,
1621 1086 1636 1106 a
1651 1083 1676 1106 te
1686 1078 1824 1111 abscedet;
1838 1078 1881 1106 sin

1092 1130 1125 1156 ah
1137 1128 1189 1156 illis
1202 1132 1363 1163 separatum,
1376 1127 1464 1154 statim
1479 1127 1504 1153 in
1517 1131 1543 1153 te
1555 1126 1662 1157 iusiliet,
1671 1131 1747 1159 teque
1757 1125 1880 1160 abripiet.

1090 1173 1129 1202 Ne
1151 1173 1230 1209 igitur
1255 1171 1383 1200 abscedas
1409 1170 1444 1198 ab
1470 1170 1522 1197 illis
1539 1177 1572 1197 eo
1594 1169 1741 1204 conjectis:
1755 1168 1801 1196 sed
1816 1175 1877 1195 cum

1089 1221 1209 1249 diabolus
1221 1219 1331 1254 jusserit
1343 1225 1390 1245 eos
1398 1217 1442 1253 qui
1451 1224 1545 1244 aurum
1559 1223 1612 1243 non
1623 1215 1734 1243 adorent
1743 1214 1838 1249 conjici
1850 1215 1877 1241 in

1090 1267 1223 1295 fornacem
1238 1264 1413 1302 paupertatis,
1427 1271 1461 1291 ne
1471 1263 1552 1290 fueris
1565 1270 1598 1290 ex
1623 1262 1797 1296 injicientium
1807 1281 1815 1294 ,
1830 1260 1877 1287 sed

1088 1319 1122 1340 ex
1137 1312 1292 1346 injectorum
1304 1316 1416 1337 numero
1425 1329 1433 1341 ,
1449 1312 1479 1336 ut
1492 1308 1529 1336 sis
1541 1315 1574 1335 ex
1588 1307 1783 1335 servandorum
1795 1326 1802 1339 ,
1825 1313 1878 1332 non

1088 1367 1122 1387 ex
1135 1357 1297 1386 urendorum
1310 1363 1432 1383 numero.
1452 1355 1518 1382 Nam
1532 1361 1596 1381 vere
1611 1360 1657 1381 ros
1676 1357 1718 1381 est
1735 1352 1858 1387 copiosus
1869 1372 1878 1384 ,

1090 1413 1143 1433 non
1155 1403 1268 1432 detineri
1288 1401 1502 1437 concupiscentia
1513 1400 1664 1428 divitiarum
1674 1419 1682 1432 ,
1697 1404 1724 1426 et
1738 1406 1798 1426 cum
1813 1405 1879 1432 pau-

1088 1450 1197 1485 peribus
1211 1447 1367 1476 versari.iii
1380 1447 1499 1474 omnium
1521 1451 1583 1473 sunt
1608 1443 1812 1480 opulentissimi,
1834 1442 1880 1478 qui

1087 1497 1257 1532 cupiditatem
1264 1495 1412 1523 divitiarum
1421 1493 1652 1521 conculcaveruut.
1660 1489 1879 1525 Quandoquidem

1088 1543 1126 1571 illi
1140 1543 1184 1577 qui
1200 1546 1262 1569 tunc
1275 1548 1363 1576 regem
1375 1537 1667 1572 coutempserunt,ipso
1678 1543 1740 1571 rege
1754 1535 1881 1563 clariores

1091 1596 1154 1619 sunt
1162 1590 1259 1618 eﬂ‘ecti.
1273 1590 1305 1617 Et
1319 1593 1347 1616 tu
1363 1588 1440 1623 igitur
1451 1586 1473 1614 si
1486 1595 1530 1614 res
1542 1586 1618 1621 hujus
1635 1586 1727 1613 mundi
1739 1585 1884 1621 despicias,

1092 1641 1149 1664 toto
1163 1636 1263 1663 mundo
1275 1634 1416 1670 pretiosior
1437 1633 1491 1661 eris
1502 1653 1511 1666 ,
1525 1637 1554 1659 ut
1571 1637 1598 1659 et
1615 1632 1699 1659 sancti
1719 1632 1773 1663 illi,
1789 1631 1882 1665 Quibus

1092 1683 1184 1718 dignus
1198 1690 1248 1708 non
1263 1685 1317 1708 erat
1329 1679 1438 1707 mundus
1450 1678 1543 1714 (Hebr.
1558 1678 1602 1705 li.
1616 1676 1672 1714 38).
1690 1677 1723 1705 Ut
1744 1677 1833 1712 itaque
1844 1677 1883 1704 di-

1092 1735 1161 1763 gnus
1176 1727 1224 1754 fias
1239 1725 1393 1754 cmlestibus
1404 1725 1424 1758 ί,
1439 1724 1530 1751 deride
1545 1723 1697 1758 praesentia.
1715 1722 1753 1750 lla
1771 1723 1842 1750 enim
1855 1727 1883 1750 et

1093 1772 1137 1800 hic
1148 1771 1312 1807 splendidior
1327 1770 1380 1798 eris
1390 1790 1398 1802 ,
1411 1774 1439 1798 et
1452 1769 1548 1796 futuris
1570 1768 1647 1795 bonis
1669 1768 1774 1801 frueris,
1798 1768 1882 1803 gratia

1095 1822 1122 1845 et
1134 1817 1296 1852 benignitate
1308 1816 1413 1843 Domini
1427 1815 1511 1854 nostri
1525 1814 1589 1842 Jesu
1602 1813 1712 1847 Christi,
1732 1813 1776 1841 cui
1797 1813 1882 1841 aloria

1095 1869 1123 1892 et
1136 1864 1275 1899 imperium
1289 1863 1317 1890 in
1330 1862 1428 1890 saecula
1441 1861 1610 1889 saeculorum.
1626 1861 1722 1888 Amen.

1127 1957 1137 1972 ¹
1152 1962 1207 1983 Post
1217 1959 1261 1983 has
1277 1963 1357 1987 voces,
1369 1962 1414 1988 pro
1427 1953 1714 1988 ﬂammafanseﬂicitur.
1731 1953 1884 1988 manuscripti

1096 1990 1196 2017 Codices
1207 1989 1302 2021 plurimi
1307 1992 1338 2021 et
1348 1983 1418 2021 'sa'vil.
1425 1983 1454 2021 ili
1461 1983 1570 2017 margine
1579 1983 1730 2020 sic'habent:
1740 1983 1806 2021 Quod
1812 1983 1884 2021 etiam

1096 2014 1178 2047 indere
1190 2014 1225 2046 est
1236 2020 1262 2045 in
1270 2016 1490 2050 pltt’tosophantibus
1504 2014 1620 2051 ;“ζξιιζῃίηι
1629 2015 1654 2051 in
1663 2017 1803 2051 paupertate
1814 2014 1885 2039 timo-

1096 2045 1218 2083 rising“
1229 2045 1342 2083 expertes
1356 2045 1420 2079 sunt,
1433 2046 1615 2083 quamdivt'tes,
1626 2050 1649 2071 et
1660 2045 1686 2071 in
1696 2045 1776 2083 medio
1787 2046 1886 2083 fornice

1096 2076 1151 2108 hin
1166 2076 1229 2114 ρ’ίιγο
1241 2076 1418 2114 ρὲνῙΠέηηιμνξ
1433 2076 1495 2114 Quod
1508 2081 1569 2114 ttmc_
1583 2077 1656 2102 etiam
1667 2076 1791 2114 contigui
1806 2076 1886 2114 ignaui

1114 2106 1195 2139 itidem
1204 2106 1251 2138 non
1263 2106 1390 2141 cistula-it,
1401 2106 1445 2136 sed
1461 2116 1491 2135 ne
1507 2108 1703 2134 comburerentur
1715 2106 1756 2139 qui
1767 2113 1795 2132 eo
1805 2106 1887 2138 iitjccti

1114 2121 1195 2139 utaem
1204 2121 1251 2138 non
1263 2121 1390 2141 ίιιϊδιιιιςιῑι,
1401 2121 1444 2136 ὅσα
1461 2121 1491 2135 Iw
1507 2121 1565 2134 ιυιιιι

1097 2121 1342 2176 Ζιεναηιάηιρειιὶυἰι.
1362 2141 1505 2176 Necitath,
1517 2143 1565 2176 etc.

1131 2176 1140 2191 ι
1157 2170 1289 2206 sic'om'ues
1299 2170 1462 2206 Manusct'ipti,
1475 2170 1501 2199 et
1516 2174 1552 2199 sic
1563 2172 1626 2205 legit
1640 2172 1758 2198 Arrianus.
1771 2170 1842 2197 sat-il.
1859 2173 1888 2195 et

1100 2205 1191 2238 MoreL,
1199 2206 1275 2237 cretis,
1286 2212 1339 2238 pro,
1357 2205 1499 2231 ca‘tcSlibus.
