2056 3130
194 225 352 232 ___.—_

784 154 816 183 IN
832 152 1039 182 MATTHIEUM
1059 153 1178 182 HOMIL.
1198 155 1232 182 Ὗ.

1782 158 1817 186 56

887 295 1062 327 HOMILIA
1084 297 1122 326 V.

179 379 241 408 Car.
258 380 282 412 l,
297 389 328 407 v.
344 381 392 408 2‘2.
409 381 467 408 Hoc
489 385 578 408 autem
599 384 683 407 totum
700 381 800 416 factum
820 382 868 412 est,
887 384 916 406 ut
933 380 982 406 ad-

212 426 381 462 impleretur
396 427 467 462 quod
490 427 589 454 dictum
611 430 650 453 est
668 435 684 453 ιι
708 426 821 453 Domino
847 434 894 461 per
917 434 981 461 pro-

212 473 327 507 phetam
338 474 472 500 dicentem
488 482 497 500 :
510 473 555 500 25.
568 473 636 500 Ecce
649 473 726 508 Virgo
739 473 767 499 in
778 477 853 499 utero
867 472 981 505 habebit,

211 523 238 546 et
261 521 359 554 pariet
381 520 483 555 filium,
503 523 528 546 et
544 519 673 547 uocabunt
689 527 783 546 nomen
799 519 856 554 ejus
871 518 982 546 Emma-

213 564 280 591 κιει
305 564 382 600 (ιω.
400 565 426 592 7.
447 565 510 601 tt).

204 658 232 685 1.
256 657 436 686 Exierunt-um
448 667 532 686 rerum
546 658 666 686 tumultus
675 660 782 694 {malum
792 658 918 685 conciom's
927 668 974 686 au-

167 705 228 739 fert.
245 719 282 724 ——
298 705 486 733 Multosaudio
507 705 643 739 dicentes,
665 705 731 732 Dum
751 709 894 739 przesentes
909 713 973 732 con-

166 750 239 776 eiuni
252 757 364 784 sumus,
380 755 407 778 et
418 750 539 778 doctrina
552 750 626 778 verbi
649 749 770 782 fruimur,
786 750 819 777 ad
835 751 971 778 meliorem

165 795 273 830 frugem
286 796 458 828 reducimur;
473 797 574 831 egressi
586 803 659 828 vero,
669 796 712 822 alii
723 795 862 828 efficimur,
874 803 905 822 ac
913 795 969 823 fer-

165 842 242 869 voris
257 842 351 877 ignem
362 842 566 877 exstinguimus.
581 841 650 875 Quid
661 849 726 876 ergo
740 841 883 876 agendum,
898 848 932 869 ne
944 840 970 868 id

163 888 296 915 eveniat?
321 888 520 923 Explorandum
535 887 605 915 unde
622 888 733 915 accidat.
747 887 813 921 Quae
826 894 906 914 causa
919 887 969 922 igi-

164 938 211 960 tur
225 933 310 960 nobis
325 938 365 961 est
381 934 441 961 talis
460 934 629 961 mutationis?
649 933 725 967 Quod
739 933 794 960 loca
815 933 968 968 frequente-

164 986 227 1006 mus
241 987 300 1006 non
312 980 510 1012 convenientia,
519 984 547 1007 et
558 979 628 1014 quod
640 987 700 1006 cum
716 978 844 1014 improbis
856 987 968 1007 consor-

168 1025 237 1052 tium
247 1024 407 1052 habeamus.
417 1025 475 1052 Non
489 1025 560 1052 enim
571 1025 711 1060 oportebat
718 1032 733 1052 a
741 1025 870 1053 concione
878 1032 968 1060 egres-

166 1078 226 1103 sos.
235 1071 265 1098 in
277 1072 385 1106 negotia
395 1078 444 1098 nos
453 1072 573 1106 ingerere
581 1071 702 1099 concioni
713 1078 766 1099 non
775 1071 947 1106 congruentia
957 1079 964 1098 :

165 1116 215 1143 sed
237 1117 332 1144 statim
343 1116 452 1144 domum
467 1122 587 1152 petentes
610 1117 706 1144 librum
727 1117 859 1152 accipere,
883 1121 963 1151 alque

165 1169 281 1189 uxorem
306 1167 334 1190 et
345 1162 415 1190 ﬁlios
425 1162 460 1190 ad
471 1170 564 1190 eorum
582 1170 643 1198 qua:
663 1162 732 1190 diota
758 1162 861 1190 fuerant
880 1163 962 1190 colle-

163 1207 287 1235 ctionem
297 1215 421 1241 evocare,
434 1216 466 1236 ac
477 1213 540 1235 tunc
551 1208 584 1236 ad
599 1209 659 1236 vita:
671 1209 820 1236 necessaria
834 1216 883 1236 nos
898 1216 962 1236 con-

159 1254 243 1282 ferre.
267 1255 298 1282 Si
317 1254 389 1282 enim
402 1261 435 1281 ex
449 1254 544 1281 balneo
563 1254 632 1281 nolis
646 1254 672 1281 in
684 1254 771 1282 forum
787 1260 812 1282 te
826 1256 958 1284 conferre.

160 1309 194 1328 ne
207 1308 244 1328 ex
266 1300 318 1328 fori
338 1300 454 1335 negotiis
475 1300 562 1328 balnei
584 1300 777 1328 recreationem
797 1306 824 1329 et
846 1301 959 1329 fructum

159 1347 307 1374 labefactes
319 1355 326 1374 :
339 1347 423 1374 multo
437 1346 521 1382 magis
530 1354 545 1373 a
553 1347 682 1374 concione
691 1354 826 1382 egressum
835 1347 861 1375 id
872 1347 960 1378 facere

160 1393 315 1428 oportebat.
324 1392 383 1420 Jam
393 1399 458 1420 vero
464 1393 627 1420 contrarium
637 1391 748 1420 facimus
757 1413 765 1426 ,
777 1392 889 1428 ideoque
901 1401 958 1421 om-

159 1439 205 1465 nia
226 1438 374 1473 perdimus.
391 1437 458 1465 Nam
478 1438 601 1465 lectionis
617 1436 733 1465 fructum
746 1438 773 1465 in
787 1443 878 1466 mente
887 1447 956 1466 non-

160 1485 227 1511 dum
245 1484 330 1519 probe
344 1483 470 1517 deﬁxum,
485 1488 655 1511 externarum
668 1491 758 1512 rerum
772 1485 899 1513 tumultus
913 1486 956 1513 in-

161 1530 255 1557 cidens
279 1534 365 1557 totum
387 1529 474 1557 aufert
488 1533 515 1557 et
528 1529 634 1564 abripit.
657 1529 697 1557 Ne
715 1529 804 1565 itaque
817 1530 844 1557 id
855 1530 910 1564 fiat,
923 1539 954 1558 ex

157 1575 293 1603 concione
301 1582 438 1610 egressus,
456 1574 522 1602 nihil
535 1574 619 1610 magis
629 1576 810 1603 necessarium
822 1579 899 1610 putes
911 1576 955 1604 illa

161 1621 292 1648 doctrina:
315 1620 483 1648 collectione.
502 1620 607 1648 Etenim
626 1625 753 1648 extrema:
775 1620 884 1648 desidia:
897 1620 955 1649 fue-

162 1669 208 1702 rit,
222 1668 340 1703 quinque
353 1674 433 1694 sexve
444 1666 503 1694 dies
523 1666 695 1694 saecularibus
717 1666 830 1702 negotiis
851 1667 955 1702 impen-

162 1714 236 1746 dere,
253 1712 434 1748 spiritualibus
450 1719 516 1739 vero
530 1719 564 1739 ne
577 1718 657 1738 unam
676 1710 784 1746 quidem
805 1711 886 1744 diem,
902 1712 956 1739 imo

163 1769 198 1788 ne
208 1761 345 1788 minimam
365 1759 472 1795 quidem
492 1758 544 1786 diei
564 1763 667 1793 partem
690 1758 835 1786 insumere.
858 1758 954 1786 Annon

162 1807 259 1835 videtis
270 1806 388 1842 quotidie
404 1812 502 1841 pueros
516 1809 621 1832 nostros
633 1804 787 1840 disciplinas
801 1812 867 1839 quas
879 1812 955 1833 acce-

163 1858 258 1889 perunt
270 1861 319 1888 per
341 1857 423 1880 totam
447 1852 518 1879 diem
540 1846 716 1878 meditantes?
735 1850 851 1886 ldipsum
866 1855 893 1878 et
906 1859 955 1879 nos

163 1900 308 1931 faciamus;
323 1898 439 1933 ali0quin
460 1896 526 1924 nihil
541 1896 617 1924 nobis
630 1896 765 1931 supererit
777 1903 810 1923 ex
825 1895 866 1923 his
887 1903 953 1923 con-

163 1946 296 1978 ventibus,
309 1945 331 1972 si
344 1944 418 1971 dolio
431 1947 539 1978 pertuso
551 1941 668 1977 quotidie
687 1941 854 1974 hauriamus,
869 1948 955 1976 neque

163 1998 263 2021 tantam
281 1989 462 2019 custodienda:
474 1988 601 2016 doctrinae
610 1987 813 2016 sollicitudinem
827 1987 937 2015 adhibea
947 2001 955 2008 ι

168 2045 236 2071 mus,
249 2043 377 2074 quantam
397 2038 467 2065 circa
486 2045 580 2065 aurum
593 2043 620 2065 et
632 2042 769 2073 argentum
791 2037 957 2065 exhibemus.

170 2085 197 2112 Si
217 2085 277 2121 quis
296 2085 370 2113 enim
389 2084 515 2112 denarios
528 2092 626 2119 paucos
647 2085 790 2120 acceperit,
809 2089 837 2112 et
850 2085 875 2111 in
898 2092 960 2112 cru-

167 2140 244 2160 mena
267 2136 373 2166 reponit
384 2136 412 2159 et
431 2132 518 2164 suillo
539 2133 638 2164 munit;
663 2139 712 2159 nos
733 2136 821 2159 autem
842 2133 959 2167 acceptis

165 2179 279 2213 eloquiis
297 2183 327 2205 et
335 2185 402 2205 auro
412 2182 440 2206 et
458 2179 569 2213 gemmis
588 2179 800 2214 pretiosioribus,
813 2180 959 2214 perceptis-

168 2232 221 2258 que
234 2223 350 2258 Spiritus
363 2223 449 2250 sancti
472 2224 614 2257 thesauris,
624 2232 677 2251 non
687 2232 720 2252 ea
733 2225 758 2252 in
770 2225 866 2252 animae
888 2233 957 2260 penu

165 2271 346 2303 rccondimus,
355 2270 402 2298 sed
413 2270 577 2306 negligenter
586 2273 694 2298 omnino
705 2271 816 2299 sinimus
826 2279 858 2299 ex
869 2277 958 2299 mente

115 2335 119 2339 .
166 2323 255 2346 nostra
267 2318 387 2346 efﬂuere.
400 2318 465 2352 Quis
487 2318 566 2353 igitur
587 2318 653 2345 ultra
668 2318 752 2345 nostri
775 2318 956 2351 miserebitur,

165 2372 225 2392 cum
239 2365 315 2392 nobis
325 2365 391 2399 ipsis
406 2365 514 2392 insidias
527 2371 660 2398 paremus,
673 2368 698 2392 et
709 2365 734 2391 in
749 2368 847 2391 tantam
861 2369 958 2399 sponte

166 2411 312 2439 incidamus
328 2411 533 2447 paupertatem?
545 2411 583 2438 Ne
596 2411 674 2446 igitur
684 2411 709 2438 id
724 2411 838 2443 eveniat,
855 2411 956 2438 scriba-

167 2466 225 2485 mus
246 2458 324 2485 nobis
348 2458 486 2485 immotam
507 2457 592 2491 legem
607 2461 634 2484 et
648 2457 776 2484 uxoribus
790 2461 816 2484 el
831 2457 892 2484 filiis
906 2464 957 2484 no-

165 2503 235 2535 stris,
249 2508 277 2530 ut
297 2503 368 2530 hanc
388 2510 468 2530 unam
487 2501 661 2530 hebdomada:
681 2502 752 2529 diem
770 2509 957 2530 consecremus

165 2556 222 2576 cum
242 2549 383 2576 audiendal
397 2548 537 2582 doctrinae,
548 2553 602 2575 tum
622 2547 776 2582 colligendis
791 2548 823 2575 iis
836 2556 894 2583 qum
907 2556 955 2575 an-

163 2596 212 2623 111111
226 2602 296 2623 sunt.
310 2596 348 2623 Ita
364 2595 438 2623 enim
449 2595 533 2622 multo
543 2595 682 2622 dociliores
691 2594 724 2621 ad
738 2602 767 2622 ea
777 2602 835 2630 quae
843 2594 955 2622 dicenda

161 2646 220 2669 sunt
228 2649 424 2673 occurremus;
445 2641 573 2675 nobisque
582 2640 657 2668 labor
667 2641 754 2668 minor
762 2661 769 2672 ,
777 2648 809 2668 ac
819 2641 892 2668 vobis
901 2648 958 2667 ma-

157 2687 198 2722 jus
209 2688 311 2715 lucrum
322 2688 448 2718 accedet,
466 2694 526 2713 cum
538 2694 569 2713 ea
580 2694 639 2720 qum
652 2693 735 2720 nuper
745 2685 813 2713 dicta
826 2690 887 2712 sunt
900 2693 957 2712 me-

159 2734 238 2761 moria
250 2734 416 2766 retinentes,
432 2732 472 2759 sic
485 2732 621 2766 sequentia
632 2732 755 2759 audietis.
771 2731 829 2759 Non
843 2731 916 2759 enim
929 2731 955 2758 id

157 2786 246 2814 parum
263 2779 373 2806 confert
389 2777 426 2805 ad
440 2777 569 2805 dictorum
591 2777 788 2812 intelligentiam
799 2797 806 2810 ,
822 2777 843 2804 si
859 2777 955 2804 seriem

156 2825 349 2853 sententiarum
363 2827 519 2851 nostrarum
531 2827 651 2851 accurate
664 2823 786 2851 teneatis.
804 2822 870 2856 Quia
884 2823 954 2850 enim

1029 387 1085 408 non
1097 386 1244 415 possumus
1255 379 1347 407 omnia
1363 388 1419 408 uno
1435 380 1480 408 die
1495 381 1651 416 complecti,
1665 382 1689 409 si
1699 390 1741 415 ea,
1754 390 1816 417 quae

1029 427 1145 462 singulis
1171 427 1251 454 vobis
1277 426 1376 454 diebus
1401 427 1596 462 proponimus,
1623 427 1651 454 in
1677 429 1817 456 memoria),

1029 473 1148 508 quadam
1163 473 1235 501 serie
1251 473 1328 508 quasi
1343 477 1469 500 catenam
1488 474 1614 507 teneatis,
1630 474 1670 501 sic
1684 474 1713 501 in
1725 479 1818 502 mente

1027 519 1173 553 reponite,
1194 522 1226 545 ut
1247 521 1332 546 totum
1354 519 1502 553 Scriptura:
1517 526 1617 554 corpus
1638 519 1719 546 simul
1736 527 1818 554 appa-

1027 568 1096 590 reat.
1122 564 1267 592 Revocatis
1291 564 1374 599 igitur
1397 565 1425 591 in
1448 568 1568 591 mentem
1588 564 1623 592 iis
1644 572 1705 599 quae
1730 572 1817 599 nuper

1025 609 1098 636 dicta
1113 614 1191 642 sunt,
1209 611 1248 638 sic
1264 610 1346 638 hodie
1362 611 1397 638 ad
1419 618 1452 638 ea
1468 617 1528 645 quae
1552 609 1731 646 proponenda
1753 612 1817 638 sunt

1025 656 1191 683 accedamus

1046 745 1072 771 2.
1089 745 1152 777 Qum
1170 746 1202 771 sit
1223 745 1257 771 vis
1277 746 1367 772 horum
1386 749 1516 772 uerborum
1547 745 1633 783 lsaitr,
1646 748 1705 776 Hoc
1721 752 1804 776 totum

1011 788 1109 816 factum
1130 794 1180 817 cst.
1196 789 1248 817 Cur
1257 790 1354 825 Josep/t
1363 791 1396 817 ad
1405 790 1501 818 lsaiam
1516 793 1661 820 remittitur.
1673 793 1724 820 Cur
1732 793 1806 821 Chri-

1011 841 1064 863 stus
1077 844 1128 863 non
1142 836 1293 863 Emmanuel
1305 837 1379 872 vulgo
1398 838 1550 872 appellatus.
1564 854 1599 860 -—-
1610 839 1737 873 Quaenam
1757 841 1806 875 igi-

1011 886 1054 910 tur
1068 883 1145 910 nobis
1165 883 1245 910 hodie
1264 884 1435 918 proponenda
1446 885 1525 912 sunt?
1544 884 1600 913 Hoc
1620 890 1704 913 autem
1723 891 1805 915 totum

1010 931 1106 964 factum
1118 934 1154 956 est
1167 935 1195 957 ut
1206 929 1351 965 impleretur
1364 931 1431 965 quod
1441 931 1536 958 dictum
1548 936 1584 958 est
1596 940 1612 958 a
1626 931 1738 959 Domino
1760 941 1805 967 per

1010 977 1158 1012 prophetam
1172 977 1303 1003 dicentem.
1319 976 1402 1011 Digna
1416 977 1544 1004 miraculo
1557 986 1623 1006 voce
1641 986 1690 1013 pro
1702 979 1805 1006 viribus

1009 1022 1132 1049 clamavit
1152 1022 1245 1050 dicens
1262 1031 1269 1050 :
1286 1022 1343 1049 Hoc
1365 1028 1448 1050 autent
1461 1027 1541 1050 totum
1563 1026 1658 1059 factum
1675 1030 1721 1052 est.
1738 1025 1804 1058 Quia

1009 1067 1080 1095 enim
1100 1067 1283 1103 viditpelagus
1297 1073 1324 1095 et
1337 1067 1462 1103 abyssum
1478 1068 1649 1103 benignitatis
1667 1070 1726 1103 Dei,
1740 1075 1767 1097 et
1777 1069 1804 1097 id

1009 1113 1079 1148 quod
1088 1120 1231 1148 numquam
1244 1117 1377 1147 speratum
1390 1113 1474 1140 fuerat
1483 1113 1615 1146 evenisse,
1623 1119 1724 1142 natura:
1732 1115 1805 1142 solu-

1011 1164 1050 1187 tas
1060 1160 1142 1195 leges,
1162 1159 1405 1187 reconciliationem
1419 1159 1525 1193 factam.
1540 1165 1567 1188 et
1580 1161 1698 1188 omnium
1712 1169 1805 1196 supre-

1009 1213 1081 1233 mum
1089 1205 1122 1232 ad
1130 1206 1248 1232 omnium
1258 1205 1376 1232 intimum
1383 1205 1565 1238 descendisse,
1575 1206 1690 1233 medium
1699 1214 1803 1233 murum

1009 1251 1151 1285 sublatum,
1168 1256 1195 1279 et
1208 1250 1395 1286 impedimenta
1406 1251 1508 1283 abacta,
1525 1252 1663 1287 multoque
1676 1252 1750 1286 plura
1763 1252 1805 1279 his

1009 1303 1082 1333 gesta
1089 1298 1151 1331 alia,
1162 1306 1214 1325 uno
1220 1297 1302 1325 verbo
1309 1297 1464 1325 miraculum
1472 1297 1618 1325 declaravit
1629 1297 1720 1326 dicens
1731 1307 1738 1325 :
1752 1297 1805 1325 Hoc

1009 1351 1092 1372 autem
1106 1349 1183 1372 totum
1193 1345 1287 1380 factum
1301 1348 1381 1377 est,ut
1390 1342 1537 1378 impleretur
1555 1343 1622 1378 quod
1633 1344 1726 1371 dictant
1741 1348 1777 1370 est
1789 1352 1805 1370 a

1011 1390 1129 1418 Domino.
1137 1389 1177 1417 Ne
1184 1389 1330 1422 existimes,
1338 1388 1431 1423 inquit.
1447 1388 1472 1415 id
1484 1388 1563 1416 modo
1571 1388 1709 1416 decretum
1723 1396 1803 1421 esse;

1008 1437 1063 1472 jam
1076 1436 1139 1464 olim
1154 1435 1349 1470 praeﬁguratum
1371 1433 1466 1462 fuerat.
1477 1433 1504 1461 Id
1517 1434 1587 1469 quod
1607 1434 1687 1461 etiam
1708 1434 1806 1462 Paulus

1010 1483 1109 1518 ubique
1130 1482 1315 1510 demonstrare
1329 1481 1440 1508 studuit.
1460 1480 1519 1508 Jam
1532 1488 1596 1507 vero
1610 1480 1755 1514 Josephum
1772 1481 1804 1507 ad

1011 1529 1106 1557 lsaiam
1129 1528 1252 1562 remittit,
1267 1533 1296 1554 ut
1312 1528 1335 1554 si
1355 1531 1526 1562 experrectus
1547 1527 1687 1554 verborum
1711 1527 1806 1562 ipsius,

1018 1585 1109 1614 utpote
1131 1586 1225 1607 recens
1249 1578 1392 1609 dictorum,
1415 1578 1513 1606 oblitus
1534 1583 1619 1609 esset.
1640 1579 1808 1613 prophetico-

1018 1634 1087 1654 ntm.
1102 1633 1128 1652 tn
1142 1632 1254 1660 quorum
1275 1624 1448 1652 meditatione
1461 1625 1577 1651 nutritus
1591 1624 1685 1657 fuerat,
1702 1632 1808 1659 semper

1016 1673 1170 1699 recordatus
1182 1691 1190 1704 ,
1203 1679 1263 1706 qua:
1275 1671 1346 1698 dicta
1357 1670 1407 1698 sibi
1422 1675 1500 1698 erant
1513 1670 1650 1698 retineret.
1667 1669 1748 1698 Uxori
1760 1678 1808 1698 au-

1017 1722 1069 1745 tem
1085 1717 1150 1744 nihil
1166 1717 1218 1744 tale
1241 1716 1317 1750 dixit,
1334 1721 1426 1751 utpote
1439 1724 1499 1751 qua:
1517 1716 1603 1751 puella
1613 1715 1699 1744 adhuc
1712 1716 1808 1744 horum

1015 1764 1135 1791 notitiam
1158 1771 1209 1790 non
1229 1763 1340 1791 haberet
1355 1772 1361 1789 :
1377 1763 1433 1790 viro
1445 1768 1535 1790 autem
1558 1767 1650 1797 utpote
1665 1763 1748 1798 justo,
1761 1763 1806 1798 qui

1015 1810 1158 1845 prophetas
1175 1809 1357 1841 meditaretur,
1367 1809 1430 1836 hinc
1440 1809 1573 1836 edisserit.
1583 1809 1616 1836 Et
1626 1808 1739 1836 antehac
1748 1809 1808 1844 qui-

1014 1855 1073 1883 dem
1087 1855 1188 1883 dixerat
1205 1865 1211 1882 :
1228 1855 1338 1882 Mariam
1347 1856 1479 1890 conjugem
1494 1860 1563 1881 tuam
1575 1863 1584 1882 :
1597 1854 1641 1883 hic
1653 1862 1718 1882 vero
1731 1858 1806 1889 post-

1013 1908 1092 1936 quam
1115 1901 1271 1936 prophetam
1293 1900 1402 1928 adduxit
1415 1901 1441 1928 in
1456 1900 1584 1932 medium,
1606 1908 1677 1928 nunc
1696 1900 1804 1928 demum

1013 1955 1110 1975 nomen
1134 1947 1290 1982 virginitatis
1315 1947 1352 1974 illi
1377 1947 1490 1974 credidit
1507 1951 1534 1974 et
1553 1947 1693 1982 patefecit;
1719 1954 1806 1981 neque

1013 1993 1083 2020 enim
1098 1997 1151 2020 tam
1177 1992 1369 2027 imperturbato
1382 1992 1471 2020 animo
1486 1992 1588 2024 fuisset,
1603 1991 1695 2020 audito
1714 1991 1803 2026 Virgi-

1011 2039 1054 2066 nis
1075 2039 1192 2072 nomine,
1212 2038 1263 2066 nisi
1286 2039 1359 2074 prius
1376 2038 1402 2066 id
1416 2039 1451 2066 ab
1469 2039 1535 2066 lsaia
1557 2038 1712 2066 audivisset.
1732 2038 1802 2066 Nihil

1011 2084 1082 2112 enim
1103 2084 1275 2119 stupendum,
1291 2084 1339 2112 sed
1358 2092 1414 2112 rem
1431 2084 1479 2112 sibi
1505 2084 1563 2112 haec
1576 2084 1661 2112 multo
1682 2089 1804 2118 tempore

1010 2130 1149 2158 meditanti
1164 2130 1321 2158 familiarem
1335 2129 1472 2157 auditurus
1484 2134 1543 2157 erat
1555 2138 1570 2157 a
1583 2129 1722 2165 propheta.
1740 2130 1802 2158 ideo

1009 2176 1119 2211 angelus
1141 2180 1170 2203 ut
1190 2184 1247 2203 rem
1270 2176 1425 2203 credibilem
1446 2175 1585 2208 redderet,
1601 2175 1692 2203 lsaiam
1708 2176 1733 2202 in
1747 2183 1803 2202 me-

1009 2222 1081 2249 dium
1109 2221 1227 2249 adducit.
1252 2221 1343 2256 Neque
1369 2221 1413 2249 hic
1440 2221 1551 2257 gradum
1576 2222 1665 2254 sistit,
1691 2222 1737 2249 sed
1767 2221 1801 2250 ad

1009 2267 1093 2294 Deum
1106 2267 1163 2294 hmo
1174 2267 1325 2302 loquentem
1334 2267 1411 2302 erigit
1423 2274 1483 2294 eum
1494 2275 1501 2300 ;
1518 2274 1570 2294 non
1586 2267 1656 2294 enim
1665 2267 1802 2302 propheta:

1011 2315 1091 2340 verba
1113 2320 1173 2340 esse
1197 2313 1282 2346 dixit,
1305 2313 1352 2341 sed
1371 2321 1385 2340 a
1401 2313 1454 2340 Deo
1476 2313 1659 2340 universorum
1686 2313 1798 2348 prolata.

1007 2358 1071 2387 ldeo
1093 2367 1146 2387 non
1165 2358 1242 2392 dixit,
1267 2363 1295 2386 ut
1310 2359 1466 2395 impleretur
1489 2358 1561 2394 quod
1580 2359 1680 2386 dictum
1701 2364 1742 2387 est
1765 2360 1801 2388 ab

1008 2404 1092 2436 lsaia;
1113 2403 1177 2437 sed,
1206 2404 1280 2437 Quod
1300 2404 1394 2430 dictum
1413 2408 1449 2431 est
1470 2412 1486 2430 α
1502 2403 1631 2432 Domino:
1645 2411 1677 2432 os
1701 2405 1800 2439 quippe

1007 2455 1064 2478 erat
1077 2450 1151 2478 Isaia:
1162 2471 1170 2483 ,
1184 2450 1322 2478 oraculum
1340 2457 1402 2477 vero
1416 2457 1432 2477 e
1446 2450 1567 2485 supernis
1588 2451 1715 2479 delatum.
1730 2452 1799 2485 Quid

1006 2502 1095 2525 autem
1110 2497 1145 2524 ait
1157 2496 1209 2524 hoc
1220 2496 1356 2524 oraculum
1368 2504 1375 2523 :
1388 2495 1454 2522 Ecce
1470 2495 1546 2531 Virgo
1560 2497 1586 2523 in
1599 2502 1669 2524 utero
1681 2498 1779 2525 habebit
1788 2520 1796 2530 ,

1005 2548 1028 2570 et
1039 2543 1120 2578 pariet
1142 2543 1240 2577 ﬁlium,
1263 2548 1286 2569 et
1305 2542 1426 2569 uocabunt
1445 2550 1535 2569 nomen
1557 2543 1612 2578 ejus
1634 2543 1796 2572 Emmanuel.

1005 2589 1081 2624 (Iani.
1096 2589 1121 2615 7.
1136 2588 1192 2623 14).
1204 2588 1256 2616 Cur
1265 2595 1339 2623 ergo,
1353 2587 1495 2620 dices,non
1510 2593 1619 2616 vocatus
1630 2593 1670 2616 est
1689 2589 1797 2617 Emma-

1006 2635 1077 2667 nuel,
1090 2634 1137 2662 sed
1158 2634 1235 2661 Jcsus
1255 2633 1398 2661 Christus?
1419 2633 1485 2667 Quia
1501 2641 1555 2662 non
1578 2634 1657 2667 dixit,
1669 2634 1794 2668 Vocabis,

1006 2682 1063 2715 sed,
1080 2681 1221 2714 Vocabitur,
1236 2689 1333 2716 nempe
1357 2681 1456 2715 populi,
1469 2685 1496 2708 et
1515 2681 1571 2715 ipse
1591 2689 1680 2708 rerum
1697 2681 1794 2709 exitus.

1007 2728 1052 2755 llic
1064 2728 1102 2755 rei
1114 2735 1173 2762 quae
1191 2727 1301 2761 contigit
1321 2733 1418 2754 nomen
1432 2727 1561 2761 imponit:
1578 2731 1605 2754 et
1619 2727 1663 2754 hic
1677 2731 1718 2755 est
1736 2735 1795 2755 mos

1006 2773 1160 2808 Scriptum,
1177 2779 1221 2799 res
1233 2779 1293 2806 qua:
1317 2772 1472 2807 contingunt
1487 2780 1534 2806 pro
1554 2772 1661 2799 nomine
1682 2779 1792 2807 ponere.

1005 2819 1072 2847 Nihil
1087 2819 1157 2847 enim
1173 2817 1242 2845 aliud
1254 2823 1296 2846 cst
1311 2817 1519 2852 illud,Vocnbunt
1535 2817 1694 2852 Emmanuel,
1703 2825 1795 2854 quamI
