2056 3130
247 149 282 176 57
595 155 624 184 s.
643 155 782 184 JOANNIS
799 153 1034 190 cnnvsos'rout
1053 153 1210 183 ARCHIEP.
1229 152 1494 182 CONSTANTINOP.
1835 155 1869 182 58

247 204 382 233 Videbunt
402 205 487 232 Deum
501 211 562 232 cum
584 204 750 236 hominibus;
771 211 830 230 nam
851 211 957 238 semper
976 211 1037 231 cum

247 251 400 279 hominibus
412 250 476 283 fuit,
491 250 538 277 sed
551 257 695 285 numquam
710 250 745 277 ita
759 249 910 277 manifeste.
924 250 999 284 Quod
1014 250 1037 277 si

245 297 414 332 impudenter
437 296 568 324 obsistunt
588 295 693 330 Judaei,
717 296 939 331 interrogabimus
960 303 1008 324 eos
1028 304 1036 323 :

242 347 417 380 Quandonam
436 352 545 375 vocatus
563 351 603 375 est
614 355 688 383 puer,
706 347 761 375 Cito
775 347 900 383 prtedare,
916 347 1034 375 velociter

241 393 324 426 spolia
331 393 424 426 aufer?
440 393 492 420 Sed
506 393 570 420 nihil
581 392 744 428 respondere
756 397 888 427 poterunt.
900 393 955 420 Cur
969 400 1034 428 ergo

242 439 372 472 propheta
385 439 452 466 dixit
464 448 470 466 :
493 439 559 466 Voca
573 447 662 466 nomen
676 440 746 473 ejus,
760 438 815 466 Cito
828 439 943 474 prwdare
954 438 1031 474 (leui.

241 484 268 511 8.
284 484 326 518 5)?
346 484 476 518 Quoniam
497 485 556 520 ipso
579 490 641 511 nato
661 484 830 519 depopulatio
848 488 874 512 et
886 484 1031 519 spoliorum

241 530 354 565 direptio
368 530 435 557 facta
448 534 490 558 est
505 540 510 557 :
526 531 637 566 ideoque
651 538 708 558 rem
720 538 779 564 qua:
794 531 863 558 circa
875 530 960 566 ipsum
970 537 1033 558 con-

242 576 310 611 tigit,
321 577 399 611 quasi
412 583 508 603 nomen
523 576 572 610 ipsi
587 576 707 611 imponit.
719 575 752 602 Et
764 576 861 608 civitas,
880 576 973 611 inquit,
990 585 1031 603 vo-

241 622 338 649 cabitur
361 623 448 649 civitas
466 623 584 657 justitite,
605 622 752 656 metropolis
773 622 856 657 ﬁdelis
877 622 940 649 Sion
953 621 1030 656 (Isai.

241 668 268 694 1.
280 667 328 702 ‘26)
342 677 348 694 :
363 673 391 695 et
401 675 529 702 nusquam
555 667 702 695 invenimus
724 667 795 695 illam
817 667 897 695 fuisse
913 673 1031 696 vocatam

237 713 368 748 justitiam
384 714 403 746 ³,
418 713 465 740 sed
487 721 583 740 nomen
599 713 649 748 ipsi
667 713 765 740 mansit
781 713 964 749 Jerosolyma;
983 722 1030 742 ve-

239 767 299 786 rum
318 759 379 794 quia
396 760 452 794 ipsa
468 760 493 786 ln
504 759 600 786 melius
613 764 774 786 commutata
788 759 838 787 hoc
859 760 909 794 ipsi
924 760 1029 796 accidit,

239 802 301 833 ideo
313 806 397 840 ipsam
409 806 444 832 ita
460 805 548 833 vocari
562 805 638 833 dixit.
655 805 705 833 Ubi
718 805 789 833 enim
804 806 933 841 contingit
947 798 1031 840 quod-

239 853 300 879 dam
318 852 475 887 prmelarum
498 852 611 885 facinus,
636 851 706 886 quod
727 851 824 878 clarius
845 859 923 886 quam
944 852 1030 886 ipsum

239 898 375 932 proprium
391 905 486 924 nomen
502 897 600 924 indicat
619 902 754 924 auctorem
769 896 837 931 ejus,
851 902 898 924 aut
911 903 970 923 eum
985 897 1030 932 qui

239 945 296 979 ejus
311 944 421 971 fructum
433 945 561 979 percepit,
574 951 670 972 nomen
680 944 738 979 ejus
748 944 883 978 Scriptura
896 944 957 971 dicit
970 951 1030 971 esse

238 991 276 1018 rei
288 990 436 1018 veritatem.
452 990 528 1023 Quod
542 990 563 1017 si
580 990 642 1017 hinc
661 990 787 1017 eonl‘utati
805 989 876 1016 aliud
898 995 1028 1024 qumrant,

237 1043 334 1070 nempe
348 1035 381 1063 de
394 1036 544 1070 virginitate
559 1031 670 1067 dictutn,
685 1040 712 1062 et
726 1035 852 1069 objiciunt
864 1035 940 1062 nobis
962 1035 1029 1062 alios

238 1083 407 1116 interpretes,
422 1081 560 1108 dicentes:
575 1081 605 1108 lli
621 1089 673 1107 non
688 1080 813 1108 dixerunt
823 1081 969 1116 Virginem.
981 1081 1028 1108 sed

238 1128 351 1163 puellam
367 1127 414 1163 (a):
429 1128 514 1162 primo
534 1127 641 1162 quidem
660 1127 724 1154 illud
741 1127 860 1154 dicemus
871 1148 878 1157 .
893 1128 952 1162 jure
963 1127 1024 1162 Sep-

238 1175 355 1210 tuaginta
371 1175 529 1209 interpretes
540 1174 598 1201 aliis
607 1173 659 1201 lide
672 1174 804 1208 digniores
815 1173 916 1200 haberi.
926 1173 992 1200 Nam
1002 1174 1028 1201 bi

237 1209 365 1256 postremi
377 1225 437 1256 post
450 1220 549 1248 Christi
563 1221 706 1248 adventum
718 1221 880 1254 interpretati
900 1225 970 1252 sunt,
981 1220 1028 1247 Ju-

237 1268 339 1302 lia-ique
360 1271 534 1299 manserunt,
550 1266 619 1294 unde
635 1266 660 1293 in
675 1266 851 1300 suspicionem
867 1266 971 1297 cadant.
985 1270 1026 1293 ut-

237 1319 299 1348 pote
317 1313 363 1347 qui
376 1320 408 1339 cx
423 1312 559 1339 inimicitia
572 1312 610 1338 sic
625 1311 712 1346 potius
723 1311 849 1343 dixerint,
865 1318 896 1337 ac
910 1311 1026 1346 prophe-

236 1360 287 1386 tias
307 1358 341 1386 de
356 1357 484 1385 industria
499 1357 613 1384 obscure
634 1356 815 1385 converterint
831 1365 837 1383 :
853 1356 1026 1391 Septuaginta

235 1412 301 1432 vero
316 1404 360 1439 qui
379 1409 486 1431 centum
499 1407 544 1431 aut
558 1402 679 1438 pluribus
693 1402 770 1430 annis
785 1407 846 1429 ante
857 1402 958 1430 Christi
976 1402 1025 1430 ad-

236 1455 345 1479 ventum
358 1451 420 1479 huic
444 1450 482 1478 rei
508 1454 547 1477 tot
568 1456 680 1477 numero
701 1456 810 1476 manum
834 1448 1025 1482 admoverunt,

235 1498 270 1525 ab
283 1497 354 1525 omni
367 1495 517 1531 huiusmodi
533 1495 684 1530 suspicione
695 1494 771 1522 liberi
785 1498 864 1527 sunt,
879 1501 910 1521 ac
923 1498 979 1521 tum
991 1494 1026 1522 ob

236 1550 346 1577 tempus
364 1547 419 1570 tum
433 1543 468 1570 ob
482 1542 692 1574 multitudinem,
716 1546 772 1570 tum
783 1541 818 1570 ob
828 1546 946 1570 mutuum
955 1548 1021 1569 con-

234 1595 343 1615 sensum
357 1589 408 1616 ﬁde
421 1589 493 1620 digni
505 1588 618 1616 habendi
631 1592 703 1615 sunt.

272 1678 299 1705 5.
318 1677 365 1704 Sin
380 1681 469 1711 autem
484 1677 660 1704 recentiorum
675 1677 856 1704 testimonium
876 1676 1021 1710 proferant,

234 1723 314 1750 etiam
328 1723 378 1750 hoc
394 1722 472 1750 modo
483 1723 592 1750 victoria
608 1729 688 1757 penes
703 1729 751 1749 nos
763 1722 815 1749 erit
830 1730 837 1748 :
853 1729 913 1748 nam
929 1721 1023 1755 puellis

235 1770 342 1796 nomine
360 1769 429 1796 solet
448 1768 582 1804 Scriptura
602 1768 730 1803 virginem
752 1775 862 1800 vocare;
879 1767 956 1801 idque
969 1774 1022 1794 non

234 1816 269 1843 de
286 1816 441 1844 mulieribus
459 1820 577 1849 tantum,
595 1815 641 1842 sed
657 1815 737 1842 etiam
761 1814 794 1842 de
818 1815 881 1841 viris
904 1814 1000 1841 dicitur
1015 1822 1022 1840 :

236 1869 298 1888 nam
319 1862 370 1893 ait,
395 1860 505 1888 Iuvenes
525 1865 548 1887 et
559 1861 682 1896 virgines,
706 1868 776 1887 senes
798 1867 856 1886 cum
880 1859 1024 1895 junioribus

236 1905 327 1940 (Psal.
345 1906 406 1934 148.
430 1905 464 1932 12
474 1906 492 1941 ).
510 1906 545 1933 Ac
559 1913 664 1933 rursum
678 1905 712 1932 de
726 1905 809 1940 puella
825 1905 936 1939 loquens
949 1903 1025 1937 cujus

235 1951 373 1987 virginitas
383 1952 518 1986 impetitur
530 1951 594 1979 dicit
609 1960 616 1978 :
632 1951 662 1979 Si
677 1951 820 1978 clamaverit
835 1950 920 1985 puella
937 1950 1023 1985 (Deut.

234 1997 279 2025 22.
308 1997 378 2032 27),
403 1997 429 2024 id
446 2002 505 2030 est,
526 1998 617 2033 virgo.
635 1997 660 2024 id
674 2004 738 2024 vero
752 1997 926 2024 conﬁrmatur
944 2004 978 2024 ex
993 1996 1025 2023 iis

235 2043 294 2076 quae
313 2050 392 2077 supra
407 2042 476 2069 dicta
496 2047 568 2069 sunt.
584 2042 674 2077 Neque
686 2043 758 2070 enim
773 2042 929 2076 simpliciter
938 2041 1005 2068 dixit
1017 2061 1024 2074 ,

234 2088 302 2116 Ecce
319 2090 389 2124 virgo
411 2089 438 2115 in
459 2093 528 2116 utero
550 2089 668 2121 habebit;
681 2088 728 2116 sed
743 2096 802 2116 cum
814 2092 876 2116 ante
895 2088 1022 2121 dixisset,

234 2134 301 2162 Ecce
314 2135 384 2161 dabit
396 2134 520 2161 Dominus
536 2135 590 2169 ipse
602 2134 670 2161 vobis
683 2135 798 2169 signum,
814 2138 877 2161 tunc
892 2133 1023 2169 subjecit,

234 2178 301 2207 Ecce
310 2179 380 2215 virgo
397 2180 423 2206 in
436 2184 505 2206 utero
521 2179 618 2206 habebit
637 2180 650 2215 (
658 2178 723 2215 Isai,
743 2179 770 2207 8.
790 2180 852 2212 14).
876 2179 955 2214 Atqui
974 2179 1024 2206 nisi

234 2226 309 2260 virgo
320 2225 412 2252 fuisset
424 2225 467 2252 illa
483 2233 542 2260 quae
556 2225 672 2260 paritura
687 2230 763 2258 erat,
780 2229 807 2252 et
819 2225 841 2252 si
852 2232 885 2252 ex
897 2225 1024 2252 connubii

236 2271 295 2305 lege
314 2271 339 2298 id
357 2270 475 2298 futurum
496 2276 572 2304 erat,
593 2270 664 2306 quod
680 2271 786 2298 tandem
802 2271 827 2298 id
842 2271 945 2306 signum
961 2271 1027 2298 fuis-

236 2317 294 2344 set?
309 2316 419 2351 Signum
436 2317 507 2344 enim
523 2325 612 2344 rerum
625 2324 794 2344 communem
809 2317 930 2344 ordinem
946 2316 1026 2344 debet

236 2361 366 2389 excedere
376 2382 383 2394 ,
398 2366 477 2396 atque
494 2362 604 2389 omnino
624 2363 832 2397 inexspectatum
852 2367 878 2390 et
892 2358 1026 2390 insolitum

237 2413 313 2440 esse;
324 2407 438 2441 alioquin
453 2408 587 2442 quomodo
606 2408 709 2442 signum
719 2409 810 2435 esset!
821 2408 867 2435 ‘24.
882 2407 1028 2444 Exsurgens

239 2457 323 2478 autem
334 2451 429 2486 Ioseph
442 2461 458 2479 a
469 2461 569 2486 somno,
589 2454 648 2488 fecit
660 2454 723 2480 sicut
740 2455 858 2489 prtecepit
876 2454 900 2480 ei
924 2454 1028 2489 angelus

242 2497 354 2525 Domini.
362 2498 483 2525 Vidistin‘
496 2499 694 2534 obseqttentiam
708 2504 734 2526 et
752 2500 868 2526 animum
890 2499 1027 2534 obtempe-

240 2543 364 2571 rantem?
379 2543 492 2571 vidistin‘
508 2544 622 2572 animam
641 2545 758 2580 vigilem,
774 2549 801 2572 et
813 2545 878 2572 nulli
899 2553 1029 2580 persona-

268 2670 277 2685 ί
295 2669 342 2693 Alii
353 2675 401 2693 non
411 2668 484 2698 male,
490 2668 602 2698 justitia’.

267 2700 303 2731 (a)
321 2701 365 2732 Qui
381 2706 440 2732 vero
452 2703 580 2732 verterunt
598 2699 712 2731 puellam,
735 2704 791 2725 sunt
807 2701 903 2732 Aquila,
920 2704 1024 2732 Symma-

236 2730 298 2756 cltus'
307 2734 332 2755 et
343 2730 484 2757 Tlteodotio.
493 2733 521 2754 ut
534 2731 616 2754 videas
628 2732 652 2755 in
664 2732 777 2762 ttexaplis
788 2730 876 2756 nostris
887 2730 942 2756 lsail
952 2732 975 2761 7,
987 2732 1024 2756 14.

235 2766 282 2786 ttae
292 2762 324 2786 de
336 2768 365 2786 re
381 2762 447 2794 vide
456 2762 623 2793 Hieronymum
635 2769 658 2786 tu
671 2761 766 2791 Isaiam,
784 2763 825 2794 qui
845 2764 931 2794 probat
942 2769 1025 2787 vocem

235 2805 383 2833 chraicam,
397 2791 477 2832 Π]ὺῖ
486 2824 494 2835 ,
514 2810 562 2828 non
573 2804 652 2835 modo,
664 2803 788 2835 virginem,
797 2804 841 2830 sed
851 2807 887 2835 et,
895 2803 1023 2830 abscondi-

236 2843 284 2865 tmn
295 2838 420 2872 virginem,
432 2838 579 2870 signiﬁcare.

1084 208 1141 227 rum
1152 203 1300 236 acceptioui
1322 204 1486 233 obnoxiam?
1504 206 1595 242 Neque
1616 215 1686 235 enim
1711 218 1784 237 cum:
1796 210 1872 240 triste

1082 246 1216 281 quidpiam
1229 252 1256 275 et
1266 252 1342 283 turpe
1353 251 1547 286 suspicabatur.
1561 253 1633 281 illam
1649 255 1718 290 apud
1732 264 1761 283 se
1774 249 1873 284 retines

1081 300 1110 320 re
1125 293 1218 327 voluit,
1236 301 1321 329 neque
1335 301 1421 323 amota
1435 297 1584 332 suspicione
1595 319 1601 329 ,
1614 299 1685 326 illam
1701 301 1767 327 ultra
1780 301 1871 329 dimit-

1081 343 1137 367 tere
1151 340 1291 373 sustinuit;
1306 341 1359 368 imo
1374 350 1437 370 vero
1453 343 1523 370 illam
1537 346 1662 379 retinuit;
1676 354 1707 374 ac
1721 347 1801 375 totius
1816 347 1872 375 dis-

1080 385 1243 418 pensationis
1262 387 1383 414 minister
1401 387 1510 416 eﬂ’ectus
1525 395 1575 418 est.
1592 390 1625 417 Et
1638 393 1749 426 accepit,
1765 393 1850 428 inquit
1864 414 1873 428 ,

1085 429 1193 457 Mariam
1206 432 1338 467 conjugent
1354 441 1436 460 suam.
1458 434 1553 462 Viden'
1565 443 1644 470 quam
1659 436 1812 478 frequenter
1823 439 1875 466 hoc

1082 483 1184 503 nomen
1210 477 1331 511 proferat
1359 479 1538 514 evangelista,
1565 480 1639 515 quod
1666 482 1735 509 nolit
1760 483 1873 511 interim

1083 523 1242 558 ntjsterium
1270 523 1338 552 illud
1369 525 1513 560 revelare,
1540 525 1606 553 dum
1635 527 1735 555 malam
1764 534 1873 558 amovet

1083 569 1289 605 suspicionem?

1116 651 1200 680 Maria
1216 659 1271 688 post
1291 660 1392 690 partum
1406 658 1475 692 virgo
1489 659 1591 686 mansit.
1607 674 1643 680 —
1652 660 1696 689 25.
1713 660 1775 688 Cum
1787 668 1871 690 auten:

1078 699 1212 732 accepisset
1238 708 1309 730 eam.
1333 709 1383 728 non
1406 704 1522 738 cognovit
1550 704 1640 738 illam,
1669 706 1749 733 donec
1776 709 1874 743 peperit

1077 743 1160 777 [ilium
1178 752 1251 770 suum
1275 746 1485 781 primogenitum;
1508 749 1571 776 illud
1590 749 1675 777 Donec
1697 751 1739 779 ltie
1759 753 1868 787 po~uit,

1079 797 1131 816 non
1145 792 1334 825 utsuspiceris,
1351 793 1420 820 illam
1435 799 1527 830 postea
1542 798 1699 831 cognovisse
1708 798 1866 834 Josephum,

1077 835 1124 862 sed
1148 841 1177 863 ut
1200 837 1269 864 scias
1293 837 1427 873 Virginem
1453 848 1537 875 usque
1558 841 1592 869 ad
1614 848 1717 876 partum
1739 843 1866 872 intactam

1078 880 1167 908 fuisse.
1184 882 1237 909 Cur
1257 883 1346 918 itaque
1359 885 1410 916 ait,
1426 885 1511 913 Donec
1525 888 1641 922 peperit?
1663 889 1711 916 Hic
1740 897 1799 917 mos
1823 891 1867 917 lo-

1077 928 1176 961 quendi
1189 928 1214 955 in
1228 928 1365 964 Scriptura
1386 939 1457 966 saepe
1470 932 1641 967 observatur;
1654 935 1689 962 ita
1701 941 1731 963 ut
1745 936 1802 964 llaec
1816 945 1866 965 vox

1077 980 1129 999 non
1151 981 1199 1008 pro
1218 975 1328 1002 deﬁnito
1340 977 1453 1011 quodam
1469 982 1587 1013 tempore
1608 986 1732 1014 ponatur.
1747 982 1813 1010 Nam
1835 983 1870 1011 de

1076 1026 1138 1046 arca
1163 1019 1273 1055 loquens
1297 1022 1334 1048 ait
1355 1031 1362 1049 :
1384 1023 1445 1050 Non
1464 1033 1576 1052 reversus
1604 1032 1640 1053 cst
1660 1036 1766 1062 corvus,
1790 1029 1869 1057 donec

1078 1065 1212 1093 sies-aretur
1236 1072 1302 1095 terra
1323 1069 1331 1102 (
1344 1068 1406 1096 Gen.
1428 1071 1454 1098 8.
1478 1071 1530 1106 7).
1556 1073 1605 1100 etsi
1631 1079 1722 1107 postea
1749 1083 1871 1104 reversus

1079 1119 1129 1138 non
1142 1112 1185 1138 sit.
1203 1112 1242 1139 De
1256 1113 1313 1147 ipso
1327 1115 1405 1142 etiam
1422 1116 1476 1143 Deo
1490 1117 1529 1144 sic
1543 1117 1660 1152 loquitur
1676 1129 1683 1146 :
1703 1119 1724 1146 Α
1739 1122 1830 1148 saeculo
1843 1127 1867 1149 et

1077 1165 1155 1191 usque
1175 1158 1201 1184 in
1214 1159 1334 1186 swct'lum
1348 1166 1374 1187 tu
1386 1169 1412 1187 es
1425 1161 1515 1196 (Psal.
1531 1163 1575 1190 89.
1590 1164 1641 1198 2);
1656 1165 1741 1193 nullos
1756 1166 1799 1194 hic
1816 1172 1871 1195 ter-

1079 1202 1166 1230 minos
1186 1211 1305 1238 ponens;
1329 1214 1473 1241 rursusque
1499 1210 1704 1243 prmnuntians:
1725 1212 1827 1239 Orietur
1841 1214 1868 1241 in

1078 1248 1164 1275 diebus
1183 1250 1237 1284 ejus
1254 1250 1356 1284 justitia
1375 1257 1397 1278 et
1420 1252 1575 1280 abundantia
1590 1255 1676 1289 pacis,
1692 1256 1773 1284 donec
1797 1261 1870 1294 anfe-

1077 1300 1149 1320 ratur
1162 1295 1223 1321 [una
1241 1295 1334 1330 (Paul.
1349 1297 1393 1324 Ἠ.
1406 1298 1456 1332 7);
1474 1299 1574 1326 nulltttn
1595 1301 1736 1328 terminum
1759 1303 1870 1338 pulchro

1079 1340 1138 1367 huic
1153 1340 1286 1368 elemento
1299 1343 1401 1369 statuit.
1416 1343 1452 1370 Ita
1468 1349 1494 1370 et
1509 1344 1560 1371 hoc
1574 1345 1647 1378 leco,
1664 1346 1765 1380 Donec,
1780 1348 1864 1380 dixit,

1079 1391 1106 1412 ut
1117 1394 1176 1421 qua:
1190 1391 1295 1421 partum
1307 1389 1502 1416 antecedebant
1514 1390 1646 1424 ﬁrmaret,
1657 1398 1681 1419 et
1697 1401 1756 1428 qum
1771 1401 1868 1429 seque-

1079 1435 1174 1461 lmutur
1195 1433 1241 1460 tibi
1262 1435 1453 1462 consideranda
1475 1435 1645 1471 relinqueret.
1659 1438 1735 1470 Quod
1751 1439 1821 1466 enim
1836 1441 1869 1468 ab

1076 1490 1107 1509 eo
1125 1482 1172 1510 tibi
1194 1482 1350 1511 discendum
1366 1489 1440 1517 erat,
1456 1484 1507 1513 hoc
1521 1485 1604 1519 dixit,
1623 1495 1719 1524 nempe
1732 1489 1866 1523 Virginem

1076 1535 1158 1562 asque
1172 1529 1205 1556 ad
1221 1533 1326 1564 partum
1342 1530 1466 1558 intactam
1481 1532 1611 1559 mansisse
1625 1540 1633 1560 ι
1647 1534 1717 1568 quod
1733 1540 1821 1563 autem
1834 1544 1867 1565 ex

1075 1573 1152 1600 dictis
1163 1575 1291 1609 consequi
1301 1575 1367 1603 etin
1381 1576 1501 1604 confesso
1515 1584 1575 1605 esse
1589 1578 1736 1612 videbatur,
1748 1580 1798 1608 hoc
1814 1582 1861 1610 tibi

1076 1619 1276 1654 intelligendum
1296 1621 1412 1656 reliquit.
1433 1621 1535 1656 Nempe
1549 1624 1634 1651 virum
1656 1625 1729 1652 illum
1745 1626 1865 1661 justum,

1074 1673 1131 1692 eam
1148 1674 1208 1701 qua:
1228 1667 1267 1695 sic
1281 1672 1366 1694 mater
1380 1667 1490 1701 effecta,
1513 1676 1544 1696 ac
1564 1673 1617 1696 tam
1633 1677 1702 1698 navo
1715 1676 1742 1699 et
1760 1672 1866 1702 insolito

1077 1713 1218 1747 puerperio
1232 1712 1337 1748 dignata
1351 1715 1451 1746 fuerat,
1466 1719 1575 1750 tangere
1594 1724 1646 1743 non
1659 1724 1751 1745 ausum
1774 1718 1864 1746 fuisse.

1076 1758 1141 1785 Nam
1156 1759 1178 1786 si
1199 1760 1369 1794 cognovisset
1393 1767 1451 1787 eam
1474 1765 1502 1787 et
1524 1761 1613 1788 uxoris
1632 1762 1691 1790 loco
1711 1763 1863 1796 habuisset.

1074 1804 1207 1838 quomodo
1220 1805 1292 1832 illam
1312 1806 1386 1840 quasi
1406 1806 1509 1833 nullum
1529 1807 1670 1836 habentem
1686 1809 1769 1836 virum
1786 1810 1865 1838 disci-

1075 1851 1136 1884 pulo
1160 1851 1394 1883 commendasset.
1417 1852 1513 1886 jubens
1534 1860 1594 1880 eam
1610 1854 1636 1880 in
1655 1861 1701 1881 sua
1719 1855 1864 1889 accipere?

1073 1897 1130 1930 Quo
1141 1902 1220 1931 pacto
1236 1905 1309 1933 ergo,
1326 1898 1429 1933 inquies
1439 1919 1446 1930 ,
1460 1898 1574 1927 Iacobus
1586 1905 1612 1927 et
1624 1900 1685 1933 alii,
1700 1901 1759 1935 ejus
1771 1901 1865 1930 fratres

1073 1943 1258 1977 appellantur?
1282 1944 1509 1976 Quemadmodum
1533 1949 1560 1972 et
1581 1945 1679 1980 Joseplt
1709 1946 1750 1973 vir
1775 1946 1865 1975 Maria:

1073 1995 1132 2015 esse
1147 1989 1357 2016 existimabatur.
1379 1989 1458 2016 Multa
1479 1990 1549 2017 enim
1568 1996 1644 2018 erant
1658 1992 1742 2025 posita
1756 1993 1865 2020 velanti-

1074 2042 1106 2061 na
1116 2054 1123 2066 ,
1139 2039 1168 2061 ut
1181 2035 1330 2070 hujusmodi
1346 2040 1436 2070 partus
1449 2036 1627 2064 occultaretur
1641 2046 1647 2063 :
1665 2036 1776 2072 ideoque
1786 2038 1865 2066 Joan-

1073 2089 1119 2108 nes
1134 2081 1193 2108 illos
1208 2082 1246 2108 sic
1260 2082 1371 2109 vocabat
1394 2082 1435 2109 bis
1457 2082 1545 2110 verbis
1556 2103 1563 2115 ,
1593 2083 1680 2118 Neque
1694 2084 1760 2110 enim
1774 2086 1865 2120 fratres

1073 2127 1127 2161 ejus
1144 2127 1276 2154 credebant
1301 2127 1327 2153 in
1352 2136 1408 2154 eum
1436 2127 1532 2162 (Joan.
1554 2129 1579 2155 7.
1612 2129 1662 2161 5).
1687 2129 1811 2157 Attamen
1829 2130 1862 2163 ii,

1073 2172 1116 2206 qui
1141 2173 1214 2207 prius
1235 2181 1289 2200 non
1310 2173 1498 2206 crediderant,
1522 2174 1669 2201 admirandi
1693 2179 1721 2202 et
1745 2175 1864 2210 pneclari

1073 2223 1164 2253 postea
1187 2220 1356 2246 exstiterunt.
1386 2219 1497 2252 Quando
1524 2227 1588 2254 ergo
1607 2220 1761 2255 dogmatum
1784 2229 1864 2248 causa

1073 2265 1171 2292 Paulus
1197 2266 1390 2301 .lerosolymam
1417 2266 1591 2299 ascendebat,
1616 2266 1744 2294 Jacobum
1774 2268 1863 2294 statim

1073 2311 1155 2337 adiit:
1170 2311 1214 2346 qui
1232 2312 1266 2338 ita
1279 2311 1450 2338 admirandus
1464 2317 1538 2345 erat,
1552 2316 1581 2339 ut
1594 2312 1664 2339 illius
1675 2313 1749 2340 urbis
1759 2313 1864 2348 episco-

1074 2361 1162 2391 patum
1185 2357 1284 2391 primus
1305 2357 1447 2391 acciperet.
1473 2357 1588 2384 Narrant
1609 2363 1698 2386 autem
1714 2359 1788 2385 illum
1809 2363 1863 2385 tam

1074 2409 1169 2436 aspere
1185 2403 1266 2429 vitam
1281 2402 1403 2436 duxisse,
1426 2407 1455 2429 ut
1477 2403 1595 2430 membra
1610 2403 1666 2438 ejus
1683 2404 1771 2431 omnia
1788 2404 1863 2439 quasi

1073 2453 1194 2476 emortua
1207 2453 1307 2482 essent,
1322 2454 1402 2485 atque
1421 2457 1452 2477 ex
1473 2450 1598 2484 precandi
1617 2450 1784 2483 assiduitate,
1798 2451 1861 2478 dum

1073 2496 1169 2530 jugiter
1184 2496 1210 2524 in
1231 2496 1382 2531 pavimento
1399 2497 1601 2531 procumberet,
1616 2495 1730 2524 frontem
1751 2497 1809 2532 ejus
1828 2497 1864 2524 ita

1073 2541 1249 2573 obduruisse,
1271 2546 1299 2568 ut
1316 2549 1432 2577 genuum
1450 2542 1545 2569 cameli
1560 2542 1684 2569 duritiem
1702 2549 1769 2577 pene
1783 2542 1864 2569 attin-

1073 2591 1147 2621 geret
1160 2585 1218 2622 (ιι),
1231 2587 1267 2614 ita
1286 2586 1439 2622 frequenter
1460 2587 1532 2614 illam
1552 2588 1609 2615 solo
1622 2587 1793 2622 applicuerat.
1816 2587 1865 2615 Hie

1073 2639 1178 2667 quoque
1191 2632 1312 2666 Paulum,
1328 2633 1373 2668 qui
1387 2633 1474 2661 denuo
1486 2632 1678 2668 Jerosolymam
1689 2633 1862 2666 ascenderat,

1107 2749 1143 2780 (α)
1159 2748 1245 2780 Aniani
1257 2749 1426 2780 interpretatio
1436 2748 1522 2777 refert,
1534 2749 1612 2773 .Iacohi
1624 2755 1706 2780 genua
1717 2750 1864 2774 obduruisse

1076 2780 1146 2808 callo,
1159 2779 1183 2804 id
1194 2779 1258 2810 quod
1270 2780 1293 2803 iu
1305 2779 1387 2804 Graeco
1398 2786 1445 2804 non
1457 2779 1572 2804 habetur:
1580 2779 1692 2805 vers‘ione
1702 2784 1783 2804 mmen
1794 2781 1865 2805 Aniu-

1077 2811 1100 2834 ui
1108 2811 1172 2846 ducti
1184 2817 1232 2846 non
1239 2812 1312 2846 pauci
1323 2811 1346 2835 id
1352 2811 1545 2843 Cbrysostomum
1553 2811 1586 2836 de
1595 2814 1617 2836 S.
1623 2812 1711 2837 Jacobo
1720 2811 1813 2836 dixisse
1821 2818 1864 2843 pu-

1077 2845 1136 2867 tant.
1148 2841 1178 2865 V.
1188 2841 1278 2866 l‘rtel'at.
1291 2842 1303 2873 §
1315 2848 1339 2866 ν.
