2056 3130
244 121 278 150 59
854 122 889 152 1N
908 121 1112 151 M\TTH£UM
1132 123 1246 152 IIOMIL.
1265 123 1298 151 V.
1845 119 1880 146 θθ

243 179 328 206 fausta
348 177 473 205 nuntians
494 178 533 205 sic
551 177 713 213 compellat:
733 177 827 209 Videt,
853 179 947 210 frater,
974 184 1031 211 quot

243 223 324 250 millia
336 224 446 257 suntqui
458 227 625 250 convenerunt
639 222 652 256 (
660 223 714 249 Act.
730 222 774 249 2|.
789 221 862 257 20)?
877 222 962 248 Tanta
975 226 1034 248 erat

239 269 298 301 ejus
311 269 449 303 prudentia
460 290 468 300 ,
484 273 572 296 tantus
584 269 673 300 zelus;
690 269 744 296 imo
755 275 820 295 vero
841 272 913 295 tanta
928 267 1029 294 Christi

241 317 334 342 virtus.
357 315 421 342 Nam
441 315 487 350 qui
510 315 582 342 illum
604 314 790 349 vituperabant
817 315 968 344 viventem.
994 314 1029 341 ita

239 365 301 395 post
312 366 424 388 mortem
439 361 524 395 ipsum
541 360 664 387 admirati
679 365 759 393 sunt,
774 364 803 386 ιιι
815 367 876 387 cum
891 359 1030 387 alacritate

239 413 333 440 magna
357 407 437 433 vitam
460 413 509 441 pro
526 406 584 441 ipso
609 405 815 441 profunderent;
831 413 892 440 quae
905 405 1030 432 virtutem

239 452 442 479 resurrectionis
469 459 530 479 cum
555 451 647 486 primis
669 455 890 478 commonstrant.
918 450 1032 484 Ideoque

239 497 296 529 illa,
312 505 372 532 quas
383 497 497 524 clariora
511 501 587 524 erant
596 517 604 529 ,
619 496 652 523 ad
667 501 816 524 extremum
828 501 931 530 tempus
945 503 1032 523 reser-

239 543 387 575 vabantur,
410 547 439 570 ut
453 542 510 569 haec
523 542 587 570 nulli
604 541 684 569 dubio
698 541 812 569 obnoxia
831 545 903 569 esset
920 541 1032 568 demon-

239 588 342 614 stratio.
357 587 422 614 Nam
433 588 455 614 si
470 587 529 614 illos
543 587 622 614 etiam
637 587 681 622 qui
702 587 727 614 in
742 587 794 614 vita
817 593 863 614 sua
877 586 1028 613 admirandi

238 639 332 666 crant,
355 633 493 661 defunctos
516 633 712 665 obliviscimur,
732 640 786 668 quo
805 636 885 668 pacto
903 632 958 665 illi.
979 631 1024 667 qui

239 679 373 707 viventem
387 681 473 714 ipsum
494 679 657 710 irridebant,
674 679 757 706 Deum
772 686 832 706 esse
851 678 1031 706 existimavis-

239 729 314 758 sent,
334 725 356 752 si
377 724 512 751 hominem
534 724 731 751 credidissent?
750 723 884 758 quomodo
903 730 952 758 pro
972 722 1031 757 ipso

240 775 353 798 mortem
374 770 466 798 subire
480 770 642 802 voluissent,
659 771 709 798 nisi
726 770 892 804 perspicuam
913 770 1032 804 accepis-

239 820 300 843 sent
313 816 517 844 resurrectionis
525 815 783 844 demonstrationem
792 815 805 842 2

272 916 378 952 Cognati
401 916 467 952 justi
491 915 591 942 nonnisi
605 913 760 948 resipiuenti
775 912 899 948 peccatori
913 915 1029 946 pronmt.

238 963 359 991 Precibus
377 967 521 990 sanctorum
540 970 591 988 mm
614 961 689 988 nimis
714 960 855 996 fidentium.
880 959 949 986 -ι.
968 958 1030 986 Haec

239 1017 320 1044 porro
334 1009 458 1040 dicimus,
474 1015 526 1034 non
541 1011 570 1034 ut
584 1006 696 1033 audiatis
715 1010 828 1038 tantum,
843 1004 890 1032 sed
903 1009 932 1032 ut
944 1004 1032 1031 imite-

238 1053 613 1085 minifortitudinem,dicemli
633 1051 761 1084 iduciam,
776 1051 957 1085 justitiamque
971 1057 1031 1077 om-

239 1108 319 1131 nem;
333 1105 361 1127 ut
373 1107 453 1127 nemo
464 1099 498 1126 de
511 1106 540 1126 se
554 1098 688 1133 desperet,
704 1096 808 1125 etiamsi
819 1097 930 1123 antehac
944 1095 1033 1130 segnis

238 1145 440 1180 desidiosusque
463 1144 558 1176 fuerit;
583 1147 663 1178 utque
686 1142 758 1169 nulla
780 1142 807 1169 in
835 1148 867 1169 re
893 1140 946 1168 alia
958 1147 1033 1175 spem

240 1191 346 1224 habeat,
360 1190 411 1218 nisi
423 1194 483 1225 post
496 1190 542 1216 Dei
556 1187 765 1216 misericordiam
778 1187 805 1214 in
817 1193 920 1214 morum
933 1185 1034 1213 sancti-

241 1236 370 1264 tate.Nam
382 1236 403 1263 si
413 1235 478 1263 nihil
486 1235 538 1262 illis
549 1232 765 1270 profuitquodex
773 1232 940 1267 cognatione,
954 1231 1034 1258 domo

240 1286 269 1309 et
280 1282 362 1316 patria
373 1281 469 1309 Christi
484 1285 574 1308 essent
584 1277 694 1311 ,'donec
707 1279 803 1305 virtute
815 1277 964 1305 clarereut:
980 1283 1032 1311 qua

235 1328 319 1356 'venia
340 1327 411 1363 digni
431 1327 548 1359 erimus,
562 1326 624 1354 dum
645 1329 771 1360 cognatos
790 1329 818 1351 et
835 1324 929 1351 fratres
945 1324 1031 1358 iustos

242 1374 424 1406 ostendimus,
449 1373 499 1400 nisi
528 1380 588 1399 cum
615 1378 710 1407 magna
730 1370 855 1405 asquitale
880 1369 1030 1403 virtuteque

242 1422 323 1448 vitam
351 1419 499 1448 ducamus?
526 1418 593 1446 Illud
620 1418 690 1445 enim
711 1416 882 1444 subindicans
903 1415 1034 1450 propheta

243 1466 347 1494 diccbat
363 1474 369 1492 :
385 1464 477 1492 Frater
489 1472 538 1491 non
551 1464 660 1496 redimit,
676 1462 780 1489 redimet
797 1462 871 1488 homo
887 1460 976 1495 (Psal.
990 1460 1036 1488 48.

242 1512 294 1548 ’1);
310 1511 415 1540 etiamsi
431 1511 533 1547 Moyses
550 1510 647 1542 fuerit,
664 1509 766 1536 etiamsi
785 1507 912 1540 Samuel,
933 1506 1037 1534 etiamsi

243 1558 382 1585 .leremias.
406 1556 473 1584 Audi
489 1557 558 1584 enim
571 1555 633 1591 quid
649 1555 687 1582 illi
700 1554 771 1581 dicat
785 1554 855 1581 Deus
871 1561 881 1581 :
898 1552 961 1580 Noli
975 1561 1034 1587 pre-

243 1604 297 1631 cari
315 1611 361 1638 pro
376 1603 470 1638 popqu
483 1602 540 1634 hoc,
555 1601 674 1636 quoniam
695 1608 745 1626 non
757 1599 892 1626 exaudiant
913 1603 937 1625 te
962 1597 1033 1632 (Jer.

245 1650 289 1676 11.
304 1649 364 1684 14).
377 1649 408 1675 Et
420 1647 483 1683 quid
498 1646 602 1674 miraris
615 1646 637 1672 si
651 1650 677 1672 te
690 1653 743 1672 non
758 1644 856 1672 audio?
866 1643 932 1671 Nam
944 1643 966 1670 si
977 1650 1036 1677 Ipse

245 1696 350 1731 Moyses
360 1715 367 1727 ,
381 1694 484 1729 inquit,
497 1693 519 1720 si
530 1692 637 1720 Samuel
651 1691 790 1722 adessent,
805 1697 898 1718 eorum
914 1696 962 1724 pro
981 1688 1038 1715 istis

244 1743 463 1778 supplicationem
486 1750 538 1769 non
565 1742 733 1769 admitterem
757 1740 831 1770 (Jer.
850 1740 890 1767 15.
908 1740 949 1774 1).
964 1739 1031 1766 Eze-

244 1789 313 1817 chiel
325 1788 428 1816 etiamsi
447 1788 594 1822 supplicet,
608 1788 659 1814 hoc
679 1786 769 1814 audiet
785 1794 791 1812 :
811 1785 842 1812 Si
852 1785 965 1812 steterint
978 1783 1035 1810 Noe

245 1841 267 1862 at
281 1835 330 1862 Job
354 1839 376 1861 et
392 1833 498 1866 Daniel,
523 1834 590 1868 ﬁlios
614 1833 729 1867 ﬁliasque
749 1840 808 1859 sua:
827 1839 877 1858 non
896 1830 1034 1857 liberabant

244 1879 358 1915 (Ezech.
384 1879 565 1914 14.“.16).
592 1878 703 1905 Etiamsi
727 1877 860 1905 Abraham
885 1875 1034 1911 patriarcha

245 1934 294 1961 pro
305 1926 336 1953 iis
346 1926 391 1961 qui
403 1925 540 1952 incurabili
555 1925 647 1952 morbo
657 1924 787 1956 laborant,
800 1931 850 1950 nec
864 1922 1032 1957 resipiscunt,

245 1971 391 2006 supplicet.
409 1971 478 1998 Deus
497 1970 623 1998 abscedet
643 1975 670 1998 et
693 1970 825 2004 relinquet
845 1976 924 2001 eum;
948 1969 982 1994 ita
1007 1972 1037 1994 ut

244 2023 336 2050 eorum
359 2017 441 2051 gratia
467 2016 591 2044 emissam
618 2023 710 2043 vocem
735 2023 787 2042 non
808 2014 906 2042 audiat.
924 2014 1035 2041 Etiamsi

246 2063 353 2090 Samuel
368 2063 417 2090 hoc
432 2063 517 2097 ipsum
531 2062 640 2095 fecerit,
654 2062 725 2089 dicet
738 2062 787 2096 ipsi
803 2070 810 2088 :
827 2060 868 2088 Ne
881 2061 978 2096 ﬂeveris
991 2068 1036 2094 pro

247 2109 325 2136 Smile
339 2110 347 2143 (
360 2110 384 2136 1.
399 2109 461 2144 Reg.
479 2109 521 2136 16.
537 2109 582 2144 1).
598 2108 709 2135 Etiamsi
729 2115 776 2142 pro
798 2115 890 2134 sorore
905 2106 1035 2141 quispiam

245 2163 298 2182 non
307 2160 456 2189 opportune
467 2155 592 2185 oraverit.
605 2155 718 2189 idipsum
733 2153 822 2181 audiet
831 2153 901 2188 quod
915 2153 1034 2188 Moyses:

246 2201 276 2228 Si
307 2209 446 2235 conspueus
472 2200 626 2235 conspuisset
645 2205 716 2235 pater
736 2200 791 2234 ejus
817 2200 843 2226 in
871 2199 962 2234 faciem
981 2199 1036 2233 ejus

245 2245 344 2280 (Num.
372 2238 416 2273 12Ῐ
448 2246 481 2273 14
497 2246 516 2280 ).
541 2245 580 2272 Nc
606 2246 693 2278 itaque
719 2245 833 2272 aliorum
861 2244 1035 2279 patrocinium

245 2293 335 2320 hiante
349 2300 396 2320 ore
408 2298 568 2328 spectemus.
582 2291 646 2319 Nam
664 2299 756 2326 preces
767 2291 872 2326 quidem
883 2295 1035 2318 sanctorum

244 2339 298 2365 vim
313 2338 411 2365 habent
425 2338 588 2370 maximam;
604 2337 649 2364 scd
669 2338 691 2364 si
708 2345 756 2364 nos
776 2337 957 2371 paenitentiam
973 2345 1036 2371 aga-

245 2391 306 2411 mus
330 2388 357 2411 et
387 2383 584 2418 resipiscamus.
603 2378 821 2418 Quandoquidem
847 2383 969 2418 Moyses,
991 2384 1036 2418 qui

246 2431 354 2458 iralrem
378 2438 454 2457 suum
468 2436 494 2457 et
507 2435 632 2458 sexcenta
645 2430 725 2456 millia
741 2429 879 2456 hominum
900 2430 934 2457 ab
949 2430 1036 2456 immi-

246 2481 325 2503 nente
348 2476 385 2503 ira
411 2475 548 2509 liberavit,
575 2483 695 2503 sororem
723 2484 774 2502 non
800 2476 885 2511 potuit
911 2476 1034 2510 eripere;

246 2521 350 2548 etiamsi
364 2529 415 2547 non
430 2529 478 2556 par
490 2526 625 2556 peccatum
640 2526 711 2548 esset
727 2530 733 2547 :
750 2521 793 2548 illa
808 2522 906 2556 quippe
917 2521 1035 2557 Moysem

245 2567 405 2594 contumelia
418 2566 559 2599 affecerat;
572 2568 597 2594 hi
611 2572 699 2594 autem
713 2567 821 2602 impium
838 2567 940 2595 facinus
950 2568 1036 2595 admi-

246 2616 345 2640 serant.
362 2612 459 2639 Verum
473 2612 541 2640 hanc
557 2620 606 2647 ego
619 2613 693 2640 vobis
708 2613 882 2648 qumstionem
896 2613 1034 2648 relinquo,

246 2657 294 2686 sed
313 2658 357 2685 illa
384 2658 531 2693 graviorem
553 2659 658 2686 solvere
677 2658 803 2686 conabor.
827 2659 896 2692 Quid
915 2660 985 2687 enim
1002 2661 1036 2688 de

247 2710 341 2730 sorore
353 2703 481 2735 dicamus,
497 2704 601 2738 quando
616 2704 672 2738 ipse
686 2705 766 2731 etiam
787 2706 852 2731 tanti
866 2705 955 2740 populi
970 2705 1034 2737 dux,

247 2748 273 2776 id
289 2748 358 2782 quod
375 2756 424 2783 pro
437 2749 524 2783 seipso
539 2750 647 2784 rogabat
662 2750 803 2785 impetrare
819 2757 870 2777 non
881 2751 973 2783 valuit,
988 2752 1036 2778 sed

249 2799 307 2822 oost
327 2799 365 2823 tot
386 2800 526 2825 tantosque
550 2795 654 2824 labores
677 2801 704 2825 et
725 2804 874 2831 aerumnas,
897 2803 1035 2832 postquam

1095 181 1142 208 per
1162 180 1247 200 annos
1259 173 1429 208 quadraginta
1444 173 1540 209 popqu
1563 173 1722 209 przefuerat,
1744 183 1770 201 In
1786 162 1883 202 terram

1095 219 1173 246 toties
1199 218 1357 254 promissam
1382 219 1481 246 intrare
1508 219 1660 254 prohibitus
1683 220 1744 247 est?
1766 220 1823 254 Qua
1849 222 1885 250 de

1091 264 1191 291 causa?
1212 263 1270 291 Non
1295 264 1365 291 utilis
1394 264 1451 292 haec
1471 265 1554 299 gratia
1576 263 1688 298 fuisset,
1713 265 1767 292 imo
1790 266 1880 294 damni

1092 311 1202 338 multum
1215 310 1364 341 intulisset.
1382 310 1588 346 Judaeorumque
1609 311 1706 339 multos
1725 312 1881 347 supplanta-

1091 357 1184 384 visset.
1197 357 1224 384 Si
1239 357 1310 384 enim
1329 364 1362 384 ex
1374 356 1491 392 Egypto
1511 362 1612 384 tantum
1625 365 1639 384 a
1650 357 1740 394 Moyse
1755 359 1856 386 liberati
1869 379 1878 392 ,

1088 403 1141 430 Deo
1156 402 1278 436 dimisso,
1290 403 1397 439 Moysen
1410 403 1583 436 requirebant
1597 404 1698 439 ipsique
1713 409 1796 431 totum
1808 404 1877 432 refc-

1088 448 1182 475 rebant
1198 457 1204 475 :
1219 448 1241 475 si
1257 441 1288 476 se
1309 449 1437 475 vidissent
1450 448 1484 476 ab
1502 449 1547 476 illo
1561 449 1726 476 introductos
1741 451 1766 476 in
1781 456 1880 478 terram

1087 487 1269 528 promissionis
1280 515 1288 527 ,
1304 502 1357 529 quo
1368 502 1419 521 non
1436 495 1619 529 prorupissent
1633 495 1795 529 impietatis?
1805 495 1878 523 Ideo-

1085 549 1136 575 que
1157 541 1305 575 sepulcrum
1328 541 1385 576 ejus
1406 541 1538 568 occultum
1552 541 1755 575 mansit(Deut.
1772 543 1816 570 54.
1832 542 1880 578 6).

1086 587 1193 614 Samuel
1208 595 1272 615 vero
1290 587 1397 615 Saiilem
1419 587 1532 616 liberare
1545 588 1662 623 nequivit
1676 596 1690 615 a
1708 588 1797 616 divina
1821 589 1858 616 ira
1871 609 1879 621 ,

1085 633 1130 667 qui
1149 638 1237 660 tamen
1261 633 1393 660 lsraelitas
1419 641 1490 669 sepe
1511 634 1626 661 servavit
1645 634 1686 670 (1.
1703 634 1764 670 Reg.
1784 635 1825 663 16.
1842 635 1880 670 1).

1085 679 1214 707 Jeremias
1228 679 1335 707 Jud:cos
1360 687 1467 707 servare
1486 675 1539 707 non
1567 681 1671 715 potuit,
1690 680 1766 708 alteri
1793 687 1881 708 tamen

1086 725 1112 752 in
1138 724 1275 760 prophetia
1301 732 1348 753 sua
1372 725 1554 760 patrocinatus
1581 732 1632 753 est.
1667 726 1760 754 Daniel
1784 727 1881 754 barba-

1086 779 1131 800 ros
1153 772 1198 807 qui
1221 772 1409 807 iugulabantur
1434 771 1546 807 eripuit,
1577 779 1626 799 nec
1652 771 1759 800 Judmos
1786 780 1819 800 ne
1854 772 1881 800 in

1085 818 1263 852 captivitatem
1277 817 1474 844 abducerentur
1494 825 1602 844 scrvare
1621 819 1706 852 potuit
1720 819 1728 852 (
1742 817 1807 845 Dan.
1823 817 1841 845 2
1854 819 1875 853 ).

1086 863 1114 891 In
1129 863 1280 898 Evangeliis
1292 871 1398 898 quoque
1417 871 1469 894 non
1486 863 1511 890 in
1527 863 1657 896 diversis,
1673 863 1721 891 sed
1736 864 1763 891 in
1783 863 1880 891 iisdem

1086 911 1150 946 ipsis
1164 916 1306 946 utrumque
1329 910 1509 945 conspicimus
1530 919 1537 937 :
1563 910 1740 944 eumdemque
1754 910 1877 938 videmus

1085 958 1199 984 salutem
1214 956 1264 984 sibi
1277 963 1380 991 parare,
1393 961 1420 983 et
1435 960 1525 992 postea
1539 956 1651 983 salutem
1665 963 1740 983 suam
1751 955 1876 990 prodere.

1085 1003 1151 1030 Nam
1170 1002 1214 1037 qui
1229 1001 1324 1029 decem
1342 1002 1423 1028 nullia
1440 1001 1538 1028 talenta
1552 1000 1682 1034 debebat,
1707 1001 1881 1036 supplicando

1086 1058 1115 1078 se
1127 1057 1159 1077 ex
1172 1049 1290 1084 periculo
1307 1049 1404 1084 eripuit
1419 1052 1563 1083 posteaque
1579 1047 1694 1083 idipsum
1709 1055 1761 1074 non
1776 1048 1880 1083 potuit;

1085 1096 1153 1123 alius
1167 1099 1259 1122 contra
1271 1115 1278 1127 ,
1294 1095 1338 1129 qui
1361 1093 1434 1129 prius
1455 1093 1570 1128 scipsum
1593 1093 1750 1129 prodiderat
1765 1114 1772 1125 ,
1789 1097 1880 1128 postea

1085 1141 1135 1168 sibi
1149 1141 1196 1175 ipsi
1211 1140 1353 1175 plurimum
1376 1139 1502 1175 prodesse
1524 1140 1620 1175 potuit.
1635 1140 1700 1174 Quis
1714 1139 1758 1167 ille
1770 1139 1835 1167 est?
1857 1139 1881 1166 Is

1086 1187 1130 1222 qui
1144 1191 1278 1222 paternam
1291 1187 1464 1214 substantiam
1485 1186 1657 1222 devoraverat
1668 1185 1743 1223 (Luc.
1760 1186 1803 1214 15.
1822 1186 1879 1221 50).

1087 1234 1177 1268 Itaque
1196 1234 1218 1261 si
1241 1241 1335 1268 segnes
1347 1237 1373 1260 et
1385 1233 1511 1261 socordes
1525 1233 1669 1267 fuerimus,
1693 1241 1728 1261 ne
1752 1241 1801 1269 per
1813 1232 1881 1261 alios

1087 1279 1193 1316 quidem
1208 1279 1308 1307 servari
1323 1272 1487 1314 poterimus,
1511 1279 1533 1306 si
1553 1283 1641 1306 autem
1655 1279 1794 1314 vigilemus
1804 1300 1812 1312 .
1833 1287 1881 1314 per

1088 1325 1264 1361 nosmetipsos
1279 1324 1304 1352 id
1323 1325 1471 1352 valebimus
1485 1333 1491 1352 :
1507 1325 1561 1352 imo
1575 1325 1658 1360 magis
1680 1329 1786 1357 nostra,
1800 1332 1880 1360 quam

1087 1372 1199 1400 aliorum
1224 1379 1314 1406 opera.
1336 1370 1434 1397 Mavult
1457 1371 1555 1406 quippe
1577 1371 1647 1398 Deus
1669 1371 1780 1406 gratiam
1801 1371 1879 1397 nobis

1089 1418 1153 1454 ipsis
1163 1417 1243 1450 dare,
1258 1425 1338 1452 quam
1349 1416 1401 1444 alio
1415 1424 1461 1451 pro
1478 1417 1553 1444 nobis
1566 1423 1691 1452 precante
1700 1427 1706 1444 :
1715 1420 1878 1445 utcurantes

1097 1465 1184 1500 ipsius
1215 1465 1281 1493 iram
1297 1465 1418 1500 placare,
1433 1473 1492 1493 cum
1507 1464 1601 1492 ﬁducia
1614 1471 1721 1499 agamus
1739 1468 1766 1492 et
1787 1464 1879 1500 resipi-

1095 1518 1209 1539 scamus.
1219 1510 1262 1538 Sic
1269 1510 1446 1539 Chananaeam
1455 1512 1594 1550 miseratus
1602 1515 1642 1538 est
1649 1519 1656 1544 ;
1666 1510 1705 1538 sic
1712 1510 1880 1538 meretricem

1094 1557 1180 1585 salute
1194 1557 1310 1589 donavit,
1322 1557 1361 1585 sic
1373 1557 1502 1585 latronem
1513 1578 1520 1591 ,
1536 1557 1608 1584 nullo
1621 1556 1814 1584 interveniente
1826 1563 1880 1583 me-

1094 1603 1197 1631 diatore
1210 1608 1238 1630 et
1253 1607 1374 1636 patrono.
1395 1596 1398 1599 ’

1127 1693 1154 1721 5.
1167 1693 1320 1721 Sanctorum
1330 1692 1460 1720 invocatio.
1473 1690 1646 1727 Elecmosyna:
1655 1690 1762 1726 fructus.
1774 1704 1809 1713 -σ
1819 1688 1880 1717 Haec

1092 1745 1180 1768 autem
1193 1739 1253 1767 dico
1265 1761 1272 1773 ,
1287 1748 1339 1766 non
1355 1743 1384 1766 ut
1397 1739 1495 1766 sanctis
1509 1747 1561 1766 non
1577 1738 1772 1773 supplicemus,
1786 1737 1833 1765 sed
1848 1744 1881 1764 ne

1092 1788 1176 1814 simus
1190 1787 1363 1822 negligentes,
1375 1794 1441 1814 neve
1454 1787 1478 1812 in
1492 1785 1640 1813 socordiam
1652 1792 1827 1820 somnumque
1836 1784 1881 1811 de-

1092 1832 1177 1867 lapsi,
1193 1833 1252 1860 aliis
1274 1833 1390 1867 ipsisque
1409 1832 1473 1859 solis
1494 1840 1536 1858 rcs
1555 1837 1660 1858 nostras
1674 1831 1880 1858 committamus.

1091 1878 1157 1906 Nam
1171 1887 1231 1906 cum
1242 1878 1362 1910 dixisset,
1377 1877 1465 1906 Facile
1477 1878 1544 1905 vobis
1557 1879 1661 1911 amicos,
1674 1886 1727 1905 non
1743 1877 1785 1905 hic
1798 1878 1880 1911 stetit,

1092 1926 1138 1953 sed
1154 1926 1264 1959 addidit,
1279 1925 1319 1952 Ea:
1332 1926 1417 1960 iniquo
1432 1934 1548 1952 mamona
1563 1924 1646 1960 (Luc.
1661 1925 1705 1952 16.
1721 1925 1737 1952 9
1750 1925 1758 1959 )
1776 1933 1782 1951 :
1797 1929 1826 1952 ut
1839 1933 1881 1952 rc-

1091 1977 1134 1999 cte
1148 1972 1245 1999 factum
1260 1980 1322 1999 vere
1335 1972 1369 1998 sit
1383 1977 1465 1999 tuum.
1483 1971 1552 1998 Nihil
1567 1971 1636 1998 enim
1650 1970 1721 1998 aliud
1735 1970 1787 2004 hic,
1803 1979 1880 2006 quam

1093 2018 1289 2052 clcemosynam
1305 2017 1429 2044 iudicavit
1445 2027 1451 2044 :
1468 2017 1590 2052 quodque
1605 2017 1800 2050 admirandum,
1817 2017 1881 2044 nihil

1092 2063 1160 2090 ultra
1174 2072 1188 2090 a
1202 2064 1277 2090 nobis
1292 2063 1382 2098 exigit.
1398 2065 1419 2090 si
1433 2063 1466 2090 ab
1480 2063 1617 2098 iniquitate
1630 2063 1812 2090 abscedamus.
1826 2063 1883 2090 Hoc

1092 2110 1162 2136 cuim
1181 2109 1236 2136 vult
1255 2109 1403 2144 signiﬁcare
1420 2118 1426 2135 :
1440 2108 1530 2143 Inique
1548 2108 1657 2142 adeptus
1671 2109 1722 2136 es?
1736 2109 1816 2136 Recte
1830 2109 1881 2136 im-

1093 2154 1188 2189 pende.
1211 2153 1308 2188 lujuste
1327 2154 1473 2189 collegisti?
1487 2153 1561 2181 Juste
1577 2154 1708 2189 disperge.
1725 2155 1804 2189 Atqui
1823 2162 1882 2189 qua:

1094 2199 1198 2226 tandem
1220 2199 1277 2226 lucc
1296 2199 1378 2226 virtus
1391 2204 1447 2231 est,
1461 2198 1495 2226 de
1511 2199 1606 2226 talibus
1623 2198 1744 2226 donare?
1758 2201 1882 2227 Attamen

1094 2245 1173 2278 Deus,
1187 2245 1313 2280 benignus
1327 2253 1387 2272 cum
1399 2245 1443 2277 sit,
1455 2253 1488 2272 eo
1501 2253 1584 2280 usque
1598 2253 1657 2273 sese
1667 2245 1791 2273 demittit.
1806 2246 1832 2274 Si
1847 2246 1882 2273 ita

1094 2291 1228 2323 faciamus,
1243 2291 1310 2318 bona
1325 2290 1401 2318 nobis
1414 2291 1495 2318 multa
1510 2291 1655 2326 pollicetur.
1671 2293 1704 2318 At
1718 2299 1765 2319 nos
1778 2292 1810 2319 ad
1825 2296 1883 2319 tan-

1094 2343 1146 2364 tam
1162 2338 1310 2365 socordiam
1325 2337 1497 2371 devenimus,
1513 2342 1542 2364 ut
1562 2346 1595 2365 ne
1616 2338 1721 2373 quidem
1741 2346 1773 2365 ex
1793 2339 1883 2373 inique

1093 2385 1174 2422 pactis
1189 2385 1349 2420 largiamur;
1365 2385 1411 2412 sed
1428 2385 1572 2412 innumeris
1586 2385 1654 2412 aucti
1672 2385 1788 2420 rapinis,
1803 2386 1826 2412 si
1840 2385 1882 2413 vel

1093 2431 1229 2457 minimam
1241 2435 1341 2465 portent
1352 2430 1513 2463 dederimus,
1526 2438 1575 2458 nos
1584 2435 1667 2458 totum
1678 2431 1824 2459 absolvisse
1834 2439 1883 2466 pu-

1093 2480 1188 2503 turnus.
1204 2475 1262 2503 Non
1281 2476 1377 2503 audisti
1397 2475 1507 2503 Paulum
1522 2476 1668 2510 dicentem,
1685 2477 1735 2510 Qui
1752 2485 1827 2512 parce
1840 2485 1881 2504 se-

1093 2523 1180 2554 minat,
1196 2531 1271 2557 parte
1284 2528 1307 2549 et
1319 2527 1392 2549 metet
1405 2522 1442 2558 (2.
1459 2522 1517 2550 Cor.
1534 2523 1559 2550 9.
1575 2522 1620 2557 6)?
1633 2522 1687 2550 Cur
1701 2530 1764 2558 ergo
1779 2522 1882 2557 parcis?

1093 2578 1154 2596 num
1168 2561 1288 2604 sumptus
1300 2574 1342 2597 est
1354 2569 1437 2596 illud?
1448 2578 1511 2597 num
1524 2571 1660 2604 expensa?
1673 2570 1728 2597 lmo
1739 2575 1882 2604 proventus

1092 2620 1118 2642 et
1131 2609 1283 2650 negotiatio.
1297 2615 1346 2642 Ubi
1359 2615 1428 2642 enim
1444 2622 1535 2642 semen
1547 2615 1653 2650 jacilur,
1667 2615 1701 2643 ibi
1716 2617 1809 2643 messis
1819 2624 1882 2644 ceu-

1092 2661 1211 2696 sequitur
1227 2670 1233 2687 :
1248 2660 1292 2688 ubi
1306 2668 1397 2688 semen
1408 2681 1415 2694 ,
1432 2661 1467 2688 ibi
1480 2666 1507 2688 et
1520 2661 1731 2697 multiplicatio‘.
1748 2661 1787 2689 Tu
1800 2670 1880 2695 vero,

1095 2802 1118 2828 '0
1127 2771 1284 2828 "KSSalv'izlé.e
1295 2771 1430 2804 negotiatio,
1444 2770 1478 2797 ibi
1489 2774 1511 2798 et
1523 2770 1677 2802 abundantia,
1691 2771 1714 2796 id
1722 2771 1786 2804 quod
1798 2771 1823 2797 in
1831 2768 1883 2797 nui-

2053 1410 2055 1548 Ν

2053 1789 2056 1878 4
