2056 3130
267 101 300 131 Gl
618 103 646 132 S.
666 105 807 135 JOANNIS
826 107 1067 136 CHRYSOSTOMl
1086 106 1245 135 ARCHlEP.
1266 106 1536 135 CONSTANI'INOP.
1848 108 1882 135 ΕΞ

266 159 290 186 si
301 162 402 186 terram
413 158 529 187 haberes
540 157 669 196 pinguem
680 167 709 190 et
719 162 847 197 fertilem,
860 172 921 200 qua),
931 165 1048 200 plurima

265 209 359 239 posset
374 205 500 240 excipere
514 207 629 239 semina,
646 208 720 235 illam
735 209 850 241 coleres,
866 218 898 237 ac
909 218 970 244 quae
981 218 1047 245 sup-

264 254 391 285 peterent
400 259 550 287 spargeres,
562 257 590 280 et
600 253 634 281 ab
644 254 704 282 aliis
714 255 886 283 commodata
897 257 1046 290 acciperes,

265 297 515 332 parcimoniamque
533 306 567 326 ea
588 299 616 326 in
631 307 660 327 re
675 299 870 328 detrimentum
890 309 951 329 esse
966 307 1046 336 puta-

263 348 309 368 res
326 350 332 368 :
347 345 374 368 at
389 350 452 369 cum
468 343 563 371 cadum
577 345 667 372 colere
684 353 754 380 opus
767 351 820 379 est,
835 347 903 374 nulli
917 348 988 375 aeris
1003 348 1047 374 in-

264 389 404 423 temperiei
417 389 577 422 obnoxium,
590 391 638 418 sed
651 399 711 418 cum
726 392 831 420 fmnore
843 394 963 421 maxime
974 395 1046 429 jacta

263 434 367 461 semina
380 435 564 468 redditurum,
581 437 671 471 segnis
684 445 724 470 es,
740 438 852 473 refugis,
869 447 957 474 neque
971 440 1045 474 cogi-

263 483 314 512 tas,
337 488 416 515 parce
444 487 569 516 agentem
594 484 720 518 perdere,
745 485 848 512 affatim
874 491 1044 521 spargentem

262 526 379 553 multum
399 527 510 554 lucrari.»
536 528 665 564 Disperge
689 529 792 564 itaque,
816 538 851 557 ne
870 531 985 565 perdas;
1010 539 1045 559 ne

262 572 360 604 retine,
374 576 404 599 ut
417 573 552 606 retineas;
566 574 678 609 projice,
693 579 724 602 ut
736 576 890 609 custodias;
905 576 1042 611 impende,

262 619 431 651 utlucreris.
445 620 523 653 Quod
536 621 558 647 si
573 628 683 648 servare
698 621 742 648 illa
755 626 889 656 oporteat,
905 631 939 650 ne
951 631 1044 651 serves

261 672 290 696 tu
307 676 314 695 :
333 676 395 695 nam
411 667 586 703 illapmrsus
598 667 756 702 perditurus
770 676 800 695 es
811 677 818 701 ;
831 669 878 696 sed
893 669 949 696 Deo
967 677 1044 697 com-

260 714 352 741 mittas
369 723 375 740 :
393 714 456 742 inde
474 720 603 749 namque.
611 721 692 740 nemo
705 713 833 748 abripiet.
850 715 889 742 Ne
911 719 940 742 tu
958 723 1044 751 nego-

261 760 351 793 tieris;
369 760 459 787 nescis
473 761 573 795 quippe
588 759 689 787 lucrari
703 768 709 786 :
725 759 783 791 sed_
793 760 938 788 maximam
958 761 1042 789 totius

258 810 363 841 partem
379 805 477 834 fmnori
493 807 558 834 dato
576 806 601 833 ei
618 807 664 841 qui
680 814 790 834 usuram
809 806 859 834 tibi
877 807 1041 842 praebiturus

258 856 309 880 est.
320 852 359 880 lbi
373 852 462 880 foenus
474 853 587 885 colloca,
601 853 648 880 ubi
662 854 736 881 nulla
749 853 860 886 invidia,
871 853 946 880 nulla
958 861 1040 881 accu-

258 897 338 929 satio,
358 898 439 925 nullae
454 898 569 930 insidiae,
590 899 672 926 timor
690 899 792 926 nullus.
814 899 922 926 Fcenori
936 899 1000 927 dato
1013 900 1040 927 ei

258 945 309 979 qui
320 945 396 972 nullo
411 944 524 979 indiget,
539 950 567 972 et
581 949 694 980 propter
707 949 733 973 te
750 950 841 973 tamen
857 953 926 980 opus
938 946 1038 979 habet;

257 990 283 1016 ei
299 989 346 1024 qui
362 997 457 1017 omnes
469 990 529 1022 alit,
549 996 577 1018 et
589 991 686 1023 esurit,
704 999 739 1018 ne
755 995 784 1018 tu
801 991 873 1019 fame
885 992 1037 1026 premaris;

257 1035 283 1063 ei
294 1035 340 1070 qui
355 1043 457 1070 pauper
469 1035 583 1063 cﬂectus
597 1041 649 1069 est,
661 1041 692 1064 ut
703 1042 731 1064 tu
743 1037 871 1065 ditescas.
887 1038 988 1065 Faenus
1000 1038 1038 1065 ibi

257 1081 384 1114 colloces,
407 1081 478 1109 unde
496 1089 552 1109 non
567 1087 695 1115 mortem,
713 1083 761 1110 sed
782 1083 865 1110 vitam
881 1091 932 1119 pro
950 1089 1039 1111 morte

257 1129 285 1156 in
307 1129 425 1156 fructum
452 1129 595 1164 percipies.
623 1130 686 1157 Haec
710 1130 813 1158 femora
841 1139 965 1166 regnum,
992 1132 1037 1158 illa

256 1173 408 1208 gehennam
435 1175 564 1209 pariunt:
580 1175 638 1202 haec
665 1176 738 1203 enim
764 1176 798 1203 ad
819 1177 972 1209 avaritiam,
992 1177 1038 1205 illa

256 1219 290 1246 ad
323 1219 523 1255 philosophiam
550 1221 715 1256 pertinent:
744 1222 791 1250 illa
819 1222 1009 1250 crudelitatem
1027 1243 1035 1255 ,

255 1264 314 1292 htec
346 1265 541 1294 humanitatem
577 1272 704 1299 arguunt.
731 1267 817 1301 Quam
851 1268 1037 1297 defensionem

255 1311 427 1345 habebimus,
449 1313 471 1340 si
498 1321 560 1340 cum
584 1313 722 1348 possimus
746 1313 824 1348 plura
847 1314 982 1349 accipere,
1005 1323 1037 1342 ac

256 1360 315 1384 tuto
330 1357 412 1392 inque
433 1361 553 1393 tempore
574 1362 739 1394 opportuno,
753 1366 815 1386 cum
835 1359 963 1387 libertate
978 1368 1032 1388 ma-

255 1410 326 1437 gna,
354 1403 406 1430 tuti
432 1403 466 1430 ab
493 1404 662 1439 opprobriis,
691 1404 852 1437 timoribus,
883 1405 1034 1439 periculis;

255 1447 308 1474 hoc
321 1447 542 1482 dimisso‘lucro,
563 1449 608 1476 illa
624 1449 802 1484 insequamur
823 1449 928 1484 turpia,
948 1451 1017 1478 levia
1028 1471 1036 1483 ,

254 1491 371 1525 fallacia,
392 1493 474 1527 ﬂuxa,
489 1502 550 1529 qua
568 1502 619 1522 nos
638 1495 666 1522 in
681 1495 820 1522 fornacem
833 1495 972 1530 ingentem
990 1495 1037 1523 de-

252 1538 348 1573 jiciant
358 1539 370 1565 ’ρ

289 1583 387 1613 Contra
404 1594 522 1614 usuram.
538 1602 573 1607 —
587 1587 660 1615 Nihil
679 1587 763 1621 enim,
781 1588 849 1615 nihil
872 1593 946 1616 certe
967 1596 1038 1624 prmo

1098 165 1169 192 senti
1181 172 1264 192 usura
1278 165 1396 199 turpius,
1405 165 1475 192 nihil
1485 164 1633 192 crudelius.
1645 164 1713 192 Nam
1724 164 1881 200 hujusmodi

1098 210 1248 237 faenerator
1270 210 1298 236 in
1321 210 1437 236 aliorum
1463 210 1646 246 calamitatem
1667 210 1833 244 negotiatur,
1853 214 1882 237 et

1098 260 1263 291 proventum
1276 256 1328 283 sibi
1347 260 1424 290 parat
1438 263 1471 282 ex
1485 255 1600 282 aliorum
1618 255 1790 289 infelicitate,
1806 263 1881 282 mer-

1098 302 1247 337 cedemque
1270 302 1449 329 humanitatis
1471 302 1555 336 exigit
1571 310 1577 328 :
1595 309 1626 329 ac
1646 302 1732 328 veluti
1755 306 1880 329 metuens

1097 355 1131 375 ne
1152 348 1346 375 immisericors
1366 351 1505 382 appareat,
1528 347 1707 382 benignitatis
1729 347 1819 381 specie
1840 346 1882 373 fo-

1096 402 1174 421 veam
1190 394 1394 429 profundiorem
1411 393 1488 425 fodit,
1503 393 1623 427 dumque
1638 393 1691 420 fert
1705 400 1795 428 opem,
1811 401 1880 427 pau-

1096 448 1189 475 perem
1209 440 1350 475 opprimit,
1371 440 1436 466 dum
1454 447 1565 466 manum
1587 439 1713 474 porrigit,
1729 439 1832 474 dejicit,
1848 447 1880 466 ac

1096 486 1160 512 dum
1177 485 1254 520 quasi
1274 486 1301 511 in
1318 490 1426 520 portum
1440 485 1565 519 recipere
1587 484 1706 517 videtur,
1722 485 1750 512 in
1764 486 1878 511 naufra-

1095 531 1180 566 gium,
1204 531 1232 557 in
1253 531 1394 565 scopulum
1408 534 1436 557 et
1452 530 1479 557 in
1499 537 1564 557 saxa
1579 529 1690 557 latentia
1707 530 1809 567 dejicit.
1824 529 1878 557 Sed

1095 577 1161 612 quid
1175 577 1294 611 quaeris?
1311 577 1438 611 inquies;
1457 584 1490 603 an
1509 581 1540 603 ut
1559 576 1700 603 collectam
1721 576 1876 610 pecuniam,

1095 623 1162 650 mihi
1183 623 1288 655 utilem,
1310 623 1388 650 alteri
1403 622 1431 649 in
1452 630 1531 650 usum
1548 622 1621 654 dem,
1644 630 1695 649 nec
1709 622 1791 649 ullam
1813 622 1877 650 inde

1095 669 1247 697 mercedem
1263 669 1427 704 reposcam?
1442 669 1521 696 Absit
1535 677 1542 695 :
1559 676 1614 695 non
1636 668 1674 695 ita
1688 669 1786 703 loquor
1799 677 1806 701 ;
1822 669 1877 695 imo

1094 716 1175 750 cupio
1195 721 1222 742 te
1241 715 1307 742 hinc
1326 715 1480 742 mercedem
1501 715 1636 749 accipere,
1655 722 1710 741 non
1731 715 1812 742 vilem
1829 719 1878 742 aut

1093 761 1229 796 exiguam,
1248 761 1295 788 sed
1312 761 1398 787 multo
1411 760 1542 795 majorem
1557 769 1564 786 :
1580 767 1630 795 pro
1645 768 1713 787 auro
1731 764 1758 787 te
1779 761 1876 788 caelum

1095 807 1123 834 in
1141 815 1251 834 usuram
1266 807 1390 842 accipere
1404 807 1478 833 volo.
1491 805 1547 834 Cur
1561 814 1626 842 ergo
1641 810 1667 833 te
1687 806 1714 833 in
1728 811 1876 841 pauperta-

1094 858 1148 881 tem
1164 853 1273 887 redigis.
1298 852 1363 879 dum
1378 852 1406 879 in
1425 857 1497 879 terra
1512 852 1652 882 volutaris.
1672 856 1699 878 et
1723 860 1807 886 parva
1825 859 1874 886 pro

1093 899 1198 934 magnis
1219 898 1322 933 exigis?
1345 898 1414 924 lllud
1439 897 1512 925 enim
1538 902 1581 925 est
1601 897 1667 932 quid
1693 898 1748 924 sint
1771 897 1875 925 divitiae

1093 945 1210 973 nescire.
1224 945 1293 972 Cum
1313 945 1385 972 Deus
1397 951 1448 978 pro
1467 944 1572 978 exiguis
1588 944 1642 971 illis
1663 944 1788 978 pecuniis
1802 944 1875 970 bona

1093 991 1143 1017 tibi
1157 990 1273 1017 crelestia
1281 989 1425 1024 promittit,
1439 994 1467 1015 tu
1478 997 1544 1015 vero
1556 989 1635 1020 dicis,
1647 988 1686 1016 Ne
1698 989 1765 1016 mihi
1776 989 1874 1016 caelum

1092 1036 1211 1068 dederis,
1231 1035 1278 1062 sed
1291 1043 1342 1070 pro
1356 1036 1421 1062 cado
1432 1042 1528 1061 aurum
1543 1034 1609 1061 illud
1627 1035 1778 1069 periturum
1793 1043 1799 1061 :
1819 1034 1872 1061 hoc

1091 1087 1133 1110 est
1145 1082 1214 1109 velle
1229 1082 1257 1109 in
1271 1081 1400 1116 pauperie
1415 1088 1536 1107 manere.
1555 1081 1595 1107 lta
1612 1081 1658 1115 qui
1671 1088 1749 1107 veras
1762 1081 1874 1108 divitias

1091 1128 1270 1163 concupiscit,
1292 1128 1316 1154 is
1330 1127 1467 1154 manentia
1487 1134 1536 1161 pro
1553 1126 1694 1160 perituris,
1711 1125 1873 1154 inexhausta

1091 1181 1142 1208 pro
1164 1172 1253 1205 ﬂuxis,
1274 1173 1360 1199 multa
1382 1180 1433 1206 pro
1450 1171 1556 1206 paucis,
1579 1171 1799 1206 incorruptibilia
1822 1179 1873 1206 pro

1091 1219 1314 1254 corruptibilibus
1337 1218 1418 1253 eliget
1433 1226 1439 1245 :
1452 1222 1480 1245 et
1502 1218 1542 1245 sic
1555 1217 1601 1245 illa
1615 1218 1697 1245 etiam
1711 1221 1871 1252 sequentur.

1091 1267 1158 1294 Nam
1169 1266 1216 1301 qui
1228 1269 1327 1292 terram
1342 1269 1405 1291 ante
1419 1264 1513 1292 caelum
1525 1264 1631 1299 quaarit,
1644 1261 1681 1291 ab
1698 1264 1743 1291 illa
1758 1272 1871 1299 prorsus

1089 1311 1198 1339 excidet
1212 1319 1218 1337 :
1237 1309 1284 1345 qui
1306 1314 1396 1336 autem
1410 1309 1506 1336 caelum
1524 1313 1602 1336 terrae
1615 1308 1776 1342 praetulerit,
1793 1313 1871 1335 utro-

1090 1365 1143 1392 que
1158 1364 1240 1392 supra
1253 1355 1363 1383 modum
1376 1355 1493 1382 fruetur.
1511 1353 1588 1387 Quod
1610 1359 1640 1382 ut
1659 1362 1870 1389 consequamur,

1089 1405 1233 1439 praesentia
1244 1403 1335 1430 omnia
1346 1407 1564 1434 contemnentes,
1577 1401 1669 1429 futura
1683 1401 1754 1429 bona
1766 1402 1868 1437 deliga-

1089 1458 1161 1477 mus.
1176 1450 1213 1477 lta
1228 1449 1301 1476 enim
1317 1453 1346 1476 et
1361 1449 1405 1476 his
1420 1453 1448 1475 et
1461 1448 1514 1475 illis
1528 1448 1661 1480 fruemur,
1677 1449 1762 1483 gratia
1778 1453 1807 1474 et
1824 1448 1873 1475 be-

1089 1495 1221 1530 nignitate
1234 1494 1342 1522 Domini
1357 1493 1444 1520 nostri
1457 1493 1521 1521 Iesu
1533 1492 1635 1520 Christi
1653 1501 1660 1518 :
1677 1492 1721 1520 cui
1742 1492 1828 1528 gloria
1842 1497 1871 1519 et

1090 1541 1236 1569 imnerium
1249 1540 1276 1568 in
1289 1540 1387 1568 saecula
1402 1539 1572 1567 saeculorum.
1587 1539 1684 1566 Amen.

941 1910 1116 1941 HOMILIA
1137 1911 1190 1942 VI.

249 2058 314 2088 CAP.
333 2060 366 2087 ll.
381 2068 408 2087 ν.
423 2060 449 2087 1.
472 2059 538 2088 Cum
558 2064 636 2086 natus
661 2064 725 2085 esset
744 2059 818 2086 Iesus
842 2061 869 2086 in
886 2052 1037 2087 Bethlchem'

287 2106 386 2133 Judca:
397 2107 425 2133 in
436 2106 523 2132 diebus
533 2105 642 2133 Herodis
655 2106 731 2140 regis,
743 2113 799 2131 erce
808 2106 878 2140 magi
894 2106 925 2132 ab
936 2107 1034 2132 oriente

285 2157 412 2180 venerunt
434 2153 637 2188 Jerosolymam,
651 2152 678 2179 2.
699 2152 836 2179 dicentes:
858 2152 905 2179 Ubi
930 2157 967 2179 est
990 2154 1034 2188 qui

285 2204 365 2226 natus
381 2203 419 2226 est
435 2207 481 2226 rex
494 2199 647 2226 Judworum
664 2199 676 2225 ?
700 2198 815 2226 Vidimus
839 2199 907 2225 enim
928 2198 1034 2226 stellam

285 2245 342 2280 ejus
355 2245 383 2271 in
400 2244 509 2276 oriente,
524 2248 548 2270 et
562 2245 678 2271 venimus
696 2244 809 2270 adorare
823 2251 891 2270 eum.

288 2333 452 2368 Refelltmtur
464 2334 482 2360 ii
499 2334 543 2369 qui
562 2342 593 2360 ea:
608 2333 687 2361 stella
711 2343 850 2366 maqorum
872 2335 1033 2362 occasionem

250 2381 417 2416 arripiebant
447 2380 619 2415 astrologiam
646 2381 790 2407 asserendi.
804 2395 837 2400 -—
851 2380 933 2408 Multa
954 2381 1034 2408 nobis

253 2434 322 2460 opus
334 2430 376 2453 est
390 2427 539 2461 vigilantia,
552 2427 646 2453 multis
661 2427 799 2461 precibus,
823 2432 853 2453 ut
870 2432 1031 2461 prmscntem

253 2471 343 2498 locum
371 2472 506 2506 explicare
528 2472 675 2506 possimus,
701 2480 734 2499 ac
761 2473 832 2500 scire
852 2473 900 2508 qui
923 2473 979 2500 sint
1004 2473 1032 2499 hi

253 2515 335 2551 magi,
351 2516 434 2547 unde.
449 2517 596 2551 quomodo.
614 2521 642 2544 et
659 2525 714 2552 quo
729 2517 862 2545 suadente
879 2519 1005 2545 venerint
1023 2527 1030 2551 ;

253 2564 282 2588 et
296 2567 418 2595 quanam
434 2561 478 2588 illa
497 2562 573 2588 stella
587 2561 679 2589 fuerit.
696 2562 752 2588 lmo
776 2563 857 2589 etiam
871 2583 877 2594 ,
894 2563 916 2589 si
929 2563 1012 2589 vultis
1024 2582 1031 2594 ,

254 2612 287 2633 ea
302 2606 418 2640 primum
445 2607 473 2632 in
499 2607 618 2633 medium
641 2608 808 2635 adducamus
822 2628 828 2639 ,
853 2616 914 2642 quae
936 2608 1032 2635 dicunt

254 2650 378 2677 veritatis
397 2650 512 2678 inimici.
528 2651 636 2678 Etenim
647 2659 733 2686 usque
747 2652 817 2679 adeo
829 2652 955 2679 diabolus
969 2652 1030 2679 illos

257 2696 367 2729 afﬂavit,
383 2701 413 2723 ut
424 2697 487 2724 inde
503 2697 564 2724 illos
577 2705 651 2725 arma
672 2702 767 2725 contra
788 2698 932 2725 veritatem
951 2698 1033 2725 mini-

255 2748 342 2770 strare
360 2743 514 2771 tentaverit.
542 2743 612 2775 Quid
638 2745 721 2776 igitur
744 2744 859 2772 dicunt?
886 2745 965 2777 Ecce,
991 2746 1031 2772 in-

1083 2059 1191 2094 quiunt,
1206 2059 1316 2087 Christo
1338 2066 1404 2088 nato
1423 2061 1501 2089 stella
1527 2062 1673 2096 apparuit,
1700 2063 1774 2097 quod
1800 2069 1866 2090 sane

1083 2105 1190 2142 signum
1217 2110 1260 2133 est
1279 2107 1453 2142 astrologiam
1475 2115 1566 2134 veram
1591 2115 1652 2135 esse
1677 2107 1863 2143 disciplinam.

1083 2151 1223 2183 Quomodo
1245 2159 1311 2187 ergo
1330 2153 1353 2180 si
1375 2153 1423 2180 illo
1447 2154 1501 2180 ritu
1531 2158 1559 2180 et
1582 2154 1664 2181 modo
1696 2159 1778 2182 natus
1799 2160 1864 2188 est,

1083 2196 1256 2231 astrologiam
1276 2198 1366 2228 solvit,
1387 2198 1472 2225 fatum
1489 2199 1610 2232 sustulit,
1636 2199 1791 2227 daemonum
1814 2208 1864 2227 ora

1082 2241 1230 2274 obturavit,
1251 2250 1374 2270 errorem
1391 2245 1505 2278 expulit,
1520 2248 1547 2272 et
1558 2252 1654 2272 omnes
1668 2246 1859 2280 hujuscemodi

1083 2287 1233 2322 praestigias
1258 2288 1426 2315 climinavit?
1449 2289 1593 2322 Quomodo
1615 2290 1699 2318 etiam
1719 2292 1788 2326 magi
1806 2299 1855 2326 per

1083 2333 1237 2367 hujusmodi
1254 2334 1361 2365 stellam
1375 2335 1501 2362 ediscunt
1518 2336 1608 2370 ipsum
1627 2344 1687 2364 esse
1707 2345 1797 2371 regem
1813 2338 1860 2365 .lu-

1083 2379 1226 2406 dazorum?
1252 2388 1314 2407 cum
1342 2387 1417 2409 certe
1443 2390 1496 2409 non
1528 2383 1686 2417 hujusmodi
1712 2384 1788 2418 regni
1815 2392 1863 2412 rex

1082 2431 1164 2457 esset,
1181 2431 1209 2452 ut
1226 2426 1283 2461 ipse
1305 2423 1396 2454 Pilato
1408 2428 1517 2455 diccbat
1533 2437 1539 2454 :
1556 2428 1674 2464 Regnum
1697 2438 1783 2456 meum
1812 2439 1865 2457 non

1083 2476 1119 2498 est
1135 2472 1165 2498 de
1179 2473 1226 2498 hac
1239 2474 1335 2499 mundo
1349 2473 1438 2508 (Joan.
1458 2473 1500 2501 18.
1513 2474 1568 2508 36).
1591 2474 1666 2502 Nihil
1691 2475 1791 2510 quippe
1811 2476 1864 2502 tale

1083 2519 1244 2545 monstravit
1270 2527 1276 2544 :
1308 2526 1363 2546 non
1385 2519 1519 2552 hastatos,
1540 2528 1595 2547 non
1624 2521 1762 2556 clypeatos
1778 2542 1785 2554 ,
1808 2530 1864 2549 non

1083 2571 1178 2598 equos,
1194 2572 1248 2590 non
1266 2565 1404 2591 mulorum
1420 2565 1525 2600 jugum,
1552 2574 1641 2601 neque
1657 2566 1798 2602 quidpiam
1825 2569 1865 2595 si—

1083 2609 1147 2636 mile
1170 2608 1273 2636 circum
1299 2617 1328 2637 se
1353 2610 1469 2643 habuit;
1496 2611 1543 2638 sed
1566 2612 1648 2638 vilem
1672 2616 1701 2639 et
1716 2619 1864 2647 pauperem

1083 2654 1165 2681 vitam
1191 2655 1304 2689 agebat,
1332 2655 1477 2683 duodecim
1508 2661 1614 2683 tantum
1646 2657 1741 2690 viros,
1761 2666 1864 2693 eosque

1084 2698 1316 2733 despicatissimos
1344 2700 1564 2728 circumducens.
1598 2701 1651 2728 Sed
1683 2702 1791 2730 etiamsi
1823 2703 1865 2737 ip-

1085 2751 1146 2772 sum
1176 2745 1279 2772 scirent
1317 2753 1377 2773 esse
1413 2754 1528 2781 regem,
1558 2754 1608 2773 cur
1640 2747 1750 2775 tandem
1786 2748 1864 2776 illum
