2056 3130
125 113 155 141 03
720 108 754 135 1N
771 105 974 134 MA'l'TlIAl-U.“
995 104 1108 130 IIUMIL.
1132 103 1171 129 Vl.
1735 94 1771 123 64

129 165 233 193 διιιειιιιιΐ
245 164 340 200 Neque
352 165 429 192 enim
442 165 510 192 illud
525 170 714 193 astronomiam
728 168 841 199 spectat,
855 167 884 190 ut
897 171 928 189 cx

107 232 117 275 ὶ
131 212 206 239 stellis
217 215 422 245 cognoscantur
436 210 454 238 ii
470 211 518 246 qui
539 214 702 242 nascuntur;
717 208 763 236 sed
777 212 806 235 nt
818 215 849 235 ex
865 208 929 235 liora

133 265 175 275 run
190 261 337 275 anu-"nllu-
373 256 593 275 nr-hnnnlinnlllr
606 262 636 275 ml
650 261 708 275 num
728 253 792 275 insit:
805 257 929 275 eventura

106 253 117 311 ξ
133 265 176 292 qua
190 261 354 289 naseuntur,
373 256 593 291 prmnuntientur
606 262 637 282 ea
650 261 708 289 qua:
728 253 792 288 ipsis
805 257 931 280 eventura

178 307 184 311 ι
208 302 243 311 ηιξ
262 301 371 311 -κ.ξ1μημ
390 310 395 311 γ
411 306 500 311 μκημηι
529 301 561 311 II!
578 308 639 311 η---
652 306 734 311 ..ιη-..ιι
748 299 859 311 λιι-ἴλκιξ
872 306 914 311 ...Α

107 299 116 340 ζ
134 307 197 335 sunt,
207 302 245 329 uti
259 301 375 336 quidem
390 306 515 329 narrant.
529 301 562 328 lli
578 308 641 328 vero
651 306 735 334 neque
748 299 860 334 parienti
872 306 931 326 ma-

136 349 163 376 tri
176 348 286 375 aderant
298 368 306 380 ,
322 355 413 382 neque
433 352 542 382 tempus
557 350 702 378 noverant,
715 353 768 380 quo
781 349 859 372 natus
872 349 913 372 est
923 365 930 376 ,

135 403 214 430 neque
227 394 290 422 inde
304 394 385 421 initio
397 394 491 428 ducto,
506 401 538 421 ex
552 393 687 420 stellarum
698 397 771 419 motu
781 399 840 427 qua:
851 399 931 419 even-

137 447 187 467 tura
197 444 275 467 erant
286 439 495 475 prmdixerunt:
509 439 555 467 sed
571 446 586 466 c
599 438 741 468 contrario,
753 445 814 464 cum
828 437 930 464 stellam

135 486 212 514 multo
230 490 295 513 ante
315 490 438 520 tempore
456 485 484 512 in
504 485 613 520 regione
630 491 676 510 sua
692 482 834 518 fulgentem
849 482 929 508 \"ltIiS-

135 539 207 567 sent,
221 538 316 562 natum
337 534 423 562 visuri
441 534 574 562 accedunt
589 543 595 561 :
611 533 684 569 quod
703 540 768 560 sane
787 531 932 567 majoribus

133 581 275 608 obnoxium
289 579 494 608 difficultatibus
508 584 560 612 est,
574 587 654 615 quam
667 578 694 606 id
708 578 778 614 quod
797 577 931 613 prmeedit.

135 626 259 659 Owenam
281 625 345 652 illos
368 625 438 652 ratio
461 624 568 652 movit?
589 631 641 659 qua
660 630 707 658 spe
726 623 784 650 fulti
805 631 838 650 ex
859 626 932 650 tanto

136 678 266 700 terrarum
290 671 380 706 spatio
402 671 544 699 adoratum
564 677 655 705 regem
675 669 805 697 veniunt?
823 668 891 696 Nam
909 668 933 695 si

134 718 242 754 quidem
258 725 308 745 rex
323 717 442 752 ipsorum
457 716 563 743 futurus
577 719 653 749 erat,
669 722 704 742 nc
718 715 757 742 sic
769 713 850 742 etiam
864 720 932 741 con-

137 767 278 799 gruentem
292 762 413 790 habuere
428 762 568 789 rationem.
581 760 686 788 Etenim
700 760 723 787 si
737 759 764 787 in
778 759 858 794 regiis
870 758 935 786 aedi-

137 811 186 838 bus
205 815 286 837 natus
309 809 425 843 fuisset,
447 816 510 844 rege
531 813 606 844 patre
627 811 780 842 praesente,
799 806 859 842 jure
875 805 935 840 quis

138 856 248 888 diceret,
265 855 341 890 ipsos
362 859 389 882 ut
404 855 471 889 patri
500 854 637 889 placerent
655 857 744 880 natum
760 859 872 887 puerum
888 849 936 878 ad-

140 902 272 934 oravisse,
289 906 319 928 ut
329 901 381 928 hoc
391 900 527 935 pra‘misso
541 899 623 931 cultu,
638 899 708 934 regis
726 896 938 926 benevolentiam

139 948 189 976 sibi
201 947 388 974 conciliarent.
400 946 466 973 Cum
476 953 541 973 vero
551 945 651 972 scirent
660 945 747 979 ipsum
759 950 848 978 regem
860 949 936 969 suum

141 1001 196 1021 non
210 1000 272 1020 esse
292 992 409 1019 futurum
419 1011 427 1024 ,
441 990 488 1018 sed
504 990 598 1017 aliena:
612 989 699 1024 gentis
709 1009 717 1022 ,
733 995 748 1015 a
766 987 875 1023 regione
889 993 936 1015 sua

143 1039 223 1074 longe
238 1042 361 1070 remoue,
377 1037 519 1072 ipsumque
529 1035 562 1063 ad
572 1035 621 1062 viri
632 1039 736 1062 :etatem
749 1033 866 1061 nondum
877 1040 939 1068 per-

143 1085 259 1116 venisse,
277 1091 325 1111 cur
339 1087 440 1110 tantam
461 1081 699 1117 peregrinationem
718 1079 875 1114 suscipiunt,
891 1085 939 1105 cur

143 1132 214 1158 dona
229 1129 356 1163 afferunt,
371 1127 478 1163 quando
493 1127 608 1154 maxime
620 1134 680 1154 cum
696 1125 815 1161 periculo
829 1123 887 1151 haec
901 1123 939 1150 fa-

144 1177 214 1204 cturi
234 1175 330 1204 erant?
350 1174 486 1210 Siquidem
508 1173 558 1200 hoc
576 1171 666 1200 audito
685 1170 803 1199 Herodes
819 1169 940 1201 turbatus

145 1229 187 1252 est
198 1244 206 1255 ,
221 1222 344 1249 turbatus
364 1221 427 1248 item
448 1219 561 1256 populus
581 1223 651 1246 totus
663 1239 671 1252 ,
686 1225 746 1245 cum
766 1217 825 1244 haec
839 1224 872 1243 ex
889 1216 941 1242 illis

145 1268 260 1295 audiret.
272 1268 317 1298 At.
332 1267 444 1301 inquies,
457 1266 515 1293 hinc
528 1265 566 1292 illi
578 1272 630 1292 non
641 1263 826 1299 prmsciebant.
841 1261 939 1289 Verum

146 1314 173 1341 id
185 1321 246 1340 cum
260 1313 364 1340 ratione
376 1314 485 1347 pugnat.
497 1310 562 1337 Nam
574 1310 623 1338 etsi
634 1308 774 1336 admodum
786 1307 942 1342 insipientes

146 1360 280 1391 fuissent,
302 1358 425 1394 ignorare
445 1364 499 1384 non
522 1360 659 1391 poterant,
679 1362 708 1382 se
728 1355 754 1382 in
775 1354 867 1381 urbem
887 1352 942 1387 regi

148 1404 282 1432 subditam
295 1403 442 1436 venientes,
457 1401 573 1436 taliaque
585 1401 748 1432 nuntiantes,
764 1399 897 1433 aliumque
909 1397 943 1424 ab

148 1458 182 1478 co
192 1450 238 1485 qui
251 1454 306 1476 tum
319 1448 445 1484 regnabat
455 1454 547 1482 regem
560 1453 619 1474 esse
632 1449 821 1478 monstrantes,
832 1450 944 1477 sexcen-

113 1527 115 1530 ,
149 1496 185 1523 tis
199 1502 260 1522 sese
275 1493 369 1521 mortis
388 1492 514 1528 periculis
533 1492 657 1527 obiicere.
672 1490 727 1518 Cur
743 1494 831 1517 autem
850 1489 945 1524 pannis

150 1540 301 1567 involutum
314 1538 480 1566 adorarunt?
494 1537 559 1565 Nam
574 1537 596 1564 si
613 1536 653 1564 vir
666 1536 761 1564 saltem
776 1535 878 1567 fuisset,
894 1533 945 1561 dici

150 1587 283 1622 potuisset
300 1586 379 1619 illos,
393 1584 463 1620 quod
479 1591 558 1620 opem
578 1583 635 1618 ejus
654 1585 858 1617 exspectarent,
874 1588 904 1607 se
918 1579 945 1606 in

149 1637 275 1667 apertum
300 1630 445 1666 periculum
465 1629 613 1664 conjecisse
633 1637 640 1655 :
659 1627 730 1663 quod
749 1632 836 1654 tamen
860 1625 947 1661 ipsum

151 1685 285 1706 extremae
313 1678 462 1707 dementia:
492 1677 600 1709 fuisset,
628 1676 757 1708 Persam,
780 1674 947 1706 barbarum,

153 1724 202 1758 qui
222 1723 294 1750 nihil
310 1731 457 1753 commune
473 1723 590 1750 haberet
603 1729 665 1749 cum
683 1720 841 1749 Judzeorum
855 1722 947 1754 gente,

152 1778 170 1797 a
187 1770 302 1805 propria
321 1773 396 1797 terra
412 1769 558 1797 discedere
582 1768 662 1801 velle,
689 1774 723 1795 ac
744 1765 883 1802 patriam,
903 1772 950 1792 co-

155 1821 255 1851 gnatos
269 1820 298 1843 et
319 1808 440 1844 domum.
453 1815 630 1850 relinquere,
654 1821 739 1848 seque
760 1811 840 1840 alteri
866 1818 950 1846 regno

156 1862 307 1899 subjicere.

195 1969 223 1996 2.
250 1968 328 2002 Quod
351 1968 374 1996 si
400 1967 452 1995 hoc
474 1967 585 1995 stultum
606 1966 716 1999 fuisset,
740 1965 811 2001 quod
835 1965 956 2000 sequitur

163 2015 243 2049 longe
262 2014 380 2042 stultius.
403 2013 537 2048 Quidnam
556 2012 620 2040 illud
646 2012 708 2040 est?
728 2011 803 2046 Quod
817 2017 869 2038 tam
885 2011 956 2045 longi

162 2060 279 2094 spatium
303 2060 405 2087 itineris
426 2059 544 2092 emensi,
568 2063 707 2094 postquam
720 2057 912 2089 adoraverant,
930 2060 958 2083 et

162 2110 266 2133 tantum
288 2105 359 2140 apud
382 2112 477 2132 omnes
498 2105 638 2132 tumultum
658 2104 852 2136 excitaverant,
868 2103 957 2130 statim

161 2152 265 2180 reversi
288 2153 352 2179 sint.
377 2152 441 2185 Qua:
465 2151 571 2179 tandem
592 2150 716 2178 viderunt
733 2149 807 2185 regni
827 2148 959 2183 insignia?

162 2197 327 2233 Tugurium,
352 2205 488 2232 prmsepe,
512 2197 653 2232 puerulum
675 2197 701 2223 in
725 2195 880 2229 cunabulis,
902 2202 960 2222 ma-

164 2248 233 2271 trem
257 2251 412 2278 pauperem.
432 2243 544 2270 Cuinam
559 2249 670 2270 munera
686 2241 854 2273 obtulerunt,
869 2245 896 2268 et
907 2247 960 2275 qua

163 2290 198 2318 de
217 2291 320 2318 causa?
342 2291 383 2318 An
405 2297 436 2317 ea
458 2290 500 2317 lex
512 2310 519 2321 ,
539 2290 562 2316 is
580 2297 637 2320 mos
650 2294 723 2321 erat,
738 2292 765 2315 ut
778 2287 900 2315 omnibus
913 2294 961 2321 per

165 2338 258 2365 orbem
280 2337 454 2365 nascentibus
474 2336 581 2371 regibus
601 2336 628 2363 id
641 2335 760 2370 obsequii
777 2333 960 2362 tribueretur?

166 2391 201 2411 an
211 2391 319 2418 semper
327 2388 461 2411 terrarum
474 2382 567 2410 orbem
579 2381 736 2414 circuibant,
747 2385 776 2406 ut
786 2387 853 2414 quos
863 2380 962 2407 scirent

167 2437 201 2457 ex
217 2430 312 2456 vilibus
332 2433 359 2457 et
380 2428 542 2464 pauperibus
560 2434 636 2462 reges
650 2427 767 2459 futuros,
782 2430 922 2460 antequam
936 2425 962 2451 in

168 2476 268 2511 regium
293 2476 390 2503 solium
411 2473 605 2507 ascenderent,
626 2473 789 2500 adorarent?
803 2472 885 2499 Nemo
899 2478 964 2498 sane

166 2521 228 2548 illud
251 2521 360 2549 dixerit.
383 2520 440 2547 Cur
462 2527 528 2555 ergo
550 2519 623 2546 illum
647 2518 813 2545 adorarunt?
833 2517 860 2544 Si
875 2524 963 2544 rerum

163 2567 335 2602 pmsentium
360 2573 461 2598 causa,
484 2565 547 2600 quid
566 2572 596 2592 se
614 2572 722 2600 sperare
737 2568 858 2598 poterant
871 2571 884 2589 a
901 2570 965 2597 pue-

163 2613 222 2641 rulo
235 2618 264 2641 et
274 2614 358 2648 inepe
369 2617 461 2639 matre
475 2612 652 2646 accepturos?
664 2611 686 2637 si
701 2609 848 2637 futurorum
861 2609 944 2644 gratia
956 2628 963 2637 .

160 2660 229 2687 unde
240 2660 313 2687 scire
324 2661 458 2694 poterant
473 2657 612 2692 puerulum
625 2657 650 2683 in
664 2655 802 2683 cunabulis
813 2654 964 2685 adoratum,

155 2714 248 2734 eorum
262 2713 326 2742 quze
340 2709 401 2732 tum
417 2706 496 2739 gesta
511 2707 573 2729 sunt
584 2701 782 2730 recordaturum
797 2700 878 2728 esse?
889 2699 966 2732 Quod

153 2754 175 2781 si
198 2757 290 2781 mater
315 2752 398 2779 Illum
427 2749 598 2777 admonitura
623 2752 696 2780 erat,
725 2747 854 2782 supplicio
879 2748 966 2782 potius

151 2808 230 2835 quam
251 2797 373 2835 prxmio
385 2795 467 2832 digni
483 2799 575 2829 erant,
588 2795 632 2830 qui
647 2796 672 2822 in
685 2798 804 2829 apertum
821 2793 965 2828 periculum

981 170 1055 198 illum
1076 166 1263 203 conjecissent.
1289 162 1391 192 Exinde
1413 162 1483 190 enim
1498 158 1616 188 Herodes
1631 157 1750 184 turbatus
1762 176 1770 188 ,

981 215 1119 252 quaerebat
1129 202 1211 241 illum
1223 233 1229 245 ,
1246 210 1414 239 scrutabatur
1423 230 1430 242 ,
1446 212 1474 236 et
1484 206 1633 234 interficere
1644 202 1772 231 tentabat.

983 249 1070 297 Atque
1083 261 1182 295 ubique
1194 263 1325 286 terrarum
1336 277 1343 289 ,
1358 256 1403 291 qui
1416 255 1534 289 aliquem
1546 253 1572 279 in
1589 249 1684 278 tenella
1697 252 1773 274 actate

984 293 1117 344 privatum
1127 293 1146 340 ,_
1154 309 1326 341 regnaturum
1347 309 1408 330 esse
1424 301 1510 336 palam
1523 296 1677 334 prmdixerit
1687 316 1694 327 ,
1710 293 1774 321 nihil

984 342 1055 381 aliud
1074 353 1144 385 agit,
1164 358 1242 387 quam
1257 349 1328 385 quod
1340 348 1426 383 ipsum
1441 345 1499 373 neci
1514 343 1616 375 tradat,
1629 342 1671 369 .vel
1684 345 1774 368 contra

980 405 1054 432 illtun
1075 401 1142 430 bella
1157 399 1255 427 excitet
1266 397 1414 425 innumera.
1427 393 1522 421 Viden‘
1535 397 1632 428 quanta
1648 390 1711 418 hinc
1723 390 1774 418 ab-

980 449 1060 478 surda
1075 450 1217 475 nascantur
1227 465 1234 477 ,
1248 444 1271 471 si
1284 443 1429 471 secundum
1440 447 1530 467 rerum
1545 438 1719 465 humanarum
1733 444 1762 463 se

982 495 1066 526 ricm,
1095 493 1281 527 vulgaremque
1301 494 1403 515 morem
1425 493 1469 513 res
1491 483 1665 519 exploretur?
1685 483 1777 517 Neque

984 546 1072 568 unnen
1095 539 1153 566 haec
1168 541 1269 564 tantum
1280 556 1288 568 ,
1303 533 1350 562 sed
1364 533 1445 560 etiam
1459 531 1543 558 multo
1557 530 1632 564 plura
1645 529 1696 555 dici
1713 536 1776 563 pos-

984 591 1046 615 sent
1055 607 1063 620 ,
1076 593 1136 621 qtae
1151 583 1266 618 majores
1279 582 1313 609 iis
1322 601 1330 614 ,
1341 585 1407 614 quas
1418 584 1498 612 supra
1511 576 1640 606 diximus,
1655 579 1778 610 parerent

985 632 1155 669 qua-stiones.

1018 729 1117 761 Stella,
1131 735 1188 762 qua!
1197 725 1334 761 apparuit,
1348 732 1400 751 non
1411 731 1425 750 e
1439 729 1544 750 numero
1557 725 1707 748 ceterarum
1717 721 1777 748 εισι·
1820 721 1825 746 ἕ

983 776 1066 804 larunt
1088 779 1151 802 erat.
1169 789 1203 793 -—
1222 772 1275 800 Sed
1290 779 1324 799 ne
1336 769 1506 798 difficultates
1515 767 1716 797 difficultatibus
1728 775 1779 795 ne-

983 827 1086 851 ctentes
1097 843 1104 855 ,
1129 821 1156 848 in
1178 819 1318 854 caliginem
1338 816 1582 850 obscuritatemque
1600 822 1649 842 vos
1667 814 1778 849 dejicia-

983 877 1063 902 mus;
1085 874 1134 903 age
1153 866 1261 894 demum
1274 864 1307 892 ad
1322 863 1495 899 quaesitorum
1507 861 1666 889 solutionem
1682 867 1779 895 prope-

984 921 1090 948 remus,
1104 918 1131 941 et
1141 921 1156 941 a
1170 910 1385 942 stelladucamus
1397 909 1512 936 initium.
1524 907 1551 935 Si
1564 906 1635 934 enim
1646 905 1781 933 dlscamus
1821 912 1826 919 ε

986 970 1046 998 qum
1066 961 1109 988 vel
1131 959 1218 995 qualis
1241 958 1285 988 illa
1308 957 1361 990 sit,
1384 963 1418 983 an
1432 963 1465 983 ex
1481 961 1593 981 numero
1606 953 1733 985 aliarum,
1747 959 1780 978 an

987 1009 1092 1036 diversa
1112 1006 1146 1034 ab
1169 1005 1238 1037 illis,
1263 1011 1295 1031 an
1322 1006 1417 1030 natura
1441 1007 1506 1032 sua,
1527 1007 1561 1027 an
1575 999 1665 1034 specie
1680 1001 1781 1025 tantum

988 1055 1063 1083 stella
1074 1074 1082 1086 ,
1108 1057 1170 1080 tunc
1185 1051 1262 1079 facile
1274 1054 1371 1078 caetera
1386 1048 1475 1075 omnia
1489 1047 1615 1074 sciemus.
1629 1044 1706 1073 Unde
1719 1051 1783 1079 ergo

989 1103 1047 1129 haec
1066 1096 1281 1134 comperiamus?
1303 1095 1342 1123 Ex
1364 1095 1421 1129 ipsa
1441 1092 1588 1127 Scriptura.
1613 1090 1689 1124 Quod
1712 1090 1784 1118 enim

990 1147 1048 1175 haec
1072 1145 1149 1173 stella
1171 1151 1224 1171 non
1246 1150 1280 1170 ex
1305 1147 1417 1169 numero
1436 1139 1566 1171 aliarum,
1587 1137 1642 1165 imo
1661 1144 1695 1164 ne
1707 1135 1784 1165 stella

991 1192 1098 1229 quidem
1108 1194 1198 1222 esset,
1210 1193 1239 1216 ut
1253 1187 1318 1216 milii
1330 1186 1437 1222 quidem
1447 1185 1554 1212 videtur
1562 1204 1570 1217 ,
1584 1183 1632 1211 sed
1646 1181 1786 1210 invisibilis

992 1239 1114 1275 quardam
1126 1238 1220 1270 virtus,
1234 1242 1293 1271 quae
1306 1233 1390 1262 stellae
1404 1232 1521 1268 speciem
1537 1230 1684 1266 praeferret,
1699 1229 1786 1264 primo

993 1274 1026 1314 ab
1049 1285 1106 1320 ejus
1128 1284 1222 1311 itinere
1245 1280 1374 1316 arguitur.
1396 1278 1473 1305 Nulla
1495 1277 1586 1310 enim,
1610 1275 1681 1303 nulla
1696 1274 1787 1309 utique

994 1319 1071 1359 stella
1094 1333 1135 1357 est
1157 1335 1216 1363 quae.
1237 1326 1283 1354 tali
1303 1329 1397 1361 pergat
1408 1324 1450 1351 via
1465 1332 1472 1350 :
1489 1329 1550 1350 nam
1565 1326 1593 1349 et
1607 1321 1691 1348 solem
1704 1324 1730 1347 et
1744 1319 1788 1347 lu-

995 1385 1056 1405 nam
1067 1397 1074 1408 ,
1099 1380 1127 1403 et
1146 1374 1212 1401 alias
1233 1378 1326 1400 omnes
1345 1369 1436 1397 stellas
1454 1368 1489 1396 ab
1504 1368 1607 1395 oriente
1621 1365 1741 1393 videmus
1755 1364 1789 1391 ad

996 1423 1161 1451 occidentem
1183 1425 1295 1455 pergere
1319 1427 1325 1444 :
1341 1416 1399 1444 haac
1412 1422 1476 1442 vero
1489 1413 1566 1441 stella
1580 1420 1595 1439 a
1608 1411 1790 1447 septentrione

997 1470 1030 1497 ad
1050 1467 1187 1496 meridiem
1211 1464 1345 1493 ferebatur
1368 1471 1374 1489 :
1397 1461 1545 1489 Palaestinae
1558 1459 1654 1494 quippe
1667 1458 1710 1484 hic
1723 1457 1791 1484 situs

998 1520 1039 1543 est
1053 1515 1075 1541 si
1090 1512 1223 1541 Persidem
1238 1514 1354 1545 spectes.
1367 1506 1507 1539 Secundo,
1524 1505 1588 1533 illud
1604 1504 1683 1532 etiam
1695 1510 1709 1530 a
1723 1507 1792 1530 tem-

1000 1569 1065 1597 pore
1084 1558 1191 1595 probari
1207 1560 1303 1592 potest.
1319 1555 1410 1589 Neque
1422 1553 1492 1580 enim
1506 1555 1586 1579 noctu
1601 1554 1728 1586 apparet,
1744 1547 1792 1576 sed

1000 1594 1026 1635 in
1042 1594 1169 1636 meridie,
1184 1604 1290 1631 lucente
1310 1601 1386 1633 sole;
1408 1606 1487 1634 quam
1500 1598 1552 1625 vim
1567 1603 1616 1624 nec
1628 1595 1704 1623 stella
1717 1615 1724 1628 ,
1739 1594 1792 1621 imo

1001 1661 1036 1681 ne
1055 1653 1117 1679 luna
1139 1649 1245 1686 quidem
1270 1649 1326 1682 ipsa
1348 1646 1447 1678 habet,
1469 1651 1529 1680 qum
1543 1643 1606 1670 licet
1618 1641 1707 1669 omnia
1721 1645 1793 1667 astra

1002 1702 1120 1732 superet,
1137 1701 1197 1723 orto
1211 1695 1275 1722 solis
1287 1693 1389 1728 fulgore
1403 1691 1494 1719 statim
1508 1688 1655 1716 occultatur
1666 1694 1714 1715 nec
1728 1694 1792 1714 con-

1001 1746 1120 1782 spicitur.
1142 1744 1205 1772 Ητεο
1218 1750 1282 1771 vero
1294 1742 1370 1770 stella
1384 1739 1535 1777 splendoris
1547 1738 1587 1766 sui
1603 1737 1628 1764 vi
1639 1736 1720 1764 etiam
1733 1734 1798 1762 solis

1002 1793 1090 1820 radios
1101 1789 1243 1825 splendore
1253 1787 1413 1823 superabat,
1425 1785 1594 1821 majoresque
1605 1782 1743 1811 emittebat
1753 1787 1797 1807 ra-

1003 1838 1071 1865 diOs.
1088 1836 1180 1864 Tertio
1193 1856 1200 1868 ,
1213 1834 1339 1870 probatur
1350 1854 1357 1865 ,
1368 1832 1439 1868 quod
1450 1839 1481 1860 ea
1496 1830 1576 1859 modo
1588 1829 1675 1856 lucem
1689 1827 1795 1854 emitte-

1003 1888 1060 1916 ret,
1084 1882 1164 1909 modo
1186 1885 1314 1909 cessaret.
1327 1879 1394 1907 Nam
1406 1877 1572 1906 venientibus
1587 1876 1614 1903 in
1629 1873 1795 1902 Palaestinam

1004 1930 1068 1957 luxit
1093 1938 1099 1956 :
1124 1932 1264 1963 postquam
1287 1931 1376 1954 autem
1398 1923 1592 1959 Jerosolymam
1614 1921 1796 1950 advenerant,

1004 1983 1063 2003 sese
1082 1975 1224 2003 occultavit
1236 1973 1292 2009 (a);
1306 1972 1403 2000 deinde
1416 1971 1521 1999 Herode
1534 1969 1643 2000 relicto,
1659 1972 1797 2003 postquam

1004 2022 1079 2049 illum
1093 2021 1128 2049 de
1140 2028 1218 2049 causa
1234 2020 1336 2047 itineris
1348 2019 1488 2047 certiorem
1502 2017 1630 2048 fecerant,
1645 2014 1695 2042 iter
1707 2020 1798 2041 susce-

1005 2068 1089 2102 pturis
1099 2067 1220 2102 apparuit
1233 2075 1239 2092 :
1254 2066 1324 2101 quod
1337 2069 1410 2093 certe
1424 2072 1476 2091 non
1492 2063 1575 2090 stellae
1589 2061 1672 2089 motui
1687 2067 1798 2094 compe-

1005 2113 1056 2146 tit,
1082 2112 1129 2139 sed
1155 2111 1244 2139 virtuti
1268 2110 1441 2145 intelligentia
1467 2108 1594 2144 praeditas.
1621 2107 1713 2141 Neque
1726 2105 1798 2133 enim

1006 2159 1141 2195 proprium
1161 2158 1211 2185 sibi
1232 2164 1340 2184 cursum
1362 2155 1489 2188 habebat,
1511 2154 1556 2181 sed
1577 2153 1620 2180 ubi
1637 2151 1799 2187 pergendum

1006 2210 1060 2234 erat
1072 2225 1080 2238 ,
1093 2205 1135 2232 illa
1149 2204 1293 2239 pergebat;
1309 2203 1351 2230 ubi
1364 2202 1504 2233 standum,
1523 2202 1625 2233 stabat,
1655 2198 1799 2227 secundum

1007 2251 1230 2286 opportunitatem
1254 2251 1342 2277 omnia
1377 2249 1554 2283 dispensans;
1583 2247 1653 2274 sicut
1677 2246 1800 2273 columna

1007 2299 1051 2326 illa
1070 2297 1149 2325 nubis
1171 2305 1229 2331 qua:
1256 2295 1354 2322 Judazis
1378 2294 1560 2323 monstrabat,
1584 2292 1690 2327 quando
1713 2297 1801 2318 castra

1008 2351 1125 2377 movere,
1141 2342 1246 2378 quando
1258 2343 1351 2370 sistere
1362 2345 1498 2377 oporteret
1513 2338 1608 2375 (Exod.
1616 2339 1659 2365 15.
1671 2337 1750 2365 Num.
1761 2337 1799 2372 9).

1007 2390 1108 2424 Quarto
1119 2411 1127 2423 ,
1150 2389 1183 2416 ab
1203 2389 1259 2423 ipso
1272 2387 1377 2415 lucendi
1391 2386 1470 2413 modo
1485 2385 1509 2412 id
1523 2386 1594 2412 clare
1606 2385 1728 2412 discitur.
1743 2384 1801 2411 Non

1007 2436 1079 2462 enim
1102 2435 1128 2462 in
1150 2435 1205 2462 alto
1225 2434 1291 2461 caelo
1310 2433 1451 2460 constituta
1465 2452 1472 2464 ,
1495 2438 1579 2465 neque
1593 2430 1664 2457 enim
1680 2434 1803 2465 poterant

1009 2481 1055 2508 illo
1075 2481 1154 2508 modo
1173 2480 1268 2515 dirigi,
1290 2479 1336 2507 sed
1352 2477 1454 2506 inferne
1474 2477 1589 2504 demissa
1600 2498 1607 2510 ,
1623 2477 1709 2504 locum
1726 2483 1802 2504 mon—

1044 2637 1081 2668 (a)
1097 2635 1163 2665 Quod
1174 2635 1213 2668 hic
1218 2634 1282 2668 dicit
1293 2633 1485 2668 Chrysostomus,
1495 2629 1679 2668 stellamlmagjs
1690 2637 1768 2668 usque
1779 2631 1803 2654 in

1013 2661 1162 2693 Palag'stinam
1174 2666 1275 2693 luxisse,
1288 2668 1314 2688 et;
1324 2661 1379 2688 cum
1387 2661 1559 2693 Jerosolymam
1570 2661 1737 2693 advenissent,
1747 2668 1804 2685 sese

1014 2692 1162 2728 occultasse,
1176 2703 1225 2721 non
1236 2696 1330 2720 videtur
1341 2699 1474 2728 consonare
1484 2692 1540 2717 cum
1551 2692 1682 2728 Evangelia
1693 2692 1804 2728 Nattae.

1015 2722 1090 2759 uilio,
1098 2729 1141 2759 ubi
1150 2722 1239 2758 legitur
1252 2735 1257 2751 :
1272 2729 1365 2759 stecce
1373 2724 1451 2759 stella,
1462 2722 1656 2759 quantviderant
1667 2724 1692 2758 in
1704 2724 1802 2759 oriente.

1016 2754 1168 2786 antecedebat
1175 2754 1246 2782 Eos...
1261 2756 1372 2781 Videntes
1387 2754 1472 2780 autem
1486 2754 1578 2780 stellam
1595 2754 1670 2786 gavisi
1683 2757 1736 2779 sum
1748 2761 1806 2785 guu-

1017 2792 1057 2817 dio
1067 2796 1153 2822 magno
1164 2789 1243 2820 valde,
1260 2791 1308 2812 etc.
