2056 3130
277 136 313 164 (ἷῦ
629 139 660 168 S.
679 138 817 168 JOANNIS
834 135 1070 167 CHRYSOSTOMI
1088 135 1246 164 ARCHIEP.
1265 134 1531 164 CONSTANTINOP.
1880 131 1916 158 66

278 198 393 228 strabat.
417 197 506 226 Nostis
530 196 600 224 enim
624 203 677 223 non
702 202 781 230 posse
804 194 909 222 stellam
933 193 1020 220 locum
1039 193 1074 218 ita

278 253 390 282 parvum
413 249 583 276 monstrare,
606 243 651 278 qui
674 242 806 277 tugurium
827 240 996 273 comineret;
1021 239 1076 266 imo

278 292 366 320 locum
384 291 430 326 qui
444 297 542 325 corpus
555 288 677 316 int‘antnli
690 295 786 322 capere
801 290 912 322 posset:
927 285 988 320 quia
1002 285 1075 312 enim

278 339 408 367 immensa
431 341 489 364 erat
509 335 621 363 altitudo
633 355 641 368 ,
666 342 719 361 non
743 337 848 368 poterat
868 332 946 360 stella
960 336 1013 359 tam
1024 338 1074 358 an-

277 390 385 420 gustum
413 383 502 410 locum
530 381 648 409 indicare
673 380 824 408 volentibus
851 377 977 406 invisere.
1006 377 1076 405 lllud

280 437 345 458 vero
357 438 388 457 ex
406 429 462 463 ipsa
477 429 538 456 luna
552 426 755 462 deprehendere
767 431 808 454 est
821 434 826 452 :
839 432 898 460 quae
911 432 972 452 cum
983 423 1077 452 stellas

279 482 372 502 omnes
386 479 487 502 tantum
501 478 621 509 superet,
635 472 769 500 universis
784 471 876 499 orbem
887 470 1075 503 incolentibus,

279 525 307 548 et
326 521 351 548 in
367 525 438 547 tanta
453 524 532 547 terra:
546 519 686 546 latitudine
697 518 799 545 diﬂ'usis
809 538 818 552 ,
833 517 919 545 vicina
931 524 990 544 esse
1003 517 1078 544 vide-

281 572 333 594 tur.
361 565 499 600 Quomodo
520 565 620 600 igitur,
642 571 750 600 quaeso,
774 564 861 591 locum
884 563 920 590 ita
935 567 1076 598 angustum

276 614 410 648 praesepis
425 618 451 640 et
465 612 562 647 tugunii
578 611 655 639 stella
670 610 854 642 ostendisset;
868 610 919 637 nisi
930 609 1021 637 relicta
1033 608 1076 636 illa

280 660 440 689 celsitudine
461 659 494 686 ad
510 658 633 686 inferiora
648 657 849 689 descendisset,
863 660 890 684 et
901 662 982 690 supra
994 659 1076 690 caput

282 707 368 741 ipsum
389 706 462 741 pueri
486 704 625 732 stetisset?
644 703 720 738 Quod
733 702 904 731 subindicans
915 701 1078 737 evangelista

280 753 386 780 dicebat
400 761 406 779 :
423 752 450 779 9.
467 751 531 778 Ecce
542 751 615 778 stella
624 750 782 778 antecedebat
796 758 837 777 eos
847 770 854 781 ,
870 757 947 784 usque
959 749 1020 775 dum
1031 755 1075 776 be-

283 799 354 825 niens
368 803 444 824 staret
458 805 537 832 supra
547 797 586 824 ubi
598 802 652 824 erat
663 804 735 831 puer.
751 796 845 823 Viden’
859 800 924 831 quot
933 802 1078 830 argumen—

283 845 317 872 tis
338 845 465 880 probatur
479 845 548 871 hanc
561 843 665 871 stellam
678 851 730 870 non
745 843 827 870 fuisse
840 849 873 870 ex
886 848 999 869 numero
1011 841 1078 868 alia-

283 899 341 918 rum
363 900 369 918 :
391 897 477 925 neque
489 889 636 918 secundum
651 889 748 917 seriem
761 893 879 916 externae
890 887 962 914 illius
973 886 1079 922 genesis

283 936 438 972 apparuisse
446 936 459 963 ?

315 1011 341 1038 3.
356 1009 437 1037 Stella
448 1017 493 1036 cur
503 1008 631 1044 apparuit.
640 1023 675 1027 —
685 1006 739 1034 Cur
752 1014 816 1042 ergo
826 1004 969 1041 apparuit?
983 1004 1017 1031 Ut
1028 1003 1075 1030 ,1η-

279 1057 399 1083 damrum
423 1054 604 1090 stupidilatem
625 1054 770 1080 incesseret
783 1073 789 1083 ,
803 1055 882 1086 atque
895 1050 1005 1085 ingratis
1020 1048 1076 1075 adi-

282 1106 368 1128 meret
390 1108 497 1127 onmem
519 1098 682 1126 defensionis
705 1104 806 1124 ansam.
829 1096 895 1129 Quia
913 1095 983 1122 cnini
999 1093 1077 1120 adve-

285 1148 363 1175 niens
377 1147 422 1174 ille
435 1151 510 1174 vetus
526 1146 675 1173 institutum
691 1144 874 1179 abrogaturus,
887 1142 1032 1176 orbemque
1044 1140 1078 1168 ad

285 1202 367 1222 unum
390 1193 567 1228 eumdentque
590 1192 692 1219 cultum
715 1190 896 1223 deducturus,
918 1189 1028 1224 ipseque
1053 1187 1079 1215 in

287 1244 353 1271 mari
374 1248 399 1270 et
420 1247 489 1270 terra
502 1241 599 1276 ubique
609 1238 761 1267 adorandus
776 1241 848 1268 erat,
864 1237 898 1263 ab
912 1236 978 1271 ipsis
992 1235 1081 1261 statim

287 1290 369 1317 initiis
389 1289 486 1316 ostium
500 1286 622 1322 gentibus
634 1284 737 1319 aperit.
754 1287 782 1310 ut
797 1283 944 1309 alienorum
959 1279 1081 1314 exemplo

286 1343 350 1364 suos
361 1336 440 1363 etiam
462 1333 590 1360 erudiret.
611 1331 678 1364 Quia
700 1329 771 1356 enim
791 1335 850 1355 cum
870 1327 1013 1362 prophetas
1027 1326 1081 1352 fre-

289 1386 402 1418 quenter
421 1380 544 1407 audirent
564 1377 598 1404 de
619 1377 701 1410 ipsius
714 1375 827 1401 adventu
843 1381 913 1408 smpc
925 1373 1080 1407 loquentes,

287 1415 340 1454 non
363 1425 505 1454 admodum
528 1422 717 1453 attendebant,
741 1419 829 1447 eﬂ‘ecit
857 1423 885 1445 ut
921 1417 1027 1445 barbari
1048 1415 1082 1443 de

289 1478 359 1501 terra
382 1472 526 1506 longinqua
546 1468 668 1496 venirent
681 1488 688 1499 ,
702 1466 746 1501 qui
761 1472 849 1500 regem
864 1462 933 1498 apud
948 1463 1019 1497 ipsos
1032 1469 1081 1488 na-

287 1524 342 1546 tum
365 1518 549 1553 inquirerent;
565 1519 592 1542 et
607 1513 711 1541 Persica
726 1519 791 1538 voce
806 1511 918 1546 primum
932 1516 963 1537 ea
978 1507 1082 1536 edisce-

288 1569 368 1598 rent,
384 1571 443 1599 qua:
456 1571 472 1590 a
482 1561 620 1598 prophetis
635 1559 739 1587 discere
752 1558 893 1585 noluerant
907 1563 913 1582 :
929 1555 988 1582 utsi
999 1554 1083 1589 probe

287 1620 318 1641 se
331 1614 471 1647 gererent,
488 1608 630 1636 maximam
645 1605 793 1640 arriperent
804 1602 836 1630 ad
847 1599 1082 1636 oblcmperandum

288 1665 380 1686 ansam
393 1665 401 1689 ;
416 1656 457 1684 sin
471 1662 534 1682 vero
545 1651 755 1682 contenderent,
768 1647 839 1677 omni
851 1653 959 1682 prorsus
970 1652 1081 1673 excusa-

290 1706 363 1732 tione
380 1703 457 1730 vacui
478 1705 579 1729 essent.
602 1698 670 1733 Quid
684 1697 755 1724 enim
770 1695 859 1723 dicere
873 1693 974 1729 possint
989 1693 1024 1724 ii,
1039 1691 1083 1727 qui

289 1749 422 1778 Christum
431 1755 445 1775 a
455 1751 492 1774 tot
501 1744 636 1781 prophetis
646 1742 828 1771 annuntiatum
838 1748 891 1767 non
899 1741 1083 1773 susceperunt,

289 1804 350 1824 cum
365 1793 478 1822 viderint
495 1798 585 1827 magos
595 1798 628 1818 ex
642 1789 720 1817 unius
732 1789 816 1816 stellae
828 1787 886 1814 visu
901 1787 986 1821 ipsum
998 1785 1083 1812 susci-

290 1841 394 1876 pientes
407 1843 434 1867 et
454 1835 618 1865 adorantes?
632 1834 708 1869 Quod
724 1834 803 1869 igitur
816 1833 886 1860 circa
901 1831 1031 1859 Ninivitas
1044 1831 1084 1858 ie-

290 1889 365 1914 cerat
381 1885 476 1913 Jonam
491 1882 600 1910 mittens
611 1902 619 1914 ,
635 1885 662 1909 et
674 1879 745 1916 quod
759 1879 829 1906 circa
848 1877 1042 1906 Samaritanam
1057 1880 1085 1904 et

289 1931 468 1959 Chananmam
479 1950 486 1962 ,
502 1928 616 1963 idipsum
633 1927 712 1954 etiam
723 1933 771 1960 per
784 1932 876 1960 magos
887 1923 959 1952 fecit.
971 1923 1085 1958 ideoque

290 1977 394 2006 dicebat
427 1985 434 2003 :
460 1975 513 2002 Viri
541 1973 662 2001 Ninivittz
688 1976 801 2007 turgent,
820 1976 843 1998 et
867 1969 1084 2000 condemnabam;

248 2041 251 2043 -
290 2028 334 2057 et,
348 2023 446 2058 Regina
458 2021 537 2048 austri
551 2024 650 2056 surget,
672 2024 694 2046 et
705 2017 879 2046 condemnabit
901 2016 1085 2052 generationem

291 2070 356 2097 hanc
378 2069 389 2104 (
403 2067 497 2094 Matth.
511 2066 554 2094 12.
569 2066 613 2094 Η.
630 2065 687 2100 42)
702 2074 708 2092 :
721 2064 848 2099 quoniam
873 2062 911 2089 illi
938 2061 1084 2089 minoribus

291 2114 463 2143 crediderunt
473 2134 479 2145 ,
500 2112 527 2140 hi
548 2119 611 2139 vero
624 2118 710 2146 neque
725 2109 879 2144 majoribus.
894 2108 928 2135 At
942 2115 989 2135 cur
1003 2107 1063 2135 illos
1073 2128 1082 2141 ,

290 2162 404 2195 inquies,
419 2166 466 2193 per
479 2158 558 2186 talem
571 2156 657 2184 visum
669 2154 797 2183 adduxit?
811 2154 846 2181 At
857 2153 992 2189 quomodo
1003 2159 1083 2188 opor-

291 2212 339 2233 tun
348 2207 360 2231 Υ
378 2213 412 2232 an
430 2204 574 2239 prophetas
592 2201 718 2229 mittere?
732 2199 785 2228 Sed
798 2199 867 2235 magi
881 2199 1016 2234 prophetis
1028 2205 1082 2226 non

290 2251 475 2279 credidissent.
489 2250 530 2277 An
541 2255 633 2276 vocem
643 2254 758 2282 superne
769 2245 906 2280 proferre?
922 2244 1017 2271 Verum
1028 2251 1082 2271 non

291 2297 475 2325 attendissent.
490 2296 530 2322 An
546 2295 668 2330 angelum
684 2292 812 2320 mittere?
829 2291 880 2320 Sed
895 2291 966 2319 hunc
978 2298 1083 2326 quoque

292 2345 402 2372 forsitan
417 2342 617 2380 prmteriissent.
631 2340 797 2375 Quapropter
807 2339 859 2366 illis
870 2338 992 2365 omnibus
1002 2337 1084 2365 omis-

291 2391 328 2418 sis
352 2390 438 2422 Deus,
461 2395 565 2416 summa
589 2392 666 2415 utens
685 2385 868 2421 indulgentia,
891 2391 938 2419 per
957 2389 1082 2412 consueta

291 2441 368 2464 vocat
388 2435 445 2463 illos
456 2455 463 2468 ,
484 2433 653 2468 ostenditque
667 2431 771 2460 stellam
785 2437 906 2466 magnam
922 2430 955 2457 ab
969 2430 1028 2456 aliis
1043 2430 1083 2455 di-

289 2489 394 2510 versam
404 2501 412 2514 ,
434 2485 463 2507 ut
485 2480 556 2515 ipsos
569 2483 597 2506 et
609 2485 642 2505 ex
655 2475 837 2512 magnitudine
848 2479 876 2503 et
888 2482 920 2502 ex
937 2473 1085 2509 pulchritu-

289 2527 352 2555 dine
374 2524 520 2560 spectaculi
542 2523 715 2558 percelleret,
729 2529 835 2549 necnon
849 2521 929 2548 etiam
944 2528 976 2547 ex
991 2526 1085 2547 cursus

290 2572 380 2600 modo.
397 2570 459 2597 Haec
477 2574 505 2597 et
529 2568 625 2596 Paulus
645 2567 778 2598 imitatus,
799 2574 832 2594 ex
851 2573 896 2593 ara
911 2573 971 2593 cum
984 2564 1085 2592 Graecis

289 2617 438 2646 disserendi
458 2616 626 2643 occasionem
640 2614 736 2649 accipit
748 2634 755 2645 ,
770 2617 798 2640 et
811 2616 947 2647 poetarum
963 2611 1083 2639 testimo-

291 2665 333 2691 nia
349 2664 375 2691 in
389 2662 505 2690 medium
519 2661 626 2688 adducit
640 2670 647 2688 :
661 2660 767 2688 Iudaeus
779 2666 845 2686 vero
855 2657 1083 2686 circumcisionem

292 2717 445 2738 memorans
467 2708 610 2742 alloquitur
620 2728 627 2741 ,
647 2712 674 2735 ct
693 2713 739 2734 eos
752 2705 796 2740 qui
810 2705 860 2732 sub
874 2704 931 2739 lege
944 2704 1061 2731 viverent
1076 2725 1081 2734 .

320 2815 328 2830 ι
347 2814 436 2845 Aliqui,
449 2820 491 2845 per
503 2814 605 2845 angelos.

1121 198 1136 217 a
1161 188 1302 217 sacriﬁciis
1318 195 1395 215 orsus
1407 207 1414 219 ,
1431 187 1552 214 doctrina
1571 184 1674 224 imbuit.
1689 183 1757 218 Quia
1768 183 1839 211 enim
1853 190 1917 210 con-

1122 240 1227 264 suetum
1249 234 1300 262 sibi
1323 234 1435 269 quisque
1459 240 1560 260 morem
1587 231 1701 258 libenter
1724 230 1864 264 sequitur,
1890 233 1918 256 et

1125 283 1194 310 Deus
1213 285 1240 308 et
1257 281 1306 308 viri
1328 288 1343 307 a
1364 280 1420 307 Deo
1439 279 1473 306 ad
1496 278 1570 306 orbis
1591 277 1702 304 salutem
1719 276 1810 308 missi,
1823 276 1858 303 ita
1873 283 1918 303 res

1123 331 1247 355 tractant.
1270 325 1309 353 Ne
1331 325 1422 360 itaque
1441 324 1576 359 indignum
1597 322 1653 349 Deo
1671 327 1766 357 putes,
1785 321 1856 356 quod
1871 328 1919 357 per

1123 373 1226 401 stellam
1249 372 1320 406 ipsos
1343 370 1479 398 vocaverit
1503 378 1509 396 ε
1537 369 1577 396 sic
1600 367 1671 395 enim
1691 367 1800 395 Iudaica
1811 374 1919 402 qu0que

1123 419 1213 447 omnia
1237 416 1399 453 improbabis
1409 437 1416 450 ,
1429 415 1558 443 sacriﬁcia
1572 421 1667 448 nempe
1677 435 1684 447 ,
1700 413 1898 448 purificationes
1908 433 1917 445 ,

1125 464 1279 493 neomenias
1290 484 1298 497 ,
1313 470 1403 490 arcam
1413 483 1420 495 ,
1434 462 1573 496 ipsumque
1588 459 1724 494 templum.
1740 458 1802 486 Haec
1816 458 1917 493 quippe

1124 510 1214 538 omnia
1234 517 1270 537 ex
1287 509 1404 544 gentium
1417 506 1592 534 crassitudine
1607 510 1696 532 ortum
1711 504 1852 532 duxerunt.
1868 505 1920 531 At-

1125 561 1214 584 tamen
1237 555 1308 582 Deus
1327 554 1361 581 ad
1379 553 1526 581 errantium
1545 551 1657 578 salutem
1671 550 1712 577 his
1725 556 1756 577 se
1770 556 1864 584 passus
1877 553 1921 576 est

1125 600 1176 629 co‘li
1187 621 1195 634 ,
1218 600 1315 635 quibus
1337 599 1474 626 diemonas
1486 596 1599 632 gentiles
1614 595 1651 623 illi
1664 595 1803 627 colebant,
1817 594 1863 621 illo
1876 598 1919 621 ta—

1125 655 1186 675 men
1207 647 1278 674 cultu
1294 646 1423 679 tantisper
1435 647 1554 675 mutato,
1569 646 1598 669 ut
1610 641 1671 669 illos
1686 640 1811 676 paulatim
1823 647 1836 667 a
1851 647 1919 667 conc

1126 692 1266 721 suetudine
1279 691 1407 718 abductos
1417 711 1425 722 .
1440 689 1474 716 ad
1488 688 1629 716 sublimem
1640 687 1711 714 illam
1723 685 1918 721 philosophiam

1127 739 1282 768 deduceret.
1299 737 1327 764 ld
1338 736 1408 772 quod
1421 735 1501 763 etiam
1512 734 1582 762 circa
1594 740 1685 768 magos
1696 731 1800 764 effecit,
1813 739 1873 759 cum
1887 731 1920 758 il-

1127 785 1167 812 los
1189 792 1234 819 per
1256 783 1341 810 stellae
1360 781 1446 809 visttm
1460 780 1581 812 vocavit,
1596 782 1626 806 ut
1639 778 1736 806 deinde
1750 777 1920 805 sublimiores

1128 830 1261 858 redderet.
1277 829 1420 863 Postquam
1434 827 1513 861 igitur
1524 825 1583 852 illos
1596 824 1628 851 ad
1642 830 1763 859 praesepe
1775 822 1849 857 quasi
1862 829 1921 848 rna-

1130 884 1166 903 nu
1187 874 1350 905 deduxerat,
1371 880 1424 898 non
1444 878 1492 906 per
1501 870 1605 897 stellam
1617 868 1731 900 deinde,
1747 868 1793 895 sed
1808 875 1856 902 per
1871 874 1920 894 an-

1128 920 1218 956 gelum
1232 919 1240 934 ¹
1261 919 1334 953 ipsos
1351 916 1498 950 alloquitur
1520 923 1527 941 :
1550 914 1589 941 sic
1603 914 1638 940 illi
1651 912 1780 948 gradatim
1795 911 1920 939 meliores

1130 965 1216 993 eﬁecti
1231 968 1301 991 sunt.
1316 963 1372 990 Hoc
1389 962 1474 997 ipsum
1489 960 1551 988 fecit
1562 960 1631 987 circa
1646 957 1811 986 Ascalonitas
1824 961 1850 985 et
1864 957 1920 986 Ga-

1130 1018 1210 1038 zzros.
1229 1009 1295 1036 Nam
1315 1012 1454 1043 postquam
1468 1006 1585 1041 quinque
1599 1004 1649 1032 illa:
1661 1004 1779 1032 civitates
1789 1024 1796 1035 ,
1810 1010 1872 1030 arca
1885 1003 1919 1030 ad

1130 1065 1159 1084 se
1178 1055 1300 1082 veniente
1313 1074 1319 1086 ,
1334 1052 1405 1080 letali
1420 1052 1495 1086 plaga
1506 1057 1638 1086 percussa:
1650 1053 1712 1076 sunt
1721 1069 1729 1081 ,
1742 1056 1804 1076 cum
1817 1048 1919 1075 nullum

1132 1101 1315 1138 ingruentibus
1329 1099 1406 1127 malis
1419 1098 1564 1126 remedium
1576 1096 1743 1126 invenirent,
1759 1095 1859 1121 vocatis
1874 1099 1925 1119 va-

1131 1149 1202 1176 tibus
1229 1152 1256 1174 et
1274 1149 1435 1181 congregato
1454 1148 1525 1172 cestu
1539 1141 1672 1178 quomodo
1684 1140 1812 1168 divinitus
1823 1139 1927 1166 immis~

1132 1203 1191 1222 sum
1205 1194 1304 1221 malum
1314 1189 1664 1220 amm'erentconsultabant
1677 1187 1715 1223 (l.
1727 1187 1789 1223 Reg.
1802 1186 1842 1223 5).
1859 1185 1927 1213 Hinc

1130 1240 1235 1267 vatibus
1255 1238 1423 1270 dicentibus,
1447 1243 1542 1264 vaccas
1563 1234 1705 1262 indomitas
1729 1232 1928 1267 etprimiparas

1130 1293 1199 1312 arca:
1211 1284 1285 1320 jungi
1299 1287 1425 1318 oportere
1438 1303 1446 1315 ,
1461 1286 1491 1308 ut
1501 1281 1575 1308 nullo
1587 1280 1654 1307 duce
1669 1286 1722 1314 quo
1734 1278 1834 1305 vellent
1844 1278 1926 1309 irent;

1132 1331 1247 1366 hincque
1265 1330 1434 1364 exploratum
1459 1328 1516 1355 fore
1529 1334 1561 1353 an
1576 1326 1703 1353 divinitus
1713 1345 1720 1358 ,
1734 1332 1767 1351 an
1781 1331 1844 1351 casu
1857 1330 1928 1358 quo-

1132 1378 1203 1412 piam
1227 1376 1362 1403 immissus
1377 1374 1487 1402 morbus
1501 1378 1572 1400 esset
1587 1371 1666 1408 (Ibid.
1682 1371 1711 1406 6)
1725 1379 1733 1403 ;
1747 1378 1807 1398 nam
1823 1371 1856 1403 si,
1870 1370 1928 1397 aie-

1132 1423 1215 1454 bant,
1229 1422 1324 1457 iugum
1338 1428 1370 1448 ex
1386 1420 1517 1454 imperitia
1533 1419 1541 1435 ι
1557 1422 1696 1445 conterant
1706 1438 1713 1449 ,
1728 1417 1768 1444 vel
1783 1417 1805 1443 si
1819 1416 1853 1444 ad
1866 1423 1928 1443 mu-

1132 1468 1235 1503 gientcs
1257 1467 1354 1494 vitulos
1374 1469 1529 1496 vertantur,
1551 1464 1626 1498 plaga
1649 1470 1711 1490 casu
1724 1462 1870 1492 acciderit;
1885 1462 1927 1489 sin

1134 1518 1206 1540 recta
1216 1515 1337 1547 pergant,
1346 1518 1434 1545 neque
1443 1510 1500 1537 sive
1511 1512 1622 1544 propter
1629 1507 1776 1535 vitulorum
1785 1506 1921 1541 mugitum

1136 1559 1192 1585 sive
1209 1562 1322 1593 propter
1339 1557 1390 1583 via:
1409 1554 1588 1590 ignorantiam
1598 1554 1735 1585 aberrent,
1746 1551 1925 1586 conspicuum

1136 1604 1186 1630 erit
1195 1603 1280 1638 ipsam
1287 1602 1333 1630 Dei
1343 1609 1453 1629 manum
1463 1601 1512 1628 has
1519 1601 1600 1627 urbes
1610 1598 1789 1634 percussisse:
1798 1598 1862 1632 quia
1872 1598 1924 1633 igi-

1138 1654 1182 1677 tur
1190 1653 1281 1676 vatnm
1293 1649 1373 1677 dictis
1382 1651 1530 1683 paruerunt
1542 1646 1647 1673 illarum
1657 1645 1798 1672 civitatum
1815 1644 1924 1675 incolae.

1135 1699 1205 1726 Deus
1222 1698 1302 1725 etiam
1312 1718 1321 1731 ,
1335 1695 1497 1732 indulgentia
1511 1701 1575 1722 usus
1585 1715 1593 1727 ,
1610 1698 1698 1720 vatum
1712 1692 1869 1720 sententiam
1882 1698 1929 1719 se-

1133 1749 1231 1780 quutus
1250 1748 1306 1775 est,
1323 1750 1372 1771 nec
1388 1742 1527 1776 majestate
1541 1747 1589 1768 sua
1601 1739 1735 1775 indignum
1749 1739 1866 1773 putavit,
1882 1744 1930 1764 va-

1133 1795 1189 1818 tum
1210 1789 1410 1826 prmdictionem
1430 1788 1462 1815 ad
1476 1795 1542 1823 opus
1554 1786 1687 1814 deducere
1698 1806 1706 1819 ,
1720 1790 1747 1813 et
1760 1785 1839 1812 iidem
1852 1783 1931 1811 dictis

1134 1844 1228 1864 eorum
1251 1835 1405 1863 conciliare.
1428 1834 1467 1861 Eo
1489 1833 1574 1868 major
1588 1833 1659 1860 enim
1674 1839 1717 1859 res
1729 1834 1802 1866 gesta
1817 1829 1928 1857 videba-

1133 1887 1187 1916 tur,
1211 1882 1233 1910 si
1254 1881 1302 1909 Dei
1315 1880 1460 1915 potentiam
1479 1879 1527 1913 ipsi
1541 1879 1620 1907 etiam
1634 1877 1734 1905 inimici
1750 1876 1927 1905 testiﬁcaren-

1133 1932 1194 1960 tur,
1217 1931 1245 1955 et
1268 1927 1290 1955 si
1314 1933 1407 1954 eorum
1429 1925 1554 1953 doctores
1568 1923 1602 1952 de
1614 1923 1659 1951 illa
1672 1923 1802 1951 calculum
1816 1921 1925 1950 ferrent.

1133 1973 1214 2002 Multa
1224 1979 1330 2008 quoque
1344 1971 1441 1999 similia
1456 1971 1539 1998 Deum
1550 1969 1749 2004 dispensantem
1760 1966 1928 1995 animadver-

1135 2019 1223 2046 timus.
1233 2018 1299 2046 Nam
1310 2026 1340 2046 ea
1351 2018 1430 2045 etiam
1441 2025 1500 2052 qua:
1509 2016 1542 2044 ad
1553 2015 1737 2052 pytltonissam
1749 2017 1870 2049 spectant
1882 2020 1928 2040 eo-

1134 2065 1196 2092 dem
1215 2064 1368 2099 dispensata
1388 2067 1452 2090 sunt
1473 2061 1573 2090 modo:
1589 2066 1617 2089 ut
1630 2068 1679 2089 vos
1693 2060 1820 2094 deinceps
1831 2066 1928 2087 secun-

1135 2111 1199 2139 dum
1218 2110 1274 2146 jam
1292 2110 1362 2138 dicta
1387 2109 1508 2145 poteritis
1528 2108 1662 2143 explicare
1686 2106 1766 2137 (Ibid.
1781 2106 1839 2141 28).
1864 2106 1928 2133 ll:cc

1134 2156 1170 2184 de
1188 2156 1265 2184 stella
1287 2163 1302 2183 a
1322 2155 1398 2182 nobis
1417 2155 1486 2182 dicta
1510 2158 1591 2185 sunt;
1606 2153 1652 2180 sed
1667 2153 1744 2187 plura
1758 2159 1774 2179 a
1785 2151 1862 2178 vobis
1875 2151 1927 2177 dici

1134 2206 1238 2242 possint
1249 2214 1256 2233 :
1267 2212 1328 2232 nam
1339 2203 1380 2231 Da
1394 2201 1502 2237 sapienti
1513 2201 1669 2229 occasionem
1680 2220 1688 2233 ,
1701 2204 1725 2226 et
1737 2197 1874 2233 sapientior
1882 2197 1929 2225 erit

1135 2252 1225 2280 tProv.
1241 2251 1268 2280 9.
1280 2250 1318 2286 9).

1170 2338 1197 2366 4.
1209 2336 1293 2370 Quare
1301 2334 1436 2368 Scriptura
1445 2336 1541 2365 tempus
1551 2333 1573 2356 et
1583 2329 1666 2356 locum
1673 2326 1822 2358 nativitatis,
1835 2323 1930 2360 princi-

1135 2391 1240 2420 pemque
1250 2387 1308 2409 tunc
1321 2378 1437 2414 temporis
1447 2380 1594 2412 regnantem
1602 2379 1653 2401 tam
1663 2376 1783 2400 accurate
1793 2370 1928 2398 describat.

1136 2418 1255 2457 Liberum
1274 2426 1416 2453 arbitrium.
1444 2422 1605 2456 Jerosolyma
1620 2427 1664 2447 cur
1682 2418 1782 2445 turbata
1799 2421 1853 2449 est,
1873 2423 1931 2442 cum

1137 2475 1233 2503 audivit
1246 2473 1374 2501 Christum
1387 2475 1483 2498 natum.
1496 2483 1529 2488 —
1539 2467 1597 2495 Jam
1612 2466 1644 2493 ad
1661 2463 1820 2500 principium
1835 2468 1929 2489 eorum

1138 2529 1197 2557 qua:
1212 2521 1279 2547 lecta
1300 2521 1363 2545 sunt
1376 2514 1543 2544 redeuttdum
1555 2518 1607 2540 est.
1622 2510 1762 2544 Quodnam
1777 2513 1819 2536 est
1832 2506 1932 2543 princi-

1138 2554 1230 2603 pium?
1244 2565 1306 2592 Cum
1326 2568 1401 2590 natus
1413 2566 1476 2589 esset
1489 2560 1564 2587 Iesus
1575 2559 1603 2586 in
1614 2556 1761 2584 Belide/tem
1772 2555 1873 2582 ludam
1881 2574 1889 2586 ,
1905 2554 1932 2580 in

1140 2600 1226 2641 diebus
1238 2611 1349 2639 Herodis
1363 2609 1428 2644 regis
1436 2629 1444 2640 ,
1463 2615 1519 2635 ecce
1529 2605 1598 2641 magi
1608 2604 1638 2631 ab
1649 2604 1745 2631 oriente
1757 2606 1877 2629 uerterunt
1887 2600 1933 2628 Je—

1140 2659 1304 2694 rosatymam.
1313 2656 1380 2691 Magi
1393 2653 1499 2682 stellam
1510 2651 1604 2680 ducem
1618 2649 1723 2685 sequuti
1734 2652 1812 2681 sunt;
1828 2647 1856 2674 bi
1869 2653 1934 2674 vero

1177 2793 1184 2807 ¹
1207 2791 1232 2816 ln
1244 2793 1333 2818 amco,
1346 2794 1379 2813 ςιπδ
1391 2795 1422 2816 τῆς
1433 2793 1521 2817 ἀκαιρίας.
1532 2785 1640 2818 Atrianus
1649 2787 1679 2806 an
1690 2784 1736 2815 ista
1745 2779 1849 2804 lectione
1861 2778 1936 2803 aber-

1143 2826 1188 2852 rat,
1201 2813 1436 2851 iiiiintcrpretatione
1445 2813 1548 2848 ponens,
1560 2813 1661 2846 superba
1673 2813 1772 2838 cervice.
