2056 3130
135 153 168 180 65
701 150 735 178 IN
754 149 958 178 MATTHEUM
978 149 1092 178 HOMIL.
1112 149 1158 179 Vl.
1731 151 1763 179 66

137 206 199 232 κατὰ
214 205 262 241 τὴν
274 206 443 244 οἰκουμένην
458 209 580 241 οἰκοῦσι,
596 209 642 236 καὶ
657 210 698 241 εἰς
709 210 836 237 τοσοῦτον
852 211 919 238 πλά-

135 259 177 281 τος
194 252 243 285 γῆς
259 251 460 287 ἐκκεχυμένως
472 254 505 285 ³³,
532 255 630 281 ἇπασιν
651 254 734 288 ἐγγὺς
750 254 819 281 εἶναι
834 255 917 283 δοκεῖ.

138 297 195 328 Πῶς
206 295 250 323 οὖν
263 299 278 323 6
288 298 392 333 ἀστὴρ,
403 300 465 326 εἰπέ
477 309 532 335 μοι,
545 300 624 327 τόπον
632 300 703 327 οὕτω
713 301 804 328 στενὸν
816 303 919 337 φάτνης

139 344 180 370 καὶ
202 343 324 378 καλύϐης
340 345 448 372 ἐδείκνυ
460 365 468 378 ,
486 347 510 373 εἰ
524 346 562 381 μὴ
576 347 606 373 τὸ
621 347 722 383 ὑψηλὸν
740 347 829 374 ἐκεῖνο
840 348 920 383 ἀφεὶς

137 389 205 415 κάτω
220 389 339 424 κατέϐη,
356 391 403 417 καὶ
419 391 489 426 ὑπὲρ
507 392 590 427 αὐτῆς
604 392 668 427 έστη
677 392 727 427 τῆς
740 393 860 428 κεφαλῆς
872 393 918 420 τοῦ

133 433 249 466 παιδίους
267 434 361 470 Ὅπερ
375 433 422 462 οὖν
441 436 489 463 καὶ
501 436 516 462 6
528 436 720 473 εὐαγγελιστὴς
737 438 920 474 αἰνιττόμενος

133 479 218 513 ἔλεγεν
228 488 235 495 ·
258 479 341 507 Ἰδοὺ
359 483 377 508 ὀ
392 481 491 516 ἀστὴρ
508 481 640 518 προῆγεν
654 483 765 517 αὐτοὺς
776 504 783 516 ,
803 484 858 518 ἕως
870 485 920 512 ἑλ-

132 525 187 552 θὼν
203 524 279 559 ἔστη
296 525 454 555 ἐπάνωοῦ
470 525 509 563 ἦν
519 528 553 554 τὸ
567 528 697 556 παιδίον.
705 528 789 565 Ὀρᾷς
805 529 838 556 δι’
850 530 920 557 ὅσων

131 570 263 597 δείκνυται
276 572 307 598 οὐ
324 572 380 599 τῶν
400 573 505 600 πολλῶν
521 571 561 605 εἷς
576 573 614 600 ὣν
629 570 706 606 οὗτος
722 575 737 601 6
753 575 850 611 ἀστὴρ,
860 575 920 602 οὐδὲ

131 617 197 644 κατὰ
219 618 271 652 τὴν
288 618 455 647 ἀκολουθίαν
470 620 519 656 τῆς
546 619 599 653 ἔξω
654 621 788 656 γενέσεως
813 622 920 654 δεικνὺς

130 662 186 698 [89]
200 663 299 690 ἑαυτὸν
309 672 317 696 ;

163 707 196 743 γ’.
213 709 269 735 Καὶ
284 709 362 742 τίνος
375 711 467 738 ἐνεκεν
482 712 586 747 ἐφάνης
602 712 683 739 Ὥστε
697 712 855 739 καθικέσθαι
870 713 920 748 τῆς

135 754 268 782 Ἰουδαίων
285 756 479 792 ἀναισθησίας,
495 758 543 784 καὶ
554 759 644 785 πᾶσαν
654 758 745 791 αὐτοῖς
761 758 920 785 ἀποκλεῖσαι

129 795 443 835 ἀπωλογίαςάφορμὴνυ
458 799 671 834 ἀγνωμονοῦσιν.
689 799 795 835 Ἐπειδὴ
826 799 881 835 γὰρ
905 800 920 825 6

130 843 366 878 παραγενόμενος,
385 844 434 879 τὴν
454 844 505 879 μὲν
526 844 643 871 παλαιὰν
661 845 809 872 ἀναπαύειν
825 845 921 881 ἐμελλε

131 888 276 921 πολιτείαν,
292 890 347 925 τὴν
358 890 385 916 δε
398 890 559 926 οἰκουμένην
573 891 614 923 εἰς
628 891 676 926 τὴν
692 890 775 919 αὑτοῦ
800 891 921 927 προσκύ-

128 949 203 975 νησιν
218 941 326 975 καλεῖν,
340 941 388 968 καὶ
402 942 431 969 ἐν
445 943 480 978 γῇ
500 942 548 969 καὶ
566 942 596 968 ἐν
616 941 734 976 θαλάττῃ
759 940 920 975 προσκυνεῖ-

131 985 190 1012 σθαι
209 987 297 1022 πάσῃ,
310 988 345 1013 ἐκ
357 987 508 1022 προοιμίων
521 987 621 1019 εὐθέως
635 987 690 1018 τοῖς
703 986 806 1012 ἔθνεσιν
819 984 921 1019 ἀνοίγει

130 1032 176 1066 τὴν
191 1032 288 1067 θύραν,
299 1032 348 1059 διὰ
365 1033 419 1059 τῶν
433 1033 580 1068 ἀλλοτρίων
596 1033 659 1064 τοὺς
679 1032 794 1064 οἰκείους
809 1030 921 1058 παιδεῦ-

131 1085 175 1102 σαι
197 1077 295 1105 θέλων.
323 1078 432 1114 Ἐπειδὴ
462 1079 516 1113 γὰρ
540 1078 595 1104 τῶν
623 1077 771 1113 προφητῶν
802 1076 921 1111 συνεχῶς

130 1122 273 1154 ἀκούοντες
294 1123 432 1157 λεγόντων
459 1124 524 1159 περὶ
543 1123 593 1159 τῆς
614 1122 696 1149 αὑτοῦ
717 1121 875 1157 παρουσίας,
890 1121 920 1147 οὒ

133 1168 231 1203 σσόδρα
245 1170 405 1204 προσεῖχον,
415 1169 525 1204 ἐποίησε
538 1169 585 1196 καὶ
600 1168 754 1204 βαρϐάρους
768 1167 854 1194 ἐλθεῖν
868 1167 921 1194 ἀπὸ

131 1214 180 1249 γῆς
196 1216 322 1250 μακρᾶς,
338 1215 384 1241 τὸν
399 1216 464 1250 παρ’
476 1215 568 1247 αὐτοῖς
586 1215 699 1250 βασιλέα
713 1214 919 1249 ἐπιζητοῦντας,

131 1259 175 1284 καὶ
199 1259 280 1294 παρὰ
302 1260 440 1295 Περσικῆς
462 1259 573 1295 πρώτης
592 1260 683 1295 φωνῆς
699 1259 888 1294 μανθάνουσιν,
902 1259 921 1287 ἃ.

132 1304 204 1339 παρά
221 1304 283 1330 τῶν
295 1305 443 1340 προφητῶν
464 1306 559 1340 μαθεῖν
573 1305 623 1331 οὐκ
641 1305 785 1340 ἠνέσχοντο
796 1313 803 1320 ·
819 1305 872 1337 ἵνα,
887 1304 920 1332 ἂν

131 1349 179 1382 μὲν
206 1348 414 1384 εὐγνωμονῶσι,
448 1349 579 1385 μεγίστην
605 1349 687 1384 ἔχωσι
711 1349 757 1376 τοῦ
781 1349 920 1376 πείθεσθαι

131 1393 269 1427 πρόφασιν
278 1402 285 1407 -
297 1393 344 1419 ἐὰν
355 1393 384 1419 δὲ
395 1393 577 1428 φιλονεικώσι,
592 1393 680 1427 πάσης
692 1389 758 1419 ὦσιν
772 1393 922 1428 ἀπεστερη-

132 1438 205 1472 μένοι
215 1437 314 1464 λοιπὸν
327 1438 484 1473 ἀπολογίας.
499 1438 531 1465 Τί
550 1438 604 1474 γὰρ
619 1438 653 1465 ἂν
667 1438 751 1474 ἔχοιεν
768 1439 864 1470 εἰπεῖν,
882 1438 919 1474 μὴ

129 1483 276 1518 δεξάμενοι
290 1484 335 1510 τὸν
348 1485 465 1520 Χριστὸν
484 1484 552 1519 μετὰ
565 1485 628 1517 τοὺς
648 1484 790 1516 τοσούτους
815 1484 920 1519 προφή-

130 1538 187 1561 τας,
207 1530 276 1556 ὅταν
289 1530 363 1556 ίδωσι
376 1531 478 1565 μάγους
493 1531 547 1557 ἀπὺ
568 1530 655 1565 ὅψεως
673 1531 731 1562 ἐνὸς
744 1530 842 1566 ἄστρου
858 1529 919 1556 τοῦ-

130 1582 173 1600 τον
196 1574 375 1610 δεξαμένους,
390 1575 437 1601 καὶ
459 1576 700 1611 προσκυνήσαντας
716 1575 761 1601 τὸν
782 1566 918 1609 φανέντα;

131 1621 218 1656 Ὅπερ
234 1619 282 1647 οὖν
299 1621 346 1647 ἐπὶ
368 1621 422 1647 τῶν
447 1621 594 1647 Νινευῖτῶν
619 1621 740 1656 ἐποίησε,
753 1621 864 1656 πέμψας
874 1621 920 1648 τὸν

136 1667 240 1699 Ἰωνᾱν,
261 1667 308 1693 καὶ
324 1667 391 1702 ὅπερ
405 1668 452 1694 ἐπὶ
465 1667 514 1703 τῆς
530 1667 722 1702 Σαμαρείτιδος
738 1666 845 1702 καὶτῆς
863 1667 919 1693 Χα-

131 1713 258 1745 ναναίας,
273 1712 353 1739 τοῦτο
370 1713 418 1739 καὶ
442 1714 488 1739 ἐπὶ
508 1713 562 1739 τῶν
587 1713 690 1748 μάγων.
713 1713 761 1739 Διὰ
782 1712 860 1738 τοῦτο
874 1712 920 1738 καὶ

131 1758 241 1792 ἔλεγεν·
275 1758 400 1793 Ἄνδρες
428 1758 575 1785 Νινευῗτιιι
603 1758 837 1791 ἀναστήσονται,
869 1757 920 1784 καὶ

131 1804 347 1839 κατακρινοῦσι
357 1812 363 1819 ·
379 1805 436 1836 καὶ,
453 1805 624 1831 Βασίλισσα
644 1805 734 1831 νότου
750 1804 920 1836 ἀναστήσε-

134 1858 191 1882 ται,
204 1850 255 1877 καὶ
271 1850 444 1884 κατακρινεῖ
455 1850 512 1884 τὴν
526 1851 632 1884 γενεὰν
647 1850 760 1884 ταύτην
770 1858 776 1864 “
795 1851 834 1876 ὅτι
848 1850 920 1876 ἐκεί-

131 1903 170 1921 νοι
188 1894 241 1929 μὲν
254 1896 310 1926 τοῖς
327 1895 467 1921 ἐλάττοσιν
483 1895 655 1927 ἐπίστευσαν,
666 1893 736 1922 οὗτοι
749 1895 777 1921 δέ
788 1894 847 1921 οὐδὲ
863 1895 919 1927 τοῖς

133 1940 250 1975 μείζοσι.
266 1941 320 1967 Καὶ
331 1940 402 1973 τίνος
413 1941 504 1967 ἕνεκεν
516 1941 559 1967 διὰ
573 1941 699 1976 τοιαύτης
715 1941 812 1972 αὐτοὺς
827 1940 918 1966 εἵλκυ-

133 1994 179 2012 σεν
203 1986 311 2020 ὅψεως
337 1986 429 2022 φησίν.
462 1986 541 2013 Ἀλλὰ
558 1986 617 2018 πῶς
643 1987 744 2021 ἐχρῆν;
772 1986 917 2021 Προφήτας

132 2031 238 2066 πέμψαι
250 2040 258 2064 ;
281 2031 352 2058 Ἀλλ’
367 2032 416 2058 οὐκ
430 2032 462 2058 ἂν
476 2033 500 2058 οἱ
513 2032 593 2067 μάγοι
608 2032 753 2067 προφητῶν
763 2033 917 2067 ἠνέσχοντο.

138 2077 218 2104 Ἀλλὰ
234 2078 325 2113 φωνὴν
351 2078 454 2105 ἄνωθεν
469 2078 594 2113 ἀφεῖναι;
619 2077 687 2104 Ἀλλ’
703 2078 753 2104 οὐκ
775 2078 807 2104 ἂν
831 2086 917 2113 προσ-

129 2129 218 2163 έσχον.
325 2128 440 2162 ἄγγελον
460 2128 630 2161 ἀποστεῖλαι;
651 2127 730 2153 Ἀλλὰ
753 2129 799 2155 καὶ
823 2129 916 2155 τοῦτον

128 2174 160 2201 ἂν
176 2174 362 2209 παρέδραμον.
385 2173 434 2199 Δια
454 2173 486 2209 δὴ
500 2173 577 2199 τοῦτο
597 2174 686 2200 πάντα
701 2174 791 2200 ἐκεῖνα
806 2175 884 2209 ἀφεὶς
902 2176 916 2201 6

128 2219 204 2250 Θεὸς,
217 2219 261 2245 διὰ
277 2219 330 2244 τῶν
343 2218 467 2253 συνήθων
481 2218 577 2249 αὐτοὺς
589 2218 678 2251 καλεῖ,
696 2219 799 2254 σφόδρα
814 2228 915 2253 συγκα-

126 2264 273 2296 ταϐαίνων,
285 2264 333 2290 καὶ
346 2263 403 2299 [90]
421 2263 555 2290 δείκνυσιν
571 2264 670 2299 ἄστρον
691 2265 762 2299 μέγα
776 2266 822 2292 καὶ
837 2265 915 2301 ἐξηλ-

128 2309 274 2345 λαγμένον,
290 2310 361 2336 ὥστε
376 2310 424 2336 καί
447 2309 485 2345 τῷ
501 2309 610 2344 μεγέθει
629 2310 675 2336 καὶ
692 2310 732 2345 τῷ
751 2311 845 2339 κάλλει
865 2312 915 2347 τῆς

126 2356 213 2390 ὅψεως
226 2356 325 2387 αὐτοὺς
341 2356 485 2390 ἐκπλῆξαι,
503 2356 549 2381 καὶ
562 2356 601 2391 τῷ
613 2356 705 2392 τρόπῳ
724 2356 774 2392 τῆς
791 2357 913 2392 πορείας.

127 2403 220 2429 Ταῦτα
239 2404 286 2429 καὶ
308 2404 323 2428 6
350 2402 456 2433 Παῦλος
482 2401 648 2437 μιμούμενος
673 2402 726 2429 ἀπὸ
747 2402 839 2438 βωμοῦ
858 2404 915 2436 τοῖς

129 2449 240 2483 Ἕλλησι
255 2448 428 2482 διαλέγεται,
451 2449 497 2474 καὶ
513 2447 631 2484 ποιητῶν
644 2448 762 2483 παράγει
773 2448 796 2463 ³⁸
812 2457 915 2484 μαρτυ-

129 2494 188 2528 ρίας
203 2494 243 2524 εί;
262 2494 346 2527 μέσον
357 2500 364 2508 ·
383 2492 430 2518 καὶ
456 2492 524 2527 μετὰ
542 2492 692 2527 περιτομῆς
710 2493 765 2524 τοῖς
782 2493 915 2525 Ἰουδαίοις

127 2539 286 2574 δημηγορεῖ,
302 2539 349 2565 καὶ
361 2538 415 2564 ἀπὸ
425 2538 525 2564 θυσιῶν
539 2538 606 2573 πρὺς
616 2538 678 2569 τοὺς
689 2538 717 2564 ἐν
728 2538 801 2573 νόμῳ
812 2537 915 2570 ζῶντας

126 2585 174 2619 τὴν
197 2586 286 2620 ἀρχὴν
313 2587 431 2611 ποιεῖται
454 2584 503 2619 τῆς
527 2584 707 2615 διδασκαλίας.
730 2584 837 2620 Ἐπειδὴ
861 2585 916 2621 γὰρ

127 2631 232 2665 ἑκάστῳ
245 2631 279 2657 τὰ
297 2630 399 2666 συνήθη
420 2630 494 2664 φίλα,
517 2630 564 2656 κα)⁸
579 2631 592 2656 ὁ
608 2629 673 2661 Θεὸς
687 2630 732 2656 καὶ
747 2630 770 2655 οἰ
786 2630 849 2665 παρ’
865 2630 914 2656 αὑ-

127 2675 172 2701 τοῦ
195 2675 366 2710 πεμφθέντες
387 2674 525 2710 ἄνθρωποι
545 2674 613 2709 πρὸς
624 2674 673 2709 τὴν
687 2674 736 2709 τῆς
755 2674 915 2709 οἰκουμένης

128 2720 262 2755 σωτηρίαν
286 2720 358 2747 οὕτω
381 2719 417 2747 τὰ
442 2719 592 2755 πράγματα
619 2719 846 2754 μεταχειρίζουσι.
868 2719 914 2754 Μὴ

128 2766 213 2792 τοίνυν
224 2766 334 2798 ἀνάξιον
350 2764 419 2792 εἶναι
434 2765 546 2801 νομίσῃς
562 2765 653 2797 αὐτοῦ,
662 2765 692 2791 τὸ
698 2765 730 2791 δι’
744 2765 857 2800 ἀστέρος
866 2765 915 2791 αύ-

128 2812 188 2843 τοὺς
212 2812 344 2839 καλέσαι·
370 2811 434 2838 ἐπεὶ
456 2811 528 2838 οὕτω
554 2811 599 2837 καὶ
622 2812 656 2837 τὰ
681 2810 811 2837 Ἰουδαϊκὰ
828 2810 915 2837 πάντα

975 209 1122 240 διαϐαλεῖς,
1136 208 1183 234 καὶ
1199 207 1247 239 τὰς
1260 207 1354 238 θυσίας
1365 227 1372 238 ,
1392 206 1439 233 καὶ
1455 207 1517 238 τοὺς
1529 206 1699 242 καθαρμοὺς,
1713 207 1760 233 καὶ

975 256 1024 286 τὰς
1034 254 1189 290 νεομηνίας,
1205 254 1253 280 καὶ
1269 253 1318 288 τὴν
1332 252 1447 279 κιϐωτὸν
1457 272 1465 284 ,
1479 252 1581 279 καὶτὸν
1592 252 1655 279 ναὸν
1666 252 1694 278 δὲ
1709 252 1759 278 αὑ-

975 301 1030 328 τόν.
1046 301 1100 328 Καὶ
1112 300 1167 336 γάρ
1189 299 1219 332 ἐξ
1238 299 1395 334 Ἑλληνικῆς
1410 298 1497 324 ταῦτα
1516 297 1669 333 παχύτητος
1681 298 1760 324 ἐλαϐε

976 347 1024 382 τὴν
1041 347 1138 382 ἀρχήν.
1148 346 1217 372 Ἀλλ’
1229 345 1304 380 ὅμως
1319 345 1333 370 6
1343 344 1407 376 Θεὸς
1419 343 1462 370 διὰ
1476 343 1524 379 τὴν
1539 344 1592 370 τῶν
1611 343 1760 379 πλανηθέν-

975 401 1029 418 των
1043 392 1177 427 σωτηρίαν
1191 391 1319 426 ὴνέσχετο
1329 390 1372 417 διά
1389 389 1715 425 τούτων-θεραπευθῆναι,
1727 389 1760 416 δι’

975 434 1011 464 ὧν
1027 439 1051 464 οἰ
1070 437 1168 469 ἔξωθεν
1181 436 1309 472 δαίμονας
1321 435 1496 470 ἐθεράπευον,
1511 435 1607 470 μικρὸν
1623 433 1760 470 παραλλά-

975 483 1023 516 ξας
1042 483 1130 510 αὑτά·
1151 483 1195 509 ἴνα
1217 483 1314 513 αὐτοὺς
1330 481 1400 507 κατὰ
1426 480 1523 516 μικρὸν
1544 480 1594 515 τῆς
1617 480 1759 515 συνηθείας

974 528 1137 560 ἀποσπάσας
1154 528 1200 553 ἐπὶ
1213 527 1263 562 τὴν
1281 526 1385 562 ὑψηλὴν
1397 527 1488 562 ἀγάγῃ
1501 526 1523 542 ³⁵
1539 525 1707 561 φιλοσοφίαν.
1727 525 1760 552 '0

972 574 1005 609 δὴ
1021 574 1067 600 καὶ
1083 573 1129 600 ἐπὶ
1145 573 1199 600 τῶν
1215 573 1309 608 μάγων
1321 572 1442 607 ἐποίησε,
1453 571 1487 598 δι’
1498 571 1586 606 ὂψεως
1598 570 1696 606 ἄστρου
1712 578 1760 596 κα.

972 619 1050 646 λέσαι
1068 619 1165 650 αὐτοὺς
1181 618 1381 653 ἀνασχόμενος,
1403 618 1446 644 ἵνα
1462 617 1555 643 λοιπὸν
1579 615 1760 651 ὑψηλοτέρους

971 669 1130 705 ἐργάσηται.
1149 668 1224 695 Ἐπεὶ
1243 666 1289 694 οὖν
1311 669 1398 704 ἤγαγε
1422 667 1469 694 κα]¹
1484 666 1696 703 ἐχειραγώγησε,
1710 666 1758 692 καὶ

971 715 1040 751 πρὸς
1053 715 1103 750 τὴν
1124 715 1227 749 φάτνην
1250 714 1373 750 ἔστησεν,
1391 714 1483 741 οὐκέτι
1503 713 1536 740 δι’
1559 713 1670 748 ἄστρου,
1689 711 1758 739 ἀλλὰ

970 760 1004 787 δι’
1020 760 1136 795 ἀγγέλου
1162 759 1255 786 λοιπὸν
1279 760 1371 791 αὐτοῖς
1396 758 1567 793 διαλέγεται,
1596 757 1667 785 οὕτω
1686 758 1756 784 κατὰ

971 805 1069 840 μικρὸν
1085 804 1205 840 βελτίους
1216 804 1348 838 ἐγένοντο.
1365 804 1451 830 Τοῦτο
1465 804 1512 830 καὶ
1529 804 1575 830 ἐπὶ
1588 803 1643 830 τῶν
1658 804 1756 829 Ἀσκα-

970 850 1088 877 λωνιτῶν
1110 850 1158 877 καί
1173 849 1298 882 Γαζαίων
1320 849 1443 885 ἐποίησε,
1464 849 1520 875 Καὶ
1541 848 1595 885 γὰρ
1625 849 1653 875 αί
1675 848 1756 875 πέντε

970 895 1060 927 πόλεις
1074 896 1192 927 ἐκεῖναι,
1213 895 1307 931 ἐπειδὴ
1327 894 1377 929 τῆς
1394 893 1511 921 κιϐωτοῦ
1533 893 1756 929 παραγενομένης

970 940 1128 976 ἐπλήγησαν
1151 939 1261 975 καιρίαν
1288 939 1406 975 πληγὴν,
1426 939 1474 966 καὶ
1497 938 1655 973 ἀπαλλαγὴν
1686 937 1757 964 οὐδε-

971 986 1034 1020 μίαν
1046 985 1172 1021 εὖρισκον
1187 984 1241 1011 τῶν
1254 985 1435 1020 ἐπικειμένων
1452 984 1556 1016 κακῶν,
1569 984 1632 1015 τοὺς
1643 983 1755 1018 μάντεις

968 1030 1141 1064 καλέσαντες,
1165 1031 1212 1057 καὶ
1231 1030 1378 1066 ἐκκλησίαν
1398 1030 1613 1065 συναγαγόντες,
1642 1024 1755 1064 ἐζήτουν

968 1075 1044 1103 λύσιν
1055 1076 1145 1112 εὑρεῖν
1158 1076 1208 1111 τῆς
1222 1076 1353 1112 θεηλάτου
1368 1076 1475 1112 πληγῆς
1491 1075 1608 1111 ἐκείνης.
1621 1073 1686 1101 Εἰτα
1701 1074 1755 1101 τῶν

969 1121 1092 1157 μάντεων
1105 1121 1161 1158 [91]
1178 1122 1319 1155 εἰπόντων,
1331 1122 1371 1148 ὅτι
1386 1121 1515 1157 δαμάλεις
1529 1121 1700 1155 ἀδαμάστους
1708 1120 1755 1147 καὶ

968 1168 1192 1204 πρωτοτοκούσας
1208 1167 1355 1200 ὑποζεῦξαι
1369 1168 1403 1203 τῇ
1422 1166 1530 1201 κιϐωτῷ
1548 1166 1612 1201 χρὴ,
1629 1165 1676 1192 καὶ
1688 1165 1754 1199 μηδ-

968 1214 1027 1246 ενὸς
1051 1213 1284 1250 χειραγωγοῦντος
1313 1214 1421 1248 ἀφεῖναι
1453 1212 1584 1248 βαδίζειν·
1608 1210 1679 1238 οὕτω
1699 1210 1754 1247 γὰρ

968 1260 1042 1288 ἔσται
1062 1260 1221 1296 κατάδηλον,
1240 1260 1295 1287 εῐτε
1318 1260 1447 1295 θεήλατος
1465 1256 1530 1294 ἦν’·
1546 1259 1562 1293 ἡ
1581 1257 1681 1293 πληγὴ,
1697 1257 1752 1283 εἴτε

966 1307 999 1333 ἐκ
1012 1306 1164 1342 περιφορᾶς
1183 1314 1256 1337 τινος
1278 1306 1295 1341 ἡ
1313 1305 1389 1337 νόσος
1407 1304 1455 1340 (ἂν
1469 1303 1517 1339 μὲν
1529 1302 1592 1338 γὰρ,
1608 1302 1685 1337 φησί,
1704 1302 1750 1328 τὸν

967 1351 1047 1387 ζυγδν
1063 1351 1116 1378 ὑπὸ
1136 1351 1186 1387 τῆς
1205 1351 1333 1387 ἀπειρίας
1360 1349 1579 1385 συντρίψωσιν,ἢ
1609 1349 1676 1384 πρὸς
1702 1348 1751 1380 τὰς

966 1397 1094 1433 δαμάλεις
1111 1397 1273 1432 μυκωμένας
1287 1395 1485 1432 ἐπιστραφῶσι,
1506 1393 1634 1429 συντυχία
1657 1394 1687 1420 τὺ
1705 1402 1752 1427 γε-

967 1441 1114 1477 γενημένον
1130 1442 1219 1468 ἐστίν·
1233 1441 1266 1468 ἂν
1280 1440 1308 1467 δὲ
1322 1440 1390 1476 ὀρθὰ
1404 1439 1540 1475 βαδίσωσι,
1554 1439 1602 1465 καὶ
1611 1438 1671 1464 οὒτε
1683 1438 1751 1473 πρὸς

966 1487 1011 1514 τὸν
1032 1487 1174 1523 μυκηθμὸν
1197 1487 1251 1514 τῶν
1268 1486 1382 1513 παιδίων
1398 1485 1549 1521 πάσχουσαι
1564 1494 1600 1517 τι,
1624 1484 1685 1511 οὗτε
1700 1484 1752 1511 ὑπὸ

966 1532 1015 1567 τῆς
1029 1532 1140 1566 ἀγνοίας
1153 1531 1202 1567 τῆς
1217 1530 1289 1557 κατὰ
1304 1532 1353 1566 τὴν
1365 1530 1434 1563 ὁδὸν,
1449 1529 1631 1565 πλανηθῶσιν,
1642 1529 1752 1565 εὔδηλον

966 1579 1006 1604 ὅτι
1022 1579 1038 1614 ἡ
1053 1577 1100 1604 τοῦ
1126 1578 1195 1604 Θεοῦ
1210 1577 1270 1613 χείρ
1291 1578 1364 1603 ἐστιν
1390 1578 1405 1611 ἡ
1437 1576 1565 1611 ἁψαμένη
1580 1575 1634 1602 τῶν
1649 1576 1752 1603 πόλεων

967 1624 1102 1659 τούτων)·
1120 1624 1182 1651 ἐπεὶ
1197 1622 1243 1650 οὖν
1268 1623 1354 1649 ταῦτα
1379 1622 1432 1648 τῶν
1464 1622 1586 1656 μάντεων
1612 1620 1751 1653 εἰπόντων,

966 1669 1132 1705 ἐπείσθησαν
1157 1670 1180 1696 οἱ
1201 1668 1250 1701 τὰς
1281 1668 1373 1699 πόλεις
1398 1667 1535 1698 οἰκοῦντες
1563 1666 1681 1698 ἐκείνας,
1705 1666 1753 1693 καὶ

967 1715 1097 1751 ἐποίησαν
1108 1715 1146 1746 ὡς
1163 1713 1361 1749 ἐκελεύσθησαν
1371 1733 1378 1745 ,
1395 1713 1441 1740 καὶ
1456 1713 1471 1739 6
1487 1712 1553 1743 Θεὸς
1566 1713 1601 1747 τῇ
1616 1712 1671 1738 τῶν
1685 1712 1753 1747 μάν-

966 1771 1034 1788 τεων
1049 1761 1215 1797 ἠκολούθησε
1231 1760 1337 1796 γνώμη,
1356 1758 1580 1793 συγκαταϐαίνων
1594 1758 1673 1784 πάλιν
1684 1776 1691 1788 ,
1707 1757 1753 1783 καὶ

966 1807 1016 1834 οὐκ
1029 1807 1152 1842 ἐνόμισεν
1168 1805 1275 1838 ἀνάξιον
1290 1803 1360 1832 εῖναι
1375 1804 1458 1832 αὑτοῦ
1481 1804 1535 1831 τῶν
1559 1803 1680 1838 μάντεων
1704 1802 1753 1837 τὴν

967 1853 1117 1888 πρόρρησιν
1132 1852 1172 1884 είς
1183 1852 1262 1889 ἔργον
1274 1851 1428 1885 ἐξαγαγεῖν,
1448 1850 1495 1877 καὶ
1510 1849 1622 1883 ποιῆσαι
1642 1849 1752 1880 πιστοὺς

967 1897 1036 1925 εἶναι
1055 1899 1153 1931 δοκεῖν,
1173 1899 1202 1924 ἐν
1225 1894 1265 1930 οἷς
1283 1897 1343 1924 τότε
1358 1896 1495 1931 εἰρήκασι.
1515 1895 1571 1921 Καὶ
1587 1894 1641 1929 γὰρ
1660 1893 1752 1929 μεῖζον
1773 1919 1776 1923 ,

966 1943 996 1970 τὺ
1023 1943 1237 1979 κατορθούμενον
1260 1940 1303 1978 ἧν,
1318 1941 1357 1977 τῷ
1371 1941 1393 1957 ³⁷
1415 1941 1461 1967 καὶ
1477 1939 1575 1971 αὐτοὺς
1593 1940 1656 1971 τοὺς
1676 1939 1752 1965 ἐναν-

966 1989 1040 2021 τίους
1057 1988 1229 2024 μαρτυρῆσαι
1242 1989 1275 2023 τῇ
1293 1987 1340 2014 τοῦ
1352 1986 1419 2013 Θεοῦ
1429 1986 1552 2021 δυνάμει,
1564 1987 1611 2013 καὶ
1628 1986 1677 2020 τὴν
1688 1985 1754 2020 περ)⁸

967 2034 1049 2062 αὐτοῦ
1074 2034 1164 2068 ψῆφον
1193 2033 1255 2064 τοὺς
1273 2032 1362 2059 αὐτῶν
1393 2031 1568 2063 διδασκάλους
1592 2031 1753 2064 ἐξενεγκεῖν.

967 2081 1023 2108 Καὶ
1037 2080 1119 2116 ἕτερα
1134 2080 1162 2106 δὲ
1177 2079 1262 2106 πολλὰ
1276 2079 1386 2105 τοιαῦτα
1402 2078 1452 2105 ἴδοι
1465 2087 1507 2110 τις
1516 2077 1548 2105 ἂν
1562 2077 1753 2113 οἰκονομοῦντα

967 2126 1012 2154 τὸν
1026 2127 1101 2153 Θεόν.
1124 2126 1180 2152 Καὶ
1193 2125 1247 2161 γὰρ
1271 2125 1318 2152 καὶ
1336 2125 1367 2151 τὸ
1392 2124 1437 2151 ἐπὶ
1458 2123 1508 2159 τῆς
1532 2122 1753 2159 ἐγγαστριμύθου

967 2173 1054 2208 τούτῳ
1080 2172 1223 2206 προσέοικε
1248 2172 1297 2206 τῆς
1323 2170 1476 2206 οἰκονομίας
1497 2169 1536 2205 τῷ
1549 2169 1655 2205 τρόπῳ,
1672 2168 1686 2194 ὃ
1706 2167 1753 2195 καί

968 2220 1046 2253 ὑμεῖς
1058 2218 1148 2245 λοιπὸν
1163 2217 1217 2244 ἀπὸ
1232 2217 1286 2244 τῶν
1299 2217 1449 2253 εἰρημένων
1460 2215 1584 2243 ἐπιλῦσαι
1594 2214 1751 2250 δυνήσεσθε.

966 2271 1019 2297 Τοῦ
1034 2270 1083 2305 μὲν
1107 2267 1153 2295 οὖν
1180 2268 1294 2303 ἀστέρος
1307 2267 1399 2293 ἕνεκεν
1420 2266 1495 2301 παρὰ
1512 2266 1561 2300 μὲν
1576 2266 1654 2301 ἡμῶν
1666 2265 1753 2292 ταῦτα

966 2316 1083 2352 εἴρηται,
1098 2314 1173 2349 παρὰ
1188 2314 1217 2340 δὲ
1227 2313 1304 2348 ὑμῶν
1318 2312 1365 2338 καὶ
1383 2311 1492 2338 πλείονα
1507 2311 1635 2346 λεχθῆναι
1652 2311 1752 2337 δύναιτ’

966 2362 1014 2389 ἄν·
1033 2361 1120 2388 Δίὸου
1136 2360 1201 2395 γὰρ,
1223 2359 1301 2395 φησὶ,
1317 2357 1402 2393 σοφῷ
1424 2357 1575 2393 ἀφορμὴν,
1593 2357 1642 2384 καὶ
1655 2358 1753 2392 σοφώ-

966 2417 1050 2442 τερος
1059 2407 1154 2434 ἔσται.

1001 2453 1033 2482 δ’.
1042 2454 1087 2479 Δεῖ
1094 2453 1122 2479 δὲ
1137 2452 1229 2479 λοιπὸν
1240 2451 1287 2477 ἐπὶ
1297 2450 1347 2485 τὴν
1361 2449 1449 2485 ἀρχὴν
1458 2449 1510 2475 τῶν
1526 2448 1753 2483 ἀναγνωσθέντων

967 2500 1064 2526 ἐλθεῖν.
1081 2498 1129 2530 Τίς
1145 2497 1174 2524 δέ
1186 2498 1203 2532 ή
1218 2497 1289 2532 ἀρχή
1300 2504 1308 2528 ;
1321 2495 1379 2522 Τοῦ
1392 2494 1426 2521 δὲ
1445 2494 1545 2528 Ἰησοῦ
1557 2495 1753 2528 γεννηθέντος

967 2546 1001 2573 ἐν
1015 2545 1152 2579 Βηθλεὲμ
1174 2543 1230 2577 τῆς
1248 2542 1405 2574 Ἰουδαίας,
1425 2542 1460 2567 ἐν
1480 2540 1604 2575 ἡμέραις
1622 2540 1750 2574 Ἡρώδου

967 2591 1021 2619 τοῦ
1032 2590 1193 2624 βασιλέως,
1209 2589 1273 2616 ὶδοὺ
1286 2587 1375 2622 μάγοι
1390 2586 1450 2614 ἀπὸ
1472 2585 1628 2613 ἀνατολῶν
1647 2587 1752 2620 ἔρχον-

967 2645 1014 2664 ται
1025 2638 1069 2669 είς
1089 2635 1293 2670 Ἰεροσόλυμα.
1308 2633 1398 2667 Μάγοι
1414 2632 1463 2667 μὲν
1474 2631 1589 2667 ἀστέρος
1604 2631 1753 2666 κατάρχον-

968 2690 1012 2713 τος
1021 2680 1215 2715 ἠκολούθησαψ
1226 2675 1297 2705 οῦτοι
1308 2678 1337 2704 δὲ
1348 2677 1408 2704 οὐδὲ
1421 2676 1568 2713 προφητῶν
1587 2677 1753 2711 ἐνηχούντων

967 2726 1140 2753 ἐπίστευσαν.
1156 2724 1233 2755 Τίνος
1245 2724 1274 2749 δέ
1285 2723 1307 2738 ³⁸
1323 2722 1415 2748 ἐνεκεν
1437 2723 1502 2757 ἡμῖν
1526 2721 1573 2748 καὶ
1590 2721 1634 2748 τὸν
1659 2721 1753 2756 χρόνον

968 2769 1053 2803 λέγει,
1078 2770 1125 2795 καὶ
1142 2768 1188 2795 τὸν
1202 2768 1294 2800 τόπον,
1311 2766 1363 2794 Ἔν
1376 2766 1510 2801 Βηθλεὲμ
1528 2766 1624 2799 εἰπὼν,
1639 2767 1685 2793 καὶ
1702 2766 1754 2792 Ἐν

968 2813 1033 2846 ταῖς
1060 2814 1182 2849 ἡμέραις
1202 2812 1331 2845 Ἡρώδου
1356 2811 1410 2838 τοῦ
1436 2811 1607 2844 βασιλέως;
1632 2811 1703 2843 τινος
1725 2811 1752 2837 δὲ

163 2915 186 2932 ³³
205 2916 400 2968 ἐκκελίυμένης
418 2913 451 2940 Ι).
517 2912 688 2948 ἐκκεχυμένη
708 2912 736 2940 F.
761 2913 812 2939 An.
829 2913 918 2940 Emam:

163 2960 190 2968 ιιυ
203 2951 223 2968 In”
285 2954 296 2967 ο
310 2948 449 2968 ..ι-Μίνωι
465 2949 523 2968 ἦνιν
542 2948 597 2968 llm-
627 2948 679 2968 Run
711 2949 792 2968 nnulu
810 2955 867 2968 ιιηςι
887 2949 918 2968 ER-

968 2920 998 2940 ιι.
1016 2913 1047 2940 Β.
1099 2913 1122 2928 ³³
1137 2912 1198 2939 Vid.
1214 2912 1306 2939 uant.
1329 2912 1475 2946 ἀπολογίας
1486 2909 1628 2968 ἀφορμὴν]
1646 2910 1749 2937 ἀπολο-

968 2948 1052 2968 ι-νῆηςι
1068 2948 1095 2968 Δ,
1111 2947 1130 2968 R
1157 2949 1175 2968 l‘.
1204 2947 1223 2968 Ι)
1272 2948 1294 2963 ³³
1304 2947 1429 2968 (Hum/(Evn
1445 2946 1475 2968 ΠΔ
1493 2947 1524 2968 lC.
1558 2946 1617 2968 nfra
1640 2945 1749 2968 Ἐπειδὴ

130 2951 190 2984 γὶσν
203 2951 233 2978 Ι·².

310 2946 608 2991 Ῐιξαρά.γει]άγει¹ξίοιίΖ
625 2946 692 2975 Ben}
711 2949 792 2991 pium}
810 2955 869 2982 post
887 2948 1052 2991 ἐδημηγόρει
1110 2947 1233 2991 Ruﬁn.
1259 2948 1295 2991 .δῖ
1304 2946 1476 2991 άξὶαγέγηῑῐ).

1558 2945 1626 2981 nfga‘
1640 2945 1750 2981 Ἐπειδὴ

128 2974 191 3020 γοῦν
205 2974 235 3014 F‘.
276 2987 300 3003 “
314 2974 424 3022 ﬁvrmil.
489 2974 518 3010 Β.
532 2974 740 3018 [ε’ξπάσκουσοῖι]
757 2974 882 3018 πάσξιωσι
897 2984 917 3011 Ε

968 2974 1098 3013 Ξιὶιώσιιε.
1138 2974 1448 3018 ιττῴ]τάΑ.Β.ὐίΕ.
1488 2974 1749 3017 ιδδέ]οὖνΑ.ις.ο;
