2056 3130
154 149 188 175 67
742 157 776 184 IN
795 156 999 185 MATTII/EUM
1019 158 1132 186 l|0.\llL.
1152 160 1194 186 Vl.
1754 165 1790 192 ὃὸ

156 217 189 236 ne
202 207 340 243 prophetis
351 209 465 244 quidem
476 208 694 236 annnntiantibus
705 208 882 236 crediderunt.
899 210 952 236 Cur

154 259 238 281 autem
253 253 334 281 nobis
354 259 384 282 et
406 260 510 290 tempus
528 254 593 281 dicit
608 259 636 281 et
649 254 754 287 locum,
770 255 832 282 dttm
847 256 901 288 ait,
919 255 952 282 In

155 299 296 328 Bethlcltem
306 320 315 332 ,
331 304 362 326 et
372 321 381 332 ,
398 300 432 328 In
441 300 530 327 diebus
547 299 657 326 Herodis
672 300 757 334 regis?
774 308 824 335 qua
840 308 904 327 vero
918 300 952 328 de

153 354 229 375 eausa
245 345 411 381 dignitatem
435 347 517 374 etiam
537 345 826 382 addidit?Dignitatem
841 345 952 380 quidem

153 393 266 424 addidit,
281 392 417 426 quoniam
435 396 463 420 et
481 391 548 419 alius
563 391 611 418 fuit
629 391 747 418 llerodes
759 391 804 426 qui
824 390 953 419 Joannem

152 437 264 469 occtdit;
281 437 333 465 sed
350 437 399 465 hic
413 438 563 469 tetrarcha,
579 437 624 465 ille
637 445 683 464 rex
699 441 765 464 erat.
788 437 886 465 Locum
907 446 953 465 att-

155 490 206 511 tem
218 483 316 511 scribit
329 489 360 512 et
375 489 482 519 tempus
500 483 564 512 dum
583 483 736 519 prophetias
755 483 831 511 nobis
850 489 954 513 veteres

151 522 370 564 commemorat,
394 539 508 566 quarum
528 531 640 558 alteram
660 530 782 558 Micliatas
805 531 894 558 emisit
913 531 955 558 his

151 577 260 603 verbis:
274 576 310 603 Et
324 582 356 604 tu
371 577 518 604 Belide/tem
535 581 602 604 terra
621 577 710 609 Juda,
729 585 886 612 nequaquam
907 577 956 604 mi~

149 623 218 649 νήπια
229 630 259 649 es
271 622 300 648 in
321 623 484 658 principibus
495 622 564 649 Juda
580 623 673 658 (Mich.
687 623 713 650 5.
725 623 769 658 2);
783 623 894 650 alteram
909 630 956 658 pa-

151 668 266 695 triarcha
277 669 370 697 Jacob
380 690 387 700 .
402 670 448 705 qui
462 669 537 697 nobis
549 674 653 703 tempus
664 669 803 704 exprimit,
817 677 956 704 magnum-

150 723 202 750 que
225 715 339 750 signum
360 717 493 743 adventus
511 716 569 750 ejus
591 716 718 751 apponit;
741 723 802 743 nam
822 716 878 743 ait:
894 716 956 744 Non

148 764 282 797 auferetur
313 763 435 797 princeps
459 763 490 789 de
512 761 598 794 Iuda,
619 770 664 788 nec
689 762 743 788 dua:
767 762 799 789 de
821 762 956 797 femoribus

150 809 207 843 ejus
222 829 229 840 ,
259 808 348 835 donec
373 809 456 835 veniat
478 808 519 834 cui
542 808 680 843 repositum
704 813 741 834 est
759 816 769 835 :
790 813 813 835 et
838 809 892 843 ipse
914 816 957 835 eat.

152 854 278 888 spectatio
296 855 416 889 gentium
435 853 511 889 (Gen.
533 853 578 881 49.
595 853 657 888 10).
679 852 731 881 Sed
755 853 819 880 illud
846 861 953 889 quoque

152 899 353 934 inquirendum
374 904 432 933 est,
455 907 514 934 quae
535 906 615 927 causa
635 899 701 934 ipsis
723 899 801 927 fuerit
823 900 885 926 talia
905 906 953 927 co-

151 945 275 980 gitandi,
304 953 336 975 et
361 948 420 982 quis
442 947 502 974 illos
521 948 553 974 ad
575 948 635 974 talia
652 947 754 982 agenda
773 948 958 974 concitaverit.

154 991 249 1026 Neque
270 992 351 1019 enim
372 993 437 1019 mihi
459 993 565 1020 videtur
585 993 642 1020 lure
659 1000 737 1027 posse
750 993 783 1019 ad
798 992 881 1019 solani
896 992 959 1019 stel-

155 1039 210 1066 lam
226 1038 349 1072 referri;
365 1039 412 1066 sed
424 1039 458 1066 ad
474 1039 558 1066 Deum
572 1040 615 1074 qui
630 1047 722 1067 eorum
743 1039 848 1066 animos
867 1038 959 1065 conci-

156 1085 223 1112 tavit
235 1095 242 1112 :
255 1085 282 1112 id
297 1086 373 1121 quod
383 1086 463 1113 etiam
480 1086 506 1113 in
516 1085 587 1121 Cyro
602 1086 664 1113 fecit
673 1107 680 1118 ,
696 1093 757 1113 cum
769 1085 827 1120 ejus
839 1086 958 1113 animum

156 1131 282 1164 induxit,
308 1137 341 1159 ut
354 1131 461 1160 Judaeos
481 1132 628 1160 dimitteret
650 1131 753 1167 (Paral.
780 1132 844 1167 56);
871 1138 959 1166 neque

158 1181 250 1204 tamen
275 1177 344 1205 illud
360 1178 395 1205 ita
418 1183 545 1212 operatus
565 1183 615 1211 est,
631 1182 660 1205 ut
674 1178 785 1205 liberum
808 1177 866 1212 ejus
885 1177 958 1204 arbi-

157 1223 239 1250 trium
250 1223 382 1251 tolleret:
398 1223 610 1258 quandoquidem
621 1228 650 1251 et
663 1231 723 1251 cum
734 1223 844 1251 Paulum
858 1231 890 1251 ex
904 1223 958 1251 alto

160 1269 271 1296 vocavit
281 1290 289 1302 ,
303 1274 330 1297 et
340 1270 455 1304 gratiam
469 1277 545 1297 suam
561 1274 588 1297 et
604 1270 663 1305 ejus
679 1269 880 1304 obsequentiam
895 1276 959 1297 con-

157 1314 284 1348 spicuam
299 1315 389 1342 effecit
400 1315 470 1352 (Act.
490 1315 530 1350 9).
555 1316 588 1342 At
601 1316 704 1351 inquies
714 1336 722 1347 ,
736 1315 791 1343 Cur
802 1323 855 1343 non
869 1315 957 1343 omni-

158 1360 209 1387 bus
234 1361 326 1396 magis
352 1361 404 1389 hoc
427 1361 514 1396 ipsum
537 1362 684 1390 revelavit?
704 1362 770 1396 Quia
791 1370 844 1390 non
863 1370 957 1391 omnes

157 1407 293 1435 credituri
306 1412 383 1435 erant
392 1428 399 1441 ,
416 1407 442 1435 hi
453 1415 517 1436 vero
530 1412 607 1435 erant
620 1408 680 1435 aliis
694 1408 859 1443 paratiores:
871 1407 957 1443 siqui-

159 1451 222 1479 dem
242 1460 306 1480 cum
326 1453 474 1480 innumerae
493 1457 588 1488 gentes
609 1453 744 1489 perirent,
769 1453 803 1480 ad
827 1453 957 1481 Ninivitas

158 1498 249 1524 solum
270 1498 401 1533 propheta
425 1498 523 1526 missus
543 1503 604 1526 est:
620 1499 725 1534 duoque
737 1503 813 1526 erant
831 1499 857 1526 in
877 1506 958 1527 cruce

162 1542 304 1577 latrones,
318 1548 346 1571 et
357 1543 425 1571 alter
440 1549 543 1572 tantum
557 1545 669 1572 salutem
684 1549 778 1573 nactus
787 1549 839 1573 est.
855 1545 956 1573 Horum

160 1590 254 1625 itaque
276 1591 403 1618 virtutem
427 1591 580 1626 perpende;
601 1600 655 1619 non
667 1592 737 1627 quod
752 1593 887 1624 venerint,
908 1592 957 1630 sed

159 1636 233 1670 quod
248 1643 311 1663 eum
333 1636 428 1664 ﬁducia
443 1641 471 1664 et
481 1637 639 1672 simpliciter
660 1638 772 1673 egerint.
795 1638 902 1666 Etenim
923 1645 957 1666 ne

163 1682 278 1710 subdole
300 1683 374 1710 missi
398 1683 555 1718 videantur,
577 1688 604 1712 et
617 1692 671 1719 quo
685 1684 752 1712 duce
773 1685 909 1717 venerint,
929 1689 958 1712 et

162 1729 212 1755 via:
232 1729 429 1764 longitudinem
445 1734 574 1764 narrant,
593 1735 621 1757 et
634 1730 760 1765 loquendi
775 1730 897 1758 ﬁduciam
910 1738 958 1758 ex-

162 1773 275 1802 hibent:
290 1782 352 1802 nam
367 1775 452 1809 aiunt,
472 1775 592 1802 Venimus
606 1775 712 1802 adorare
723 1784 797 1807 eum;
809 1783 896 1811 neque
909 1784 957 1811 po-

162 1821 215 1855 puli
229 1821 367 1854 furorem,
385 1829 472 1856 neque
485 1822 555 1857 regis
573 1821 739 1857 tyrannidem
760 1821 954 1850 reformidant:

162 1871 325 1902 quapropter
337 1867 462 1894 videntur
476 1867 540 1895 mihi
552 1868 631 1895 etiam
645 1868 832 1896 contribulium
846 1876 957 1896 suorum

162 1912 285 1940 doctores
299 1913 371 1940 domi
388 1913 480 1941 fuisse.
495 1913 561 1940 Nam
576 1913 621 1948 qui
641 1914 701 1941 istic
716 1914 779 1941 illud
794 1914 885 1942 dicere
901 1922 956 1942 non

162 1959 335 1991 dubitarunt,
358 1959 444 1986 multo
461 1959 545 1994 magis
559 1959 586 1986 in
600 1959 685 1994 patria
704 1967 752 1987 sua
771 1967 802 1987 ea
817 1959 851 1987 de
867 1967 896 1987 re
913 1960 955 1987 lo~

163 2004 237 2039 qunti
259 2004 344 2032 libere
366 2004 480 2038 fuerint,
503 2005 602 2040 quippe
618 2005 662 2040 qui
677 2009 706 2032 et
717 2005 855 2032 oraculum
869 2005 956 2041 angeli

166 2050 353 2084 accepissent,
369 2054 397 2077 et
418 2050 556 2085 propheta:
579 2051 761 2078 testimonium
784 2051 903 2079 allatum.
926 2051 953 2078 5.

162 2095 273 2122 Audiens
287 2100 373 2122 autem
390 2095 522 2130 Herodes,
545 2097 599 2130 ait,
622 2096 737 2127 turbatus
757 2101 808 2129 est,
831 2101 853 2124 et
873 2098 955 2125 omnis

162 2141 321 2177 Jerasolyma
341 2150 398 2169 cum
417 2143 472 2169 illo.
491 2142 555 2170 Jure
573 2142 679 2178 quidem
695 2143 832 2177 llerodes,
847 2144 892 2178 qui
907 2151 953 2171 rex

163 2192 236 2219 erat,
251 2188 302 2215 sibi
319 2188 434 2223 ﬁliisque
449 2189 578 2216 timebat:
593 2189 759 2224 .lerosolyma
783 2197 848 2217 vero
871 2198 954 2224 quare

162 2236 264 2262 turbata
278 2240 321 2263 est
332 2255 340 2266 ,
364 2235 578 2270 quandoquidem
591 2236 679 2270 ipsum
688 2240 716 2263 et
727 2241 891 2264 servatorem
901 2255 911 2270 ,
924 2243 953 2264 et

162 2280 308 2308 beneﬁcum
320 2301 329 2313 ,
348 2285 376 2308 et
388 2280 559 2308 liberatorem
572 2280 627 2315 jam
648 2281 712 2308 olim
730 2281 868 2316 propheta:
880 2289 950 2317 pne-

161 2326 301 2353 dixcrant?
313 2325 367 2353 Cur
381 2333 446 2361 ergo
459 2326 555 2353 turbati
569 2327 652 2354 sunt?
671 2326 773 2354 Eodem
792 2327 883 2354 animo
898 2335 951 2362 quo

160 2373 224 2400 olitn
247 2373 398 2400 beneficum
422 2374 503 2401 Deum
523 2374 727 2407 aversabantur,
741 2379 769 2402 et
782 2381 877 2402 carnes
891 2375 950 2403 illas

162 2418 331 2454 Egyptiacas
352 2420 611 2453 commemorabam,
633 2420 697 2447 dum
714 2425 785 2448 tanta
799 2421 951 2449 fruerentur

162 2465 293 2493 libertate.
308 2466 349 2493 Tu
362 2473 426 2493 vero
442 2465 507 2493 mihi
520 2466 655 2501 perpende
669 2471 794 2494 accurata
807 2468 949 2502 propheta-

161 2519 218 2538 rum
238 2511 318 2538 dicta.
341 2511 409 2538 Nam
429 2511 493 2539 illud
513 2512 599 2546 ipsum
615 2513 668 2547 jam
685 2513 750 2540 olim
764 2514 950 2548 praenuntiavit

162 2557 289 2592 propheta
309 2558 350 2585 his
371 2557 479 2585 verbis:
493 2557 599 2593 Cupient
614 2558 635 2585 si
652 2559 713 2593 facti
728 2563 786 2586 sunt
808 2560 866 2595 igne
882 2568 951 2587 com-

161 2603 225 2630 busti
236 2612 246 2630 :
257 2604 318 2638 quia
329 2611 393 2638 puer
409 2609 483 2630 natus
495 2609 531 2631 est
541 2604 629 2636 nobis,
646 2609 670 2630 et
679 2604 747 2639 ﬁlius
764 2605 838 2632 datus
852 2611 889 2632 est
902 2613 951 2632 no-

162 2650 199 2676 bis
213 2650 290 2685 (Isai.
309 2649 336 2678 9.
357 2650 384 2677 5.
406 2650 446 2685 6).
469 2651 593 2677 Attamen
609 2650 770 2685 perturbati,
785 2659 839 2678 non
853 2655 950 2679 curant

162 2695 251 2723 videre
263 2695 336 2730 quod
350 2700 456 2731 gestum
470 2700 527 2730 est,
549 2703 601 2723 non
615 2703 706 2731 magos
720 2702 878 2731 sequuntur,
898 2704 951 2726 non

162 2742 348 2774 sciscitantur;
366 2741 403 2769 ita
415 2742 541 2769 nimirum
556 2742 715 2770 eontentiosi
728 2746 755 2769 et
767 2743 846 2770 simul
859 2751 951 2770 socor-

163 2787 209 2815 des
230 2795 285 2822 pra:
308 2788 435 2815 omnibus
454 2792 546 2819 erant;
568 2795 629 2815 cum
647 2796 694 2823 par
707 2788 801 2817 fuisset
812 2789 883 2817 enim
896 2790 952 2824 glo-

162 2833 237 2867 riari,
253 2834 326 2872 quod
347 2841 395 2862 rex
408 2833 454 2862 ille
468 2833 537 2870 apud
550 2841 580 2862 se
597 2839 675 2863 natus
688 2839 759 2863 esset
768 2855 777 2868 ,_
797 2835 867 2870 quod
884 2835 949 2866 Per-

1005 217 1093 237 sarum
1110 212 1244 246 regionent
1260 213 1292 239 ad
1306 221 1335 241 se
1351 215 1474 243 traxis<et
1485 236 1491 248 ,
1506 223 1537 244 ac
1548 218 1604 245 fore
1619 219 1754 247 videretur
1766 227 1794 249 ut

1004 264 1098 284 omnes
1117 257 1166 284 sibi
1188 258 1287 285 subditi
1308 265 1415 293 essent,
1438 261 1545 295 quando
1559 270 1603 290 res
1615 264 1654 290 sic
1667 272 1795 300 prospere

1004 302 1131 331 caderent
1144 308 1172 330 et
1183 304 1209 331 in
1222 305 1316 332 melius
1335 306 1510 341 proﬁcerent,
1532 316 1563 336 ac
1583 310 1622 336 vel
1636 318 1650 336 a
1663 311 1794 346 principio

1004 348 1144 383 imperium
1169 349 1204 376 ita
1225 350 1393 385 splendidum
1417 357 1488 381 esset
1505 363 1511 380 :
1526 354 1562 381 illi
1588 360 1678 383 tamen
1701 365 1735 385 ne
1755 358 1794 385 sic

1005 394 1114 428 quidem
1136 395 1162 421 in
1183 396 1294 423 meliora
1309 402 1454 432 mutantur,
1472 400 1574 427 etiamsi
1590 408 1674 436 nuper
1690 401 1795 431 fuerant

1006 411 1114 428 ιιυιυιιιι
1137 411 1162 421 ιιι
1183 411 1294 423 ιιιυιιυιιι
1309 411 1454 432 mutantur,
1472 411 1574 427 etiamst
1590 411 1674 436 nuper
1690 411 1795 431 merant

1006 447 1020 464 a
1034 440 1187 473 captivitate
1206 441 1310 470 Persica
1332 443 1445 471 liberati.
1464 445 1543 480 Atqui
1565 453 1612 480 par
1637 452 1693 474 erat
1714 411 1824 514 illos.[

1006 485 1107 512 etiamsi
1129 493 1287 514 arcanorum
1302 492 1330 514 et
1343 489 1496 514 sublimium
1519 491 1601 514 ignari
1625 492 1732 514 Γιιίεειιηι
1766 500 1792 514 οι

1002 485 1107 512 etiamsi
1129 493 1287 514 arcanorum
1302 492 1330 515 et
1343 489 1496 518 sublimium
1518 491 1603 527 ignari
1623 492 1753 527 fuissent,
1766 500 1794 523 et

1002 537 1033 557 ex
1054 532 1235 565 praesentibus
1256 537 1358 561 tantum
1382 535 1512 564 calculutn
1541 538 1707 572 posuissent,
1731 541 1790 568 haec
1812 520 1820 574 fi

1001 576 1116 610 cogitare
1130 582 1236 605 tamen:
1257 579 1284 607 Si
1301 585 1390 608 natum
1405 589 1493 617 regem
1513 589 1632 611 nostrum
1646 585 1682 612 ita
1698 585 1791 614 formi-

1001 621 1081 656 dant,
1104 624 1189 652 multo
1203 626 1287 660 magis
1301 634 1362 654 cum
1381 616 1529 657 adoleverit
1552 631 1638 666 ipsum
1661 633 1792 667 pertime-
1819 616 1823 626 .

1000 674 1094 702 scent,
1118 671 1221 706 ipsique
1245 673 1451 709 obsequemur:
1473 681 1617 713 nostraque
1643 678 1791 708 barbaricis

999 717 1179 751 splendidiora
1201 719 1288 746 futura
1303 725 1376 747 sunt.
1392 721 1446 749 Sed
1467 722 1533 750 nihil
1549 723 1701 759 hujusmodi
1718 725 1790 761 ipso-

999 770 1057 789 rqu
1077 764 1181 790 animos
1193 765 1270 800 erigit
1283 774 1289 791 :
1303 770 1375 794 tanta
1395 768 1496 796 scilicet
1508 773 1566 805 erat
1579 770 1684 798 illorttm
1698 779 1790 801 socor-

999 809 1042 836 dia
1064 818 1124 836 cum
1148 809 1233 838 livore
1255 813 1397 847 conjuncta
1414 823 1421 829 ·
1436 815 1506 850 quod
1531 820 1674 853 utrumque
1697 819 1788 847 vitium

999 868 1050 888 nos
1068 865 1178 896 Oportet
1192 861 1339 897 diligenter
1354 871 1460 897 arcere,
1475 872 1606 901 eumque,
1623 868 1671 902 qui
1691 868 1790 896 adver-

1001 914 1049 934 sus
1075 907 1127 935 ista
1150 908 1239 935 aciem
1263 908 1382 937 instruet
1404 910 1467 946 igne
1495 911 1694 941 ferventiorem
1718 922 1790 943 esse.

1000 952 1183 987 Quamobrem
1210 954 1320 983 dicebat.
1343 955 1494 984 Christus:
1519 958 1611 993 Ignem
1641 961 1700 987 veni
1730 962 1792 988 mit-

1001 1004 1056 1027 tere
1083 1001 1111 1027 in
1139 1005 1262 1034 terram;
1286 1006 1311 1028 et
1337 1002 1400 1037 quid
1425 1003 1493 1037 vola,
1520 1005 1570 1032 nisi
1601 1010 1631 1032 ut
1661 1008 1791 1035 accenda-

1002 1050 1046 1072 tur
1064 1045 1145 1081 (Luc.
1167 1046 1210 1074 12.
1230 1047 1299 1082 49)¹ἰ
1316 1048 1435 1084 [deoque
1460 1049 1580 1085 Spiritus
1603 1051 1676 1087 ignis
1699 1053 1793 1088 specie

1002 1094 1141 1128 apparuit.

1040 1179 1067 1206 5.
1087 1178 1224 1206 Fervorem
1246 1178 1403 1206 audientium
1426 1178 1518 1206 excitat
1537 1178 1651 1214 exemplo
1675 1177 1754 1205 Pauli
1774 1183 1798 1205 et

1005 1225 1145 1255 primorum
1165 1225 1286 1259 ﬁdelium.
1309 1225 1382 1261 Ignis
1400 1226 1540 1259 spiritualie
1561 1233 1659 1252 onmem
1673 1225 1798 1260 cupidita-

1005 1275 1054 1298 tem
1074 1271 1209 1298 consumit.
1224 1286 1260 1291 —
1274 1271 1371 1299 Verum
1392 1278 1441 1298 nos
1465 1271 1557 1298 cinere
1582 1270 1749 1306 frigidiores,
1770 1274 1798 1298 et

1008 1318 1121 1344 mortuis
1133 1317 1294 1352 stupidiores
1307 1316 1368 1344 facti
1383 1323 1493 1350 sumus,
1509 1317 1572 1344 licet
1587 1316 1697 1343 Paulum
1711 1315 1797 1343 videa-

1005 1371 1065 1391 mus
1077 1370 1158 1398 super
1172 1363 1267 1391 catlum
1279 1368 1306 1391 et
1317 1363 1414 1390 cznlum
1432 1363 1490 1390 caeli
1516 1363 1663 1396 volantem,
1676 1367 1704 1389 et
1718 1362 1798 1389 vehe-

1005 1409 1119 1436 tnentius
1133 1416 1214 1445 quam
1233 1409 1290 1444 ipsa
1310 1408 1417 1436 ﬂamma
1434 1409 1525 1435 omnia
1544 1408 1694 1435 vincentem
1710 1412 1738 1435 et
1751 1415 1798 1434 su-

1005 1459 1142 1490 perantem
1153 1476 1161 1489 ,
1176 1462 1291 1490 superna
1302 1475 1310 1489 ,
1328 1454 1450 1487 inferna;
1465 1455 1608 1490 praesentia
1620 1475 1627 1487 ,
1644 1454 1747 1486 futura,
1764 1461 1796 1481 ea

1004 1508 1063 1535 qua:
1075 1505 1138 1528 sunt
1151 1505 1179 1528 et
1188 1508 1219 1528 ea
1230 1508 1289 1536 quae
1303 1507 1356 1527 non
1369 1504 1441 1527 sunt.
1456 1499 1531 1533 Quod
1545 1500 1567 1527 si
1582 1499 1632 1526 hoc
1644 1499 1796 1533 exemplum

1006 1553 1087 1581 supra
1103 1550 1129 1574 te
1147 1550 1206 1579 est,
1227 1546 1284 1581 jam
1304 1545 1418 1580 torporis
1439 1549 1481 1572 est
1500 1546 1551 1573 iste
1571 1545 1705 1572 obtentus.
1728 1544 1796 1578 Quid

1005 1591 1077 1618 enim
1090 1591 1149 1626 plus
1161 1599 1240 1626 quam
1255 1595 1283 1618 tu
1295 1591 1387 1618 habuit
1398 1591 1507 1624 Paulus,
1520 1595 1549 1617 ut
1561 1590 1635 1617 dicas
1648 1597 1701 1616 non
1717 1589 1797 1625 posse

1008 1641 1035 1664 te
1048 1636 1124 1664 illum
1135 1637 1251 1664 imitari?
1265 1636 1364 1664 Verum
1377 1644 1411 1664 ne
1424 1636 1486 1671 quid
1501 1636 1693 1663 contentiosius
1707 1635 1797 1663 dicere

1004 1683 1157 1716 videamur,
1174 1684 1256 1711 Paulo
1277 1683 1389 1711 dimisso
1412 1683 1513 1718 primos
1536 1682 1630 1710 ﬁdeles
1643 1681 1797 1709 considere-

1004 1730 1140 1765 muszqui
1151 1734 1180 1757 et
1194 1729 1321 1765 pecunias
1341 1734 1369 1757 et
1384 1729 1585 1764 possessiones,
1609 1733 1636 1756 et
1657 1736 1747 1756 curam
1769 1734 1797 1756 et

1006 1776 1196 1810 occupationes
1207 1783 1302 1803 omnes
1314 1775 1454 1803 steculares
1467 1774 1657 1809 repudiarunt,
1674 1778 1796 1808 totosque

1004 1829 1036 1849 se
1057 1821 1113 1849 Deo
1136 1825 1346 1854 consecrarunt,
1372 1824 1450 1848 nocte
1471 1819 1570 1854 dieque
1593 1827 1702 1854 semper
1720 1819 1796 1846 verbi

1003 1867 1133 1895 doctrinae
1146 1868 1323 1895 attendentes.
1344 1867 1406 1893 Haec
1421 1870 1462 1894 est
1474 1865 1545 1893 enim
1561 1865 1708 1900 spiritualis
1727 1865 1796 1899 ignis

1005 1917 1111 1946 natura,
1126 1916 1155 1939 ut
1168 1912 1268 1940 nullam
1280 1919 1369 1939 rerum
1384 1911 1553 1939 saecularium
1567 1910 1740 1945 cupiditatem
1752 1917 1797 1937 re-

1004 1959 1124 1994 linquat,
1138 1958 1185 1986 sed
1196 1959 1224 1986 in
1237 1958 1318 1986 alium
1330 1957 1473 1986 transferat
1483 1964 1613 1984 amorem.
1626 1956 1796 1991 Quapropter

1004 2005 1096 2033 talium
1123 2012 1213 2033 rerum
1234 2004 1364 2040 cupidus,
1389 2004 1493 2032 etiamsi
1513 2004 1602 2031 omnia
1616 2002 1794 2038 profundere,

1003 2051 1107 2079 etiamsi
1130 2051 1293 2086 voluptatem
1317 2054 1346 2078 et
1366 2050 1480 2086 gloriam
1503 2048 1633 2080 irridere,
1656 2048 1794 2083 ipsamque

1000 2101 1115 2130 animam
1135 2100 1241 2128 tradere
1255 2103 1392 2135 oporteat,
1408 2105 1468 2125 cum
1479 2104 1574 2132 magna
1596 2096 1722 2124 facilitate
1737 2095 1796 2123 hate

1000 2147 1089 2175 omnia
1103 2146 1218 2182 perﬁcit.
1233 2145 1298 2173 Nam
1312 2145 1384 2172 illius
1400 2144 1469 2178 ignis
1487 2142 1568 2170 ardor
1581 2142 1607 2169 in
1623 2141 1740 2168 animam
1755 2140 1795 2167 in-

1000 2200 1124 2229 gressus.
1140 2196 1277 2227 torporem
1292 2197 1400 2218 onmem
1415 2189 1524 2224 abjicit,
1548 2191 1576 2215 et
1599 2192 1689 2222 penna
1710 2186 1795 2213 levio-

1001 2246 1058 2265 retn
1074 2236 1156 2265 efﬁcit
1170 2244 1232 2264 eum
1244 2243 1323 2271 quem
1337 2233 1455 2266 invadit.
1471 2234 1507 2261 ita
1522 2236 1551 2260 ut
1563 2233 1653 2260 omnia
1669 2239 1728 2267 quae
1742 2230 1797 2257 sub

1001 2287 1136 2318 aspectum
1148 2283 1247 2310 cadunt
1257 2301 1265 2314 ,
1281 2280 1421 2316 despiciat.
1436 2279 1487 2313 Qui
1502 2279 1561 2307 talis
1575 2283 1634 2310 est,
1650 2278 1676 2305 in
1693 2284 1794 2312 perpe-

1003 2333 1047 2356 tua
1068 2327 1272 2362 compunetione
1291 2325 1388 2353 deinde
1406 2329 1576 2360 perseverat,
1600 2324 1687 2352 fontes
1706 2323 1794 2358 Iacry-

1002 2382 1104 2402 marum
1125 2374 1278 2408 frequenter
1300 2371 1457 2404 effundens,
1481 2370 1643 2405 multamque
1663 2369 1726 2396 inde
1744 2376 1793 2396 vo-

1003 2422 1131 2454 luptatem
1163 2426 1321 2454 excerpens.
1348 2417 1421 2446 Nihil
1451 2417 1563 2463 quippei
1580 2417 1644 2463 Ded
1662 2416 1709 2463 ita
1723 2422 1811 2463 αἶς-Ι

1003 2467 1117 2502 glutinat
1131 2470 1159 2493 et
1179 2464 1334 2499 coniungit,
1358 2467 1388 2490 ut
1409 2463 1533 2497 lacrymte
1557 2461 1721 2497 huiusmodi.
1746 2460 1807 2503 Vir;

1004 2512 1065 2540 talis
1077 2512 1126 2539 etsi
1142 2511 1169 2538 in
1183 2510 1277 2538 mediis
1292 2509 1403 2537 urbibus
1414 2508 1524 2542 habitet,
1540 2508 1616 2543 quasi
1631 2507 1657 2534 in
1670 2507 1794 2538 deserto.

1004 2558 1032 2584 in
1044 2556 1178 2584 montibus
1190 2560 1217 2583 et
1228 2554 1362 2590 speluncis
1374 2558 1506 2587 versatur,
1522 2553 1603 2580 rebus
1617 2551 1794 2588 praesentibus

1005 2611 1058 2631 non
1072 2602 1200 2634 attendit,
1214 2609 1301 2636 neque
1314 2599 1466 2635 hujusmodi
1486 2599 1592 2627 ﬂetibus
1608 2605 1734 2633 umquam
1752 2605 1796 2625 sa-

1005 2650 1094 2682 tiatur,
1108 2649 1164 2676 sive
1178 2655 1227 2683 pro
1242 2654 1286 2680 se,
1303 2647 1360 2674 sive
1379 2654 1427 2681 pro
1441 2645 1554 2673 aliorum
1571 2645 1688 2681 peccatis
1708 2645 1795 2680 lacry—

1005 2704 1062 2724 mas
1086 2695 1216 2723 effundat.
1244 2693 1359 2728 ideoque
1385 2692 1507 2719 Christus
1522 2692 1530 2707 ¹
1545 2691 1627 2719 hosce
1648 2698 1704 2725 prae
1729 2690 1790 2718 aliis

1005 2741 1099 2769 beatos
1108 2740 1236 2775 prtcdicat
1247 2738 1349 2770 dicens,
1357 2736 1430 2764 Beati
1440 2737 1483 2772 qui
1496 2737 1580 2772 lugent
1589 2736 1694 2772 (Matth.
1706 2735 1733 2763 5.
1741 2735 1791 2770 5.).

1006 2787 1060 2815 Cur
1078 2793 1142 2814 vero
1163 2785 1261 2813 Paulus
1279 2784 1343 2811 dicit
1359 2792 1366 2810 :
1386 2782 1498 2810 Gaudete
1522 2782 1549 2809 in
1570 2781 1679 2809 Domino
1698 2789 1795 2815 semper

1008 2832 1137 2869 (Philipp.
1152 2832 1178 2862 4,
1196 2830 1257 2866 ι.)⁸2
1270 2829 1305 2859 Ut
1323 2829 1499 2865 lacrymarum
1513 2828 1662 2863 hujusmodi
1677 2827 1794 2863 volupta-
