2056 3130
254 177 289 206 σθ
608 170 637 199 s.
657 166 799 197 JOANNIS
816 159 1057 194 cunvsos'rom
1077 155 1235 206 tinentur.
1256 155 1527 206 consum-tuor.
1550 203 1566 206 __
1673 202 1681 206 -
1809 202 1816 206 _
1849 151 1885 206 va

253 237 306 260 tem
322 228 453 257 declaret.
477 222 708 259 Quemadmodum
722 220 793 247 enim
809 216 899 245 numdi
918 214 1043 260 gaudium

254 282 396 304 maerorem
412 271 492 299 habet
514 263 705 304 conjtinctum,
731 265 770 292 sic
796 268 823 291 et
843 263 969 297 lacrymte
988 259 1044 287 illa:

254 320 399 350 secundum
416 319 498 345 [lcum
521 314 640 343 thilium
660 311 767 347 pariunt
787 313 932 344 perennem
945 310 1045 350 etquae

254 349 398 401 numquam
418 361 536 390 deficiat.
559 359 604 387 Sic
624 355 751 385 meretrix
771 353 815 401 illa
830 351 976 401 virginibus
989 349 1045 401 cla—

254 414 311 442 rior
324 396 419 440 elfeeta
432 413 474 437 est
484 428 492 441 ,
505 407 556 434 hoc
569 406 629 440 igne
640 408 782 431 succensa.
794 399 861 433 Quia
876 398 947 426 enim
962 396 1047 432 paeni-

255 463 347 488 tentiae.
369 456 476 484 fervore
496 455 620 486 correpta
638 453 698 480 est,
721 445 820 474 Christi
842 450 935 472 amore
955 446 1047 478 postea

256 503 370 534 exarsit,
386 509 446 529 cuin
460 498 556 527 solutis
570 494 674 531 capillis
687 499 779 521 sacros
791 490 852 518 illos
864 488 948 525 pedes
961 489 1047 523 laery-

213 570 215 573 -
260 552 313 581 mis
334 547 445 585 rigavit,
465 551 542 574 coma
556 549 603 571 sua
616 539 761 572 abstersit,
788 543 867 573 atque
884 539 1048 585 unguentum

260 581 411 626 elfuditjlit
430 593 489 620 haec
509 589 619 626 quidem
639 586 806 615 extrinsecus
820 588 894 619 gesui
909 587 987 610 sunt:
1004 581 1049 608 illa

211 643 215 668 '-
259 645 408 677 vero,‘qu:e
420 639 447 667 iu
463 637 553 665 animo
562 634 718 670 agebantur,
733 630 776 658 his
791 630 875 665 longe
895 627 1049 677 ardentiora

259 692 346 721 erant,
357 674 422 723 qua:
435 691 504 712 unus
520 680 648 710 cernebat
661 679 742 706 Deus.
757 677 925 723 Quapropter
937 674 1050 723 quisque

258 719 380 763 nostrum
392 731 452 759 hmo
463 728 574 756 audiens
584 747 591 759 ,
607 723 806 760 congratulatur
821 721 889 756 ipsi,
903 728 934 748 ac
947 719 980 747 de
990 719 1049 754 ejus

259 784 332 809 recte
351 777 428 805 factis
445 775 567 806 limatur,
586 771 712 806 omnique
725 768 838 797 crimine
849 766 961 794 liberam
974 764 1048 793 illam

229 815 233 823 ¹
260 829 346 861 putat.

292 893 424 939 Lacrgma:
435 902 507 929 bona
519 904 543 927 et
556 898 629 926 utiles
642 903 708 932 quae.
729 894 806 922 Risus
824 891 961 939 dissolutus
984 896 1046 939 pro-

257 935 410 979 hibetur:—
421 947 496 983 Quod
514 947 536 975 si
557 952 615 977 nos,
627 943 672 979 qui
698 941 760 969 mali
781 945 884 972 sumus,
897 938 968 965 hunc
987 935 1048 964 cal-

257 998 346 1026 culum
367 995 487 1027 ferimus,
500 992 586 1027 cogita
599 993 724 1025 quamam
735 985 869 1021 acceperit
882 983 1006 1019 gratiam,
1021 984 1050 1009 et

257 1048 355 1080 quanta
369 1049 402 1069 ex
417 1038 572 1076 pauitantia
583 1057 591 1068 ,
607 1036 688 1063 etiam
709 1038 853 1080 antequam
875 1036 985 1080 munera
1002 1027 1048 1080 illa

257 1075 401 1123 acciperet,
412 1075 427 1113 a
439 1085 497 1113 Deo
509 1086 670 1117 consequuta
685 1079 720 1107 sit
729 1078 810 1105 bona.
822 1077 896 1105 Sicut
905 1075 1049 1123 enimpost

257 1120 429 1162 vehementes
443 1131 542 1158 imbres
556 1136 603 1156 aer
614 1134 697 1164 purus
708 1124 834 1157 efﬁcitur,
848 1123 887 1150 sic
900 1126 961 1158 post
975 1120 1048 1148 fusas

256 1178 389 1215 lacrymas
400 1177 519 1212 sequitur
532 1172 709 1208 tranquillitas
723 1175 750 1198 et
767 1170 907 1201 serenitas,
924 1171 1047 1215 peccato-

255 1213 368 1260 rumque
379 1223 494 1251 tenebras
504 1221 636 1256 fugantur.
647 1218 680 1246 Et
694 1218 763 1245 sicut
774 1224 807 1243 ex
817 1222 884 1250 aqua
896 1218 925 1242 et
936 1213 1047 1248 Spiritu,

256 1271 296 1299 sic
309 1279 343 1298 ex
360 1268 485 1305 lacrymis
505 1271 533 1295 et
548 1265 714 1294 confessione
733 1270 886 1298 purgamur,
901 1261 980 1288 modo
994 1267 1048 1288 non

257 1317 290 1344 ad
312 1315 518 1344 ostentationem
532 1317 560 1340 et
573 1310 677 1338 laudem
696 1308 853 1344 captandam
868 1307 893 1334 id
909 1307 1047 1334 faciamus.

257 1362 324 1390 Nam
343 1369 403 1396 qua:
423 1360 472 1387 hac
488 1358 525 1386 de
543 1363 623 1385 causa
636 1356 808 1391 lacrymatur,
821 1353 905 1388 magis
919 1351 1048 1387 culpanda

257 1413 308 1441 est,
320 1415 398 1443 quam
413 1414 444 1433 ea
460 1413 518 1440 qum
531 1404 592 1430 fuco
606 1407 632 1430 et
645 1401 786 1437 pigmentis
799 1406 859 1427 sese
871 1398 976 1426 oblinit.
988 1397 1049 1425 illas

257 1455 327 1482 cnim
343 1453 448 1488 requiro
464 1452 606 1486 lacrymas,
630 1455 689 1483 quae
703 1454 756 1474 non
777 1446 810 1473 ad
831 1445 1048 1477 ostentationem,

257 1500 304 1528 sed
324 1499 356 1526 ad
376 1497 608 1532 eompunctionem
632 1493 787 1524 funduntur,
812 1499 871 1526 qua:
894 1489 998 1518 occulte
1020 1490 1047 1517 in

256 1545 384 1574 cubiculis
396 1544 469 1570 nullo
481 1546 558 1574 teste,
567 1548 626 1575 quae
636 1539 727 1575 quiete
736 1538 795 1565 sine
804 1537 916 1572 strepitu
928 1540 1046 1569 manant,

256 1600 316 1628 qua:
335 1600 367 1619 ex
390 1590 485 1618 intimo
507 1588 604 1619 cordis,
620 1594 653 1614 ex
674 1585 817 1612 afﬂictione
830 1589 858 1611 et
871 1583 974 1615 dolore,
989 1590 1048 1616 qua:

257 1642 365 1673 propter
382 1636 464 1663 Deum
477 1634 634 1662 emittuntur
646 1641 653 1658 :
669 1631 761 1666 quales
773 1635 851 1658 erant
865 1630 948 1656 Anna:
963 1629 1048 1665 lacry-

258 1692 308 1710 Inu-
321 1692 327 1709 :
343 1682 404 1717 Ejus
420 1681 489 1708 enim
512 1679 578 1707 labia
589 1699 597 1711 ,
609 1677 854 1712 inquitScriptura,
865 1676 1026 1702 movebantur
1038 1695 1046 1708 ,

256 1734 279 1755 et
292 1736 340 1755 vox
352 1736 402 1754 non
412 1727 560 1754 audiebatur
570 1726 580 1762 (
590 1727 615 1753 l.
628 1725 691 1760 Reg.
705 1726 730 1752 1.
743 1725 776 1752 15
785 1724 805 1759 ).
818 1723 917 1752 Verum
927 1724 1051 1758 lacrymas

257 1773 322 1800 sola:
343 1772 405 1799 tuba
421 1772 561 1799 clariorem
574 1771 731 1797 emittebant
746 1776 848 1796 vocem.
864 1769 978 1803 Ideoque
990 1769 1050 1795 vul-

258 1825 317 1845 vam
340 1818 398 1852 ejus
421 1817 525 1852 aperuit
547 1817 627 1848 Deus,
642 1820 668 1843 et
683 1815 777 1842 durum
805 1822 898 1842 saxum
913 1815 940 1842 in
956 1822 1049 1850 agrum

257 1863 371 1891 fertilem
393 1863 483 1889 vertit.

293 1909 320 1936 6.
334 1909 362 1936 Si
378 1913 405 1936 tu
419 1915 524 1943 quoque
539 1907 578 1934 sic
591 1906 757 1942 lacrynieris,
772 1906 875 1933 Domini
887 1906 922 1933 tui
935 1906 1052 1934 imitator

259 1955 370 1983 effectus
385 1962 423 1982 es.
437 1953 502 1981 Nam
515 1958 541 1981 et
557 1954 613 1988 ipse
627 1953 787 1987 lacrymatus
801 1957 842 1980 est
855 1957 882 1979 et
893 1952 927 1979 de
940 1952 1049 1985 Lazaro,

257 2005 284 2028 et
295 2000 329 2028 dc
342 2000 447 2027 civitate
461 1998 557 2034 (Joan.
574 1999 617 2025 ll.
634 1998 678 2025 55.
702 1997 766 2024 Luc.
781 1997 825 2024 l9.
840 1998 871 2024 M
886 1997 895 2032 )
908 2018 916 2029 ,
940 2002 967 2024 et
980 1997 1050 2024 circa

257 2044 350 2074 ludam
373 2045 493 2072 turbatus
513 2049 565 2071 est.
593 2042 708 2078 ldipsum
723 2049 803 2077 porro
815 2042 904 2070 videre
918 2048 959 2069 est
980 2050 1051 2077 saepe

259 2091 415 2123 iacientem,
427 2089 558 2117 ridentem
571 2096 636 2116 vero
649 2095 790 2122 nusquam,
802 2088 855 2115 imo
865 2095 899 2115 ne
909 2088 1051 2115 subriden—

257 2141 311 2164 tem
332 2135 440 2171 quidem
456 2143 463 2162 :
479 2134 566 2162 nullus
578 2138 652 2161 certe
665 2133 716 2160 hoc
734 2133 894 2168 evangelista
919 2133 1048 2160 narravit.

257 2182 373 2216 Ideoque
387 2186 414 2208 et
428 2179 541 2208 Paulum
554 2179 670 2211 ﬂevisse,
689 2186 721 2206 ac
741 2186 789 2213 per
806 2178 948 2206 triennium
973 2183 1051 2206 nocte

257 2233 283 2256 et
297 2227 341 2255 die
352 2227 465 2262 idipsum
479 2226 584 2259 fecisse,
597 2230 625 2252 et
639 2226 696 2260 ipse
709 2229 737 2252 et
748 2224 792 2251 alii
805 2224 839 2251 de
849 2225 908 2259 ipso
917 2229 1026 2251 narrant
1042 2233 1049 2251 :

257 2274 328 2310 quod
341 2278 429 2301 autem
445 2273 535 2300 riserit
554 2279 603 2299 nec
616 2272 682 2306 ipse,
697 2278 747 2298 nec
765 2271 832 2298 alius
849 2276 1003 2298 sanctorum
1016 2271 1051 2299 de

258 2320 317 2355 ipso
338 2319 416 2352 dixit,
431 2318 485 2346 imo
508 2325 558 2345 nec
577 2317 612 2344 de
628 2317 688 2343 aliis
709 2316 759 2351 ipsi
772 2316 902 2343 similibus
917 2325 924 2344 :
940 2316 974 2343 (le
985 2316 1051 2343 Sara

259 2371 359 2393 tantum
374 2365 402 2392 id
416 2369 549 2396 mrratur,
561 2363 665 2398 quando
684 2367 805 2397 correpta
824 2362 889 2396 fuit;
903 2367 930 2390 et
950 2363 985 2390 de
997 2363 1051 2390 ﬁlio

259 2411 332 2442 Note,
345 2411 452 2446 quando
461 2417 495 2438 es
506 2410 590 2437 libero
600 2417 695 2436 servus
706 2408 815 2436 eil‘ectus
825 2413 877 2436 est.
890 2408 952 2436 Haec
961 2414 1050 2437 autem

260 2457 332 2490 dico,
349 2463 401 2483 nou
417 2461 444 2483 ut
458 2456 541 2483 risum
554 2462 662 2490 prorsus
673 2455 818 2488 eliminem,
834 2455 881 2482 sed
895 2460 924 2482 ut
936 2455 1050 2482 dissolu-

260 2504 360 2532 tionem
373 2504 490 2532 auferam
500 2503 623 2539 (a).Cur,
634 2510 735 2539 qiucso,
749 2503 784 2530 ita
799 2503 899 2538 gaudes
911 2507 940 2531 et
951 2503 1051 2530 difﬂuis

300 2627 309 2643 ι
326 2627 363 2651 sic
371 2628 424 2650 uss.
436 2627 464 2650 et
472 2626 504 2649 ita
516 2625 576 2656 legit
587 2625 703 2650 Arrianus.
715 2625 748 2650 At
757 2625 828 2650 Savil.
841 2629 867 2650 ct
881 2626 974 2657 Muret,
986 2631 1057 2654 Deus.

292 2678 329 2709 (ιι)
347 2677 432 2709 Itaque
443 2677 557 2709 prohibet
567 2677 809 2709 Chrysostomusnon
820 2677 904 2706 risum,
916 2677 962 2709 sed
972 2677 1050 2703 disso-

263 2708 384 2734 lutionem.
392 2708 431 2733 Sic
443 2709 527 2738 etiam,
539 2708 622 2732 Homil.
634 2708 666 2732 de
683 2708 772 2732 Davide
784 2711 811 2732 et
822 2708 900 2738 saiile,
913 2708 945 2733 de
958 2708 1053 2733 lascivis

262 2745 341 2770 agens
352 2739 504 2768 mulieribus,
511 2740 596 2770 quaeiu
607 2738 709 2763 theatris
720 2738 885 2763 histﬁonicam
893 2741 1052 2768 exercebant,

263 2771 305 2805 _3il.,
321 2777 352 2795 ul
362 2776 419 2799 πολλὴ
452 2774 542 2805 Staium?
549 2776 601 2805 παιηῆ
610 2775 702 2805 εαρὸίιῡῧ
708 2776 765 2805 Idlw
775 2776 818 2805 «p6;
829 2776 922 2805 ἀξίλγιαιν
938 2776 1052 2804 What;

262 2801 308 2825 hoc
320 2805 367 2830 est,
385 2799 506 2832 multaque
516 2799 643 2832 dissolutio
656 2799 734 2832 (male.
757 2799 822 2832 enim
834 2799 950 2832 _Erasmus
965 2799 1050 2831 vertit,

264 2831 391 2863 confusio),
403 2831 458 2857 hinc
467 2830 520 2863 ipse
532 2830 597 2857 locus
608 2831 640 2856 ad
653 2830 775 2857 inscitiam
790 2830 900 2857 inritans.

1098 210 1137 234 tot
1151 204 1297 234 reddendis
1318 204 1448 233 obnoxius
1462 203 1620 235 rationibus,
1636 202 1681 238 qui
1695 202 1838 231 tremendo
1852 203 1890 230 illi

1097 254 1221 282 tribunali
1241 253 1375 281 sistendus
1386 259 1427 286 es,
1440 252 1474 279 de
1496 252 1547 278 tuis
1570 250 1692 278 omnibus
1714 250 1740 277 in
1760 250 1811 278 bac
1835 250 1890 277 vita

1097 299 1178 334 gestis
1200 299 1332 326 rationem
1353 301 1476 324 accurate
1495 295 1666 324 redditurus?
1678 295 1782 323 Etenim
1798 295 1833 323 de
1845 295 1898 335 iis,

1095 351 1155 379 qua
1169 344 1211 371 vel
1225 347 1320 378 sponte
1331 364 1339 377 ,
1353 343 1396 371 vel
1419 343 1492 370 inviti
1508 343 1629 375 fecimus,
1645 344 1776 371 rationem
1790 343 1889 371 redde-

1096 396 1157 417 mus
1171 397 1178 416 :
1194 389 1244 423 Qui
1257 389 1339 421 enim,
1365 389 1470 424 inquit,
1486 389 1611 424 negaverit
1623 396 1663 416 me
1675 396 1760 416 coram
1778 389 1890 416 homini-

1096 435 1153 468 bus,
1169 440 1193 463 et
1206 444 1252 470 ego
1264 435 1358 470 negabo
1371 444 1428 462 eum
1439 443 1524 462 coram
1547 434 1627 462 Patre
1638 443 1693 462 meo
1704 455 1713 469 ,
1726 436 1768 470 qui
1781 436 1807 462 in
1819 435 1892 463 uelis

1096 486 1132 508 est
1147 482 1156 515 (
1170 480 1265 508 Matth.
1281 481 1328 509 lo.
1344 481 1379 509 55
1390 481 1410 516 ).
1425 481 1506 516 Atqui
1532 481 1577 508 illa
1601 481 1706 515 negatio
1725 480 1891 518 [aliquando]

1097 534 1150 554 non
1165 526 1314 553 voluntaria
1327 531 1379 559 est,
1395 530 1422 554 et
1436 531 1525 553 tamen
1539 526 1697 561 supplicium
1712 534 1765 554 non
1786 527 1889 562 effugit,

1099 572 1212 607 ejusque
1232 571 1355 599 dabimus
1370 579 1473 607 pinnas,
1487 575 1515 599 et
1529 575 1583 599 tam
1596 579 1690 600 eorum
1704 580 1764 608 qua:
1778 574 1890 607 scimus,

1096 625 1176 653 quam
1189 625 1284 645 eorum
1294 625 1354 652 quae
1371 617 1506 645 nescimus
1518 626 1526 644 :
1539 616 1614 645 Nihil
1624 618 1689 644 enim
1701 618 1762 645 mihi
1776 618 1891 645 conscius

1096 670 1161 695 sum,
1177 662 1274 697 inquit,
1287 663 1333 690 sed
1345 663 1434 690 nonin
1448 663 1496 690 hoc
1510 663 1668 698 justi/ionius
1690 671 1746 690 sum
1757 663 1767 699 (
1777 664 1803 691 l.
1828 663 1888 691 Cor.

1096 709 1124 736 ι.
1139 708 1191 745 4);
1205 709 1261 737 sive
1273 708 1424 745 ignorantes
1440 709 1496 737 sive
1507 709 1622 736 scientes
1635 716 1774 745 peccemus
1786 717 1794 737 :
1807 709 1889 737 Testi-

1097 754 1210 781 monium
1223 754 1290 781 enim
1301 754 1351 781 illis
1372 754 1500 789 perhibeo,
1515 754 1617 789 inquit,
1632 754 1691 790 quia
1704 755 1890 782 mulationem

1097 799 1144 827 Dei
1156 800 1257 834 habent,
1266 800 1310 827 sed
1320 808 1371 827 non
1381 800 1516 827 secundum
1526 801 1656 827 scientiam
1667 801 1676 836 (
1687 800 1764 827 Hom.
1781 801 1825 828 l0.
1839 801 1858 828 3
1867 801 1888 836 ).

1098 845 1196 874 Verum
1211 845 1237 873 id
1259 845 1310 874 illis
1323 846 1356 873 ad
1372 846 1556 881 purgationem
1579 853 1632 873 non
1655 845 1764 873 sufﬁcit.
1791 846 1890 874 Corin-

1099 892 1162 920 thiis
1183 895 1273 919 autem
1297 891 1418 919 scribens
1438 891 1526 919 aiebat
1541 900 1548 917 :
1567 891 1652 918 Timeo
1667 900 1697 919 ne
1709 892 1772 919 sicut
1785 900 1893 928 serpens

1097 939 1179 966 anm
1202 938 1302 966 seduxit
1326 939 1419 965 astutia
1442 946 1500 970 sua,
1522 939 1558 965 sic
1582 943 1776 973 corrumpantur
1801 946 1891 966 sensus

1095 985 1182 1018 vestri,
1197 989 1221 1012 et
1232 984 1348 1011 excidant
1359 992 1375 1010 a
1389 983 1551 1019 simplicitate
1561 991 1618 1019 quia
1634 988 1672 1011 est
1691 984 1717 1010 in
1729 984 1829 1011 Christo
1840 984 1888 1020 (2.

1095 1032 1156 1060 Cor.
1179 1032 1223 1060 ll.
1237 1032 1283 1066 5).
1299 1031 1350 1059 Tot
1374 1035 1561 1066 tantorumque
1584 1030 1731 1058 facinorum
1756 1031 1891 1058 rationem

1096 1078 1260 1110 redditurus,
1275 1077 1354 1105 sedes
1367 1077 1467 1110 ridens,
1483 1076 1597 1104 urbanas
1612 1076 1719 1104 facetias
1733 1077 1871 1112 proferens
1880 1098 1888 1109 ,

1098 1129 1126 1152 et
1138 1123 1267 1158 voluptati
1282 1123 1440 1158 indulgens?
1454 1122 1506 1150 Sed
1519 1123 1541 1150 si
1557 1122 1583 1150 id
1595 1130 1647 1150 non
1660 1122 1758 1154 fecero,
1774 1123 1888 1158 inquies,

1099 1171 1123 1198 si
1145 1171 1250 1204 luxero,
1265 1178 1325 1205 quae
1351 1170 1417 1197 mihi
1443 1169 1505 1196 hinc
1528 1169 1645 1196 utilitas?
1660 1169 1740 1196 Multa
1762 1176 1836 1202 sane,
1862 1174 1892 1197 et

1095 1221 1169 1245 tanta
1182 1221 1308 1252 quantam
1322 1216 1455 1251 explicare
1470 1224 1522 1243 non
1542 1216 1651 1250 possim.
1675 1215 1702 1243 ln
1715 1215 1889 1243 saecularibus

1096 1263 1168 1291 enim
1181 1262 1298 1298 judiciis,
1311 1262 1480 1298 quantumvis
1495 1262 1594 1297 plores,
1611 1269 1664 1289 non
1691 1261 1803 1297 effugies
1825 1269 1891 1296 sup-

1096 1309 1206 1345 plicium
1220 1313 1279 1344 post
1292 1309 1370 1335 latam
1383 1308 1560 1340 sententiam;
1580 1307 1624 1334 hic
1645 1314 1719 1339 vero,
1743 1308 1764 1334 si
1777 1307 1890 1342 ingemi-

1098 1361 1158 1382 scas
1182 1359 1297 1386 tantum,
1312 1354 1471 1382 sententiam
1491 1353 1611 1385 solvisti,
1627 1358 1654 1380 et
1674 1353 1777 1380 veniam
1792 1360 1890 1380 conse-

1098 1401 1199 1436 queris.
1214 1401 1329 1435 Ideoque
1338 1400 1372 1427 dc
1386 1401 1456 1427 luctu
1470 1407 1541 1433 saepe
1553 1399 1675 1426 Christus
1690 1407 1738 1427 nos
1752 1399 1889 1432 admonet,

1098 1452 1125 1474 et
1134 1454 1180 1475 eos
1190 1447 1235 1482 qui
1244 1447 1334 1481 lugent
1344 1446 1435 1473 beatos
1445 1444 1583 1481 praedicat,
1595 1445 1654 1472 illos
1664 1452 1727 1472 vero
1736 1446 1779 1480 qui
1792 1445 1888 1478 rident,

1098 1494 1213 1520 miseros
1227 1492 1356 1520 declarat.
1383 1491 1439 1518 lloc
1461 1491 1560 1526 quippe
1582 1491 1713 1517 theatrum
1738 1499 1790 1517 non
1806 1492 1890 1518 risum

1099 1538 1214 1565 admittit
1225 1548 1232 1565 :
1245 1546 1332 1574 neque
1345 1539 1405 1566 ideo
1416 1540 1600 1572 convenimus,
1610 1545 1638 1567 ut
1650 1540 1794 1568 cachinnos
1804 1541 1889 1569 eil‘un-

1099 1583 1205 1616 damus,
1221 1584 1267 1612 sed
1283 1589 1311 1611 ut
1323 1591 1472 1619 gemamus,
1488 1590 1567 1621 atque
1579 1593 1612 1614 ex
1625 1587 1775 1621 hujusmodi
1790 1588 1889 1622 gemitu

1098 1630 1174 1665 regni
1201 1630 1375 1658 hereditatem
1399 1632 1592 1659 nanciscamur.
1615 1632 1654 1660 Tu
1674 1640 1738 1660 vero
1757 1633 1780 1660 si
1798 1641 1890 1661 coram

1101 1674 1263 1710 lmperatore
1287 1676 1403 1708 steteris,
1426 1684 1460 1705 ne
1481 1677 1620 1705 subridere
1633 1678 1741 1713 quidem
1755 1679 1867 1706 audebis
1881 1687 1888 1705 :

1099 1726 1128 1749 et
1140 1722 1225 1756 ipsum
1239 1722 1394 1757 angelorum
1409 1723 1547 1750 Dominum
1561 1723 1633 1751 domi
1648 1724 1748 1752 habens
1763 1732 1815 1752 non
1833 1730 1889 1752 stas

1101 1771 1219 1794 tremens
1233 1775 1293 1795 cum
1313 1768 1442 1795 modestia
1462 1768 1578 1802 decenti,
1593 1769 1638 1797 sed
1654 1770 1725 1798 rides
1749 1771 1793 1798 illo
1807 1772 1888 1798 etiam

1101 1819 1173 1848 stepe
1186 1813 1273 1841 irato?
1287 1821 1336 1842 nec
1349 1815 1450 1849 cogitas
1466 1819 1492 1842 te
1504 1815 1577 1842 illum
1593 1816 1676 1851 magis
1689 1816 1721 1843 ad
1744 1817 1809 1844 iram
1824 1825 1889 1844 con-

1100 1859 1184 1886 citare
1197 1860 1259 1886 dum
1279 1860 1337 1887 lucc
1359 1861 1415 1895 agis
1427 1881 1434 1891 ,
1450 1868 1528 1895 quam
1544 1860 1606 1888 dum
1621 1862 1736 1896 peccas?
1749 1862 1806 1890 Non
1819 1863 1892 1890 enim

1101 1905 1137 1933 ita
1149 1911 1304 1940 peccatores
1318 1912 1456 1934 aversatur
1471 1907 1551 1940 Deus,
1567 1912 1596 1935 ut
1607 1915 1653 1934 eos
1667 1909 1710 1943 qui
1726 1913 1784 1943 post
1798 1917 1892 1943 pecca-

1101 1957 1158 1980 tum
1172 1959 1224 1979 non
1236 1960 1296 1980 sese
1305 1952 1440 1980 cohibent.
1451 1953 1573 1980 Attamen
1586 1954 1620 1981 ita
1630 1958 1692 1981 sunt
1701 1954 1807 1989 quidam
1818 1956 1892 1983 omni

1101 2006 1180 2026 sensu
1197 1999 1282 2032 vacui,
1297 2003 1326 2026 ut
1339 2004 1398 2034 post
1410 1999 1467 2026 hac
1480 1999 1568 2027 audita
1583 2000 1662 2027 verba
1677 2001 1767 2028 dicant
1782 2010 1788 2028 :
1804 2002 1891 2034 Absit,

1102 2050 1132 2072 ut
1146 2052 1272 2080 umquam
1290 2045 1422 2080 lacrymas
1437 2045 1555 2079 fundam,
1567 2046 1631 2074 mihi
1645 2054 1709 2074 vero
1722 2047 1748 2074 id
1761 2048 1892 2075 concedat

1101 2090 1191 2124 Deus,
1213 2094 1244 2117 ut
1255 2097 1363 2125 semper
1380 2090 1481 2117 rideam
1497 2096 1524 2118 et
1539 2091 1637 2118 ludam.
1661 2091 1728 2125 Quid
1742 2091 1893 2127 hujusmodi

1101 2136 1261 2170 cogitatione
1272 2135 1418 2163 infantius?
1435 2136 1494 2163 Non
1504 2136 1575 2164 enim
1587 2137 1657 2164 Deus
1670 2137 1696 2164 id
1709 2137 1755 2165 dat
1767 2142 1796 2165 ut
1815 2138 1891 2166 luda-

1101 2187 1172 2213 mus,
1188 2181 1235 2208 sed
1249 2180 1381 2208 diabolus.
1407 2180 1475 2208 Audi
1490 2181 1568 2216 igitur
1586 2181 1649 2216 quid
1665 2183 1734 2216 passi
1749 2182 1803 2210 sint
1817 2183 1834 2210 ii
1847 2183 1893 2218 qui

1102 2225 1229 2254 ludebant
1244 2235 1251 2253 :
1267 2225 1350 2258 Sedit,
1367 2226 1460 2261 inquit,
1477 2227 1586 2261 populus
1598 2228 1752 2255 manducare
1763 2233 1787 2255 et
1801 2229 1894 2260 bibere,

1101 2275 1127 2299 et
1139 2276 1304 2298 surrexerunt
1315 2271 1402 2299 ludere
1412 2271 1421 2307 (
1431 2271 1514 2298 Exod.
1526 2272 1570 2299 52.
1582 2272 1628 2306 6).
1640 2272 1718 2301 Tales
1727 2278 1803 2301 erant
1811 2273 1895 2301 Sodo-

1102 2316 1184 2350 mita:,
1201 2317 1266 2344 tales
1280 2317 1361 2344 etiam
1380 2316 1416 2344 illi
1442 2321 1563 2352 tempore
1587 2317 1689 2345 diluvii.
1712 2317 1778 2346 Nam
1791 2319 1826 2346 de
1841 2319 1895 2347 illis

1103 2362 1211 2396 dicitur,
1226 2362 1259 2389 In
1278 2362 1410 2398 superbia,
1426 2363 1453 2390 in
1474 2364 1654 2398 prosperitate,
1668 2369 1693 2391 et
1717 2365 1744 2391 in
1764 2366 1896 2394 saturitate

1103 2417 1199 2444 panum
1223 2409 1320 2436 deliciis
1344 2409 1605 2446 aﬁluebant(Ezech.
1620 2410 1664 2438 46.
1680 2411 1744 2446 49).
1765 2412 1804 2439 llli
1828 2420 1893 2440 vero

1103 2455 1147 2489 qui
1162 2460 1282 2490 tempore
1293 2454 1358 2483 Nom
1372 2460 1466 2487 erant,
1480 2463 1541 2482 cum
1556 2463 1603 2490 per
1619 2460 1657 2483 tot
1669 2464 1754 2484 annos
1775 2458 1895 2486 construi

1104 2509 1194 2529 arcam
1208 2501 1339 2536 viderent,
1353 2503 1413 2530 sine
1433 2502 1486 2529 ulla
1498 2509 1562 2529 cura
1577 2503 1619 2530 vel
1633 2510 1712 2530 sensu
1728 2504 1894 2538 lmtabantur,

1104 2547 1171 2575 nihil
1192 2547 1227 2574 de
1249 2547 1345 2575 futuris
1370 2548 1451 2575 rebus
1476 2547 1687 2583 prospicientes:
1702 2549 1816 2585 ideoque
1836 2551 1896 2578 uni-
1918 2562 1921 2579 ξ

1105 2600 1197 2620 versos
1211 2593 1338 2620 diluvium
1353 2593 1506 2627 submersit,
1518 2597 1545 2621 et
1556 2600 1699 2622 commune
1706 2595 1778 2623 urbis
1789 2595 1896 2624 naufra-

1105 2639 1177 2674 gium
1193 2644 1257 2666 tunc
1270 2638 1369 2666 effecit.

1140 2743 1166 2769 7.
1187 2742 1262 2769 Dona
1274 2740 1323 2769 Dei
1339 2746 1395 2776 qua
1408 2741 1467 2768 sint.
1483 2740 1620 2776 Vigilantia
1633 2748 1708 2776 quam
1722 2741 1807 2773 utilis;
1819 2749 1894 2776 quam

1105 2792 1182 2820 noaa'a
1205 2791 1297 2819 theatri
1321 2790 1572 2826 spectacula—Ne
1600 2791 1688 2826 itaque
1713 2792 1756 2820 illa
1781 2796 1855 2828 petas
1880 2800 1895 2819 a

1106 2838 1176 2871 Deo,
1191 2845 1250 2872 quae
1271 2845 1288 2865 a
1309 2837 1415 2866 diabolo
1428 2837 1537 2873 accipis.
1550 2837 1618 2866 Nam
1631 2837 1678 2865 Dei
1690 2843 1747 2872 est,
1770 2838 1835 2867 dare
1848 2846 1895 2867 cor
