  <div class='ocr_page' id='page_1' title='image "/cluster/home/n/w/nwhite01/storage/ocr_20150623/57-58/njp.32101077772653/087.png"; bbox 0 0 2056 3130; ppageno 0'>
   <div class='ocr_carea' id='block_1_1' title="bbox 234 145 1857 182">
    <p class='ocr_par' dir='ltr' id='par_1_1' title="bbox 234 145 1857 182">
     <span class='ocr_line' id='line_1_1' title="bbox 234 145 1857 182; baseline 0.002 -10"><span class='ocrx_word' id='word_1_1' title='bbox 234 145 264 173; x_wconf 73' lang='lat'>7!</span> <span class='ocrx_word' id='word_1_2' title='bbox 584 147 614 175; x_wconf 90' lang='lat' dir='ltr'>S.</span> <span class='ocrx_word' id='word_1_3' title='bbox 631 147 772 177; x_wconf 77' lang='lat' dir='ltr'>JOANNIS</span> <span class='ocrx_word' id='word_1_4' title='bbox 790 147 1030 176; x_wconf 76' lang='lat' dir='ltr'>CIIRYSOSTOMI</span> <span class='ocrx_word' id='word_1_5' title='bbox 1049 148 1208 178; x_wconf 74' lang='lat' dir='ltr'>ARCIIIEP.</span> <span class='ocrx_word' id='word_1_6' title='bbox 1228 147 1498 176; x_wconf 77' lang='lat' dir='ltr'>CONSTANTINOP.</span> <span class='ocrx_word' id='word_1_7' title='bbox 1823 154 1857 182; x_wconf 75' lang='lat'><strong>72</strong></span> 
     </span>
    </p>
   </div>
   <div class='ocr_carea' id='block_1_2' title="bbox 235 200 1019 238">
    <p class='ocr_par' dir='ltr' id='par_1_2' title="bbox 235 200 1019 238">
     <span class='ocr_line' id='line_1_2' title="bbox 235 200 1019 238; baseline 0.003 -11"><span class='ocrx_word' id='word_1_8' title='bbox 235 201 283 227; x_wconf 77' lang='grc' dir='ltr'>τοῦ</span> <span class='ocrx_word' id='word_1_9' title='bbox 299 200 424 228; x_wconf 84' lang='grc' dir='ltr'>διαϐόλου</span> <span class='ocrx_word' id='word_1_10' title='bbox 441 201 601 237; x_wconf 82' lang='grc' dir='ltr'>λαμϐάνεις.</span> <span class='ocrx_word' id='word_1_11' title='bbox 615 202 670 228; x_wconf 88' lang='grc' dir='ltr'>Τοῦ</span> <span class='ocrx_word' id='word_1_12' title='bbox 685 203 739 238; x_wconf 86' lang='grc' dir='ltr'>γὰρ</span> <span class='ocrx_word' id='word_1_13' title='bbox 750 202 830 235; x_wconf 87' lang='grc' dir='ltr'>Θεοῦ,</span> <span class='ocrx_word' id='word_1_14' title='bbox 845 202 938 229; x_wconf 86' lang='grc' dir='ltr'>δοῦναι</span> <span class='ocrx_word' id='word_1_15' title='bbox 952 210 1019 237; x_wconf 87' lang='grc' dir='ltr'>καρ-</span> 
     </span>
    </p>
   </div>
   <div class='ocr_carea' id='block_1_3' title="bbox 235 243 1019 280">
    <p class='ocr_par' dir='ltr' id='par_1_3' title="bbox 235 243 1019 280">
     <span class='ocr_line' id='line_1_3' title="bbox 235 243 1019 280; baseline 0 -10"><span class='ocrx_word' id='word_1_16' title='bbox 235 243 295 270; x_wconf 94' lang='grc' dir='ltr'>δίαν</span> <span class='ocrx_word' id='word_1_17' title='bbox 304 244 540 279; x_wconf 80' lang='grc' dir='ltr'>συντετριμμένην</span> <span class='ocrx_word' id='word_1_18' title='bbox 548 244 595 271; x_wconf 73' lang='grc' dir='ltr'>καὶ</span> <span class='ocrx_word' id='word_1_19' title='bbox 607 244 857 280; x_wconf 77' lang='grc' dir='ltr'>τεταπεινωμένην,</span> <span class='ocrx_word' id='word_1_20' title='bbox 869 245 1019 279; x_wconf 81' lang='grc' dir='ltr'>νήφουσαν,</span> 
     </span>
    </p>
   </div>
   <div class='ocr_carea' id='block_1_4' title="bbox 237 284 1021 322">
    <p class='ocr_par' dir='ltr' id='par_1_4' title="bbox 237 284 1021 322">
     <span class='ocr_line' id='line_1_4' title="bbox 237 284 1021 322; baseline 0.004 -12"><span class='ocrx_word' id='word_1_21' title='bbox 237 284 431 320; x_wconf 83' lang='grc' dir='ltr'>σωφρονοῦσαν</span> <span class='ocrx_word' id='word_1_22' title='bbox 453 286 499 313; x_wconf 73' lang='grc' dir='ltr'>καὶ</span> <span class='ocrx_word' id='word_1_23' title='bbox 514 286 747 322; x_wconf 82' lang='grc' dir='ltr'>κατεσταλμένην,</span> <span class='ocrx_word' id='word_1_24' title='bbox 772 286 959 322; x_wconf 85' lang='grc' dir='ltr'>μετανοοῦσαν</span> <span class='ocrx_word' id='word_1_25' title='bbox 972 287 1021 313; x_wconf 78' lang='grc' dir='ltr'>καὶ</span> 
     </span>
    </p>
   </div>
   <div class='ocr_carea' id='block_1_5' title="bbox 235 327 1020 363">
    <p class='ocr_par' dir='ltr' id='par_1_5' title="bbox 235 327 1020 363">
     <span class='ocr_line' id='line_1_5' title="bbox 235 327 1020 363; baseline 0.003 -11"><span class='ocrx_word' id='word_1_26' title='bbox 235 327 488 362; x_wconf 84' lang='grc' dir='ltr'>κατανενυγμένην.</span> <span class='ocrx_word' id='word_1_27' title='bbox 506 328 600 355; x_wconf 84' lang='grc' dir='ltr'>Ταῦτα</span> <span class='ocrx_word' id='word_1_28' title='bbox 620 329 727 355; x_wconf 86' lang='grc' dir='ltr'>ἐκείνου</span> <span class='ocrx_word' id='word_1_29' title='bbox 755 328 789 355; x_wconf 81' lang='grc' dir='ltr'>τὰ</span> <span class='ocrx_word' id='word_1_30' title='bbox 810 328 885 363; x_wconf 88' lang='grc' dir='ltr'>δῶρα</span> <span class='ocrx_word' id='word_1_31' title='bbox 898 348 906 359; x_wconf 86' lang='grc'>,</span> <span class='ocrx_word' id='word_1_32' title='bbox 928 328 1020 362; x_wconf 82' lang='grc' dir='ltr'>ἐπειδὴ</span> 
     </span>
    </p>
   </div>
   <div class='ocr_carea' id='block_1_6' title="bbox 235 369 1021 408">
    <p class='ocr_par' dir='ltr' id='par_1_6' title="bbox 235 369 1021 408">
     <span class='ocr_line' id='line_1_6' title="bbox 235 369 1021 408; baseline 0 -12"><span class='ocrx_word' id='word_1_33' title='bbox 235 370 283 396; x_wconf 81' lang='grc' dir='ltr'>καὶ</span> <span class='ocrx_word' id='word_1_34' title='bbox 298 369 393 396; x_wconf 87' lang='grc' dir='ltr'>τούτου</span> <span class='ocrx_word' id='word_1_35' title='bbox 406 370 471 403; x_wconf 82' lang='grc' dir='ltr'>ἡμῖν</span> <span class='ocrx_word' id='word_1_36' title='bbox 492 370 572 405; x_wconf 82' lang='grc' dir='ltr'>χρεία</span> <span class='ocrx_word' id='word_1_37' title='bbox 589 370 647 406; x_wconf 74' lang='lat'>[99]</span> <span class='ocrx_word' id='word_1_38' title='bbox 665 370 795 405; x_wconf 85' lang='grc' dir='ltr'>μάλιστα.</span> <span class='ocrx_word' id='word_1_39' title='bbox 812 370 869 397; x_wconf 76' lang='grc' dir='ltr'>Καὶ</span> <span class='ocrx_word' id='word_1_40' title='bbox 880 370 934 405; x_wconf 89' lang='grc' dir='ltr'>γάρ</span> <span class='ocrx_word' id='word_1_41' title='bbox 945 369 1021 408; x_wconf 60' lang='grc' dir='ltr'>ἁγιξεν</span> 
     </span>
    </p>
   </div>
   <div class='ocr_carea' id='block_1_7' title="bbox 235 411 1021 447">
    <p class='ocr_par' dir='ltr' id='par_1_7' title="bbox 235 411 1021 447">
     <span class='ocr_line' id='line_1_7' title="bbox 235 411 1021 447; baseline 0.001 -11"><span class='ocrx_word' id='word_1_42' title='bbox 235 411 370 445; x_wconf 83' lang='grc' dir='ltr'>ἐφέστηκε</span> <span class='ocrx_word' id='word_1_43' title='bbox 382 411 511 445; x_wconf 78' lang='grc' dir='ltr'>χαλεπὸς,</span> <span class='ocrx_word' id='word_1_44' title='bbox 522 411 569 437; x_wconf 71' lang='grc' dir='ltr'>καὶ</span> <span class='ocrx_word' id='word_1_45' title='bbox 580 411 648 447; x_wconf 85' lang='grc' dir='ltr'>πρὸς</span> <span class='ocrx_word' id='word_1_46' title='bbox 659 413 709 443; x_wconf 83' lang='grc' dir='ltr'>τὰς</span> <span class='ocrx_word' id='word_1_47' title='bbox 724 412 857 447; x_wconf 82' lang='grc' dir='ltr'>ἀοράτους</span> <span class='ocrx_word' id='word_1_48' title='bbox 868 412 934 447; x_wconf 82' lang='grc' dir='ltr'>ἡμῖν</span> <span class='ocrx_word' id='word_1_49' title='bbox 945 411 1021 438; x_wconf 86' lang='grc' dir='ltr'>δυνά-</span> 
     </span>
    </p>
   </div>
   <div class='ocr_carea' id='block_1_8' title="bbox 237 453 1020 493">
    <p class='ocr_par' dir='ltr' id='par_1_8' title="bbox 237 453 1020 493">
     <span class='ocr_line' id='line_1_8' title="bbox 237 453 1020 493; baseline 0.001 -13"><span class='ocrx_word' id='word_1_50' title='bbox 237 462 298 488; x_wconf 86' lang='grc' dir='ltr'>μεις</span> <span class='ocrx_word' id='word_1_51' title='bbox 319 455 335 489; x_wconf 82' lang='grc' dir='ltr'>ἡ</span> <span class='ocrx_word' id='word_1_52' title='bbox 352 453 435 493; x_wconf 52' lang='grc' dir='ltr'>πάλη,</span> <span class='ocrx_word' id='word_1_53' title='bbox 454 454 523 488; x_wconf 75' lang='grc' dir='ltr'>πρὸς</span> <span class='ocrx_word' id='word_1_54' title='bbox 544 454 578 481; x_wconf 83' lang='grc' dir='ltr'>τὰ</span> <span class='ocrx_word' id='word_1_55' title='bbox 596 455 773 490; x_wconf 84' lang='grc' dir='ltr'>πνευματικὰ</span> <span class='ocrx_word' id='word_1_56' title='bbox 788 455 837 490; x_wconf 88' lang='grc' dir='ltr'>τῆς</span> <span class='ocrx_word' id='word_1_57' title='bbox 858 454 990 489; x_wconf 78' lang='grc' dir='ltr'>πονηρίας</span> <span class='ocrx_word' id='word_1_58' title='bbox 1003 455 1020 489; x_wconf 85' lang='grc' dir='ltr'><strong>ἠ</strong></span> 
     </span>
    </p>
   </div>
   <div class='ocr_carea' id='block_1_9' title="bbox 237 495 1019 533">
    <p class='ocr_par' dir='ltr' id='par_1_9' title="bbox 237 495 1019 533">
     <span class='ocr_line' id='line_1_9' title="bbox 237 495 1019 533; baseline 0 -11"><span class='ocrx_word' id='word_1_59' title='bbox 237 497 322 532; x_wconf 83' lang='grc' dir='ltr'>μάχη,</span> <span class='ocrx_word' id='word_1_60' title='bbox 332 497 400 533; x_wconf 74' lang='grc' dir='ltr'>πρὸς</span> <span class='ocrx_word' id='word_1_61' title='bbox 411 496 461 529; x_wconf 76' lang='grc' dir='ltr'>τὰς</span> <span class='ocrx_word' id='word_1_62' title='bbox 471 495 570 532; x_wconf 80' lang='grc' dir='ltr'>ἀρχὰς,</span> <span class='ocrx_word' id='word_1_63' title='bbox 582 497 650 532; x_wconf 76' lang='grc' dir='ltr'>πρὸς</span> <span class='ocrx_word' id='word_1_64' title='bbox 662 497 711 527; x_wconf 81' lang='grc' dir='ltr'>τὰς</span> <span class='ocrx_word' id='word_1_65' title='bbox 724 497 850 530; x_wconf 79' lang='grc' dir='ltr'>ἐξουσίας</span> <span class='ocrx_word' id='word_1_66' title='bbox 861 497 875 523; x_wconf 95' lang='lat'>6</span> <span class='ocrx_word' id='word_1_67' title='bbox 888 497 1019 531; x_wconf 85' lang='grc' dir='ltr'>πόλεμος·</span> 
     </span>
    </p>
   </div>
   <div class='ocr_carea' id='block_1_10' title="bbox 235 539 1022 576">
    <p class='ocr_par' dir='ltr' id='par_1_10' title="bbox 235 539 1022 576">
     <span class='ocr_line' id='line_1_10' title="bbox 235 539 1022 576; baseline 0.001 -11"><span class='ocrx_word' id='word_1_68' title='bbox 235 540 283 566; x_wconf 72' lang='grc' dir='ltr'>καὶ</span> <span class='ocrx_word' id='word_1_69' title='bbox 300 539 442 574; x_wconf 75' lang='grc' dir='ltr'>ἀγαπητὸν</span> <span class='ocrx_word' id='word_1_70' title='bbox 459 539 660 572; x_wconf 78' lang='grc' dir='ltr'>σπουδάζοντας</span> <span class='ocrx_word' id='word_1_71' title='bbox 674 540 749 575; x_wconf 79' lang='grc' dir='ltr'>ἡμᾶς</span> <span class='ocrx_word' id='word_1_72' title='bbox 764 539 811 566; x_wconf 79' lang='grc' dir='ltr'>καὶ</span> <span class='ocrx_word' id='word_1_73' title='bbox 825 541 960 576; x_wconf 83' lang='grc' dir='ltr'>νήφοντας</span> <span class='ocrx_word' id='word_1_74' title='bbox 974 539 1022 566; x_wconf 80' lang='grc' dir='ltr'>καὶ</span> 
     </span>
    </p>
   </div>
   <div class='ocr_carea' id='block_1_11' title="bbox 235 581 1022 617">
    <p class='ocr_par' dir='ltr' id='par_1_11' title="bbox 235 581 1022 617">
     <span class='ocr_line' id='line_1_11' title="bbox 235 581 1022 617; baseline 0 -10"><span class='ocrx_word' id='word_1_75' title='bbox 235 581 466 616; x_wconf 80' lang='grc' dir='ltr'>διεγηγερμένους</span> <span class='ocrx_word' id='word_1_76' title='bbox 480 601 488 613; x_wconf 89' lang='grc'>,</span> <span class='ocrx_word' id='word_1_77' title='bbox 507 581 657 616; x_wconf 84' lang='grc' dir='ltr'>δυνηθῆναι</span> <span class='ocrx_word' id='word_1_78' title='bbox 681 581 732 617; x_wconf 82' lang='grc' dir='ltr'>τὴν</span> <span class='ocrx_word' id='word_1_79' title='bbox 753 581 855 616; x_wconf 86' lang='grc' dir='ltr'>ἀγρίαν</span> <span class='ocrx_word' id='word_1_80' title='bbox 879 581 988 616; x_wconf 84' lang='grc' dir='ltr'>ἐκείνην</span> <span class='ocrx_word' id='word_1_81' title='bbox 997 581 1022 597; x_wconf 83' lang='grc'>⁷³</span> 
     </span>
    </p>
   </div>
   <div class='ocr_carea' id='block_1_12' title="bbox 235 622 1021 658">
    <p class='ocr_par' dir='ltr' id='par_1_12' title="bbox 235 622 1021 658">
     <span class='ocr_line' id='line_1_12' title="bbox 235 622 1021 658; baseline -0.001 -9"><span class='ocrx_word' id='word_1_82' title='bbox 235 623 364 657; x_wconf 80' lang='grc' dir='ltr'>φάλαγγα</span> <span class='ocrx_word' id='word_1_83' title='bbox 376 624 509 656; x_wconf 81' lang='grc' dir='ltr'>ἐνεγκεῖν.</span> <span class='ocrx_word' id='word_1_84' title='bbox 519 623 569 649; x_wconf 74' lang='lat' dir='ltr'>“Av</span> <span class='ocrx_word' id='word_1_85' title='bbox 579 623 608 649; x_wconf 88' lang='grc' dir='ltr'>δέ</span> <span class='ocrx_word' id='word_1_86' title='bbox 617 623 742 658; x_wconf 83' lang='grc' dir='ltr'>γελῶμεν</span> <span class='ocrx_word' id='word_1_87' title='bbox 754 623 802 650; x_wconf 75' lang='grc' dir='ltr'>καὶ</span> <span class='ocrx_word' id='word_1_88' title='bbox 812 623 965 658; x_wconf 83' lang='grc' dir='ltr'>παίζωμεν,</span> <span class='ocrx_word' id='word_1_89' title='bbox 973 622 1021 648; x_wconf 77' lang='grc' dir='ltr'>καὶ</span> 
     </span>
    </p>
   </div>
   <div class='ocr_carea' id='block_1_13' title="bbox 234 663 1022 700">
    <p class='ocr_par' dir='ltr' id='par_1_13' title="bbox 234 663 1022 700">
     <span class='ocr_line' id='line_1_13' title="bbox 234 663 1022 700; baseline 0 -10"><span class='ocrx_word' id='word_1_90' title='bbox 234 665 380 696; x_wconf 73' lang='grc' dir='ltr'>διαπαντὸς</span> <span class='ocrx_word' id='word_1_91' title='bbox 397 664 576 699; x_wconf 75' lang='grc' dir='ltr'>ῥαθυμῶμεν,</span> <span class='ocrx_word' id='word_1_92' title='bbox 594 664 642 691; x_wconf 84' lang='grc' dir='ltr'>καὶ</span> <span class='ocrx_word' id='word_1_93' title='bbox 662 665 716 700; x_wconf 80' lang='grc' dir='ltr'>πρὸ</span> <span class='ocrx_word' id='word_1_94' title='bbox 739 665 791 699; x_wconf 87' lang='grc' dir='ltr'>τῆς</span> <span class='ocrx_word' id='word_1_95' title='bbox 808 664 947 700; x_wconf 82' lang='grc' dir='ltr'>συμϐολῆς</span> <span class='ocrx_word' id='word_1_96' title='bbox 969 663 1022 690; x_wconf 83' lang='grc' dir='ltr'>ὑπὸ</span> 
     </span>
    </p>
   </div>
   <div class='ocr_carea' id='block_1_14' title="bbox 234 705 1021 742">
    <p class='ocr_par' dir='ltr' id='par_1_14' title="bbox 234 705 1021 742">
     <span class='ocr_line' id='line_1_14' title="bbox 234 705 1021 742; baseline 0.001 -11"><span class='ocrx_word' id='word_1_97' title='bbox 234 706 285 741; x_wconf 76' lang='grc' dir='ltr'>τῆς</span> <span class='ocrx_word' id='word_1_98' title='bbox 308 706 413 737; x_wconf 80' lang='grc' dir='ltr'>οἰκείας</span> <span class='ocrx_word' id='word_1_99' title='bbox 439 706 672 741; x_wconf 85' lang='grc' dir='ltr'>καταπεσούμεθα</span> <span class='ocrx_word' id='word_1_100' title='bbox 694 706 841 742; x_wconf 76' lang='grc' dir='ltr'>ῥᾳθυμίας.</span> <span class='ocrx_word' id='word_1_101' title='bbox 868 705 908 734; x_wconf 89' lang='grc' dir='ltr'>Οὺ</span> <span class='ocrx_word' id='word_1_102' title='bbox 932 706 1021 733; x_wconf 87' lang='grc' dir='ltr'>τοίνυν</span> 
     </span>
    </p>
   </div>
   <div class='ocr_carea' id='block_1_15' title="bbox 235 747 1022 784">
    <p class='ocr_par' dir='ltr' id='par_1_15' title="bbox 235 747 1022 784">
     <span class='ocr_line' id='line_1_15' title="bbox 235 747 1022 784; baseline 0 -10"><span class='ocrx_word' id='word_1_103' title='bbox 235 748 372 783; x_wconf 80' lang='grc' dir='ltr'>ἡμέτερον</span> <span class='ocrx_word' id='word_1_104' title='bbox 393 748 424 774; x_wconf 82' lang='grc' dir='ltr'>τὸ</span> <span class='ocrx_word' id='word_1_105' title='bbox 441 748 524 783; x_wconf 80' lang='grc' dir='ltr'>γελᾷν</span> <span class='ocrx_word' id='word_1_106' title='bbox 551 748 685 784; x_wconf 84' lang='grc' dir='ltr'>διηνεκῶς</span> <span class='ocrx_word' id='word_1_107' title='bbox 713 749 760 775; x_wconf 75' lang='grc' dir='ltr'>καὶ</span> <span class='ocrx_word' id='word_1_108' title='bbox 776 748 945 782; x_wconf 77' lang='grc' dir='ltr'>θρύπτεσθαι</span> <span class='ocrx_word' id='word_1_109' title='bbox 973 747 1022 774; x_wconf 78' lang='grc' dir='ltr'>καὶ</span> 
     </span>
    </p>
   </div>
   <div class='ocr_carea' id='block_1_16' title="bbox 235 788 1021 826">
    <p class='ocr_par' dir='ltr' id='par_1_16' title="bbox 235 788 1021 826">
     <span class='ocr_line' id='line_1_16' title="bbox 235 788 1021 826; baseline 0.003 -11"><span class='ocrx_word' id='word_1_110' title='bbox 235 790 352 825; x_wconf 82' lang='grc' dir='ltr'>τρυφᾷν,</span> <span class='ocrx_word' id='word_1_111' title='bbox 368 789 438 816; x_wconf 78' lang='grc' dir='ltr'>ἀλλὰ</span> <span class='ocrx_word' id='word_1_112' title='bbox 453 789 507 816; x_wconf 88' lang='grc' dir='ltr'>τῶν</span> <span class='ocrx_word' id='word_1_113' title='bbox 530 790 577 816; x_wconf 74' lang='grc' dir='ltr'>ἐπὶ</span> <span class='ocrx_word' id='word_1_114' title='bbox 603 790 718 825; x_wconf 80' lang='grc' dir='ltr'>σκηνῆς,</span> <span class='ocrx_word' id='word_1_115' title='bbox 743 790 797 817; x_wconf 82' lang='grc' dir='ltr'>τῶν</span> <span class='ocrx_word' id='word_1_116' title='bbox 817 788 1021 826; x_wconf 83' lang='grc' dir='ltr'>πορνευομένων</span> 
     </span>
    </p>
   </div>
   <div class='ocr_carea' id='block_1_17' title="bbox 235 832 1022 869">
    <p class='ocr_par' dir='ltr' id='par_1_17' title="bbox 235 832 1022 869">
     <span class='ocr_line' id='line_1_17' title="bbox 235 832 1022 869; baseline -0.003 -9"><span class='ocrx_word' id='word_1_117' title='bbox 235 834 383 868; x_wconf 84' lang='grc' dir='ltr'>γυναικῶν,</span> <span class='ocrx_word' id='word_1_118' title='bbox 399 834 454 860; x_wconf 85' lang='grc' dir='ltr'>τῶν</span> <span class='ocrx_word' id='word_1_119' title='bbox 469 834 508 865; x_wconf 92' lang='grc' dir='ltr'>εἰς</span> <span class='ocrx_word' id='word_1_120' title='bbox 522 834 602 860; x_wconf 88' lang='grc' dir='ltr'>τοῦτο</span> <span class='ocrx_word' id='word_1_121' title='bbox 618 833 827 869; x_wconf 74' lang='grc' dir='ltr'>ἐξυρημένωντδ</span> <span class='ocrx_word' id='word_1_122' title='bbox 839 833 955 869; x_wconf 87' lang='grc' dir='ltr'>ἀνδρῶν,</span> <span class='ocrx_word' id='word_1_123' title='bbox 966 832 1022 859; x_wconf 86' lang='grc' dir='ltr'>τῶν</span> 
     </span>
    </p>
   </div>
   <div class='ocr_carea' id='block_1_18' title="bbox 235 875 1022 911">
    <p class='ocr_par' dir='ltr' id='par_1_18' title="bbox 235 875 1022 911">
     <span class='ocr_line' id='line_1_18' title="bbox 235 875 1022 911; baseline -0.001 -9"><span class='ocrx_word' id='word_1_124' title='bbox 235 876 408 911; x_wconf 82' lang='grc' dir='ltr'>παρασίτων,</span> <span class='ocrx_word' id='word_1_125' title='bbox 424 875 479 902; x_wconf 87' lang='grc' dir='ltr'>τῶν</span> <span class='ocrx_word' id='word_1_126' title='bbox 495 875 620 902; x_wconf 81' lang='grc' dir='ltr'>κολάκων</span> <span class='ocrx_word' id='word_1_127' title='bbox 630 884 637 892; x_wconf 95' lang='grc'><strong>·</strong></span> <span class='ocrx_word' id='word_1_128' title='bbox 657 877 688 902; x_wconf 84' lang='grc' dir='ltr'>ού</span> <span class='ocrx_word' id='word_1_129' title='bbox 709 876 763 902; x_wconf 87' lang='grc' dir='ltr'>τῶν</span> <span class='ocrx_word' id='word_1_130' title='bbox 779 875 825 902; x_wconf 74' lang='grc' dir='ltr'>ἐπὶ</span> <span class='ocrx_word' id='word_1_131' title='bbox 847 876 893 902; x_wconf 84' lang='grc' dir='ltr'>τὸν</span> <span class='ocrx_word' id='word_1_132' title='bbox 908 875 1022 910; x_wconf 80' lang='grc' dir='ltr'>οὐρανὸν</span> 
     </span>
    </p>
   </div>
   <div class='ocr_carea' id='block_1_19' title="bbox 236 916 1023 953">
    <p class='ocr_par' dir='ltr' id='par_1_19' title="bbox 236 916 1023 953">
     <span class='ocr_line' id='line_1_19' title="bbox 236 916 1023 953; baseline -0.003 -9"><span class='ocrx_word' id='word_1_133' title='bbox 236 917 424 952; x_wconf 80' lang='grc' dir='ltr'>κεκλημένων.</span> <span class='ocrx_word' id='word_1_134' title='bbox 436 917 465 943; x_wconf 81' lang='grc' dir='ltr'>οὐ</span> <span class='ocrx_word' id='word_1_135' title='bbox 481 917 535 943; x_wconf 86' lang='grc' dir='ltr'>τῶν</span> <span class='ocrx_word' id='word_1_136' title='bbox 555 918 595 949; x_wconf 84' lang='grc' dir='ltr'>είς</span> <span class='ocrx_word' id='word_1_137' title='bbox 607 917 657 952; x_wconf 86' lang='grc' dir='ltr'>τὴν</span> <span class='ocrx_word' id='word_1_138' title='bbox 668 917 724 944; x_wconf 79' lang='grc' dir='ltr'>ἄνω</span> <span class='ocrx_word' id='word_1_139' title='bbox 735 917 812 943; x_wconf 81' lang='grc' dir='ltr'>πόλιν</span> <span class='ocrx_word' id='word_1_140' title='bbox 829 916 1023 953; x_wconf 82' lang='grc' dir='ltr'>ἐγγεγραμμέ-</span> 
     </span>
    </p>
   </div>
   <div class='ocr_carea' id='block_1_20' title="bbox 237 959 1023 995">
    <p class='ocr_par' dir='ltr' id='par_1_20' title="bbox 237 959 1023 995">
     <span class='ocr_line' id='line_1_20' title="bbox 237 959 1023 995; baseline -0.003 -8"><span class='ocrx_word' id='word_1_141' title='bbox 237 970 302 991; x_wconf 84' lang='grc' dir='ltr'>νων,</span> <span class='ocrx_word' id='word_1_142' title='bbox 317 961 346 986; x_wconf 88' lang='grc' dir='ltr'>οὺ</span> <span class='ocrx_word' id='word_1_143' title='bbox 369 961 423 986; x_wconf 81' lang='grc' dir='ltr'>τῶν</span> <span class='ocrx_word' id='word_1_144' title='bbox 438 959 508 986; x_wconf 85' lang='grc' dir='ltr'>ὅπλα</span> <span class='ocrx_word' id='word_1_145' title='bbox 529 959 719 994; x_wconf 81' lang='grc' dir='ltr'>βασταζόντων</span> <span class='ocrx_word' id='word_1_146' title='bbox 744 960 920 995; x_wconf 83' lang='grc' dir='ltr'>πνευματικὰ</span> <span class='ocrx_word' id='word_1_147' title='bbox 930 980 937 992; x_wconf 93' lang='grc'>,</span> <span class='ocrx_word' id='word_1_148' title='bbox 953 959 1023 986; x_wconf 80' lang='grc' dir='ltr'>ἀλλὰ</span> 
     </span>
    </p>
   </div>
   <div class='ocr_carea' id='block_1_21' title="bbox 235 1001 1021 1038">
    <p class='ocr_par' dir='ltr' id='par_1_21' title="bbox 235 1001 1021 1038">
     <span class='ocr_line' id='line_1_21' title="bbox 235 1001 1021 1038; baseline -0.003 -10"><span class='ocrx_word' id='word_1_149' title='bbox 235 1002 290 1028; x_wconf 87' lang='grc' dir='ltr'>τῶν</span> <span class='ocrx_word' id='word_1_150' title='bbox 306 1003 345 1038; x_wconf 85' lang='grc' dir='ltr'>τῷ</span> <span class='ocrx_word' id='word_1_151' title='bbox 376 1002 493 1037; x_wconf 77' lang='grc' dir='ltr'>διαϐόλῳ</span> <span class='ocrx_word' id='word_1_152' title='bbox 514 1001 697 1036; x_wconf 81' lang='grc' dir='ltr'>τελουμένων.</span> <span class='ocrx_word' id='word_1_153' title='bbox 719 1002 838 1033; x_wconf 86' lang='grc' dir='ltr'>Ἐκεῖνος</span> <span class='ocrx_word' id='word_1_154' title='bbox 858 1001 913 1036; x_wconf 87' lang='grc' dir='ltr'>γάρ</span> <span class='ocrx_word' id='word_1_155' title='bbox 937 1001 1021 1033; x_wconf 81' lang='grc' dir='ltr'>ἐστιν,</span> 
     </span>
    </p>
   </div>
   <div class='ocr_carea' id='block_1_22' title="bbox 235 1042 1023 1078">
    <p class='ocr_par' dir='ltr' id='par_1_22' title="bbox 235 1042 1023 1078">
     <span class='ocr_line' id='line_1_22' title="bbox 235 1042 1023 1078; baseline -0.003 -8"><span class='ocrx_word' id='word_1_156' title='bbox 235 1045 350 1074; x_wconf 85' lang='grc' dir='ltr'>ἐκεῖνος.</span> <span class='ocrx_word' id='word_1_157' title='bbox 365 1045 379 1070; x_wconf 86' lang='lat'>6</span> <span class='ocrx_word' id='word_1_158' title='bbox 401 1044 449 1070; x_wconf 74' lang='grc' dir='ltr'>καὶ</span> <span class='ocrx_word' id='word_1_159' title='bbox 467 1043 565 1078; x_wconf 83' lang='grc' dir='ltr'>τέχνην</span> <span class='ocrx_word' id='word_1_160' title='bbox 579 1044 608 1069; x_wconf 73' lang='grc' dir='ltr'>τὸ</span> <span class='ocrx_word' id='word_1_161' title='bbox 620 1044 737 1078; x_wconf 85' lang='grc' dir='ltr'>πρᾶγμα</span> <span class='ocrx_word' id='word_1_162' title='bbox 753 1043 885 1077; x_wconf 84' lang='grc' dir='ltr'>ποιήσας,</span> <span class='ocrx_word' id='word_1_163' title='bbox 901 1042 945 1069; x_wconf 84' lang='grc' dir='ltr'>ἵνα</span> <span class='ocrx_word' id='word_1_164' title='bbox 959 1042 1023 1073; x_wconf 85' lang='grc' dir='ltr'>τοὺς</span> 
     </span>
    </p>
   </div>
   <div class='ocr_carea' id='block_1_23' title="bbox 236 1083 1022 1122">
    <p class='ocr_par' dir='ltr' id='par_1_23' title="bbox 236 1083 1022 1122">
     <span class='ocr_line' id='line_1_23' title="bbox 236 1083 1022 1122; baseline -0.001 -10"><span class='ocrx_word' id='word_1_165' title='bbox 236 1085 406 1121; x_wconf 85' lang='grc' dir='ltr'>στρατιώτας</span> <span class='ocrx_word' id='word_1_166' title='bbox 420 1086 522 1122; x_wconf 78' lang='grc' dir='ltr'>ὲκλύσῃ</span> <span class='ocrx_word' id='word_1_167' title='bbox 532 1085 554 1100; x_wconf 85' lang='grc'>⁷⁸</span> <span class='ocrx_word' id='word_1_168' title='bbox 564 1084 612 1111; x_wconf 86' lang='grc' dir='ltr'>τοῦ</span> <span class='ocrx_word' id='word_1_169' title='bbox 627 1084 758 1121; x_wconf 79' lang='grc' dir='ltr'>Χριστοῦ,</span> <span class='ocrx_word' id='word_1_170' title='bbox 774 1085 822 1111; x_wconf 82' lang='grc' dir='ltr'>καὶ</span> <span class='ocrx_word' id='word_1_171' title='bbox 839 1083 1022 1119; x_wconf 82' lang='grc' dir='ltr'>μαλακώτερα.</span> 
     </span>
    </p>
   </div>
   <div class='ocr_carea' id='block_1_24' title="bbox 234 1126 1023 1163">
    <p class='ocr_par' dir='ltr' id='par_1_24' title="bbox 234 1126 1023 1163">
     <span class='ocr_line' id='line_1_24' title="bbox 234 1126 1023 1163; baseline -0.003 -9"><span class='ocrx_word' id='word_1_172' title='bbox 234 1127 326 1154; x_wconf 80' lang='grc' dir='ltr'>αὐτῶν</span> <span class='ocrx_word' id='word_1_173' title='bbox 340 1128 440 1163; x_wconf 78' lang='grc' dir='ltr'>ποιήσῃ</span> <span class='ocrx_word' id='word_1_174' title='bbox 459 1129 508 1161; x_wconf 87' lang='grc' dir='ltr'>τῆς</span> <span class='ocrx_word' id='word_1_175' title='bbox 530 1126 687 1162; x_wconf 83' lang='grc' dir='ltr'>προθυμίας</span> <span class='ocrx_word' id='word_1_176' title='bbox 708 1126 743 1152; x_wconf 76' lang='grc' dir='ltr'>τὰ</span> <span class='ocrx_word' id='word_1_177' title='bbox 758 1126 852 1161; x_wconf 73' lang='grc' dir='ltr'>νεῦρα,</span> <span class='ocrx_word' id='word_1_178' title='bbox 874 1126 924 1153; x_wconf 82' lang='grc' dir='ltr'>Διὰ</span> <span class='ocrx_word' id='word_1_179' title='bbox 943 1126 1023 1152; x_wconf 89' lang='grc' dir='ltr'>τοῦτο</span> 
     </span>
    </p>
   </div>
   <div class='ocr_carea' id='block_1_25' title="bbox 236 1168 1022 1204">
    <p class='ocr_par' dir='ltr' id='par_1_25' title="bbox 236 1168 1022 1204">
     <span class='ocr_line' id='line_1_25' title="bbox 236 1168 1022 1204; baseline -0.003 -8"><span class='ocrx_word' id='word_1_180' title='bbox 236 1169 283 1196; x_wconf 75' lang='grc' dir='ltr'>καὶ</span> <span class='ocrx_word' id='word_1_181' title='bbox 301 1169 402 1204; x_wconf 81' lang='grc' dir='ltr'>θέατρα</span> <span class='ocrx_word' id='word_1_182' title='bbox 425 1169 602 1204; x_wconf 76' lang='grc' dir='ltr'>ᾠκοδόμησεν</span> <span class='ocrx_word' id='word_1_183' title='bbox 624 1169 653 1194; x_wconf 83' lang='grc' dir='ltr'>ἐν</span> <span class='ocrx_word' id='word_1_184' title='bbox 675 1169 735 1199; x_wconf 85' lang='grc' dir='ltr'>ταῖς</span> <span class='ocrx_word' id='word_1_185' title='bbox 760 1168 868 1200; x_wconf 76' lang='grc' dir='ltr'>πόλεσι,</span> <span class='ocrx_word' id='word_1_186' title='bbox 890 1168 937 1195; x_wconf 66' lang='grc' dir='ltr'>καὶ¹</span> <span class='ocrx_word' id='word_1_187' title='bbox 959 1168 1022 1200; x_wconf 83' lang='grc' dir='ltr'>τοὺς</span> 
     </span>
    </p>
   </div>
   <div class='ocr_carea' id='block_1_26' title="bbox 235 1210 1022 1246">
    <p class='ocr_par' dir='ltr' id='par_1_26' title="bbox 235 1210 1022 1246">
     <span class='ocr_line' id='line_1_26' title="bbox 235 1210 1022 1246; baseline -0.001 -9"><span class='ocrx_word' id='word_1_188' title='bbox 235 1211 435 1246; x_wconf 82' lang='grc' dir='ltr'>γελωτοποιοὺς</span> <span class='ocrx_word' id='word_1_189' title='bbox 449 1211 571 1242; x_wconf 75' lang='grc' dir='ltr'>ἐκείνους</span> <span class='ocrx_word' id='word_1_190' title='bbox 586 1211 720 1246; x_wconf 80' lang='grc' dir='ltr'>ἀσκήσας,</span> <span class='ocrx_word' id='word_1_191' title='bbox 732 1210 775 1237; x_wconf 82' lang='grc' dir='ltr'>διὰ</span> <span class='ocrx_word' id='word_1_192' title='bbox 784 1210 833 1245; x_wconf 81' lang='grc' dir='ltr'>τῆς</span> <span class='ocrx_word' id='word_1_193' title='bbox 847 1211 961 1238; x_wconf 77' lang='grc' dir='ltr'>ἐκείνων</span> <span class='ocrx_word' id='word_1_194' title='bbox 974 1210 1022 1237; x_wconf 91' lang='grc' dir='ltr'>λύ-</span> 
     </span>
    </p>
   </div>
   <div class='ocr_carea' id='block_1_27' title="bbox 237 1252 1023 1288">
    <p class='ocr_par' dir='ltr' id='par_1_27' title="bbox 237 1252 1023 1288">
     <span class='ocr_line' id='line_1_27' title="bbox 237 1252 1023 1288; baseline -0.003 -8"><span class='ocrx_word' id='word_1_195' title='bbox 237 1261 293 1288; x_wconf 86' lang='grc' dir='ltr'>μης</span> <span class='ocrx_word' id='word_1_196' title='bbox 313 1253 384 1280; x_wconf 84' lang='grc' dir='ltr'>κατὰ</span> <span class='ocrx_word' id='word_1_197' title='bbox 404 1254 454 1287; x_wconf 83' lang='grc' dir='ltr'>τῆς</span> <span class='ocrx_word' id='word_1_198' title='bbox 473 1252 578 1283; x_wconf 83' lang='grc' dir='ltr'>πόλεως</span> <span class='ocrx_word' id='word_1_199' title='bbox 599 1252 708 1287; x_wconf 76' lang='grc' dir='ltr'>ἁπάσης</span> <span class='ocrx_word' id='word_1_200' title='bbox 725 1252 770 1279; x_wconf 76' lang='grc' dir='ltr'>τὸν</span> <span class='ocrx_word' id='word_1_201' title='bbox 784 1252 906 1279; x_wconf 88' lang='grc' dir='ltr'>τοιοῦτον</span> <span class='ocrx_word' id='word_1_202' title='bbox 924 1252 1023 1288; x_wconf 85' lang='grc' dir='ltr'>ἐνσκή-</span> 
     </span>
    </p>
   </div>
   <div class='ocr_carea' id='block_1_28' title="bbox 235 1293 1025 1330">
    <p class='ocr_par' dir='ltr' id='par_1_28' title="bbox 235 1293 1025 1330">
     <span class='ocr_line' id='line_1_28' title="bbox 235 1293 1025 1330; baseline 0.001 -10"><span class='ocrx_word' id='word_1_203' title='bbox 235 1295 328 1321; x_wconf 82' lang='grc' dir='ltr'>πτει⁷⁶</span> <span class='ocrx_word' id='word_1_204' title='bbox 335 1294 438 1329; x_wconf 86' lang='grc' dir='ltr'>λοιμόν·</span> <span class='ocrx_word' id='word_1_205' title='bbox 450 1294 467 1321; x_wconf 83' lang='grc' dir='ltr'>δι</span> <span class='ocrx_word' id='word_1_206' title='bbox 479 1293 589 1328; x_wconf 80' lang='grc' dir='ltr'>φεύγειν</span> <span class='ocrx_word' id='word_1_207' title='bbox 597 1294 611 1320; x_wconf 89' lang='grc' dir='ltr'>ό</span> <span class='ocrx_word' id='word_1_208' title='bbox 618 1294 722 1325; x_wconf 83' lang='grc' dir='ltr'>Παῦλος</span> <span class='ocrx_word' id='word_1_209' title='bbox 730 1294 868 1327; x_wconf 79' lang='grc' dir='ltr'>ἐκέλευσε,</span> <span class='ocrx_word' id='word_1_210' title='bbox 875 1294 924 1329; x_wconf 84' lang='grc' dir='ltr'>τὴν</span> <span class='ocrx_word' id='word_1_211' title='bbox 935 1303 1025 1330; x_wconf 81' lang='grc' dir='ltr'>μωρο-</span> 
     </span>
    </p>
   </div>
   <div class='ocr_carea' id='block_1_29' title="bbox 235 1335 1023 1372">
    <p class='ocr_par' dir='ltr' id='par_1_29' title="bbox 235 1335 1023 1372">
     <span class='ocr_line' id='line_1_29' title="bbox 235 1335 1023 1372; baseline 0 -10"><span class='ocrx_word' id='word_1_212' title='bbox 235 1335 329 1370; x_wconf 82' lang='grc' dir='ltr'>λογίαν</span> <span class='ocrx_word' id='word_1_213' title='bbox 345 1336 449 1370; x_wconf 78' lang='grc' dir='ltr'>καὶτὴν</span> <span class='ocrx_word' id='word_1_214' title='bbox 461 1335 642 1372; x_wconf 74' lang='grc' dir='ltr'>εὐτραπελίαν</span> <span class='ocrx_word' id='word_1_215' title='bbox 651 1336 685 1368; x_wconf 89' lang='grc'>⁷⁷,</span> <span class='ocrx_word' id='word_1_216' title='bbox 694 1336 780 1363; x_wconf 85' lang='grc' dir='ltr'>ταῦτα</span> <span class='ocrx_word' id='word_1_217' title='bbox 790 1336 897 1364; x_wconf 85' lang='grc' dir='ltr'>διώκειν</span> <span class='ocrx_word' id='word_1_218' title='bbox 909 1337 1023 1363; x_wconf 84' lang='grc' dir='ltr'>ἀναπεί-</span> 
     </span>
    </p>
   </div>
   <div class='ocr_carea' id='block_1_30' title="bbox 237 1377 1024 1413">
    <p class='ocr_par' dir='ltr' id='par_1_30' title="bbox 237 1377 1024 1413">
     <span class='ocr_line' id='line_1_30' title="bbox 237 1377 1024 1413; baseline 0 -8"><span class='ocrx_word' id='word_1_219' title='bbox 237 1379 302 1405; x_wconf 89' lang='grc' dir='ltr'>θων.</span> <span class='ocrx_word' id='word_1_220' title='bbox 317 1379 373 1405; x_wconf 77' lang='grc' dir='ltr'>Καὶ</span> <span class='ocrx_word' id='word_1_221' title='bbox 385 1378 416 1404; x_wconf 80' lang='grc' dir='ltr'>τὺ</span> <span class='ocrx_word' id='word_1_222' title='bbox 430 1377 462 1413; x_wconf 86' lang='grc' dir='ltr'>δὴ</span> <span class='ocrx_word' id='word_1_223' title='bbox 478 1377 670 1413; x_wconf 84' lang='grc' dir='ltr'>χαλεπώτερον</span> <span class='ocrx_word' id='word_1_224' title='bbox 685 1378 788 1404; x_wconf 89' lang='grc' dir='ltr'>τούτων</span> <span class='ocrx_word' id='word_1_225' title='bbox 803 1379 819 1413; x_wconf 86' lang='grc' dir='ltr'>ἡ</span> <span class='ocrx_word' id='word_1_226' title='bbox 842 1377 890 1404; x_wconf 90' lang='grc' dir='ltr'>τοῦ</span> <span class='ocrx_word' id='word_1_227' title='bbox 905 1378 1024 1412; x_wconf 84' lang='grc' dir='ltr'>γέλωτός</span> 
     </span>
    </p>
   </div>
   <div class='ocr_carea' id='block_1_31' title="bbox 236 1419 1024 1455">
    <p class='ocr_par' dir='ltr' id='par_1_31' title="bbox 236 1419 1024 1455">
     <span class='ocr_line' id='line_1_31' title="bbox 236 1419 1024 1455; baseline 0 -8"><span class='ocrx_word' id='word_1_228' title='bbox 236 1421 309 1447; x_wconf 82' lang='grc' dir='ltr'>ἐστιν</span> <span class='ocrx_word' id='word_1_229' title='bbox 323 1420 461 1451; x_wconf 78' lang='grc' dir='ltr'>ὑπόθεσις.</span> <span class='ocrx_word' id='word_1_230' title='bbox 474 1420 558 1446; x_wconf 87' lang='grc' dir='ltr'>Ὀταν</span> <span class='ocrx_word' id='word_1_231' title='bbox 573 1420 621 1455; x_wconf 87' lang='grc' dir='ltr'>μὲν</span> <span class='ocrx_word' id='word_1_232' title='bbox 633 1420 688 1455; x_wconf 85' lang='grc' dir='ltr'>γὰρ</span> <span class='ocrx_word' id='word_1_233' title='bbox 701 1419 860 1455; x_wconf 85' lang='grc' dir='ltr'>βλάσφημόν</span> <span class='ocrx_word' id='word_1_234' title='bbox 871 1429 898 1447; x_wconf 92' lang='grc' dir='ltr'>τι</span> <span class='ocrx_word' id='word_1_235' title='bbox 910 1421 1024 1448; x_wconf 69' lang='grc' dir='ltr'>εἴπωσιν</span> 
     </span>
    </p>
   </div>
   <div class='ocr_carea' id='block_1_32' title="bbox 235 1459 1024 1495">
    <p class='ocr_par' dir='ltr' id='par_1_32' title="bbox 235 1459 1024 1495">
     <span class='ocr_line' id='line_1_32' title="bbox 235 1459 1024 1495; baseline 0.001 -9"><span class='ocrx_word' id='word_1_236' title='bbox 235 1461 252 1495; x_wconf 89' lang='grc' dir='ltr'>ἣ</span> <span class='ocrx_word' id='word_1_237' title='bbox 268 1460 381 1495; x_wconf 83' lang='grc' dir='ltr'>αἰσχρὸν</span> <span class='ocrx_word' id='word_1_238' title='bbox 391 1460 416 1485; x_wconf 87' lang='grc' dir='ltr'>οἱ</span> <span class='ocrx_word' id='word_1_239' title='bbox 437 1461 515 1494; x_wconf 87' lang='grc' dir='ltr'>μῖμοι</span> <span class='ocrx_word' id='word_1_240' title='bbox 528 1459 583 1486; x_wconf 91' lang='grc' dir='ltr'>τῶν</span> <span class='ocrx_word' id='word_1_241' title='bbox 594 1459 706 1493; x_wconf 82' lang='grc' dir='ltr'>γελοίων</span> <span class='ocrx_word' id='word_1_242' title='bbox 721 1460 845 1489; x_wconf 80' lang='grc' dir='ltr'>ἐκείνων,</span> <span class='ocrx_word' id='word_1_243' title='bbox 856 1460 917 1486; x_wconf 84' lang='grc' dir='ltr'>τότε</span> <span class='ocrx_word' id='word_1_244' title='bbox 931 1460 1024 1487; x_wconf 78' lang='grc' dir='ltr'>πολλοὶ</span> 
     </span>
    </p>
   </div>
   <div class='ocr_carea' id='block_1_33' title="bbox 235 1499 1024 1539">
    <p class='ocr_par' dir='ltr' id='par_1_33' title="bbox 235 1499 1024 1539">
     <span class='ocr_line' id='line_1_33' title="bbox 235 1499 1024 1539; baseline -0.004 -8"><span class='ocrx_word' id='word_1_245' title='bbox 235 1505 290 1531; x_wconf 90' lang='grc' dir='ltr'>τῶν</span> <span class='ocrx_word' id='word_1_246' title='bbox 304 1503 492 1539; x_wconf 78' lang='grc' dir='ltr'>ἀνοητοτέρων</span> <span class='ocrx_word' id='word_1_247' title='bbox 517 1503 617 1537; x_wconf 79' lang='grc' dir='ltr'>γελῶσι</span> <span class='ocrx_word' id='word_1_248' title='bbox 641 1503 688 1529; x_wconf 71' lang='grc' dir='ltr'>καὶ</span> <span class='ocrx_word' id='word_1_249' title='bbox 704 1502 862 1537; x_wconf 87' lang='grc' dir='ltr'>τέρπονται,</span> <span class='ocrx_word' id='word_1_250' title='bbox 891 1502 961 1538; x_wconf 82' lang='grc' dir='ltr'>ὑπὲρ</span> <span class='ocrx_word' id='word_1_251' title='bbox 986 1499 1024 1529; x_wconf 86' lang='grc' dir='ltr'>ὧν</span> 
     </span>
    </p>
   </div>
   <div class='ocr_carea' id='block_1_34' title="bbox 235 1543 1024 1581">
    <p class='ocr_par' dir='ltr' id='par_1_34' title="bbox 235 1543 1024 1581">
     <span class='ocr_line' id='line_1_34' title="bbox 235 1543 1024 1581; baseline -0.004 -8"><span class='ocrx_word' id='word_1_252' title='bbox 235 1547 336 1578; x_wconf 82' lang='grc' dir='ltr'>αὐτοὺς</span> <span class='ocrx_word' id='word_1_253' title='bbox 350 1545 470 1577; x_wconf 80' lang='grc' dir='ltr'>λιθάζειν</span> <span class='ocrx_word' id='word_1_254' title='bbox 482 1545 578 1581; x_wconf 81' lang='grc' dir='ltr'>ἐχρῆν,</span> <span class='ocrx_word' id='word_1_255' title='bbox 598 1545 668 1580; x_wconf 84' lang='grc' dir='ltr'>ὑπὲρ</span> <span class='ocrx_word' id='word_1_256' title='bbox 679 1544 782 1571; x_wconf 85' lang='grc' dir='ltr'>τούτων</span> <span class='ocrx_word' id='word_1_257' title='bbox 793 1543 965 1580; x_wconf 81' lang='grc' dir='ltr'>κροτοῦντες,</span> <span class='ocrx_word' id='word_1_258' title='bbox 977 1545 1024 1571; x_wconf 78' lang='grc' dir='ltr'>καὶ</span> 
     </span>
    </p>
   </div>
   <div class='ocr_carea' id='block_1_35' title="bbox 235 1585 1025 1625">
    <p class='ocr_par' dir='ltr' id='par_1_35' title="bbox 235 1585 1025 1625">
     <span class='ocr_line' id='line_1_35' title="bbox 235 1585 1025 1625; baseline -0.004 -9"><span class='ocrx_word' id='word_1_259' title='bbox 235 1589 286 1625; x_wconf 80' lang='grc' dir='ltr'>τὴν</span> <span class='ocrx_word' id='word_1_260' title='bbox 303 1589 417 1624; x_wconf 76' lang='grc' dir='ltr'>κάμινον</span> <span class='ocrx_word' id='word_1_261' title='bbox 432 1587 480 1614; x_wconf 87' lang='grc' dir='ltr'>τοῦ</span> <span class='ocrx_word' id='word_1_262' title='bbox 497 1587 582 1623; x_wconf 84' lang='grc' dir='ltr'>πυρὸς</span> <span class='ocrx_word' id='word_1_263' title='bbox 598 1587 642 1613; x_wconf 82' lang='grc' dir='ltr'>διὰ</span> <span class='ocrx_word' id='word_1_264' title='bbox 657 1587 707 1621; x_wconf 84' lang='grc' dir='ltr'>τῆς</span> <span class='ocrx_word' id='word_1_265' title='bbox 723 1586 820 1621; x_wconf 78' lang='grc' dir='ltr'>ἡδονῆς</span> <span class='ocrx_word' id='word_1_266' title='bbox 838 1585 940 1621; x_wconf 79' lang='grc' dir='ltr'>ταύτης</span> <span class='ocrx_word' id='word_1_267' title='bbox 954 1586 1025 1613; x_wconf 76' lang='grc' dir='ltr'>κατὰ</span> 
     </span>
    </p>
   </div>
   <div class='ocr_carea' id='block_1_36' title="bbox 235 1628 1024 1666">
    <p class='ocr_par' dir='ltr' id='par_1_36' title="bbox 235 1628 1024 1666">
     <span class='ocr_line' id='line_1_36' title="bbox 235 1628 1024 1666; baseline -0.005 -8"><span class='ocrx_word' id='word_1_268' title='bbox 235 1632 285 1666; x_wconf 74' lang='grc' dir='ltr'>τῆς</span> <span class='ocrx_word' id='word_1_269' title='bbox 300 1630 406 1657; x_wconf 78' lang='grc' dir='ltr'>ἑαυτῶν</span> <span class='ocrx_word' id='word_1_270' title='bbox 432 1629 559 1660; x_wconf 66' lang='grc' dir='ltr'>ἕλκοντες</span> <span class='ocrx_word' id='word_1_271' title='bbox 574 1628 706 1663; x_wconf 83' lang='grc' dir='ltr'>κεφαλῆς.</span> <span class='ocrx_word' id='word_1_272' title='bbox 724 1629 756 1654; x_wconf 84' lang='grc' dir='ltr'>Οἱ</span> <span class='ocrx_word' id='word_1_273' title='bbox 775 1628 828 1662; x_wconf 81' lang='grc' dir='ltr'>γὰρ</span> <span class='ocrx_word' id='word_1_274' title='bbox 850 1628 1024 1660; x_wconf 84' lang='grc' dir='ltr'>ἐπαινοῦντες</span> 
     </span>
    </p>
   </div>
   <div class='ocr_carea' id='block_1_37' title="bbox 236 1666 1024 1705">
    <p class='ocr_par' dir='ltr' id='par_1_37' title="bbox 236 1666 1024 1705">
     <span class='ocr_line' id='line_1_37' title="bbox 236 1666 1024 1705; baseline -0.001 -7"><span class='ocrx_word' id='word_1_275' title='bbox 236 1673 300 1702; x_wconf 84' lang='grc' dir='ltr'>τοὺς</span> <span class='ocrx_word' id='word_1_276' title='bbox 313 1671 402 1698; x_wconf 85' lang='grc' dir='ltr'>ταῦτα</span> <span class='ocrx_word' id='word_1_277' title='bbox 413 1671 436 1686; x_wconf 76' lang='grc'>⁷⁸</span> <span class='ocrx_word' id='word_1_278' title='bbox 446 1671 586 1705; x_wconf 88' lang='grc' dir='ltr'>λέγοντας,</span> <span class='ocrx_word' id='word_1_279' title='bbox 598 1666 671 1697; x_wconf 79' lang='grc' dir='ltr'>οῦτοι</span> <span class='ocrx_word' id='word_1_280' title='bbox 684 1670 802 1704; x_wconf 80' lang='grc' dir='ltr'>μάλιστά</span> <span class='ocrx_word' id='word_1_281' title='bbox 817 1671 885 1696; x_wconf 77' lang='grc' dir='ltr'>εἰσιν</span> <span class='ocrx_word' id='word_1_282' title='bbox 899 1671 922 1696; x_wconf 82' lang='grc' dir='ltr'>οἰ</span> <span class='ocrx_word' id='word_1_283' title='bbox 936 1669 1024 1704; x_wconf 82' lang='grc' dir='ltr'>λέγειν</span> 
     </span>
    </p>
   </div>
   <div class='ocr_carea' id='block_1_38' title="bbox 237 1711 1024 1747">
    <p class='ocr_par' dir='ltr' id='par_1_38' title="bbox 237 1711 1024 1747">
     <span class='ocr_line' id='line_1_38' title="bbox 237 1711 1024 1747; baseline -0.004 -6"><span class='ocrx_word' id='word_1_284' title='bbox 237 1713 431 1744; x_wconf 82' lang='grc' dir='ltr'>ἀναπείθοντες</span> <span class='ocrx_word' id='word_1_285' title='bbox 442 1722 449 1728; x_wconf 86' lang='grc'><strong>-</strong></span> <span class='ocrx_word' id='word_1_286' title='bbox 461 1713 502 1739; x_wconf 85' lang='grc' dir='ltr'>διὸ</span> <span class='ocrx_word' id='word_1_287' title='bbox 515 1713 563 1740; x_wconf 79' lang='grc' dir='ltr'>καὶ</span> <span class='ocrx_word' id='word_1_288' title='bbox 579 1712 628 1747; x_wconf 81' lang='grc' dir='ltr'>τῆς</span> <span class='ocrx_word' id='word_1_289' title='bbox 643 1711 783 1745; x_wconf 71' lang='grc' dir='ltr'>κολάεῖεως</span> <span class='ocrx_word' id='word_1_290' title='bbox 792 1711 841 1746; x_wconf 78' lang='grc' dir='ltr'>τῆς</span> <span class='ocrx_word' id='word_1_291' title='bbox 858 1712 904 1738; x_wconf 69' lang='grc' dir='ltr'>ἐπὶ</span> <span class='ocrx_word' id='word_1_292' title='bbox 918 1712 1024 1744; x_wconf 84' lang='grc' dir='ltr'>τούτοις</span> 
     </span>
    </p>
   </div>
   <div class='ocr_carea' id='block_1_39' title="bbox 236 1752 1023 1792">
    <p class='ocr_par' dir='ltr' id='par_1_39' title="bbox 236 1752 1023 1792">
     <span class='ocr_line' id='line_1_39' title="bbox 236 1752 1023 1792; baseline -0.001 -9"><span class='ocrx_word' id='word_1_293' title='bbox 236 1756 369 1792; x_wconf 84' lang='grc' dir='ltr'>κειμένης</span> <span class='ocrx_word' id='word_1_294' title='bbox 384 1755 553 1791; x_wconf 86' lang='grc' dir='ltr'>δικαιότερον</span> <span class='ocrx_word' id='word_1_295' title='bbox 572 1755 605 1782; x_wconf 87' lang='grc' dir='ltr'>ἂν</span> <span class='ocrx_word' id='word_1_296' title='bbox 620 1752 675 1782; x_wconf 76' lang='grc' dir='ltr'>εἷεν</span> <span class='ocrx_word' id='word_1_297' title='bbox 686 1755 708 1770; x_wconf 91' lang='grc'>’¹⁹</span> <span class='ocrx_word' id='word_1_298' title='bbox 723 1754 881 1780; x_wconf 81' lang='grc' dir='ltr'>ὑπεύθυνοι.</span> <span class='ocrx_word' id='word_1_299' title='bbox 901 1754 976 1790; x_wconf 79' lang='grc'>[100]</span> <span class='ocrx_word' id='word_1_300' title='bbox 993 1756 1023 1782; x_wconf 81' lang='grc' dir='ltr'>Εἰ</span> 
     </span>
    </p>
   </div>
   <div class='ocr_carea' id='block_1_40' title="bbox 237 1795 1024 1833">
    <p class='ocr_par' dir='ltr' id='par_1_40' title="bbox 237 1795 1024 1833">
     <span class='ocr_line' id='line_1_40' title="bbox 237 1795 1024 1833; baseline 0 -9"><span class='ocrx_word' id='word_1_301' title='bbox 237 1799 292 1833; x_wconf 82' lang='grc' dir='ltr'>γὰρ</span> <span class='ocrx_word' id='word_1_302' title='bbox 307 1798 401 1833; x_wconf 78' lang='grc' dir='ltr'>μηδεὶς</span> <span class='ocrx_word' id='word_1_303' title='bbox 411 1795 445 1832; x_wconf 80' lang='grc' dir='ltr'>ἦν</span> <span class='ocrx_word' id='word_1_304' title='bbox 459 1797 473 1822; x_wconf 88' lang='lat'>6</span> <span class='ocrx_word' id='word_1_305' title='bbox 485 1797 520 1823; x_wconf 76' lang='grc' dir='ltr'>τὰ</span> <span class='ocrx_word' id='word_1_306' title='bbox 529 1796 643 1823; x_wconf 84' lang='grc' dir='ltr'>τοιαῦτα</span> <span class='ocrx_word' id='word_1_307' title='bbox 653 1796 800 1831; x_wconf 73' lang='grc' dir='ltr'>θεώμενος,</span> <span class='ocrx_word' id='word_1_308' title='bbox 810 1796 864 1822; x_wconf 78' lang='grc' dir='ltr'>οὐδ’</span> <span class='ocrx_word' id='word_1_309' title='bbox 878 1796 911 1823; x_wconf 84' lang='grc' dir='ltr'>ἂν</span> <span class='ocrx_word' id='word_1_310' title='bbox 926 1798 939 1823; x_wconf 85' lang='grc' dir='ltr'>ὁ</span> <span class='ocrx_word' id='word_1_311' title='bbox 951 1797 1024 1831; x_wconf 85' lang='grc' dir='ltr'>ἀγω-</span> 
     </span>
    </p>
   </div>
   <div class='ocr_carea' id='block_1_41' title="bbox 237 1837 1023 1875">
    <p class='ocr_par' dir='ltr' id='par_1_41' title="bbox 237 1837 1023 1875">
     <span class='ocr_line' id='line_1_41' title="bbox 237 1837 1023 1875; baseline 0 -9"><span class='ocrx_word' id='word_1_312' title='bbox 237 1841 377 1874; x_wconf 80' lang='grc' dir='ltr'>νιζόμενος</span> <span class='ocrx_word' id='word_1_313' title='bbox 393 1837 427 1875; x_wconf 84' lang='grc' dir='ltr'>ἦν</span> <span class='ocrx_word' id='word_1_314' title='bbox 437 1848 444 1855; x_wconf 78' lang='grc' dir='ltr'>ο</span> <span class='ocrx_word' id='word_1_315' title='bbox 460 1839 525 1865; x_wconf 81' lang='grc' dir='ltr'>ὅταν</span> <span class='ocrx_word' id='word_1_316' title='bbox 541 1838 569 1865; x_wconf 83' lang='grc' dir='ltr'>δέ</span> <span class='ocrx_word' id='word_1_317' title='bbox 596 1839 688 1865; x_wconf 72' lang='grc' dir='ltr'>ἴδωσιν</span> <span class='ocrx_word' id='word_1_318' title='bbox 706 1839 778 1873; x_wconf 83' lang='grc' dir='ltr'>ὑμᾶς</span> <span class='ocrx_word' id='word_1_319' title='bbox 792 1838 839 1864; x_wconf 83' lang='grc' dir='ltr'>καὶ</span> <span class='ocrx_word' id='word_1_320' title='bbox 853 1839 1023 1874; x_wconf 77' lang='grc' dir='ltr'>ἐργαστήρια</span> 
     </span>
    </p>
   </div>
   <div class='ocr_carea' id='block_1_42' title="bbox 237 1879 1023 1916">
    <p class='ocr_par' dir='ltr' id='par_1_42' title="bbox 237 1879 1023 1916">
     <span class='ocr_line' id='line_1_42' title="bbox 237 1879 1023 1916; baseline -0.001 -8"><span class='ocrx_word' id='word_1_321' title='bbox 237 1882 285 1908; x_wconf 75' lang='grc' dir='ltr'>καὶ</span> <span class='ocrx_word' id='word_1_322' title='bbox 300 1882 398 1916; x_wconf 81' lang='grc' dir='ltr'>τέχνας</span> <span class='ocrx_word' id='word_1_323' title='bbox 420 1881 466 1907; x_wconf 79' lang='grc' dir='ltr'>καὶ</span> <span class='ocrx_word' id='word_1_324' title='bbox 481 1881 530 1916; x_wconf 84' lang='grc' dir='ltr'>τὴν</span> <span class='ocrx_word' id='word_1_325' title='bbox 545 1881 577 1906; x_wconf 86' lang='grc' dir='ltr'>ἐκ</span> <span class='ocrx_word' id='word_1_326' title='bbox 594 1880 698 1906; x_wconf 87' lang='grc' dir='ltr'>τούτων</span> <span class='ocrx_word' id='word_1_327' title='bbox 715 1879 856 1914; x_wconf 83' lang='grc' dir='ltr'>πρόσοδον,</span> <span class='ocrx_word' id='word_1_328' title='bbox 871 1880 916 1906; x_wconf 79' lang='grc' dir='ltr'>καὶ</span> <span class='ocrx_word' id='word_1_329' title='bbox 934 1880 1023 1907; x_wconf 85' lang='grc' dir='ltr'>πάντα</span> 
     </span>
    </p>
   </div>
   <div class='ocr_carea' id='block_1_43' title="bbox 236 1921 1023 1958">
    <p class='ocr_par' dir='ltr' id='par_1_43' title="bbox 236 1921 1023 1958">
     <span class='ocr_line' id='line_1_43' title="bbox 236 1921 1023 1958; baseline -0.001 -8"><span class='ocrx_word' id='word_1_330' title='bbox 236 1923 330 1955; x_wconf 79' lang='grc' dir='ltr'>ἁπλῶς</span> <span class='ocrx_word' id='word_1_331' title='bbox 352 1923 421 1958; x_wconf 80' lang='grc' dir='ltr'>ὑπὲρ</span> <span class='ocrx_word' id='word_1_332' title='bbox 439 1922 490 1957; x_wconf 86' lang='grc' dir='ltr'>τῆς</span> <span class='ocrx_word' id='word_1_333' title='bbox 514 1923 573 1949; x_wconf 85' lang='grc' dir='ltr'>ἐκεῖ</span> <span class='ocrx_word' id='word_1_334' title='bbox 592 1921 735 1957; x_wconf 82' lang='grc' dir='ltr'>διατριϐῆς</span> <span class='ocrx_word' id='word_1_335' title='bbox 761 1921 890 1955; x_wconf 79' lang='grc' dir='ltr'>ἀφέντας,</span> <span class='ocrx_word' id='word_1_336' title='bbox 910 1921 1023 1956; x_wconf 84' lang='grc' dir='ltr'>μείζονα</span> 
     </span>
    </p>
   </div>
   <div class='ocr_carea' id='block_1_44' title="bbox 235 1962 1023 2000">
    <p class='ocr_par' dir='ltr' id='par_1_44' title="bbox 235 1962 1023 2000">
     <span class='ocr_line' id='line_1_44' title="bbox 235 1962 1023 2000; baseline -0.001 -9"><span class='ocrx_word' id='word_1_337' title='bbox 235 1965 359 2000; x_wconf 72' lang='grc' dir='ltr'>δέχονται</span> <span class='ocrx_word' id='word_1_338' title='bbox 382 1966 432 2000; x_wconf 77' lang='grc' dir='ltr'>τὴν</span> <span class='ocrx_word' id='word_1_339' title='bbox 450 1963 621 1999; x_wconf 79' lang='grc' dir='ltr'>προθυμίαν,</span> <span class='ocrx_word' id='word_1_340' title='bbox 650 1964 697 1989; x_wconf 86' lang='grc' dir='ltr'>καὶ</span> <span class='ocrx_word' id='word_1_341' title='bbox 724 1962 835 1989; x_wconf 84' lang='grc' dir='ltr'>πλείονα</span> <span class='ocrx_word' id='word_1_342' title='bbox 856 1963 920 1999; x_wconf 77' lang='grc' dir='ltr'>περὶ</span> <span class='ocrx_word' id='word_1_343' title='bbox 937 1964 1023 1991; x_wconf 89' lang='grc' dir='ltr'>ταῦτα</span> 
     </span>
    </p>
   </div>
   <div class='ocr_carea' id='block_1_45' title="bbox 236 2004 1023 2041">
    <p class='ocr_par' dir='ltr' id='par_1_45' title="bbox 236 2004 1023 2041">
     <span class='ocr_line' id='line_1_45' title="bbox 236 2004 1023 2041; baseline -0.001 -8"><span class='ocrx_word' id='word_1_344' title='bbox 236 2006 377 2039; x_wconf 83' lang='grc' dir='ltr'>ποιοῦνται</span> <span class='ocrx_word' id='word_1_345' title='bbox 394 2006 526 2041; x_wconf 86' lang='grc' dir='ltr'>σπουδήν.</span> <span class='ocrx_word' id='word_1_346' title='bbox 543 2005 598 2032; x_wconf 79' lang='grc' dir='ltr'>Καὶ</span> <span class='ocrx_word' id='word_1_347' title='bbox 612 2004 698 2032; x_wconf 88' lang='grc' dir='ltr'>ταῦτα</span> <span class='ocrx_word' id='word_1_348' title='bbox 712 2005 763 2030; x_wconf 84' lang='grc' dir='ltr'>οὐκ</span> <span class='ocrx_word' id='word_1_349' title='bbox 790 2004 912 2036; x_wconf 82' lang='grc' dir='ltr'>ἐκείνους</span> <span class='ocrx_word' id='word_1_350' title='bbox 935 2005 1023 2032; x_wconf 85' lang='grc' dir='ltr'>ἀπαλ-</span> 
     </span>
    </p>
   </div>
   <div class='ocr_carea' id='block_1_46' title="bbox 237 2046 1022 2083">
    <p class='ocr_par' dir='ltr' id='par_1_46' title="bbox 237 2046 1022 2083">
     <span class='ocr_line' id='line_1_46' title="bbox 237 2046 1022 2083; baseline -0.001 -8"><span class='ocrx_word' id='word_1_351' title='bbox 237 2049 342 2075; x_wconf 84' lang='grc' dir='ltr'>λάττων</span> <span class='ocrx_word' id='word_1_352' title='bbox 351 2048 532 2083; x_wconf 77' lang='grc' dir='ltr'>ἐγκλημάτων</span> <span class='ocrx_word' id='word_1_353' title='bbox 544 2047 627 2081; x_wconf 87' lang='grc' dir='ltr'>λέγω,</span> <span class='ocrx_word' id='word_1_354' title='bbox 639 2046 695 2073; x_wconf 81' lang='grc' dir='ltr'>ἀλλ’</span> <span class='ocrx_word' id='word_1_355' title='bbox 712 2046 755 2072; x_wconf 85' lang='grc' dir='ltr'>ἰνα</span> <span class='ocrx_word' id='word_1_356' title='bbox 765 2046 844 2081; x_wconf 80' lang='grc' dir='ltr'>ὑμεῖς</span> <span class='ocrx_word' id='word_1_357' title='bbox 856 2046 972 2082; x_wconf 78' lang='grc' dir='ltr'>μάθητε,</span> <span class='ocrx_word' id='word_1_358' title='bbox 982 2048 1022 2074; x_wconf 85' lang='grc' dir='ltr'>ὅτι</span> 
     </span>
    </p>
   </div>
   <div class='ocr_carea' id='block_1_47' title="bbox 235 2088 1023 2126">
    <p class='ocr_par' dir='ltr' id='par_1_47' title="bbox 235 2088 1023 2126">
     <span class='ocr_line' id='line_1_47' title="bbox 235 2088 1023 2126; baseline 0 -9"><span class='ocrx_word' id='word_1_359' title='bbox 235 2091 285 2126; x_wconf 84' lang='grc' dir='ltr'>τὴν</span> <span class='ocrx_word' id='word_1_360' title='bbox 303 2090 390 2126; x_wconf 85' lang='grc' dir='ltr'>ἀρχὴν</span> <span class='ocrx_word' id='word_1_361' title='bbox 405 2090 452 2117; x_wconf 75' lang='grc' dir='ltr'>καὶ</span> <span class='ocrx_word' id='word_1_362' title='bbox 468 2090 518 2126; x_wconf 83' lang='grc' dir='ltr'>τὴν</span> <span class='ocrx_word' id='word_1_363' title='bbox 533 2089 611 2125; x_wconf 76' lang='grc' dir='ltr'>ῥίζαν</span> <span class='ocrx_word' id='word_1_364' title='bbox 626 2090 676 2124; x_wconf 82' lang='grc' dir='ltr'>τῆς</span> <span class='ocrx_word' id='word_1_365' title='bbox 699 2088 827 2124; x_wconf 81' lang='grc' dir='ltr'>τοιαύτης</span> <span class='ocrx_word' id='word_1_366' title='bbox 849 2090 1023 2125; x_wconf 81' lang='grc' dir='ltr'>παρανομίας</span> 
     </span>
    </p>
   </div>
   <div class='ocr_carea' id='block_1_48' title="bbox 236 2131 1022 2169">
    <p class='ocr_par' dir='ltr' id='par_1_48' title="bbox 236 2131 1022 2169">
     <span class='ocr_line' id='line_1_48' title="bbox 236 2131 1022 2169; baseline -0.001 -9"><span class='ocrx_word' id='word_1_367' title='bbox 236 2135 314 2169; x_wconf 80' lang='grc' dir='ltr'>ὑμεῖς</span> <span class='ocrx_word' id='word_1_368' title='bbox 332 2133 449 2168; x_wconf 87' lang='grc' dir='ltr'>μάλιστά</span> <span class='ocrx_word' id='word_1_369' title='bbox 463 2133 526 2159; x_wconf 88' lang='grc' dir='ltr'>ἐστε</span> <span class='ocrx_word' id='word_1_370' title='bbox 545 2133 570 2158; x_wconf 86' lang='grc' dir='ltr'>οἰ</span> <span class='ocrx_word' id='word_1_371' title='bbox 598 2131 776 2166; x_wconf 82' lang='grc' dir='ltr'>παρέχοντες,</span> <span class='ocrx_word' id='word_1_372' title='bbox 797 2131 823 2157; x_wconf 84' lang='grc' dir='ltr'>οἰ</span> <span class='ocrx_word' id='word_1_373' title='bbox 843 2131 893 2167; x_wconf 83' lang='grc' dir='ltr'>τὴν</span> <span class='ocrx_word' id='word_1_374' title='bbox 915 2132 1022 2168; x_wconf 83' lang='grc' dir='ltr'>ἡμέραν</span> 
     </span>
    </p>
   </div>
   <div class='ocr_carea' id='block_1_49' title="bbox 235 2173 1023 2210">
    <p class='ocr_par' dir='ltr' id='par_1_49' title="bbox 235 2173 1023 2210">
     <span class='ocr_line' id='line_1_49' title="bbox 235 2173 1023 2210; baseline -0.001 -8"><span class='ocrx_word' id='word_1_375' title='bbox 235 2177 346 2202; x_wconf 69' lang='grc' dir='ltr'>ἅπασαν</span> <span class='ocrx_word' id='word_1_376' title='bbox 361 2176 402 2207; x_wconf 85' lang='grc' dir='ltr'>εἰς</span> <span class='ocrx_word' id='word_1_377' title='bbox 417 2175 506 2202; x_wconf 89' lang='grc' dir='ltr'>ταῦτα</span> <span class='ocrx_word' id='word_1_378' title='bbox 519 2173 766 2205; x_wconf 73' lang='grc' dir='ltr'>καταναλίσκοντες</span> <span class='ocrx_word' id='word_1_379' title='bbox 779 2173 812 2206; x_wconf 77' lang='grc'>³⁸,</span> <span class='ocrx_word' id='word_1_380' title='bbox 830 2173 921 2200; x_wconf 76' lang='grc' dir='ltr'>καὶτὰ</span> <span class='ocrx_word' id='word_1_381' title='bbox 937 2175 1023 2210; x_wconf 85' lang='grc' dir='ltr'>σεμνά</span> 
     </span>
    </p>
   </div>
   <div class='ocr_carea' id='block_1_50' title="bbox 234 2214 1023 2252">
    <p class='ocr_par' dir='ltr' id='par_1_50' title="bbox 234 2214 1023 2252">
     <span class='ocr_line' id='line_1_50' title="bbox 234 2214 1023 2252; baseline -0.001 -9"><span class='ocrx_word' id='word_1_382' title='bbox 234 2217 282 2243; x_wconf 83' lang='grc' dir='ltr'>τοῦ</span> <span class='ocrx_word' id='word_1_383' title='bbox 288 2217 379 2252; x_wconf 83' lang='grc' dir='ltr'>γάμου</span> <span class='ocrx_word' id='word_1_384' title='bbox 386 2216 540 2252; x_wconf 84' lang='grc' dir='ltr'>πράγματα</span> <span class='ocrx_word' id='word_1_385' title='bbox 547 2214 776 2250; x_wconf 80' lang='grc' dir='ltr'>ἐκπομπεύοντες,</span> <span class='ocrx_word' id='word_1_386' title='bbox 785 2214 867 2240; x_wconf 79' lang='grc' dir='ltr'>καὶτὸ</span> <span class='ocrx_word' id='word_1_387' title='bbox 874 2215 1023 2250; x_wconf 80' lang='grc' dir='ltr'>μυστήριον</span> 
     </span>
    </p>
   </div>
   <div class='ocr_carea' id='block_1_51' title="bbox 234 2255 1023 2294">
    <p class='ocr_par' dir='ltr' id='par_1_51' title="bbox 234 2255 1023 2294">
     <span class='ocr_line' id='line_1_51' title="bbox 234 2255 1023 2294; baseline -0.003 -9"><span class='ocrx_word' id='word_1_388' title='bbox 234 2259 264 2285; x_wconf 71' lang='grc' dir='ltr'>τὸ</span> <span class='ocrx_word' id='word_1_389' title='bbox 276 2258 346 2294; x_wconf 82' lang='grc' dir='ltr'>μέγα</span> <span class='ocrx_word' id='word_1_390' title='bbox 360 2257 670 2293; x_wconf 78' lang='grc' dir='ltr'>παραδειγματίζοντες.</span> <span class='ocrx_word' id='word_1_391' title='bbox 680 2256 746 2282; x_wconf 77' lang='grc' dir='ltr'>Οὐδὲ</span> <span class='ocrx_word' id='word_1_392' title='bbox 754 2256 808 2291; x_wconf 90' lang='grc' dir='ltr'>γὰρ</span> <span class='ocrx_word' id='word_1_393' title='bbox 823 2255 909 2287; x_wconf 77' lang='grc' dir='ltr'>οὕτως</span> <span class='ocrx_word' id='word_1_394' title='bbox 920 2257 1023 2290; x_wconf 82' lang='grc' dir='ltr'>ἐκεῖνος</span> 
     </span>
    </p>
   </div>
   <div class='ocr_carea' id='block_1_52' title="bbox 235 2296 1023 2334">
    <p class='ocr_par' dir='ltr' id='par_1_52' title="bbox 235 2296 1023 2334">
     <span class='ocr_line' id='line_1_52' title="bbox 235 2296 1023 2334; baseline 0 -9"><span class='ocrx_word' id='word_1_395' title='bbox 235 2300 250 2325; x_wconf 77' lang='grc' dir='ltr'><strong>ὁ</strong></span> <span class='ocrx_word' id='word_1_396' title='bbox 268 2300 356 2326; x_wconf 78' lang='grc' dir='ltr'>ταῦτα</span> <span class='ocrx_word' id='word_1_397' title='bbox 370 2298 586 2334; x_wconf 85' lang='grc' dir='ltr'>ὐποκρινόμενός</span> <span class='ocrx_word' id='word_1_398' title='bbox 601 2299 675 2324; x_wconf 88' lang='grc' dir='ltr'>ἐστιν</span> <span class='ocrx_word' id='word_1_399' title='bbox 688 2298 702 2324; x_wconf 81' lang='grc' dir='ltr'><strong><em>ὁ</em></strong></span> <span class='ocrx_word' id='word_1_400' title='bbox 719 2296 900 2332; x_wconf 84' lang='grc' dir='ltr'>πλημμελῶν,</span> <span class='ocrx_word' id='word_1_401' title='bbox 916 2297 954 2329; x_wconf 84' lang='grc' dir='ltr'>ὡς</span> <span class='ocrx_word' id='word_1_402' title='bbox 970 2299 1023 2334; x_wconf 81' lang='grc' dir='ltr'>πρὸ</span> 
     </span>
    </p>
   </div>
   <div class='ocr_carea' id='block_1_53' title="bbox 235 2338 1021 2372">
    <p class='ocr_par' dir='ltr' id='par_1_53' title="bbox 235 2338 1021 2372">
     <span class='ocr_line' id='line_1_53' title="bbox 235 2338 1021 2372; baseline -0.001 -5"><span class='ocrx_word' id='word_1_403' title='bbox 235 2341 341 2368; x_wconf 79' lang='grc' dir='ltr'>ἐκείνου</span> <span class='ocrx_word' id='word_1_404' title='bbox 359 2341 404 2372; x_wconf 77' lang='grc' dir='ltr'>σὺ,</span> <span class='ocrx_word' id='word_1_405' title='bbox 425 2342 440 2367; x_wconf 90' lang='lat'>6</span> <span class='ocrx_word' id='word_1_406' title='bbox 454 2340 542 2367; x_wconf 88' lang='grc' dir='ltr'>ταῦτα</span> <span class='ocrx_word' id='word_1_407' title='bbox 557 2339 679 2366; x_wconf 81' lang='grc' dir='ltr'>κελεύων</span> <span class='ocrx_word' id='word_1_408' title='bbox 703 2340 806 2365; x_wconf 86' lang='grc' dir='ltr'>ποιεῖν·</span> <span class='ocrx_word' id='word_1_409' title='bbox 827 2338 928 2372; x_wconf 81' lang='grc' dir='ltr'>μᾶλλον</span> <span class='ocrx_word' id='word_1_410' title='bbox 948 2339 977 2365; x_wconf 82' lang='grc' dir='ltr'>δέ</span> <span class='ocrx_word' id='word_1_411' title='bbox 991 2340 1021 2366; x_wconf 86' lang='grc' dir='ltr'>ού</span> 
     </span>
    </p>
   </div>
   <div class='ocr_carea' id='block_1_54' title="bbox 236 2379 1022 2417">
    <p class='ocr_par' dir='ltr' id='par_1_54' title="bbox 236 2379 1022 2417">
     <span class='ocr_line' id='line_1_54' title="bbox 236 2379 1022 2417; baseline -0.003 -8"><span class='ocrx_word' id='word_1_412' title='bbox 236 2383 355 2409; x_wconf 85' lang='grc' dir='ltr'>κελεύων</span> <span class='ocrx_word' id='word_1_413' title='bbox 373 2383 464 2417; x_wconf 85' lang='grc' dir='ltr'>μόνον,</span> <span class='ocrx_word' id='word_1_414' title='bbox 477 2382 545 2409; x_wconf 78' lang='grc' dir='ltr'>ἀλλὰ</span> <span class='ocrx_word' id='word_1_415' title='bbox 564 2381 611 2408; x_wconf 74' lang='grc' dir='ltr'>καὶ</span> <span class='ocrx_word' id='word_1_416' title='bbox 626 2379 795 2413; x_wconf 76' lang='grc' dir='ltr'>σπουδάζων,</span> <span class='ocrx_word' id='word_1_417' title='bbox 816 2381 863 2406; x_wconf 79' lang='grc' dir='ltr'>καὶ</span> <span class='ocrx_word' id='word_1_418' title='bbox 880 2380 1022 2415; x_wconf 75' lang='grc' dir='ltr'>εὐφραινό-</span> 
     </span>
    </p>
   </div>
   <div class='ocr_carea' id='block_1_55' title="bbox 236 2421 1022 2459">
    <p class='ocr_par' dir='ltr' id='par_1_55' title="bbox 236 2421 1022 2459">
     <span class='ocr_line' id='line_1_55' title="bbox 236 2421 1022 2459; baseline -0.003 -8"><span class='ocrx_word' id='word_1_419' title='bbox 236 2433 328 2459; x_wconf 84' lang='grc' dir='ltr'>μενος,</span> <span class='ocrx_word' id='word_1_420' title='bbox 343 2425 389 2450; x_wconf 78' lang='grc' dir='ltr'>καὶ</span> <span class='ocrx_word' id='word_1_421' title='bbox 413 2424 512 2458; x_wconf 86' lang='grc' dir='ltr'>γελῶν,</span> <span class='ocrx_word' id='word_1_422' title='bbox 531 2423 579 2450; x_wconf 78' lang='grc' dir='ltr'>καὶ</span> <span class='ocrx_word' id='word_1_423' title='bbox 604 2422 724 2449; x_wconf 81' lang='grc' dir='ltr'>ἐπαινῶν</span> <span class='ocrx_word' id='word_1_424' title='bbox 750 2421 784 2448; x_wconf 85' lang='grc' dir='ltr'>τὰ</span> <span class='ocrx_word' id='word_1_425' title='bbox 810 2422 950 2457; x_wconf 85' lang='grc' dir='ltr'>γινόμενα,</span> <span class='ocrx_word' id='word_1_426' title='bbox 976 2423 1022 2449; x_wconf 76' lang='grc' dir='ltr'>καὶ</span> 
     </span>
    </p>
   </div>
   <div class='ocr_carea' id='block_1_56' title="bbox 235 2463 1022 2501">
    <p class='ocr_par' dir='ltr' id='par_1_56' title="bbox 235 2463 1022 2501">
     <span class='ocr_line' id='line_1_56' title="bbox 235 2463 1022 2501; baseline -0.003 -9"><span class='ocrx_word' id='word_1_427' title='bbox 235 2465 319 2493; x_wconf 76' lang='grc' dir='ltr'>παντὶ</span> <span class='ocrx_word' id='word_1_428' title='bbox 330 2465 424 2501; x_wconf 88' lang='grc' dir='ltr'>τρόπῳ</span> <span class='ocrx_word' id='word_1_429' title='bbox 435 2465 595 2500; x_wconf 85' lang='grc' dir='ltr'>συγκροτῶν</span> <span class='ocrx_word' id='word_1_430' title='bbox 609 2464 644 2491; x_wconf 84' lang='grc' dir='ltr'>τὰ</span> <span class='ocrx_word' id='word_1_431' title='bbox 658 2463 772 2490; x_wconf 83' lang='grc' dir='ltr'>τοιαῦτα</span> <span class='ocrx_word' id='word_1_432' title='bbox 787 2463 956 2498; x_wconf 76' lang='grc' dir='ltr'>ἐργαστήρια</span> <span class='ocrx_word' id='word_1_433' title='bbox 968 2463 1022 2491; x_wconf 88' lang='grc' dir='ltr'>τῶν</span> 
     </span>
    </p>
   </div>
   <div class='ocr_carea' id='block_1_57' title="bbox 234 2504 1022 2542">
    <p class='ocr_par' dir='ltr' id='par_1_57' title="bbox 234 2504 1022 2542">
     <span class='ocr_line' id='line_1_57' title="bbox 234 2504 1022 2542; baseline -0.003 -9"><span class='ocrx_word' id='word_1_434' title='bbox 234 2506 380 2542; x_wconf 83' lang='grc' dir='ltr'>δαιμόνων.</span> <span class='ocrx_word' id='word_1_435' title='bbox 392 2507 483 2538; x_wconf 86' lang='grc' dir='ltr'>Ποίοις</span> <span class='ocrx_word' id='word_1_436' title='bbox 495 2505 542 2533; x_wconf 83' lang='grc' dir='ltr'>οὖν</span> <span class='ocrx_word' id='word_1_437' title='bbox 558 2505 718 2541; x_wconf 80' lang='grc' dir='ltr'>ὀφθαλμοῖς,</span> <span class='ocrx_word' id='word_1_438' title='bbox 729 2504 790 2531; x_wconf 88' lang='grc' dir='ltr'>εἰπέ</span> <span class='ocrx_word' id='word_1_439' title='bbox 803 2513 857 2539; x_wconf 87' lang='grc' dir='ltr'>μοι,</span> <span class='ocrx_word' id='word_1_440' title='bbox 870 2504 962 2531; x_wconf 80' lang='grc' dir='ltr'>λοιπὸν</span> <span class='ocrx_word' id='word_1_441' title='bbox 972 2505 1022 2540; x_wconf 80' lang='grc' dir='ltr'>τὴν</span> 
     </span>
    </p>
   </div>
   <div class='ocr_carea' id='block_1_58' title="bbox 234 2546 1022 2584">
    <p class='ocr_par' dir='ltr' id='par_1_58' title="bbox 234 2546 1022 2584">
     <span class='ocr_line' id='line_1_58' title="bbox 234 2546 1022 2584; baseline -0.003 -10"><span class='ocrx_word' id='word_1_442' title='bbox 234 2549 352 2582; x_wconf 80' lang='grc' dir='ltr'>γυναῖκα</span> <span class='ocrx_word' id='word_1_443' title='bbox 364 2548 411 2575; x_wconf 77' lang='grc' dir='ltr'>ἐπὶ</span> <span class='ocrx_word' id='word_1_444' title='bbox 421 2549 470 2584; x_wconf 86' lang='grc' dir='ltr'>τῆς</span> <span class='ocrx_word' id='word_1_445' title='bbox 480 2548 569 2579; x_wconf 87' lang='grc' dir='ltr'>οἰκίας</span> <span class='ocrx_word' id='word_1_446' title='bbox 580 2547 651 2582; x_wconf 71' lang='grc' dir='ltr'>ὕψει,</span> <span class='ocrx_word' id='word_1_447' title='bbox 665 2546 727 2573; x_wconf 88' lang='grc' dir='ltr'>ἰδὼν</span> <span class='ocrx_word' id='word_1_448' title='bbox 740 2546 825 2582; x_wconf 80' lang='grc' dir='ltr'>αὐτὴν</span> <span class='ocrx_word' id='word_1_449' title='bbox 839 2546 1022 2582; x_wconf 73' lang='grc' dir='ltr'>ὑϐριζομένην</span> 
     </span>
    </p>
   </div>
   <div class='ocr_carea' id='block_1_59' title="bbox 234 2588 1022 2626">
    <p class='ocr_par' dir='ltr' id='par_1_59' title="bbox 234 2588 1022 2626">
     <span class='ocr_line' id='line_1_59' title="bbox 234 2588 1022 2626; baseline -0.001 -11"><span class='ocrx_word' id='word_1_450' title='bbox 234 2590 309 2623; x_wconf 66' lang='lat' dir='ltr'>EXEI;</span> <span class='ocrx_word' id='word_1_451' title='bbox 328 2590 390 2621; x_wconf 88' lang='grc' dir='ltr'>Πῶς</span> <span class='ocrx_word' id='word_1_452' title='bbox 403 2590 431 2616; x_wconf 84' lang='grc' dir='ltr'>δὲ</span> <span class='ocrx_word' id='word_1_453' title='bbox 454 2590 504 2616; x_wconf 82' lang='grc' dir='ltr'>οὐκ</span> <span class='ocrx_word' id='word_1_454' title='bbox 528 2589 659 2626; x_wconf 82' lang='grc' dir='ltr'>ἐρυθριᾷς</span> <span class='ocrx_word' id='word_1_455' title='bbox 678 2588 955 2624; x_wconf 86' lang='grc' dir='ltr'>ἁναμιμνησκόμενος</span> <span class='ocrx_word' id='word_1_456' title='bbox 971 2589 1022 2624; x_wconf 85' lang='grc' dir='ltr'>τῆς</span> 
     </span>
    </p>
   </div>
   <div class='ocr_carea' id='block_1_60' title="bbox 235 2631 1020 2668">
    <p class='ocr_par' dir='ltr' id='par_1_60' title="bbox 235 2631 1020 2668">
     <span class='ocr_line' id='line_1_60' title="bbox 235 2631 1020 2668; baseline 0 -10"><span class='ocrx_word' id='word_1_457' title='bbox 235 2632 374 2666; x_wconf 88' lang='grc' dir='ltr'>συνοίκου,</span> <span class='ocrx_word' id='word_1_458' title='bbox 390 2633 471 2668; x_wconf 83' lang='grc' dir='ltr'>ἡνίκα</span> <span class='ocrx_word' id='word_1_459' title='bbox 484 2632 518 2660; x_wconf 78' lang='grc' dir='ltr'>ἂν</span> <span class='ocrx_word' id='word_1_460' title='bbox 535 2632 585 2667; x_wconf 83' lang='grc' dir='ltr'>τὴν</span> <span class='ocrx_word' id='word_1_461' title='bbox 599 2631 681 2666; x_wconf 83' lang='grc' dir='ltr'>φύσιν</span> <span class='ocrx_word' id='word_1_462' title='bbox 699 2631 784 2666; x_wconf 80' lang='grc' dir='ltr'>αὐτὴν</span> <span class='ocrx_word' id='word_1_463' title='bbox 804 2631 1020 2666; x_wconf 77' lang='grc' dir='ltr'>παραδειγματι-</span> 
     </span>
    </p>
   </div>
   <div class='ocr_carea' id='block_1_61' title="bbox 235 2673 446 2710">
    <p class='ocr_par' dir='ltr' id='par_1_61' title="bbox 235 2673 446 2710">
     <span class='ocr_line' id='line_1_61' title="bbox 235 2673 446 2710; baseline -0.009 0"><span class='ocrx_word' id='word_1_464' title='bbox 235 2673 353 2710; x_wconf 78' lang='grc' dir='ltr'>ζομένην</span> <span class='ocrx_word' id='word_1_465' title='bbox 369 2674 446 2710; x_wconf 75' lang='grc' dir='ltr'>ῐδηςς</span> 
     </span>
    </p>
   </div>
   <div class='ocr_carea' id='block_1_62' title="bbox 272 2774 498 2803">
    <p class='ocr_par' dir='ltr' id='par_1_62' title="bbox 272 2774 498 2803">
     <span class='ocr_line' id='line_1_62' title="bbox 272 2774 498 2803; baseline 0.013 -3"><span class='ocrx_word' id='word_1_466' title='bbox 272 2774 293 2791; x_wconf 84' lang='grc'>⁷³</span> <span class='ocrx_word' id='word_1_467' title='bbox 303 2775 415 2802; x_wconf 84' lang='grc' dir='ltr'>ἐκείνων</span> <span class='ocrx_word' id='word_1_468' title='bbox 431 2774 498 2803; x_wconf 84' lang='lat' dir='ltr'>Edd.</span> 
     </span>
    </p>
   </div>
   <div class='ocr_carea' id='block_1_63' title="bbox 233 2844 914 2881">
    <p class='ocr_par' dir='ltr' id='par_1_63' title="bbox 233 2844 914 2881">
     <span class='ocr_line' id='line_1_63' title="bbox 233 2844 914 2881; baseline -0.001 -9"><span class='ocrx_word' id='word_1_469' title='bbox 233 2844 297 2872; x_wconf 84' lang='lat' dir='ltr'><strong>add.</strong></span> <span class='ocrx_word' id='word_1_470' title='bbox 319 2846 391 2881; x_wconf 79' lang='grc' dir='ltr'>φημὶ</span> <span class='ocrx_word' id='word_1_471' title='bbox 406 2844 489 2873; x_wconf 76' lang='grc' dir='ltr'>Εᾱό.”</span> <span class='ocrx_word' id='word_1_472' title='bbox 506 2844 535 2862; x_wconf 67' lang='grc' dir='ltr'><strong>π</strong></span> <span class='ocrx_word' id='word_1_473' title='bbox 547 2846 646 2881; x_wconf 85' lang='grc' dir='ltr'>ταῦτα]</span> <span class='ocrx_word' id='word_1_474' title='bbox 662 2846 696 2873; x_wconf 84' lang='grc' dir='ltr'>τὰ</span> <span class='ocrx_word' id='word_1_475' title='bbox 714 2846 827 2873; x_wconf 83' lang='grc' dir='ltr'>τοιαῦτα</span> <span class='ocrx_word' id='word_1_476' title='bbox 846 2845 914 2881; x_wconf 72' lang='grc' dir='ltr'>Ειίύ.</span> 
     </span>
    </p>
   </div>
   <div class='ocr_carea' id='block_1_64' title="bbox 231 2881 619 2951">
    <p class='ocr_par' dir='ltr' id='par_1_64' title="bbox 231 2881 619 2951">
     <span class='ocr_line' id='line_1_64' title="bbox 231 2881 619 2951; baseline 0.008 -9"><span class='ocrx_word' id='word_1_477' title='bbox 231 2888 302 2947; x_wconf 44' lang='lat' dir='ltr'>ait</span> <span class='ocrx_word' id='word_1_478' title='bbox 317 2881 404 2942; x_wconf 50' lang='grc' dir='ltr'>Εὲὶὰτὸ</span> <span class='ocrx_word' id='word_1_479' title='bbox 418 2881 619 2951; x_wconf 48' lang='grc' dir='ltr'>κέεζὲόνοὲῗύξ</span> 
     </span>
    </p>
   </div>
   <div class='ocr_carea' id='block_1_65' title="bbox 561 2771 1444 2814">
    <p class='ocr_par' dir='ltr' id='par_1_65' title="bbox 561 2771 1444 2814">
     <span class='ocr_line' id='line_1_65' title="bbox 561 2771 1444 2814; baseline 0 0"><span class='ocrx_word' id='word_1_480' title='bbox 561 2776 783 2814; x_wconf 62' lang='grc' dir='ltr'>’ζέειθρημένωγί</span> <span class='ocrx_word' id='word_1_481' title='bbox 798 2776 843 2803; x_wconf 79' lang='lat' dir='ltr'>Sic</span> <span class='ocrx_word' id='word_1_482' title='bbox 907 2772 1042 2814; x_wconf 67' lang='lat' dir='ltr'>F-..V&quot;.&#39;8°</span> <span class='ocrx_word' id='word_1_483' title='bbox 1059 2772 1257 2814; x_wconf 56' lang='lat' dir='ltr'>éiwwéw-</span> <span class='ocrx_word' id='word_1_484' title='bbox 1273 2771 1334 2814; x_wconf 69' lang='grc' dir='ltr'>Υίε¹ο</span> <span class='ocrx_word' id='word_1_485' title='bbox 1352 2771 1444 2814; x_wconf 70' lang='grc' dir='ltr'>εξάηοεε</span> 
     </span>
    </p>
   </div>
   <div class='ocr_carea' id='block_1_66' title="bbox 233 2808 1052 2847">
    <p class='ocr_par' dir='ltr' id='par_1_66' title="bbox 233 2808 1052 2847">
     <span class='ocr_line' id='line_1_66' title="bbox 233 2808 1052 2847; baseline -0.002 -10"><span class='ocrx_word' id='word_1_486' title='bbox 233 2817 307 2847; x_wconf 76' lang='lat' dir='ltr'>cqr_r.</span> <span class='ocrx_word' id='word_1_487' title='bbox 325 2810 356 2837; x_wconf 82' lang='grc' dir='ltr'>υ.</span> <span class='ocrx_word' id='word_1_488' title='bbox 372 2810 490 2847; x_wconf 53' lang='grc' dir='ltr'>ἐλρύσῃ</span> <span class='ocrx_word' id='word_1_489' title='bbox 502 2811 564 2846; x_wconf 86' lang='lat' dir='ltr'>(sic)</span> <span class='ocrx_word' id='word_1_490' title='bbox 576 2812 606 2838; x_wconf 89' lang='lat' dir='ltr'>B.</span> <span class='ocrx_word' id='word_1_491' title='bbox 618 2808 739 2847; x_wconf 68' lang='grc' dir='ltr'>’άρὁίίιει</span> <span class='ocrx_word' id='word_1_492' title='bbox 755 2808 831 2839; x_wconf 71' lang='grc' dir='ltr'>Α’τιη.</span> <span class='ocrx_word' id='word_1_493' title='bbox 845 2811 925 2847; x_wconf 49' lang='grc' dir='ltr'>χιιίδυ</span> <span class='ocrx_word' id='word_1_494' title='bbox 941 2808 1052 2847; x_wconf 58' lang='grc' dir='ltr'>ἑλκὺξῃ.</span> 
     </span>
    </p>
   </div>
   <div class='ocr_carea' id='block_1_67' title="bbox 964 2840 1691 2877">
    <p class='ocr_par' dir='ltr' id='par_1_67' title="bbox 964 2840 1691 2877">
     <span class='ocr_line' id='line_1_67' title="bbox 964 2840 1691 2877; baseline -0.001 -9"><span class='ocrx_word' id='word_1_495' title='bbox 964 2844 986 2859; x_wconf 70' lang='grc' dir='ltr'>τ’</span> <span class='ocrx_word' id='word_1_496' title='bbox 1001 2840 1068 2877; x_wconf 77' lang='grc' dir='ltr'>εῐὲν]</span> <span class='ocrx_word' id='word_1_497' title='bbox 1086 2842 1148 2869; x_wconf 82' lang='lat' dir='ltr'>add.</span> <span class='ocrx_word' id='word_1_498' title='bbox 1166 2840 1244 2869; x_wconf 73' lang='grc' dir='ltr'>αὑτοὶ</span> <span class='ocrx_word' id='word_1_499' title='bbox 1259 2840 1291 2870; x_wconf 64' lang='grc' dir='ltr'>Δί</span> <span class='ocrx_word' id='word_1_500' title='bbox 1309 2842 1340 2869; x_wconf 80' lang='grc' dir='ltr'>Β.</span> <span class='ocrx_word' id='word_1_501' title='bbox 1358 2840 1405 2877; x_wconf 23' lang='grc' dir='ltr'>γέτξ</span> <span class='ocrx_word' id='word_1_502' title='bbox 1415 2841 1605 2877; x_wconf 70' lang='grc' dir='ltr'>ἀναλίσκοντες</span> <span class='ocrx_word' id='word_1_503' title='bbox 1624 2841 1691 2869; x_wconf 86' lang='lat' dir='ltr'>Edd.</span> 
     </span>
    </p>
   </div>
   <div class='ocr_carea' id='block_1_68' title="bbox 435 2877 1098 2917">
    <p class='ocr_par' dir='ltr' id='par_1_68' title="bbox 435 2877 1098 2917">
     <span class='ocr_line' id='line_1_68' title="bbox 435 2877 1098 2917; baseline -0.005 -10"><span class='ocrx_word' id='word_1_504' title='bbox 435 2881 457 2897; x_wconf 79' lang='lat'>&quot;</span> <span class='ocrx_word' id='word_1_505' title='bbox 468 2877 678 2917; x_wconf 20' lang='grc' dir='ltr'>καὶ1οὑδὲγΕίΡ</span> <span class='ocrx_word' id='word_1_506' title='bbox 735 2881 758 2898; x_wconf 83' lang='grc'>⁸³</span> <span class='ocrx_word' id='word_1_507' title='bbox 774 2880 864 2917; x_wconf 86' lang='grc' dir='ltr'>σῶμα]</span> <span class='ocrx_word' id='word_1_508' title='bbox 877 2882 907 2907; x_wconf 86' lang='grc' dir='ltr'>τὸ</span> <span class='ocrx_word' id='word_1_509' title='bbox 918 2877 998 2911; x_wconf 87' lang='grc' dir='ltr'>σῶμα</span> <span class='ocrx_word' id='word_1_510' title='bbox 1017 2877 1048 2905; x_wconf 80' lang='grc' dir='ltr'>ι).</span> <span class='ocrx_word' id='word_1_511' title='bbox 1067 2877 1098 2904; x_wconf 83' lang='grc' dir='ltr'>Ε.</span> 
     </span>
    </p>
   </div>
   <div class='ocr_carea' id='block_1_69' title="bbox 1104 202 1856 244">
    <p class='ocr_par' dir='ltr' id='par_1_69' title="bbox 1104 202 1856 244">
     <span class='ocr_line' id='line_1_69' title="bbox 1104 202 1856 244; baseline 0.015 -16"><span class='ocrx_word' id='word_1_512' title='bbox 1104 205 1140 237; x_wconf 82' lang='grc' dir='ltr'>η’.</span> <span class='ocrx_word' id='word_1_513' title='bbox 1154 202 1200 238; x_wconf 85' lang='grc' dir='ltr'>Μὴ</span> <span class='ocrx_word' id='word_1_514' title='bbox 1214 203 1268 238; x_wconf 86' lang='grc' dir='ltr'>γάρ</span> <span class='ocrx_word' id='word_1_515' title='bbox 1284 212 1329 238; x_wconf 89' lang='grc' dir='ltr'>μοι</span> <span class='ocrx_word' id='word_1_516' title='bbox 1338 203 1418 231; x_wconf 79' lang='grc' dir='ltr'>τοῦτο</span> <span class='ocrx_word' id='word_1_517' title='bbox 1432 204 1524 240; x_wconf 82' lang='grc' dir='ltr'>εἴπῃς,</span> <span class='ocrx_word' id='word_1_518' title='bbox 1535 206 1575 232; x_wconf 83' lang='grc' dir='ltr'>ὅτι</span> <span class='ocrx_word' id='word_1_519' title='bbox 1590 207 1734 244; x_wconf 78' lang='grc' dir='ltr'>ὑπόκρισίς</span> <span class='ocrx_word' id='word_1_520' title='bbox 1747 210 1805 238; x_wconf 87' lang='grc' dir='ltr'>ἐστι</span> <span class='ocrx_word' id='word_1_521' title='bbox 1821 213 1856 239; x_wconf 75' lang='grc' dir='ltr'>τὰ</span> 
     </span>
    </p>
   </div>
   <div class='ocr_carea' id='block_1_70' title="bbox 1069 245 1858 286">
    <p class='ocr_par' dir='ltr' id='par_1_70' title="bbox 1069 245 1858 286">
     <span class='ocr_line' id='line_1_70' title="bbox 1069 245 1858 286; baseline 0.014 -17"><span class='ocrx_word' id='word_1_522' title='bbox 1069 245 1200 281; x_wconf 87' lang='grc' dir='ltr'>γινόμενα</span> <span class='ocrx_word' id='word_1_523' title='bbox 1210 254 1216 260; x_wconf 90' lang='grc'>·</span> <span class='ocrx_word' id='word_1_524' title='bbox 1233 247 1249 281; x_wconf 85' lang='grc' dir='ltr'>ὴ</span> <span class='ocrx_word' id='word_1_525' title='bbox 1263 246 1316 280; x_wconf 80' lang='grc' dir='ltr'>γὰρ</span> <span class='ocrx_word' id='word_1_526' title='bbox 1332 247 1478 282; x_wconf 83' lang='grc' dir='ltr'>ὑπόκρισις</span> <span class='ocrx_word' id='word_1_527' title='bbox 1491 247 1559 282; x_wconf 77' lang='grc' dir='ltr'>αὕτη</span> <span class='ocrx_word' id='word_1_528' title='bbox 1576 249 1693 281; x_wconf 82' lang='grc' dir='ltr'>πολλοὺς</span> <span class='ocrx_word' id='word_1_529' title='bbox 1707 251 1858 286; x_wconf 79' lang='grc' dir='ltr'>εἰργάσατο</span> 
     </span>
    </p>
   </div>
   <div class='ocr_carea' id='block_1_71' title="bbox 1071 287 1858 324">
    <p class='ocr_par' dir='ltr' id='par_1_71' title="bbox 1071 287 1858 324">
     <span class='ocr_line' id='line_1_71' title="bbox 1071 287 1858 324; baseline 0.01 -10"><span class='ocrx_word' id='word_1_530' title='bbox 1071 288 1192 324; x_wconf 84' lang='grc' dir='ltr'>μοιχοὺς,</span> <span class='ocrx_word' id='word_1_531' title='bbox 1206 287 1253 315; x_wconf 80' lang='grc' dir='ltr'>καὶ</span> <span class='ocrx_word' id='word_1_532' title='bbox 1267 287 1367 320; x_wconf 83' lang='grc' dir='ltr'>πολλὰς</span> <span class='ocrx_word' id='word_1_533' title='bbox 1378 289 1527 324; x_wconf 75' lang='grc' dir='ltr'>ἀνέτρεψεν</span> <span class='ocrx_word' id='word_1_534' title='bbox 1541 290 1641 322; x_wconf 83' lang='grc' dir='ltr'>οἰκίας.</span> <span class='ocrx_word' id='word_1_535' title='bbox 1656 292 1712 319; x_wconf 80' lang='grc' dir='ltr'>Καὶ</span> <span class='ocrx_word' id='word_1_536' title='bbox 1723 293 1768 320; x_wconf 86' lang='grc' dir='ltr'>διὰ</span> <span class='ocrx_word' id='word_1_537' title='bbox 1777 294 1858 322; x_wconf 84' lang='grc' dir='ltr'>τοῦτο</span> 
     </span>
    </p>
   </div>
   <div class='ocr_carea' id='block_1_72' title="bbox 1071 329 1859 368">
    <p class='ocr_par' dir='ltr' id='par_1_72' title="bbox 1071 329 1859 368">
     <span class='ocr_line' id='line_1_72' title="bbox 1071 329 1859 368; baseline 0.01 -13"><span class='ocrx_word' id='word_1_538' title='bbox 1071 330 1189 365; x_wconf 86' lang='grc' dir='ltr'>μάλιστα</span> <span class='ocrx_word' id='word_1_539' title='bbox 1204 329 1307 361; x_wconf 80' lang='grc' dir='ltr'>στένω,</span> <span class='ocrx_word' id='word_1_540' title='bbox 1331 330 1373 356; x_wconf 85' lang='grc' dir='ltr'>ὅτι</span> <span class='ocrx_word' id='word_1_541' title='bbox 1401 330 1463 357; x_wconf 75' lang='grc' dir='ltr'>οὐδὲ</span> <span class='ocrx_word' id='word_1_542' title='bbox 1491 331 1566 357; x_wconf 87' lang='grc' dir='ltr'>δοκεῖ</span> <span class='ocrx_word' id='word_1_543' title='bbox 1587 333 1705 368; x_wconf 82' lang='grc' dir='ltr'>πονηρὸν</span> <span class='ocrx_word' id='word_1_544' title='bbox 1731 332 1801 362; x_wconf 78' lang='grc' dir='ltr'>εἶναι</span> <span class='ocrx_word' id='word_1_545' title='bbox 1827 337 1859 363; x_wconf 78' lang='grc' dir='ltr'>τὸ</span> 
     </span>
    </p>
   </div>
   <div class='ocr_carea' id='block_1_73' title="bbox 1070 371 1858 411">
    <p class='ocr_par' dir='ltr' id='par_1_73' title="bbox 1070 371 1858 411">
     <span class='ocr_line' id='line_1_73' title="bbox 1070 371 1858 411; baseline 0.008 -13"><span class='ocrx_word' id='word_1_546' title='bbox 1070 371 1221 406; x_wconf 85' lang='grc' dir='ltr'>γινόμενον,</span> <span class='ocrx_word' id='word_1_547' title='bbox 1247 371 1315 398; x_wconf 85' lang='grc' dir='ltr'>ἀλλὰ</span> <span class='ocrx_word' id='word_1_548' title='bbox 1330 372 1378 398; x_wconf 71' lang='grc' dir='ltr'>καὶ</span> <span class='ocrx_word' id='word_1_549' title='bbox 1401 372 1493 407; x_wconf 84' lang='grc' dir='ltr'>κρότοι</span> <span class='ocrx_word' id='word_1_550' title='bbox 1509 373 1556 399; x_wconf 81' lang='grc' dir='ltr'>καὶ</span> <span class='ocrx_word' id='word_1_551' title='bbox 1578 374 1685 410; x_wconf 89' lang='grc' dir='ltr'>κραυγὴ</span> <span class='ocrx_word' id='word_1_552' title='bbox 1701 376 1749 402; x_wconf 78' lang='grc' dir='ltr'>καὶ</span> <span class='ocrx_word' id='word_1_553' title='bbox 1771 377 1858 411; x_wconf 86' lang='grc' dir='ltr'>γέλως</span> 
     </span>
    </p>
   </div>
   <div class='ocr_carea' id='block_1_74' title="bbox 1070 414 1857 454">
    <p class='ocr_par' dir='ltr' id='par_1_74' title="bbox 1070 414 1857 454">
     <span class='ocr_line' id='line_1_74' title="bbox 1070 414 1857 454; baseline 0.008 -14"><span class='ocrx_word' id='word_1_554' title='bbox 1070 414 1166 446; x_wconf 83' lang='grc' dir='ltr'>πολὺς,</span> <span class='ocrx_word' id='word_1_555' title='bbox 1191 414 1314 449; x_wconf 85' lang='grc' dir='ltr'>μοιχείας</span> <span class='ocrx_word' id='word_1_556' title='bbox 1329 414 1510 450; x_wconf 86' lang='grc' dir='ltr'>τολμωμένης</span> <span class='ocrx_word' id='word_1_557' title='bbox 1532 417 1678 452; x_wconf 77' lang='grc' dir='ltr'>τοσαύτης.</span> <span class='ocrx_word' id='word_1_558' title='bbox 1698 417 1731 444; x_wconf 93' lang='grc' dir='ltr'>Τί</span> <span class='ocrx_word' id='word_1_559' title='bbox 1747 418 1857 454; x_wconf 86' lang='grc' dir='ltr'>λέγεις;</span> 
     </span>
    </p>
   </div>
   <div class='ocr_carea' id='block_1_75' title="bbox 1075 455 1860 494">
    <p class='ocr_par' dir='ltr' id='par_1_75' title="bbox 1075 455 1860 494">
     <span class='ocr_line' id='line_1_75' title="bbox 1075 455 1860 494; baseline 0.008 -13"><span class='ocrx_word' id='word_1_560' title='bbox 1075 456 1235 491; x_wconf 85' lang='grc' dir='ltr'>Ὗπόκρισις</span> <span class='ocrx_word' id='word_1_561' title='bbox 1255 455 1289 482; x_wconf 78' lang='grc' dir='ltr'>τὰ</span> <span class='ocrx_word' id='word_1_562' title='bbox 1308 456 1438 491; x_wconf 88' lang='grc' dir='ltr'>γινόμενα</span> <span class='ocrx_word' id='word_1_563' title='bbox 1447 456 1486 489; x_wconf 79' lang='grc'>⁸¹;</span> <span class='ocrx_word' id='word_1_564' title='bbox 1502 456 1542 482; x_wconf 79' lang='grc' dir='ltr'>Δι’</span> <span class='ocrx_word' id='word_1_565' title='bbox 1558 457 1624 484; x_wconf 78' lang='grc' dir='ltr'>αὐτὸ</span> <span class='ocrx_word' id='word_1_566' title='bbox 1646 458 1696 494; x_wconf 84' lang='grc' dir='ltr'>μὲν</span> <span class='ocrx_word' id='word_1_567' title='bbox 1712 457 1758 486; x_wconf 82' lang='grc' dir='ltr'>οὖν</span> <span class='ocrx_word' id='word_1_568' title='bbox 1780 460 1860 487; x_wconf 84' lang='grc' dir='ltr'>τοῦτο</span> 
     </span>
    </p>
   </div>
   <div class='ocr_carea' id='block_1_76' title="bbox 1072 496 1859 536">
    <p class='ocr_par' dir='ltr' id='par_1_76' title="bbox 1072 496 1859 536">
     <span class='ocr_line' id='line_1_76' title="bbox 1072 496 1859 536; baseline 0.008 -12"><span class='ocrx_word' id='word_1_569' title='bbox 1072 499 1178 534; x_wconf 87' lang='grc' dir='ltr'>μυρίων</span> <span class='ocrx_word' id='word_1_570' title='bbox 1192 498 1225 525; x_wconf 79' lang='grc' dir='ltr'>ἂν</span> <span class='ocrx_word' id='word_1_571' title='bbox 1240 496 1294 524; x_wconf 84' lang='grc' dir='ltr'>εἶεν</span> <span class='ocrx_word' id='word_1_572' title='bbox 1311 498 1412 524; x_wconf 83' lang='grc' dir='ltr'>ἐκεῖνοι</span> <span class='ocrx_word' id='word_1_573' title='bbox 1425 497 1549 525; x_wconf 80' lang='grc' dir='ltr'>θανάτων</span> <span class='ocrx_word' id='word_1_574' title='bbox 1564 499 1644 532; x_wconf 77' lang='grc' dir='ltr'>ἄξιοι,</span> <span class='ocrx_word' id='word_1_575' title='bbox 1658 500 1699 527; x_wconf 86' lang='grc' dir='ltr'>ὅτι</span> <span class='ocrx_word' id='word_1_576' title='bbox 1716 501 1734 528; x_wconf 80' lang='grc' dir='ltr'>ἃ.</span> <span class='ocrx_word' id='word_1_577' title='bbox 1747 502 1859 536; x_wconf 84' lang='grc' dir='ltr'>φεύγειν</span> 
     </span>
    </p>
   </div>
   <div class='ocr_carea' id='block_1_77' title="bbox 1070 539 1860 577">
    <p class='ocr_par' dir='ltr' id='par_1_77' title="bbox 1070 539 1860 577">
     <span class='ocr_line' id='line_1_77' title="bbox 1070 539 1860 577; baseline 0.009 -12"><span class='ocrx_word' id='word_1_578' title='bbox 1070 541 1095 566; x_wconf 88' lang='grc' dir='ltr'>οἰ</span> <span class='ocrx_word' id='word_1_579' title='bbox 1105 539 1183 574; x_wconf 88' lang='grc' dir='ltr'>νόμοι</span> <span class='ocrx_word' id='word_1_580' title='bbox 1194 539 1353 566; x_wconf 69' lang='grc' dir='ltr'>κελεύουσαν</span> <span class='ocrx_word' id='word_1_581' title='bbox 1366 539 1496 571; x_wconf 76' lang='grc' dir='ltr'>ἅπαντες.</span> <span class='ocrx_word' id='word_1_582' title='bbox 1506 540 1592 567; x_wconf 88' lang='grc' dir='ltr'>ταῦτα</span> <span class='ocrx_word' id='word_1_583' title='bbox 1609 543 1750 577; x_wconf 84' lang='grc' dir='ltr'>μιμεῖσθαι</span> <span class='ocrx_word' id='word_1_584' title='bbox 1765 545 1860 572; x_wconf 77' lang='grc' dir='ltr'>ἐσπου-</span> 
     </span>
    </p>
   </div>
   <div class='ocr_carea' id='block_1_78' title="bbox 1070 581 1860 622">
    <p class='ocr_par' dir='ltr' id='par_1_78' title="bbox 1070 581 1860 622">
     <span class='ocr_line' id='line_1_78' title="bbox 1070 581 1860 622; baseline 0.008 -15"><span class='ocrx_word' id='word_1_585' title='bbox 1070 581 1186 608; x_wconf 86' lang='grc' dir='ltr'>δάκασιν</span> <span class='ocrx_word' id='word_1_586' title='bbox 1197 582 1309 608; x_wconf 83' lang='grc' dir='ltr'>ἐκεῖνοι.</span> <span class='ocrx_word' id='word_1_587' title='bbox 1324 581 1357 608; x_wconf 81' lang='grc' dir='ltr'>Εἰ</span> <span class='ocrx_word' id='word_1_588' title='bbox 1371 581 1425 617; x_wconf 82' lang='grc' dir='ltr'>γὰρ</span> <span class='ocrx_word' id='word_1_589' title='bbox 1441 582 1508 608; x_wconf 84' lang='grc' dir='ltr'>αὐτὸ</span> <span class='ocrx_word' id='word_1_590' title='bbox 1527 583 1623 616; x_wconf 72' lang='grc' dir='ltr'>κακὸν,</span> <span class='ocrx_word' id='word_1_591' title='bbox 1640 585 1688 610; x_wconf 79' lang='grc' dir='ltr'>καί</span> <span class='ocrx_word' id='word_1_592' title='bbox 1707 585 1723 620; x_wconf 82' lang='grc' dir='ltr'>ὴ</span> <span class='ocrx_word' id='word_1_593' title='bbox 1741 585 1860 622; x_wconf 88' lang='grc' dir='ltr'>μίμησις</span> 
     </span>
    </p>
   </div>
   <div class='ocr_carea' id='block_1_79' title="bbox 1070 622 1860 661">
    <p class='ocr_par' dir='ltr' id='par_1_79' title="bbox 1070 622 1860 661">
     <span class='ocr_line' id='line_1_79' title="bbox 1070 622 1860 661; baseline 0.008 -12"><span class='ocrx_word' id='word_1_594' title='bbox 1070 623 1167 649; x_wconf 84' lang='grc' dir='ltr'>τούτου</span> <span class='ocrx_word' id='word_1_595' title='bbox 1182 623 1277 650; x_wconf 86' lang='grc' dir='ltr'>κακόν.</span> <span class='ocrx_word' id='word_1_596' title='bbox 1295 623 1352 650; x_wconf 81' lang='grc' dir='ltr'>Καὶ</span> <span class='ocrx_word' id='word_1_597' title='bbox 1376 622 1455 649; x_wconf 77' lang='grc' dir='ltr'>οὔπω</span> <span class='ocrx_word' id='word_1_598' title='bbox 1471 623 1552 658; x_wconf 90' lang='grc' dir='ltr'>λέγω,</span> <span class='ocrx_word' id='word_1_599' title='bbox 1572 625 1672 657; x_wconf 89' lang='grc' dir='ltr'>πόσους</span> <span class='ocrx_word' id='word_1_600' title='bbox 1693 627 1860 661; x_wconf 79' lang='grc' dir='ltr'>ἐργάζονται</span> 
     </span>
    </p>
   </div>
   <div class='ocr_carea' id='block_1_80' title="bbox 1073 663 1860 704">
    <p class='ocr_par' dir='ltr' id='par_1_80' title="bbox 1073 663 1860 704">
     <span class='ocr_line' id='line_1_80' title="bbox 1073 663 1860 704; baseline 0.01 -15"><span class='ocrx_word' id='word_1_601' title='bbox 1073 665 1184 700; x_wconf 75' lang='grc' dir='ltr'>μοιχοὺς</span> <span class='ocrx_word' id='word_1_602' title='bbox 1199 665 1223 690; x_wconf 88' lang='grc' dir='ltr'>οἰ</span> <span class='ocrx_word' id='word_1_603' title='bbox 1246 663 1281 690; x_wconf 81' lang='grc' dir='ltr'>τά</span> <span class='ocrx_word' id='word_1_604' title='bbox 1300 663 1414 690; x_wconf 85' lang='grc' dir='ltr'>τοιαῦτα</span> <span class='ocrx_word' id='word_1_605' title='bbox 1429 664 1480 696; x_wconf 84' lang='grc' dir='ltr'>τῆς</span> <span class='ocrx_word' id='word_1_606' title='bbox 1505 666 1629 701; x_wconf 87' lang='grc' dir='ltr'>μοιχείας</span> <span class='ocrx_word' id='word_1_607' title='bbox 1648 667 1860 704; x_wconf 83' lang='grc' dir='ltr'>ὑποκρινόμενοι</span> 
     </span>
    </p>
   </div>
   <div class='ocr_carea' id='block_1_81' title="bbox 1070 705 1860 744">
    <p class='ocr_par' dir='ltr' id='par_1_81' title="bbox 1070 705 1860 744">
     <span class='ocr_line' id='line_1_81' title="bbox 1070 705 1860 744; baseline 0.009 -12"><span class='ocrx_word' id='word_1_608' title='bbox 1070 706 1217 742; x_wconf 83' lang='grc' dir='ltr'>δράματα,</span> <span class='ocrx_word' id='word_1_609' title='bbox 1243 705 1303 738; x_wconf 87' lang='grc' dir='ltr'>πῶς</span> <span class='ocrx_word' id='word_1_610' title='bbox 1334 706 1449 742; x_wconf 79' lang='grc' dir='ltr'>ἰταμοὺς</span> <span class='ocrx_word' id='word_1_611' title='bbox 1475 707 1524 734; x_wconf 80' lang='grc' dir='ltr'>καὶ</span> <span class='ocrx_word' id='word_1_612' title='bbox 1551 709 1746 744; x_wconf 83' lang='grc' dir='ltr'>ἀναισχύντους</span> <span class='ocrx_word' id='word_1_613' title='bbox 1773 720 1860 738; x_wconf 84' lang='grc' dir='ltr'>κατα-</span> 
     </span>
    </p>
   </div>
   <div class='ocr_carea' id='block_1_82' title="bbox 1073 746 1860 787">
    <p class='ocr_par' dir='ltr' id='par_1_82' title="bbox 1073 746 1860 787">
     <span class='ocr_line' id='line_1_82' title="bbox 1073 746 1860 787; baseline 0.008 -13"><span class='ocrx_word' id='word_1_614' title='bbox 1073 747 1234 779; x_wconf 82' lang='grc' dir='ltr'>σκευάζουτι</span> <span class='ocrx_word' id='word_1_615' title='bbox 1248 747 1312 779; x_wconf 82' lang='grc' dir='ltr'>τοὺς</span> <span class='ocrx_word' id='word_1_616' title='bbox 1325 746 1403 783; x_wconf 72' lang='grc'>[101]</span> <span class='ocrx_word' id='word_1_617' title='bbox 1417 747 1471 774; x_wconf 86' lang='grc' dir='ltr'>τῶν</span> <span class='ocrx_word' id='word_1_618' title='bbox 1486 749 1616 776; x_wconf 88' lang='grc' dir='ltr'>τοιούτων</span> <span class='ocrx_word' id='word_1_619' title='bbox 1633 751 1767 787; x_wconf 87' lang='grc' dir='ltr'>θεωρούς·</span> <span class='ocrx_word' id='word_1_620' title='bbox 1783 753 1860 786; x_wconf 72' lang='grc' dir='ltr'>οὐδὲν</span> 
     </span>
    </p>
   </div>
   <div class='ocr_carea' id='block_1_83' title="bbox 1071 789 1860 828">
    <p class='ocr_par' dir='ltr' id='par_1_83' title="bbox 1071 789 1860 828">
     <span class='ocr_line' id='line_1_83' title="bbox 1071 789 1860 828; baseline 0.008 -13"><span class='ocrx_word' id='word_1_621' title='bbox 1071 789 1126 825; x_wconf 76' lang='grc' dir='ltr'>γὰρ</span> <span class='ocrx_word' id='word_1_622' title='bbox 1132 798 1167 816; x_wconf 89' lang='grc' dir='ltr'>πο</span> <span class='ocrx_word' id='word_1_623' title='bbox 1170 789 1333 824; x_wconf 87' lang='grc' dir='ltr'>ρνικώτερον</span> <span class='ocrx_word' id='word_1_624' title='bbox 1340 789 1386 816; x_wconf 74' lang='grc' dir='ltr'>καὶ</span> <span class='ocrx_word' id='word_1_625' title='bbox 1392 789 1414 805; x_wconf 64' lang='grc' dir='ltr'>θ’</span> <span class='ocrx_word' id='word_1_626' title='bbox 1422 789 1540 824; x_wconf 84' lang='grc' dir='ltr'>ἰταμώτε</span> <span class='ocrx_word' id='word_1_627' title='bbox 1545 799 1589 825; x_wconf 87' lang='grc' dir='ltr'>ρον</span> <span class='ocrx_word' id='word_1_628' title='bbox 1599 791 1740 828; x_wconf 81' lang='grc' dir='ltr'>ὀφθαλμοῦ</span> <span class='ocrx_word' id='word_1_629' title='bbox 1748 794 1860 821; x_wconf 87' lang='grc' dir='ltr'>τοιαῦτα</span> 
     </span>
    </p>
   </div>
   <div class='ocr_carea' id='block_1_84' title="bbox 1075 831 1861 868">
    <p class='ocr_par' dir='ltr' id='par_1_84' title="bbox 1075 831 1861 868">
     <span class='ocr_line' id='line_1_84' title="bbox 1075 831 1861 868; baseline 0.006 -10"><span class='ocrx_word' id='word_1_630' title='bbox 1075 831 1183 867; x_wconf 83' lang='grc' dir='ltr'>βλέπειν</span> <span class='ocrx_word' id='word_1_631' title='bbox 1195 831 1371 866; x_wconf 84' lang='grc' dir='ltr'>ἀνεχομένου.</span> <span class='ocrx_word' id='word_1_632' title='bbox 1386 831 1422 857; x_wconf 76' lang='grc' dir='ltr'>Σὺ</span> <span class='ocrx_word' id='word_1_633' title='bbox 1436 831 1464 858; x_wconf 84' lang='grc' dir='ltr'>δὲ</span> <span class='ocrx_word' id='word_1_634' title='bbox 1479 832 1508 859; x_wconf 83' lang='grc' dir='ltr'>ἐν</span> <span class='ocrx_word' id='word_1_635' title='bbox 1523 833 1609 868; x_wconf 74' lang='grc' dir='ltr'>ἀγορᾷ</span> <span class='ocrx_word' id='word_1_636' title='bbox 1623 834 1672 868; x_wconf 86' lang='grc' dir='ltr'>μὲν</span> <span class='ocrx_word' id='word_1_637' title='bbox 1683 835 1732 862; x_wconf 83' lang='grc' dir='ltr'>οὐκ</span> <span class='ocrx_word' id='word_1_638' title='bbox 1746 836 1778 862; x_wconf 82' lang='grc' dir='ltr'>ἂν</span> <span class='ocrx_word' id='word_1_639' title='bbox 1788 836 1861 863; x_wconf 71' lang='grc' dir='ltr'>ἕλοιο</span> 
     </span>
    </p>
   </div>
   <div class='ocr_carea' id='block_1_85' title="bbox 1073 873 1859 914">
    <p class='ocr_par' dir='ltr' id='par_1_85' title="bbox 1073 873 1859 914">
     <span class='ocr_line' id='line_1_85' title="bbox 1073 873 1859 914; baseline 0.008 -15"><span class='ocrx_word' id='word_1_640' title='bbox 1073 875 1189 908; x_wconf 82' lang='grc' dir='ltr'>γυναῖκα</span> <span class='ocrx_word' id='word_1_641' title='bbox 1202 873 1396 909; x_wconf 87' lang='grc' dir='ltr'>γυμνουμένην</span> <span class='ocrx_word' id='word_1_642' title='bbox 1409 873 1483 907; x_wconf 86' lang='grc' dir='ltr'>ἰδεῖν,</span> <span class='ocrx_word' id='word_1_643' title='bbox 1503 875 1603 909; x_wconf 84' lang='grc' dir='ltr'>μᾶλλον</span> <span class='ocrx_word' id='word_1_644' title='bbox 1617 876 1647 902; x_wconf 83' lang='grc' dir='ltr'>δὲ</span> <span class='ocrx_word' id='word_1_645' title='bbox 1658 876 1718 903; x_wconf 72' lang='grc' dir='ltr'>οὐδὲ</span> <span class='ocrx_word' id='word_1_646' title='bbox 1731 878 1759 904; x_wconf 85' lang='grc' dir='ltr'>ἐν</span> <span class='ocrx_word' id='word_1_647' title='bbox 1773 879 1859 914; x_wconf 84' lang='grc' dir='ltr'>οἰκίᾳ,</span> 
     </span>
    </p>
   </div>
   <div class='ocr_carea' id='block_1_86' title="bbox 1073 914 1860 956">
    <p class='ocr_par' dir='ltr' id='par_1_86' title="bbox 1073 914 1860 956">
     <span class='ocr_line' id='line_1_86' title="bbox 1073 914 1860 956; baseline 0.006 -13"><span class='ocrx_word' id='word_1_648' title='bbox 1073 915 1141 943; x_wconf 85' lang='grc' dir='ltr'>ἀλλὰ</span> <span class='ocrx_word' id='word_1_649' title='bbox 1155 915 1202 942; x_wconf 77' lang='grc' dir='ltr'>καὶ</span> <span class='ocrx_word' id='word_1_650' title='bbox 1213 914 1292 949; x_wconf 73' lang='grc' dir='ltr'>ὕϐριν</span> <span class='ocrx_word' id='word_1_651' title='bbox 1307 915 1337 941; x_wconf 85' lang='grc' dir='ltr'>τὺ</span> <span class='ocrx_word' id='word_1_652' title='bbox 1351 916 1467 950; x_wconf 76' lang='grc' dir='ltr'>πρᾶγμα</span> <span class='ocrx_word' id='word_1_653' title='bbox 1478 917 1584 949; x_wconf 81' lang='grc' dir='ltr'>καλεῖς·</span> <span class='ocrx_word' id='word_1_654' title='bbox 1599 918 1646 944; x_wconf 75' lang='grc' dir='ltr'>ἐπὶ</span> <span class='ocrx_word' id='word_1_655' title='bbox 1660 919 1689 945; x_wconf 85' lang='grc' dir='ltr'>δέ</span> <span class='ocrx_word' id='word_1_656' title='bbox 1700 919 1731 946; x_wconf 84' lang='grc' dir='ltr'>τὸ</span> <span class='ocrx_word' id='word_1_657' title='bbox 1745 914 1860 956; x_wconf 84' lang='grc' dir='ltr'>θέατρον</span> 
     </span>
    </p>
   </div>
   <div class='ocr_carea' id='block_1_87' title="bbox 1073 958 1859 997">
    <p class='ocr_par' dir='ltr' id='par_1_87' title="bbox 1073 958 1859 997">
     <span class='ocr_line' id='line_1_87' title="bbox 1073 958 1859 997; baseline 0.005 -11"><span class='ocrx_word' id='word_1_658' title='bbox 1073 959 1238 990; x_wconf 84' lang='grc' dir='ltr'>ἀναϐαίνεις,</span> <span class='ocrx_word' id='word_1_659' title='bbox 1247 958 1292 985; x_wconf 82' lang='grc' dir='ltr'>ἴνα</span> <span class='ocrx_word' id='word_1_660' title='bbox 1307 958 1338 985; x_wconf 82' lang='grc' dir='ltr'>τὸ</span> <span class='ocrx_word' id='word_1_661' title='bbox 1352 958 1442 985; x_wconf 85' lang='grc' dir='ltr'>κοινὸν</span> <span class='ocrx_word' id='word_1_662' title='bbox 1454 959 1510 986; x_wconf 81' lang='grc' dir='ltr'>τῶν</span> <span class='ocrx_word' id='word_1_663' title='bbox 1521 959 1626 994; x_wconf 86' lang='grc' dir='ltr'>ἀνδρῶν</span> <span class='ocrx_word' id='word_1_664' title='bbox 1639 961 1687 988; x_wconf 79' lang='grc' dir='ltr'>καὶ</span> <span class='ocrx_word' id='word_1_665' title='bbox 1700 961 1755 989; x_wconf 89' lang='grc' dir='ltr'>τῶν</span> <span class='ocrx_word' id='word_1_666' title='bbox 1765 971 1859 997; x_wconf 88' lang='grc' dir='ltr'>γυναι-</span> 
     </span>
    </p>
   </div>
   <div class='ocr_carea' id='block_1_88' title="bbox 1073 1000 1860 1041">
    <p class='ocr_par' dir='ltr' id='par_1_88' title="bbox 1073 1000 1860 1041">
     <span class='ocr_line' id='line_1_88' title="bbox 1073 1000 1860 1041; baseline 0.004 -13"><span class='ocrx_word' id='word_1_667' title='bbox 1073 1001 1130 1028; x_wconf 84' lang='grc' dir='ltr'>κῶν</span> <span class='ocrx_word' id='word_1_668' title='bbox 1158 1000 1303 1036; x_wconf 79' lang='grc' dir='ltr'>ἐνυϐρίσῃς</span> <span class='ocrx_word' id='word_1_669' title='bbox 1321 1000 1410 1035; x_wconf 90' lang='grc' dir='ltr'>γένος,</span> <span class='ocrx_word' id='word_1_670' title='bbox 1437 1001 1484 1027; x_wconf 71' lang='grc' dir='ltr'>καὶ</span> <span class='ocrx_word' id='word_1_671' title='bbox 1510 1002 1575 1033; x_wconf 80' lang='grc' dir='ltr'>τοὺς</span> <span class='ocrx_word' id='word_1_672' title='bbox 1602 1002 1701 1029; x_wconf 88' lang='grc' dir='ltr'>σαυτοῦ</span> <span class='ocrx_word' id='word_1_673' title='bbox 1729 1005 1860 1041; x_wconf 78' lang='grc' dir='ltr'>αἰσχύνῃς</span> 
     </span>
    </p>
   </div>
   <div class='ocr_carea' id='block_1_89' title="bbox 1072 1042 1860 1081">
    <p class='ocr_par' dir='ltr' id='par_1_89' title="bbox 1072 1042 1860 1081">
     <span class='ocr_line' id='line_1_89' title="bbox 1072 1042 1860 1081; baseline 0.006 -13"><span class='ocrx_word' id='word_1_674' title='bbox 1072 1042 1245 1077; x_wconf 81' lang='grc' dir='ltr'>ὀφθαλμούς;</span> <span class='ocrx_word' id='word_1_675' title='bbox 1261 1042 1307 1077; x_wconf 83' lang='grc' dir='ltr'>Μὴ</span> <span class='ocrx_word' id='word_1_676' title='bbox 1315 1042 1371 1077; x_wconf 89' lang='grc' dir='ltr'>γὰρ</span> <span class='ocrx_word' id='word_1_677' title='bbox 1383 1042 1415 1078; x_wconf 85' lang='grc' dir='ltr'>δὴ</span> <span class='ocrx_word' id='word_1_678' title='bbox 1431 1042 1510 1069; x_wconf 87' lang='grc' dir='ltr'>τοῦτο</span> <span class='ocrx_word' id='word_1_679' title='bbox 1521 1043 1612 1078; x_wconf 81' lang='grc' dir='ltr'>εῖπῃς,</span> <span class='ocrx_word' id='word_1_680' title='bbox 1626 1044 1668 1070; x_wconf 80' lang='grc' dir='ltr'>ὅτι</span> <span class='ocrx_word' id='word_1_681' title='bbox 1681 1045 1767 1081; x_wconf 84' lang='grc' dir='ltr'>πόρνη</span> <span class='ocrx_word' id='word_1_682' title='bbox 1784 1046 1860 1073; x_wconf 84' lang='grc' dir='ltr'>ἐστὶν</span> 
     </span>
    </p>
   </div>
   <div class='ocr_carea' id='block_1_90' title="bbox 1072 1084 1860 1122">
    <p class='ocr_par' dir='ltr' id='par_1_90' title="bbox 1072 1084 1860 1122">
     <span class='ocr_line' id='line_1_90' title="bbox 1072 1084 1860 1122; baseline 0.005 -12"><span class='ocrx_word' id='word_1_683' title='bbox 1072 1086 1089 1121; x_wconf 74' lang='grc' dir='ltr'><strong>ἡ</strong></span> <span class='ocrx_word' id='word_1_684' title='bbox 1100 1084 1288 1120; x_wconf 81' lang='grc' dir='ltr'>γυμνουμένη,</span> <span class='ocrx_word' id='word_1_685' title='bbox 1306 1084 1363 1110; x_wconf 82' lang='grc' dir='ltr'>ἀλλ’</span> <span class='ocrx_word' id='word_1_686' title='bbox 1376 1084 1416 1111; x_wconf 87' lang='grc' dir='ltr'>ὅτι</span> <span class='ocrx_word' id='word_1_687' title='bbox 1432 1085 1448 1120; x_wconf 86' lang='grc' dir='ltr'>ή</span> <span class='ocrx_word' id='word_1_688' title='bbox 1466 1085 1534 1120; x_wconf 84' lang='grc' dir='ltr'>αὐτὴ</span> <span class='ocrx_word' id='word_1_689' title='bbox 1550 1086 1632 1119; x_wconf 86' lang='grc' dir='ltr'>φύσις</span> <span class='ocrx_word' id='word_1_690' title='bbox 1647 1086 1694 1112; x_wconf 74' lang='grc' dir='ltr'>καὶ</span> <span class='ocrx_word' id='word_1_691' title='bbox 1710 1086 1821 1122; x_wconf 84' lang='grc' dir='ltr'>σῶμα⁶³</span> <span class='ocrx_word' id='word_1_692' title='bbox 1829 1087 1860 1114; x_wconf 82' lang='grc' dir='ltr'>τὸ</span> 
     </span>
    </p>
   </div>
   <div class='ocr_carea' id='block_1_91' title="bbox 1073 1126 1860 1165">
    <p class='ocr_par' dir='ltr' id='par_1_91' title="bbox 1073 1126 1860 1165">
     <span class='ocr_line' id='line_1_91' title="bbox 1073 1126 1860 1165; baseline 0.005 -12"><span class='ocrx_word' id='word_1_693' title='bbox 1073 1127 1139 1154; x_wconf 83' lang='grc' dir='ltr'>αύτὺ</span> <span class='ocrx_word' id='word_1_694' title='bbox 1150 1127 1197 1153; x_wconf 73' lang='grc' dir='ltr'>καὶ</span> <span class='ocrx_word' id='word_1_695' title='bbox 1209 1126 1257 1161; x_wconf 87' lang='grc' dir='ltr'>τῆς</span> <span class='ocrx_word' id='word_1_696' title='bbox 1270 1126 1372 1162; x_wconf 86' lang='grc' dir='ltr'>πόρνης</span> <span class='ocrx_word' id='word_1_697' title='bbox 1387 1126 1435 1153; x_wconf 83' lang='grc' dir='ltr'>καὶ</span> <span class='ocrx_word' id='word_1_698' title='bbox 1447 1127 1495 1162; x_wconf 79' lang='grc' dir='ltr'>τῆς</span> <span class='ocrx_word' id='word_1_699' title='bbox 1507 1127 1663 1162; x_wconf 87' lang='grc' dir='ltr'>ἐλευθέρας.</span> <span class='ocrx_word' id='word_1_700' title='bbox 1674 1129 1706 1155; x_wconf 86' lang='grc' dir='ltr'>Εἰ</span> <span class='ocrx_word' id='word_1_701' title='bbox 1716 1129 1770 1165; x_wconf 85' lang='grc' dir='ltr'>γὰρ</span> <span class='ocrx_word' id='word_1_702' title='bbox 1781 1129 1860 1157; x_wconf 73' lang='grc' dir='ltr'>οὐδὲν</span> 
     </span>
    </p>
   </div>
   <div class='ocr_carea' id='block_1_92' title="bbox 1072 1166 1861 1204">
    <p class='ocr_par' dir='ltr' id='par_1_92' title="bbox 1072 1166 1861 1204">
     <span class='ocr_line' id='line_1_92' title="bbox 1072 1166 1861 1204; baseline 0.005 -11"><span class='ocrx_word' id='word_1_703' title='bbox 1072 1167 1173 1194; x_wconf 78' lang='grc' dir='ltr'>ἄτοπον</span> <span class='ocrx_word' id='word_1_704' title='bbox 1188 1166 1277 1197; x_wconf 88' lang='grc' dir='ltr'>τοῦτο,</span> <span class='ocrx_word' id='word_1_705' title='bbox 1293 1166 1366 1198; x_wconf 86' lang='grc' dir='ltr'>τίνος</span> <span class='ocrx_word' id='word_1_706' title='bbox 1381 1166 1473 1193; x_wconf 75' lang='grc' dir='ltr'>ἕνεκεν</span> <span class='ocrx_word' id='word_1_707' title='bbox 1491 1167 1535 1192; x_wconf 85' lang='grc' dir='ltr'>ἐπ’</span> <span class='ocrx_word' id='word_1_708' title='bbox 1547 1169 1650 1203; x_wconf 80' lang='grc' dir='ltr'>ἀγορᾶς</span> <span class='ocrx_word' id='word_1_709' title='bbox 1662 1168 1695 1195; x_wconf 86' lang='grc' dir='ltr'>ἂν</span> <span class='ocrx_word' id='word_1_710' title='bbox 1713 1169 1771 1204; x_wconf 83' lang='grc' dir='ltr'>ἴδῃς</span> <span class='ocrx_word' id='word_1_711' title='bbox 1781 1169 1861 1197; x_wconf 87' lang='grc' dir='ltr'>τοῦτο</span> 
     </span>
    </p>
   </div>
   <div class='ocr_carea' id='block_1_93' title="bbox 1073 1206 1861 1244">
    <p class='ocr_par' dir='ltr' id='par_1_93' title="bbox 1073 1206 1861 1244">
     <span class='ocr_line' id='line_1_93' title="bbox 1073 1206 1861 1244; baseline 0.004 -11"><span class='ocrx_word' id='word_1_712' title='bbox 1073 1207 1225 1241; x_wconf 81' lang='grc' dir='ltr'>γινόμενον,</span> <span class='ocrx_word' id='word_1_713' title='bbox 1243 1206 1290 1234; x_wconf 65' lang='grc' dir='ltr'>καὶ⁴</span> <span class='ocrx_word' id='word_1_714' title='bbox 1309 1206 1390 1238; x_wconf 83' lang='grc' dir='ltr'>αὐτὸς</span> <span class='ocrx_word' id='word_1_715' title='bbox 1400 1207 1554 1242; x_wconf 83' lang='grc' dir='ltr'>ἀποπηδᾷς,</span> <span class='ocrx_word' id='word_1_716' title='bbox 1568 1208 1616 1234; x_wconf 80' lang='grc' dir='ltr'>καὶ</span> <span class='ocrx_word' id='word_1_717' title='bbox 1628 1209 1676 1243; x_wconf 87' lang='grc' dir='ltr'>τὴν</span> <span class='ocrx_word' id='word_1_718' title='bbox 1689 1209 1861 1244; x_wconf 87' lang='grc' dir='ltr'>ἀσχημονοῦ-</span> 
     </span>
    </p>
   </div>
   <div class='ocr_carea' id='block_1_94' title="bbox 1074 1245 1860 1283">
    <p class='ocr_par' dir='ltr' id='par_1_94' title="bbox 1074 1245 1860 1283">
     <span class='ocr_line' id='line_1_94' title="bbox 1074 1245 1860 1283; baseline 0.004 -10"><span class='ocrx_word' id='word_1_719' title='bbox 1074 1255 1124 1273; x_wconf 93' lang='grc' dir='ltr'>σαν</span> <span class='ocrx_word' id='word_1_720' title='bbox 1146 1246 1287 1279; x_wconf 75' lang='grc' dir='ltr'>ἐλαύνειςς</span> <span class='ocrx_word' id='word_1_721' title='bbox 1305 1246 1322 1282; x_wconf 86' lang='grc' dir='ltr'>ἤ</span> <span class='ocrx_word' id='word_1_722' title='bbox 1340 1246 1406 1273; x_wconf 85' lang='grc' dir='ltr'>ὅταν</span> <span class='ocrx_word' id='word_1_723' title='bbox 1431 1246 1481 1281; x_wconf 84' lang='grc' dir='ltr'>μὲν</span> <span class='ocrx_word' id='word_1_724' title='bbox 1504 1247 1666 1283; x_wconf 88' lang='grc' dir='ltr'>διῃρημένοι</span> <span class='ocrx_word' id='word_1_725' title='bbox 1693 1245 1783 1283; x_wconf 82' lang='grc' dir='ltr'>ὦμεν,</span> <span class='ocrx_word' id='word_1_726' title='bbox 1797 1249 1860 1276; x_wconf 86' lang='grc' dir='ltr'>τότε</span> 
     </span>
    </p>
   </div>
   <div class='ocr_carea' id='block_1_95' title="bbox 1073 1290 1860 1326">
    <p class='ocr_par' dir='ltr' id='par_1_95' title="bbox 1073 1290 1860 1326">
     <span class='ocr_line' id='line_1_95' title="bbox 1073 1290 1860 1326; baseline 0 -8"><span class='ocrx_word' id='word_1_727' title='bbox 1073 1292 1173 1319; x_wconf 84' lang='grc' dir='ltr'>ἄτοπον</span> <span class='ocrx_word' id='word_1_728' title='bbox 1189 1291 1219 1317; x_wconf 81' lang='grc' dir='ltr'>τὺ</span> <span class='ocrx_word' id='word_1_729' title='bbox 1233 1290 1370 1317; x_wconf 81' lang='grc' dir='ltr'>τοιοῦτον·</span> <span class='ocrx_word' id='word_1_730' title='bbox 1387 1291 1452 1317; x_wconf 85' lang='grc' dir='ltr'>ὅταν</span> <span class='ocrx_word' id='word_1_731' title='bbox 1464 1290 1493 1316; x_wconf 82' lang='grc' dir='ltr'>δὲ</span> <span class='ocrx_word' id='word_1_732' title='bbox 1518 1291 1683 1326; x_wconf 81' lang='grc' dir='ltr'>συνηγμένοι</span> <span class='ocrx_word' id='word_1_733' title='bbox 1697 1292 1745 1318; x_wconf 71' lang='grc' dir='ltr'>καὶ</span> <span class='ocrx_word' id='word_1_734' title='bbox 1760 1291 1860 1324; x_wconf 84' lang='grc' dir='ltr'>πάντες</span> 
     </span>
    </p>
   </div>
   <div class='ocr_carea' id='block_1_96' title="bbox 1073 1332 1861 1369">
    <p class='ocr_par' dir='ltr' id='par_1_96' title="bbox 1073 1332 1861 1369">
     <span class='ocr_line' id='line_1_96' title="bbox 1073 1332 1861 1369; baseline -0.001 -8"><span class='ocrx_word' id='word_1_735' title='bbox 1073 1333 1140 1369; x_wconf 82' lang='grc' dir='ltr'>ὁμοῦ</span> <span class='ocrx_word' id='word_1_736' title='bbox 1158 1332 1417 1368; x_wconf 82' lang='grc' dir='ltr'>καθήμενοι,ούκέτι</span> <span class='ocrx_word' id='word_1_737' title='bbox 1427 1332 1528 1366; x_wconf 79' lang='grc' dir='ltr'>ὁμοίως</span> <span class='ocrx_word' id='word_1_738' title='bbox 1543 1333 1671 1368; x_wconf 78' lang='grc' dir='ltr'>αἰσχρόν;</span> <span class='ocrx_word' id='word_1_739' title='bbox 1686 1333 1767 1360; x_wconf 83' lang='grc' dir='ltr'>Ἀλλὰ</span> <span class='ocrx_word' id='word_1_740' title='bbox 1774 1333 1861 1368; x_wconf 87' lang='grc' dir='ltr'>γέλως</span> 
     </span>
    </p>
   </div>
   <div class='ocr_carea' id='block_1_97' title="bbox 1074 1374 1859 1412">
    <p class='ocr_par' dir='ltr' id='par_1_97' title="bbox 1074 1374 1859 1412">
     <span class='ocr_line' id='line_1_97' title="bbox 1074 1374 1859 1412; baseline 0.001 -9"><span class='ocrx_word' id='word_1_741' title='bbox 1074 1376 1160 1403; x_wconf 88' lang='grc' dir='ltr'>ταῦτα</span> <span class='ocrx_word' id='word_1_742' title='bbox 1170 1375 1217 1402; x_wconf 77' lang='grc' dir='ltr'>καὶ</span> <span class='ocrx_word' id='word_1_743' title='bbox 1227 1375 1337 1408; x_wconf 78' lang='grc' dir='ltr'>ὄνειδος,</span> <span class='ocrx_word' id='word_1_744' title='bbox 1351 1375 1398 1401; x_wconf 79' lang='grc' dir='ltr'>καὶ</span> <span class='ocrx_word' id='word_1_745' title='bbox 1409 1374 1528 1410; x_wconf 85' lang='grc' dir='ltr'>ἐσχάτης</span> <span class='ocrx_word' id='word_1_746' title='bbox 1536 1375 1730 1411; x_wconf 83' lang='grc' dir='ltr'>παραπληξίας</span> <span class='ocrx_word' id='word_1_747' title='bbox 1738 1377 1859 1412; x_wconf 75' lang='grc' dir='ltr'>ῥήματα·</span> 
     </span>
    </p>
   </div>
   <div class='ocr_carea' id='block_1_98' title="bbox 1074 1417 1861 1455">
    <p class='ocr_par' dir='ltr' id='par_1_98' title="bbox 1074 1417 1861 1455">
     <span class='ocr_line' id='line_1_98' title="bbox 1074 1417 1861 1455; baseline 0.001 -9"><span class='ocrx_word' id='word_1_748' title='bbox 1074 1419 1122 1447; x_wconf 81' lang='grc' dir='ltr'>καὶ</span> <span class='ocrx_word' id='word_1_749' title='bbox 1137 1418 1241 1453; x_wconf 87' lang='grc' dir='ltr'>βέλτιον</span> <span class='ocrx_word' id='word_1_750' title='bbox 1255 1417 1333 1452; x_wconf 89' lang='grc' dir='ltr'>πηλῷ</span> <span class='ocrx_word' id='word_1_751' title='bbox 1355 1418 1401 1444; x_wconf 77' lang='grc' dir='ltr'>καὶ</span> <span class='ocrx_word' id='word_1_752' title='bbox 1419 1417 1542 1453; x_wconf 83' lang='grc' dir='ltr'>βορϐόρῳ</span> <span class='ocrx_word' id='word_1_753' title='bbox 1563 1417 1611 1454; x_wconf 86' lang='grc' dir='ltr'>τὴν</span> <span class='ocrx_word' id='word_1_754' title='bbox 1626 1418 1688 1453; x_wconf 73' lang='grc' dir='ltr'>ὄψιν</span> <span class='ocrx_word' id='word_1_755' title='bbox 1701 1419 1861 1455; x_wconf 86' lang='grc' dir='ltr'>ἀναχρῶσαι</span> 
     </span>
    </p>
   </div>
   <div class='ocr_carea' id='block_1_99' title="bbox 1075 1458 1860 1497">
    <p class='ocr_par' dir='ltr' id='par_1_99' title="bbox 1075 1458 1860 1497">
     <span class='ocr_line' id='line_1_99' title="bbox 1075 1458 1860 1497; baseline -0.001 -9"><span class='ocrx_word' id='word_1_756' title='bbox 1075 1462 1176 1493; x_wconf 83' lang='grc' dir='ltr'>πᾶσαν,</span> <span class='ocrx_word' id='word_1_757' title='bbox 1191 1459 1207 1494; x_wconf 87' lang='grc' dir='ltr'>ἢ</span> <span class='ocrx_word' id='word_1_758' title='bbox 1223 1458 1350 1494; x_wconf 83' lang='grc' dir='ltr'>τοιαύτην</span> <span class='ocrx_word' id='word_1_759' title='bbox 1365 1459 1503 1494; x_wconf 87' lang='grc' dir='ltr'>θεωρῆσαι</span> <span class='ocrx_word' id='word_1_760' title='bbox 1519 1460 1704 1494; x_wconf 90' lang='grc' dir='ltr'>παρανομίαν.</span> <span class='ocrx_word' id='word_1_761' title='bbox 1718 1460 1789 1488; x_wconf 83' lang='grc' dir='ltr'>Οῡτε</span> <span class='ocrx_word' id='word_1_762' title='bbox 1804 1461 1860 1497; x_wconf 89' lang='grc' dir='ltr'>γάρ</span> 
     </span>
    </p>
   </div>
   <div class='ocr_carea' id='block_1_100' title="bbox 1075 1500 1858 1537">
    <p class='ocr_par' dir='ltr' id='par_1_100' title="bbox 1075 1500 1858 1537">
     <span class='ocr_line' id='line_1_100' title="bbox 1075 1500 1858 1537; baseline 0 -8"><span class='ocrx_word' id='word_1_763' title='bbox 1075 1502 1161 1533; x_wconf 78' lang='grc' dir='ltr'>οὕτως</span> <span class='ocrx_word' id='word_1_764' title='bbox 1179 1500 1311 1536; x_wconf 82' lang='grc' dir='ltr'>ὀφθαλμῷ</span> <span class='ocrx_word' id='word_1_765' title='bbox 1325 1500 1410 1536; x_wconf 81' lang='grc' dir='ltr'>βλάϐη</span> <span class='ocrx_word' id='word_1_766' title='bbox 1426 1500 1566 1536; x_wconf 84' lang='grc' dir='ltr'>βόρϐορος,</span> <span class='ocrx_word' id='word_1_767' title='bbox 1581 1501 1619 1532; x_wconf 86' lang='grc' dir='ltr'>ὡς</span> <span class='ocrx_word' id='word_1_768' title='bbox 1629 1502 1776 1534; x_wconf 83' lang='grc' dir='ltr'>ἀκόλαστος</span> <span class='ocrx_word' id='word_1_769' title='bbox 1786 1502 1858 1537; x_wconf 71' lang='grc' dir='ltr'>ὄψις,</span> 
     </span>
    </p>
   </div>
   <div class='ocr_carea' id='block_1_101' title="bbox 1075 1543 1859 1580">
    <p class='ocr_par' dir='ltr' id='par_1_101' title="bbox 1075 1543 1859 1580">
     <span class='ocr_line' id='line_1_101' title="bbox 1075 1543 1859 1580; baseline 0.001 -9"><span class='ocrx_word' id='word_1_770' title='bbox 1075 1545 1122 1572; x_wconf 79' lang='grc' dir='ltr'>καὶ</span> <span class='ocrx_word' id='word_1_771' title='bbox 1137 1543 1354 1579; x_wconf 86' lang='grc' dir='ltr'>γεγυμνωμένης</span> <span class='ocrx_word' id='word_1_772' title='bbox 1366 1543 1496 1576; x_wconf 84' lang='grc' dir='ltr'>γυναικὸς</span> <span class='ocrx_word' id='word_1_773' title='bbox 1511 1543 1624 1578; x_wconf 88' lang='grc' dir='ltr'>θεωρία.</span> <span class='ocrx_word' id='word_1_774' title='bbox 1644 1544 1779 1571; x_wconf 82' lang='grc' dir='ltr'>Ἀκουσον</span> <span class='ocrx_word' id='word_1_775' title='bbox 1793 1544 1859 1580; x_wconf 88' lang='grc' dir='ltr'>γοῦν</span> 
     </span>
    </p>
   </div>
   <div class='ocr_carea' id='block_1_102' title="bbox 1066 1585 1860 1623">
    <p class='ocr_par' dir='ltr' id='par_1_102' title="bbox 1066 1585 1860 1623">
     <span class='ocr_line' id='line_1_102' title="bbox 1066 1585 1860 1623; baseline -0.001 -9"><span class='ocrx_word' id='word_1_776' title='bbox 1066 1587 1103 1614; x_wconf 84' lang='grc' dir='ltr'>-τί</span> <span class='ocrx_word' id='word_1_777' title='bbox 1114 1587 1164 1621; x_wconf 85' lang='grc' dir='ltr'>τὴν</span> <span class='ocrx_word' id='word_1_778' title='bbox 1172 1585 1313 1621; x_wconf 88' lang='grc' dir='ltr'>γύμνωσιν</span> <span class='ocrx_word' id='word_1_779' title='bbox 1323 1585 1451 1620; x_wconf 82' lang='grc' dir='ltr'>ἐποίησεν</span> <span class='ocrx_word' id='word_1_780' title='bbox 1460 1585 1490 1617; x_wconf 80' lang='grc' dir='ltr'>ἐξ</span> <span class='ocrx_word' id='word_1_781' title='bbox 1501 1585 1599 1620; x_wconf 83' lang='grc' dir='ltr'>ἀρχῆς,</span> <span class='ocrx_word' id='word_1_782' title='bbox 1609 1586 1655 1612; x_wconf 81' lang='grc' dir='ltr'>καὶ</span> <span class='ocrx_word' id='word_1_783' title='bbox 1666 1586 1798 1622; x_wconf 76' lang='grc' dir='ltr'>φοϐήθητι</span> <span class='ocrx_word' id='word_1_784' title='bbox 1808 1587 1860 1623; x_wconf 83' lang='grc' dir='ltr'>τῆς</span> 
     </span>
    </p>
   </div>
   <div class='ocr_carea' id='block_1_103' title="bbox 1074 1626 1860 1665">
    <p class='ocr_par' dir='ltr' id='par_1_103' title="bbox 1074 1626 1860 1665">
     <span class='ocr_line' id='line_1_103' title="bbox 1074 1626 1860 1665; baseline 0 -10"><span class='ocrx_word' id='word_1_785' title='bbox 1074 1628 1205 1663; x_wconf 83' lang='grc' dir='ltr'>τοιαύτης</span> <span class='ocrx_word' id='word_1_786' title='bbox 1219 1626 1413 1662; x_wconf 79' lang='grc' dir='ltr'>ἀσχημοσύνης</span> <span class='ocrx_word' id='word_1_787' title='bbox 1425 1626 1475 1661; x_wconf 85' lang='grc' dir='ltr'>τὴν</span> <span class='ocrx_word' id='word_1_788' title='bbox 1491 1627 1628 1654; x_wconf 83' lang='grc' dir='ltr'>ὑπόθεσιν.</span> <span class='ocrx_word' id='word_1_789' title='bbox 1641 1627 1673 1654; x_wconf 92' lang='grc' dir='ltr'>Τί</span> <span class='ocrx_word' id='word_1_790' title='bbox 1687 1626 1734 1654; x_wconf 84' lang='grc' dir='ltr'>οὖν</span> <span class='ocrx_word' id='word_1_791' title='bbox 1747 1628 1860 1665; x_wconf 80' lang='grc' dir='ltr'>ἐποίησε</span> 
     </span>
    </p>
   </div>
   <div class='ocr_carea' id='block_1_104' title="bbox 1074 1669 1861 1707">
    <p class='ocr_par' dir='ltr' id='par_1_104' title="bbox 1074 1669 1861 1707">
     <span class='ocr_line' id='line_1_104' title="bbox 1074 1669 1861 1707; baseline 0.001 -10"><span class='ocrx_word' id='word_1_792' title='bbox 1074 1671 1124 1707; x_wconf 80' lang='grc' dir='ltr'>τὴν</span> <span class='ocrx_word' id='word_1_793' title='bbox 1139 1669 1293 1704; x_wconf 86' lang='grc' dir='ltr'>γύμνωσιν;</span> <span class='ocrx_word' id='word_1_794' title='bbox 1308 1669 1342 1695; x_wconf 86' lang='grc' dir='ltr'><strong>Ἦ</strong></span> <span class='ocrx_word' id='word_1_795' title='bbox 1357 1669 1493 1704; x_wconf 85' lang='grc' dir='ltr'>παρακοὴ,</span> <span class='ocrx_word' id='word_1_796' title='bbox 1504 1669 1550 1695; x_wconf 77' lang='grc' dir='ltr'>καὶ</span> <span class='ocrx_word' id='word_1_797' title='bbox 1563 1670 1579 1704; x_wconf 88' lang='grc' dir='ltr'><strong>ή</strong></span> <span class='ocrx_word' id='word_1_798' title='bbox 1593 1669 1640 1695; x_wconf 88' lang='grc' dir='ltr'>τοῦ</span> <span class='ocrx_word' id='word_1_799' title='bbox 1652 1669 1775 1697; x_wconf 84' lang='grc' dir='ltr'>διαϐόλου</span> <span class='ocrx_word' id='word_1_800' title='bbox 1791 1679 1861 1706; x_wconf 83' lang='grc' dir='ltr'>συμ-</span> 
     </span>
    </p>
   </div>
   <div class='ocr_carea' id='block_1_105' title="bbox 1076 1710 1860 1747">
    <p class='ocr_par' dir='ltr' id='par_1_105' title="bbox 1076 1710 1860 1747">
     <span class='ocr_line' id='line_1_105' title="bbox 1076 1710 1860 1747; baseline 0 -7"><span class='ocrx_word' id='word_1_801' title='bbox 1076 1713 1169 1747; x_wconf 88' lang='grc' dir='ltr'>ϐουλή.</span> <span class='ocrx_word' id='word_1_802' title='bbox 1184 1710 1278 1742; x_wconf 77' lang='grc' dir='ltr'>Οὕτως</span> <span class='ocrx_word' id='word_1_803' title='bbox 1304 1710 1407 1737; x_wconf 82' lang='grc' dir='ltr'>ἀνωθεν</span> <span class='ocrx_word' id='word_1_804' title='bbox 1430 1710 1477 1736; x_wconf 76' lang='grc' dir='ltr'>καὶ</span> <span class='ocrx_word' id='word_1_805' title='bbox 1493 1710 1522 1742; x_wconf 82' lang='grc' dir='ltr'>ἐξ</span> <span class='ocrx_word' id='word_1_806' title='bbox 1540 1710 1637 1746; x_wconf 86' lang='grc' dir='ltr'>ἀρχῆς,</span> <span class='ocrx_word' id='word_1_807' title='bbox 1659 1711 1765 1739; x_wconf 77' lang='grc' dir='ltr'>ἐκείνου</span> <span class='ocrx_word' id='word_1_808' title='bbox 1781 1712 1860 1740; x_wconf 90' lang='grc' dir='ltr'>τοῦτο</span> 
     </span>
    </p>
   </div>
   <div class='ocr_carea' id='block_1_106' title="bbox 1074 1752 1859 1790">
    <p class='ocr_par' dir='ltr' id='par_1_106' title="bbox 1074 1752 1859 1790">
     <span class='ocr_line' id='line_1_106' title="bbox 1074 1752 1859 1790; baseline 0.001 -9"><span class='ocrx_word' id='word_1_809' title='bbox 1074 1755 1170 1790; x_wconf 85' lang='grc' dir='ltr'>γέγονε</span> <span class='ocrx_word' id='word_1_810' title='bbox 1186 1753 1217 1780; x_wconf 78' lang='grc' dir='ltr'>τὸ</span> <span class='ocrx_word' id='word_1_811' title='bbox 1234 1752 1414 1787; x_wconf 82' lang='grc' dir='ltr'>ἐπιτήδευμα.</span> <span class='ocrx_word' id='word_1_812' title='bbox 1431 1752 1502 1778; x_wconf 85' lang='grc' dir='ltr'>Ἀλλ’</span> <span class='ocrx_word' id='word_1_813' title='bbox 1519 1753 1618 1779; x_wconf 85' lang='grc' dir='ltr'>ἐκεῖνοι</span> <span class='ocrx_word' id='word_1_814' title='bbox 1638 1754 1687 1788; x_wconf 84' lang='grc' dir='ltr'>μὲν</span> <span class='ocrx_word' id='word_1_815' title='bbox 1702 1753 1754 1781; x_wconf 82' lang='grc' dir='ltr'>κᾶν</span> <span class='ocrx_word' id='word_1_816' title='bbox 1774 1755 1859 1790; x_wconf 78' lang='grc' dir='ltr'>ᾐσχύ-</span> 
     </span>
    </p>
   </div>
   <div class='ocr_carea' id='block_1_107' title="bbox 1074 1793 1857 1830">
    <p class='ocr_par' dir='ltr' id='par_1_107' title="bbox 1074 1793 1857 1830">
     <span class='ocr_line' id='line_1_107' title="bbox 1074 1793 1857 1830; baseline 0 -7"><span class='ocrx_word' id='word_1_817' title='bbox 1074 1805 1151 1824; x_wconf 88' lang='grc' dir='ltr'>νοντο</span> <span class='ocrx_word' id='word_1_818' title='bbox 1168 1794 1267 1830; x_wconf 87' lang='grc' dir='ltr'>γυμνοί</span> <span class='ocrx_word' id='word_1_819' title='bbox 1285 1794 1375 1825; x_wconf 69' lang='grc' dir='ltr'>ὄντεςσ</span> <span class='ocrx_word' id='word_1_820' title='bbox 1395 1793 1474 1828; x_wconf 85' lang='grc' dir='ltr'>ὑμεῖς</span> <span class='ocrx_word' id='word_1_821' title='bbox 1491 1794 1520 1821; x_wconf 77' lang='grc' dir='ltr'>δὲ</span> <span class='ocrx_word' id='word_1_822' title='bbox 1537 1795 1584 1821; x_wconf 80' lang='grc' dir='ltr'>καί</span> <span class='ocrx_word' id='word_1_823' title='bbox 1607 1795 1857 1830; x_wconf 75' lang='grc' dir='ltr'>ἐγκαλλωπίζεσθε,</span> 
     </span>
    </p>
   </div>
   <div class='ocr_carea' id='block_1_108' title="bbox 1074 1835 1860 1873">
    <p class='ocr_par' dir='ltr' id='par_1_108' title="bbox 1074 1835 1860 1873">
     <span class='ocr_line' id='line_1_108' title="bbox 1074 1835 1860 1873; baseline 0.003 -9"><span class='ocrx_word' id='word_1_824' title='bbox 1074 1838 1146 1866; x_wconf 80' lang='grc' dir='ltr'>κατὰ</span> <span class='ocrx_word' id='word_1_825' title='bbox 1160 1837 1190 1863; x_wconf 81' lang='grc' dir='ltr'>τὸ</span> <span class='ocrx_word' id='word_1_826' title='bbox 1211 1835 1389 1862; x_wconf 83' lang='grc' dir='ltr'>ἀποστολικὺν</span> <span class='ocrx_word' id='word_1_827' title='bbox 1406 1836 1504 1867; x_wconf 83' lang='grc' dir='ltr'>ἐκεῖνο,</span> <span class='ocrx_word' id='word_1_828' title='bbox 1522 1836 1573 1862; x_wconf 87' lang='grc' dir='ltr'>Ἐν</span> <span class='ocrx_word' id='word_1_829' title='bbox 1590 1835 1627 1871; x_wconf 79' lang='grc' dir='ltr'>τῇ</span> <span class='ocrx_word' id='word_1_830' title='bbox 1645 1838 1779 1873; x_wconf 80' lang='grc' dir='ltr'>αἰσχύνῃ</span> <span class='ocrx_word' id='word_1_831' title='bbox 1801 1838 1860 1873; x_wconf 80' lang='grc' dir='ltr'>τὴν</span> 
     </span>
    </p>
   </div>
   <div class='ocr_carea' id='block_1_109' title="bbox 1074 1876 1858 1918">
    <p class='ocr_par' dir='ltr' id='par_1_109' title="bbox 1074 1876 1858 1918">
     <span class='ocr_line' id='line_1_109' title="bbox 1074 1876 1858 1918; baseline -0.001 -10"><span class='ocrx_word' id='word_1_832' title='bbox 1074 1881 1168 1912; x_wconf 77' lang='grc' dir='ltr'>δόξαν</span> <span class='ocrx_word' id='word_1_833' title='bbox 1182 1879 1316 1913; x_wconf 76' lang='grc' dir='ltr'>ἔχοντες.</span> <span class='ocrx_word' id='word_1_834' title='bbox 1331 1878 1394 1909; x_wconf 85' lang='grc' dir='ltr'>Πῶς</span> <span class='ocrx_word' id='word_1_835' title='bbox 1419 1876 1466 1904; x_wconf 81' lang='grc' dir='ltr'>οὖν</span> <span class='ocrx_word' id='word_1_836' title='bbox 1479 1877 1572 1910; x_wconf 77' lang='grc' dir='ltr'>ὕψεταί</span> <span class='ocrx_word' id='word_1_837' title='bbox 1591 1887 1621 1905; x_wconf 90' lang='grc' dir='ltr'>σε</span> <span class='ocrx_word' id='word_1_838' title='bbox 1639 1879 1731 1906; x_wconf 76' lang='grc' dir='ltr'>λοιπὸν</span> <span class='ocrx_word' id='word_1_839' title='bbox 1756 1881 1772 1916; x_wconf 88' lang='grc' dir='ltr'><strong>ή</strong></span> <span class='ocrx_word' id='word_1_840' title='bbox 1788 1881 1858 1918; x_wconf 74' lang='grc' dir='ltr'>γυνὴ</span> 
     </span>
    </p>
   </div>
   <div class='ocr_carea' id='block_1_110' title="bbox 1074 1919 1858 1957">
    <p class='ocr_par' dir='ltr' id='par_1_110' title="bbox 1074 1919 1858 1957">
     <span class='ocr_line' id='line_1_110' title="bbox 1074 1919 1858 1957; baseline -0.001 -8"><span class='ocrx_word' id='word_1_841' title='bbox 1074 1923 1129 1950; x_wconf 84' lang='grc' dir='ltr'>ἀπὺ</span> <span class='ocrx_word' id='word_1_842' title='bbox 1142 1922 1193 1957; x_wconf 84' lang='grc' dir='ltr'>τῆς</span> <span class='ocrx_word' id='word_1_843' title='bbox 1212 1921 1341 1955; x_wconf 84' lang='grc' dir='ltr'>τοιαύτης</span> <span class='ocrx_word' id='word_1_844' title='bbox 1362 1919 1544 1946; x_wconf 86' lang='grc' dir='ltr'>ἐπανελθόντα</span> <span class='ocrx_word' id='word_1_845' title='bbox 1558 1921 1732 1955; x_wconf 86' lang='grc' dir='ltr'>παρανομίας</span> <span class='ocrx_word' id='word_1_846' title='bbox 1742 1921 1782 1956; x_wconf 71' lang='grc'>⁸⁸;</span> <span class='ocrx_word' id='word_1_847' title='bbox 1799 1924 1858 1956; x_wconf 83' lang='grc' dir='ltr'>πῶς</span> 
     </span>
    </p>
   </div>
   <div class='ocr_carea' id='block_1_111' title="bbox 1074 1961 1858 2000">
    <p class='ocr_par' dir='ltr' id='par_1_111' title="bbox 1074 1961 1858 2000">
     <span class='ocr_line' id='line_1_111' title="bbox 1074 1961 1858 2000; baseline 0.001 -9"><span class='ocrx_word' id='word_1_848' title='bbox 1074 1964 1196 1997; x_wconf 83' lang='grc' dir='ltr'>δέξεται;</span> <span class='ocrx_word' id='word_1_849' title='bbox 1210 1963 1268 1994; x_wconf 86' lang='grc' dir='ltr'>πῶς</span> <span class='ocrx_word' id='word_1_850' title='bbox 1287 1963 1427 1997; x_wconf 86' lang='grc' dir='ltr'>προσερεῖ,</span> <span class='ocrx_word' id='word_1_851' title='bbox 1442 1961 1529 1994; x_wconf 76' lang='grc' dir='ltr'>οὕτως</span> <span class='ocrx_word' id='word_1_852' title='bbox 1542 1962 1648 1997; x_wconf 87' lang='grc' dir='ltr'>ἀτίμως</span> <span class='ocrx_word' id='word_1_853' title='bbox 1660 1963 1691 1990; x_wconf 76' lang='grc' dir='ltr'>τὸ</span> <span class='ocrx_word' id='word_1_854' title='bbox 1706 1965 1795 1992; x_wconf 84' lang='grc' dir='ltr'>κοινὸν</span> <span class='ocrx_word' id='word_1_855' title='bbox 1808 1967 1858 2000; x_wconf 85' lang='grc' dir='ltr'>τῆς</span> 
     </span>
    </p>
   </div>
   <div class='ocr_carea' id='block_1_112' title="bbox 1073 2003 1858 2042">
    <p class='ocr_par' dir='ltr' id='par_1_112' title="bbox 1073 2003 1858 2042">
     <span class='ocr_line' id='line_1_112' title="bbox 1073 2003 1858 2042; baseline 0 -9"><span class='ocrx_word' id='word_1_856' title='bbox 1073 2005 1233 2041; x_wconf 88' lang='grc' dir='ltr'>γυναικείας</span> <span class='ocrx_word' id='word_1_857' title='bbox 1250 2003 1539 2040; x_wconf 87' lang='grc' dir='ltr'>παραδειγματίσαντα</span> <span class='ocrx_word' id='word_1_858' title='bbox 1555 2003 1674 2038; x_wconf 86' lang='grc' dir='ltr'>φύσεως,</span> <span class='ocrx_word' id='word_1_859' title='bbox 1690 2005 1738 2032; x_wconf 81' lang='grc' dir='ltr'>καὶ</span> <span class='ocrx_word' id='word_1_860' title='bbox 1756 2007 1858 2042; x_wconf 82' lang='grc' dir='ltr'>αἰχμά-</span> 
     </span>
    </p>
   </div>
   <div class='ocr_carea' id='block_1_113' title="bbox 1073 2045 1859 2084">
    <p class='ocr_par' dir='ltr' id='par_1_113' title="bbox 1073 2045 1859 2084">
     <span class='ocr_line' id='line_1_113' title="bbox 1073 2045 1859 2084; baseline -0.003 -8"><span class='ocrx_word' id='word_1_861' title='bbox 1073 2050 1158 2076; x_wconf 90' lang='grc' dir='ltr'>λωτον</span> <span class='ocrx_word' id='word_1_862' title='bbox 1169 2047 1222 2074; x_wconf 82' lang='grc' dir='ltr'>ὑπὸ</span> <span class='ocrx_word' id='word_1_863' title='bbox 1235 2047 1285 2082; x_wconf 85' lang='grc' dir='ltr'>τῆς</span> <span class='ocrx_word' id='word_1_864' title='bbox 1297 2045 1426 2081; x_wconf 83' lang='grc' dir='ltr'>τοιαύτης</span> <span class='ocrx_word' id='word_1_865' title='bbox 1436 2045 1524 2080; x_wconf 78' lang='grc' dir='ltr'>ὂψεως</span> <span class='ocrx_word' id='word_1_866' title='bbox 1541 2045 1587 2072; x_wconf 79' lang='grc' dir='ltr'>καὶ</span> <span class='ocrx_word' id='word_1_867' title='bbox 1603 2046 1695 2073; x_wconf 88' lang='grc' dir='ltr'>δοῦλον</span> <span class='ocrx_word' id='word_1_868' title='bbox 1706 2055 1805 2084; x_wconf 87' lang='grc' dir='ltr'>γεγενη</span> <span class='ocrx_word' id='word_1_869' title='bbox 1811 2050 1859 2084; x_wconf 87' lang='grc' dir='ltr'>μέ-</span> 
     </span>
    </p>
   </div>
   <div class='ocr_carea' id='block_1_114' title="bbox 1073 2087 1857 2125">
    <p class='ocr_par' dir='ltr' id='par_1_114' title="bbox 1073 2087 1857 2125">
     <span class='ocr_line' id='line_1_114' title="bbox 1073 2087 1857 2125; baseline 0 -7"><span class='ocrx_word' id='word_1_870' title='bbox 1073 2099 1119 2118; x_wconf 94' lang='grc' dir='ltr'>νον</span> <span class='ocrx_word' id='word_1_871' title='bbox 1133 2090 1183 2124; x_wconf 84' lang='grc' dir='ltr'>τῆς</span> <span class='ocrx_word' id='word_1_872' title='bbox 1198 2088 1395 2124; x_wconf 88' lang='grc' dir='ltr'>πορνευθείσης</span> <span class='ocrx_word' id='word_1_873' title='bbox 1411 2087 1538 2121; x_wconf 83' lang='grc' dir='ltr'>γυναικός</span> <span class='ocrx_word' id='word_1_874' title='bbox 1549 2095 1556 2120; x_wconf 85' lang='grc'>;</span> <span class='ocrx_word' id='word_1_875' title='bbox 1568 2088 1600 2114; x_wconf 82' lang='grc' dir='ltr'>Εἰ</span> <span class='ocrx_word' id='word_1_876' title='bbox 1611 2087 1640 2114; x_wconf 82' lang='grc' dir='ltr'>δὲ</span> <span class='ocrx_word' id='word_1_877' title='bbox 1655 2088 1730 2125; x_wconf 77' lang='grc'>[102]</span> <span class='ocrx_word' id='word_1_878' title='bbox 1749 2089 1857 2125; x_wconf 77' lang='grc' dir='ltr'>ἀλγεῖτε</span> 
     </span>
    </p>
   </div>
   <div class='ocr_carea' id='block_1_115' title="bbox 1072 2128 1858 2168">
    <p class='ocr_par' dir='ltr' id='par_1_115' title="bbox 1072 2128 1858 2168">
     <span class='ocr_line' id='line_1_115' title="bbox 1072 2128 1858 2168; baseline 0 -9"><span class='ocrx_word' id='word_1_879' title='bbox 1072 2131 1160 2159; x_wconf 87' lang='grc' dir='ltr'>ταῦτα</span> <span class='ocrx_word' id='word_1_880' title='bbox 1171 2130 1325 2161; x_wconf 82' lang='grc' dir='ltr'>ἀκούοντες,</span> <span class='ocrx_word' id='word_1_881' title='bbox 1341 2129 1420 2164; x_wconf 83' lang='grc' dir='ltr'>χάριν</span> <span class='ocrx_word' id='word_1_882' title='bbox 1436 2129 1500 2163; x_wconf 78' lang='grc' dir='ltr'>ὑμῖν</span> <span class='ocrx_word' id='word_1_883' title='bbox 1522 2128 1576 2164; x_wconf 76' lang='grc' dir='ltr'>ἔχω</span> <span class='ocrx_word' id='word_1_884' title='bbox 1594 2129 1694 2165; x_wconf 85' lang='grc' dir='ltr'>πολλήν</span> <span class='ocrx_word' id='word_1_885' title='bbox 1704 2137 1712 2146; x_wconf 76' lang='grc'><strong><em>⁸</em></strong></span> <span class='ocrx_word' id='word_1_886' title='bbox 1739 2131 1788 2165; x_wconf 82' lang='grc' dir='ltr'>Τίς</span> <span class='ocrx_word' id='word_1_887' title='bbox 1803 2132 1858 2168; x_wconf 85' lang='grc' dir='ltr'>γάρ</span> 
     </span>
    </p>
   </div>
   <div class='ocr_carea' id='block_1_116' title="bbox 1072 2171 1857 2207">
    <p class='ocr_par' dir='ltr' id='par_1_116' title="bbox 1072 2171 1857 2207">
     <span class='ocr_line' id='line_1_116' title="bbox 1072 2171 1857 2207; baseline 0 -6"><span class='ocrx_word' id='word_1_888' title='bbox 1072 2174 1159 2201; x_wconf 81' lang='grc' dir='ltr'>ἐστιν</span> <span class='ocrx_word' id='word_1_889' title='bbox 1182 2174 1199 2200; x_wconf 84' lang='grc' dir='ltr'><em>ὁ</em></span> <span class='ocrx_word' id='word_1_890' title='bbox 1221 2171 1391 2206; x_wconf 65' lang='grc' dir='ltr'>εὐφραίνων</span> <span class='ocrx_word' id='word_1_891' title='bbox 1409 2180 1457 2206; x_wconf 82' lang='grc' dir='ltr'>με,</span> <span class='ocrx_word' id='word_1_892' title='bbox 1470 2171 1497 2197; x_wconf 83' lang='grc' dir='ltr'>εὶ</span> <span class='ocrx_word' id='word_1_893' title='bbox 1514 2171 1557 2205; x_wconf 85' lang='grc' dir='ltr'>μὴ</span> <span class='ocrx_word' id='word_1_894' title='bbox 1579 2172 1596 2198; x_wconf 83' lang='grc' dir='ltr'>ό</span> <span class='ocrx_word' id='word_1_895' title='bbox 1613 2172 1805 2207; x_wconf 77' lang='grc' dir='ltr'>λυπούμενος</span> <span class='ocrx_word' id='word_1_896' title='bbox 1822 2175 1857 2207; x_wconf 83' lang='grc' dir='ltr'>ἐξ</span> 
     </span>
    </p>
   </div>
   <div class='ocr_carea' id='block_1_117' title="bbox 1072 2212 1857 2249">
    <p class='ocr_par' dir='ltr' id='par_1_117' title="bbox 1072 2212 1857 2249">
     <span class='ocr_line' id='line_1_117' title="bbox 1072 2212 1857 2249; baseline 0.004 -10"><span class='ocrx_word' id='word_1_897' title='bbox 1072 2215 1167 2249; x_wconf 77' lang='grc' dir='ltr'>ἐμοῦ;</span> <span class='ocrx_word' id='word_1_898' title='bbox 1183 2213 1228 2249; x_wconf 86' lang='grc' dir='ltr'>Μὴ</span> <span class='ocrx_word' id='word_1_899' title='bbox 1239 2213 1271 2248; x_wconf 83' lang='grc' dir='ltr'>δὴ</span> <span class='ocrx_word' id='word_1_900' title='bbox 1283 2212 1426 2247; x_wconf 86' lang='grc' dir='ltr'>παύσησθέ</span> <span class='ocrx_word' id='word_1_901' title='bbox 1446 2220 1512 2238; x_wconf 82' lang='grc' dir='ltr'>ποτε</span> <span class='ocrx_word' id='word_1_902' title='bbox 1531 2212 1671 2244; x_wconf 85' lang='grc' dir='ltr'>στένοντες</span> <span class='ocrx_word' id='word_1_903' title='bbox 1686 2213 1733 2240; x_wconf 76' lang='grc' dir='ltr'>ἐπὶ</span> <span class='ocrx_word' id='word_1_904' title='bbox 1751 2215 1857 2248; x_wconf 77' lang='grc' dir='ltr'>τούτοις</span> 
     </span>
    </p>
   </div>
   <div class='ocr_carea' id='block_1_118' title="bbox 1073 2254 1857 2292">
    <p class='ocr_par' dir='ltr' id='par_1_118' title="bbox 1073 2254 1857 2292">
     <span class='ocr_line' id='line_1_118' title="bbox 1073 2254 1857 2292; baseline 0.008 -13"><span class='ocrx_word' id='word_1_905' title='bbox 1073 2258 1120 2285; x_wconf 69' lang='grc' dir='ltr'>καὶ</span> <span class='ocrx_word' id='word_1_906' title='bbox 1131 2257 1307 2291; x_wconf 83' lang='grc' dir='ltr'>δακνόμενοι·</span> <span class='ocrx_word' id='word_1_907' title='bbox 1317 2255 1364 2281; x_wconf 77' lang='grc' dir='ltr'>καὶ</span> <span class='ocrx_word' id='word_1_908' title='bbox 1374 2254 1429 2289; x_wconf 82' lang='grc' dir='ltr'>γὰρ</span> <span class='ocrx_word' id='word_1_909' title='bbox 1439 2254 1583 2289; x_wconf 85' lang='grc' dir='ltr'>προοίμιον</span> <span class='ocrx_word' id='word_1_910' title='bbox 1594 2255 1658 2289; x_wconf 88' lang='grc' dir='ltr'>ύμῖν</span> <span class='ocrx_word' id='word_1_911' title='bbox 1667 2256 1743 2282; x_wconf 81' lang='grc' dir='ltr'>ἔσται</span> <span class='ocrx_word' id='word_1_912' title='bbox 1752 2257 1801 2292; x_wconf 87' lang='grc' dir='ltr'>τῆς</span> <span class='ocrx_word' id='word_1_913' title='bbox 1809 2258 1857 2285; x_wconf 81' lang='grc' dir='ltr'>ἐπὶ</span> 
     </span>
    </p>
   </div>
   <div class='ocr_carea' id='block_1_119' title="bbox 1072 2296 1854 2335">
    <p class='ocr_par' dir='ltr' id='par_1_119' title="bbox 1072 2296 1854 2335">
     <span class='ocr_line' id='line_1_119' title="bbox 1072 2296 1854 2335; baseline 0 -8"><span class='ocrx_word' id='word_1_914' title='bbox 1072 2300 1106 2327; x_wconf 82' lang='grc' dir='ltr'>τὰ</span> <span class='ocrx_word' id='word_1_915' title='bbox 1124 2300 1239 2335; x_wconf 87' lang='grc' dir='ltr'>κρείττω</span> <span class='ocrx_word' id='word_1_916' title='bbox 1255 2298 1280 2314; x_wconf 78' lang='grc'>⁸⁸</span> <span class='ocrx_word' id='word_1_917' title='bbox 1295 2296 1447 2332; x_wconf 79' lang='grc' dir='ltr'>μεταϐολῆς</span> <span class='ocrx_word' id='word_1_918' title='bbox 1462 2297 1478 2332; x_wconf 71' lang='grc' dir='ltr'>η</span> <span class='ocrx_word' id='word_1_919' title='bbox 1497 2297 1529 2323; x_wconf 87' lang='grc' dir='ltr'>ἐκ</span> <span class='ocrx_word' id='word_1_920' title='bbox 1545 2296 1600 2323; x_wconf 88' lang='grc' dir='ltr'>τῶν</span> <span class='ocrx_word' id='word_1_921' title='bbox 1615 2297 1744 2325; x_wconf 89' lang='grc' dir='ltr'>τοιούτων</span> <span class='ocrx_word' id='word_1_922' title='bbox 1763 2299 1854 2335; x_wconf 80' lang='grc' dir='ltr'>ὀδύνη.</span> 
     </span>
    </p>
   </div>
   <div class='ocr_carea' id='block_1_120' title="bbox 1072 2337 1855 2376">
    <p class='ocr_par' dir='ltr' id='par_1_120' title="bbox 1072 2337 1855 2376">
     <span class='ocr_line' id='line_1_120' title="bbox 1072 2337 1855 2376; baseline 0 -8"><span class='ocrx_word' id='word_1_923' title='bbox 1072 2341 1122 2368; x_wconf 82' lang='grc' dir='ltr'>Διά</span> <span class='ocrx_word' id='word_1_924' title='bbox 1139 2340 1217 2367; x_wconf 89' lang='grc' dir='ltr'>τοῦτο</span> <span class='ocrx_word' id='word_1_925' title='bbox 1229 2339 1307 2372; x_wconf 80' lang='grc' dir='ltr'>κάγὼ</span> <span class='ocrx_word' id='word_1_926' title='bbox 1318 2337 1495 2373; x_wconf 78' lang='grc' dir='ltr'>σφοδρότερον</span> <span class='ocrx_word' id='word_1_927' title='bbox 1514 2337 1559 2364; x_wconf 84' lang='grc' dir='ltr'>τὺν</span> <span class='ocrx_word' id='word_1_928' title='bbox 1579 2337 1658 2372; x_wconf 89' lang='grc' dir='ltr'>λόγον</span> <span class='ocrx_word' id='word_1_929' title='bbox 1670 2339 1855 2376; x_wconf 86' lang='grc' dir='ltr'>ἐποιησάμην,</span> 
     </span>
    </p>
   </div>
   <div class='ocr_carea' id='block_1_121' title="bbox 1073 2379 1856 2418">
    <p class='ocr_par' dir='ltr' id='par_1_121' title="bbox 1073 2379 1856 2418">
     <span class='ocr_line' id='line_1_121' title="bbox 1073 2379 1856 2418; baseline -0.006 -8"><span class='ocrx_word' id='word_1_930' title='bbox 1073 2384 1117 2410; x_wconf 84' lang='grc' dir='ltr'>ῐνα</span> <span class='ocrx_word' id='word_1_931' title='bbox 1133 2382 1285 2418; x_wconf 88' lang='grc' dir='ltr'>βαθυτέραν</span> <span class='ocrx_word' id='word_1_932' title='bbox 1297 2381 1358 2412; x_wconf 79' lang='grc' dir='ltr'>δοὺς</span> <span class='ocrx_word' id='word_1_933' title='bbox 1373 2380 1423 2415; x_wconf 81' lang='grc' dir='ltr'>τὴν</span> <span class='ocrx_word' id='word_1_934' title='bbox 1436 2379 1534 2415; x_wconf 85' lang='grc' dir='ltr'>τομὴν,</span> <span class='ocrx_word' id='word_1_935' title='bbox 1551 2379 1698 2413; x_wconf 78' lang='grc' dir='ltr'>ἀπαλλάξω</span> <span class='ocrx_word' id='word_1_936' title='bbox 1709 2382 1759 2416; x_wconf 85' lang='grc' dir='ltr'>τῆς</span> <span class='ocrx_word' id='word_1_937' title='bbox 1771 2391 1856 2418; x_wconf 83' lang='grc' dir='ltr'>σηπε-</span> 
     </span>
    </p>
   </div>
   <div class='ocr_carea' id='block_1_122' title="bbox 1071 2421 1856 2460">
    <p class='ocr_par' dir='ltr' id='par_1_122' title="bbox 1071 2421 1856 2460">
     <span class='ocr_line' id='line_1_122' title="bbox 1071 2421 1856 2460; baseline 0 -8"><span class='ocrx_word' id='word_1_938' title='bbox 1071 2425 1147 2456; x_wconf 85' lang='grc' dir='ltr'>δόνος</span> <span class='ocrx_word' id='word_1_939' title='bbox 1159 2423 1213 2450; x_wconf 88' lang='grc' dir='ltr'>τῶν</span> <span class='ocrx_word' id='word_1_940' title='bbox 1231 2422 1422 2458; x_wconf 80' lang='grc' dir='ltr'>μεθυσκόντων</span> <span class='ocrx_word' id='word_1_941' title='bbox 1435 2422 1507 2456; x_wconf 83' lang='grc' dir='ltr'>ὑμᾶς</span> <span class='ocrx_word' id='word_1_942' title='bbox 1515 2430 1521 2435; x_wconf 87' lang='grc'>·</span> <span class='ocrx_word' id='word_1_943' title='bbox 1534 2421 1580 2448; x_wconf 81' lang='grc' dir='ltr'>ἵνα</span> <span class='ocrx_word' id='word_1_944' title='bbox 1593 2422 1662 2457; x_wconf 77' lang='grc' dir='ltr'>πρὸς</span> <span class='ocrx_word' id='word_1_945' title='bbox 1674 2423 1796 2460; x_wconf 81' lang='grc' dir='ltr'>καθαρὰν</span> <span class='ocrx_word' id='word_1_946' title='bbox 1808 2425 1856 2451; x_wconf 80' lang='grc' dir='ltr'>ἐπ-</span> 
     </span>
    </p>
   </div>
   <div class='ocr_carea' id='block_1_123' title="bbox 1072 2460 1857 2500">
    <p class='ocr_par' dir='ltr' id='par_1_123' title="bbox 1072 2460 1857 2500">
     <span class='ocr_line' id='line_1_123' title="bbox 1072 2460 1857 2500; baseline 0 -7"><span class='ocrx_word' id='word_1_947' title='bbox 1072 2466 1201 2500; x_wconf 85' lang='grc' dir='ltr'>αναγάγω</span> <span class='ocrx_word' id='word_1_948' title='bbox 1211 2464 1299 2499; x_wconf 78' lang='grc' dir='ltr'>ψυχῆς</span> <span class='ocrx_word' id='word_1_949' title='bbox 1307 2463 1402 2498; x_wconf 86' lang='grc' dir='ltr'>ὑγείαν</span> <span class='ocrx_word' id='word_1_950' title='bbox 1411 2471 1419 2478; x_wconf 89' lang='grc'><strong>·</strong></span> <span class='ocrx_word' id='word_1_951' title='bbox 1433 2460 1467 2499; x_wconf 84' lang='grc' dir='ltr'>ἧς</span> <span class='ocrx_word' id='word_1_952' title='bbox 1476 2463 1582 2497; x_wconf 84' lang='grc' dir='ltr'>γένοιτο</span> <span class='ocrx_word' id='word_1_953' title='bbox 1593 2464 1697 2496; x_wconf 77' lang='grc' dir='ltr'>πάντας</span> <span class='ocrx_word' id='word_1_954' title='bbox 1706 2466 1779 2500; x_wconf 76' lang='grc' dir='ltr'>ἡμᾶς</span> <span class='ocrx_word' id='word_1_955' title='bbox 1790 2466 1857 2493; x_wconf 84' lang='grc' dir='ltr'>ἀπο-</span> 
     </span>
    </p>
   </div>
   <div class='ocr_carea' id='block_1_124' title="bbox 1072 2505 1857 2541">
    <p class='ocr_par' dir='ltr' id='par_1_124' title="bbox 1072 2505 1857 2541">
     <span class='ocr_line' id='line_1_124' title="bbox 1072 2505 1857 2541; baseline 0 -6"><span class='ocrx_word' id='word_1_956' title='bbox 1072 2508 1202 2538; x_wconf 90' lang='grc' dir='ltr'>λαύοντας</span> <span class='ocrx_word' id='word_1_957' title='bbox 1212 2506 1255 2533; x_wconf 82' lang='grc' dir='ltr'>διὰ</span> <span class='ocrx_word' id='word_1_958' title='bbox 1266 2506 1386 2538; x_wconf 81' lang='grc' dir='ltr'>πάντων,</span> <span class='ocrx_word' id='word_1_959' title='bbox 1395 2506 1443 2532; x_wconf 78' lang='grc' dir='ltr'>καὶ</span> <span class='ocrx_word' id='word_1_960' title='bbox 1455 2505 1509 2532; x_wconf 88' lang='grc' dir='ltr'>τῶν</span> <span class='ocrx_word' id='word_1_961' title='bbox 1520 2505 1654 2541; x_wconf 87' lang='grc' dir='ltr'>κειμένων</span> <span class='ocrx_word' id='word_1_962' title='bbox 1665 2507 1789 2534; x_wconf 81' lang='grc' dir='ltr'>ἐπάθλων</span> <span class='ocrx_word' id='word_1_963' title='bbox 1799 2510 1857 2539; x_wconf 84' lang='grc' dir='ltr'>τοῖς</span> 
     </span>
    </p>
   </div>
   <div class='ocr_carea' id='block_1_125' title="bbox 1072 2547 1857 2585">
    <p class='ocr_par' dir='ltr' id='par_1_125' title="bbox 1072 2547 1857 2585">
     <span class='ocr_line' id='line_1_125' title="bbox 1072 2547 1857 2585; baseline -0.001 -8"><span class='ocrx_word' id='word_1_964' title='bbox 1072 2548 1267 2585; x_wconf 87' lang='grc' dir='ltr'>κατορθώμασι</span> <span class='ocrx_word' id='word_1_965' title='bbox 1277 2547 1383 2579; x_wconf 86' lang='grc' dir='ltr'>τούτοις</span> <span class='ocrx_word' id='word_1_966' title='bbox 1392 2548 1543 2583; x_wconf 82' lang='grc' dir='ltr'>ἐπιτυχεῖν,</span> <span class='ocrx_word' id='word_1_967' title='bbox 1550 2548 1642 2583; x_wconf 87' lang='grc' dir='ltr'>χάριτι</span> <span class='ocrx_word' id='word_1_968' title='bbox 1649 2549 1697 2575; x_wconf 78' lang='grc' dir='ltr'>καὶ</span> <span class='ocrx_word' id='word_1_969' title='bbox 1707 2549 1857 2585; x_wconf 83' lang='grc' dir='ltr'>φιλανθρω-</span> 
     </span>
    </p>
   </div>
   <div class='ocr_carea' id='block_1_126' title="bbox 1072 2587 1856 2627">
    <p class='ocr_par' dir='ltr' id='par_1_126' title="bbox 1072 2587 1856 2627">
     <span class='ocr_line' id='line_1_126' title="bbox 1072 2587 1856 2627; baseline 0 -8"><span class='ocrx_word' id='word_1_970' title='bbox 1072 2592 1123 2627; x_wconf 75' lang='grc' dir='ltr'>πία</span> <span class='ocrx_word' id='word_1_971' title='bbox 1137 2590 1184 2618; x_wconf 89' lang='grc' dir='ltr'>τοῦ</span> <span class='ocrx_word' id='word_1_972' title='bbox 1199 2590 1303 2625; x_wconf 84' lang='grc' dir='ltr'>Κυρίου</span> <span class='ocrx_word' id='word_1_973' title='bbox 1319 2590 1399 2625; x_wconf 88' lang='grc' dir='ltr'>ήμῶν</span> <span class='ocrx_word' id='word_1_974' title='bbox 1420 2589 1507 2625; x_wconf 87' lang='grc' dir='ltr'>Ἰησοῦ</span> <span class='ocrx_word' id='word_1_975' title='bbox 1521 2590 1652 2625; x_wconf 82' lang='grc' dir='ltr'>Χριστοῦ,</span> <span class='ocrx_word' id='word_1_976' title='bbox 1669 2587 1718 2626; x_wconf 81' lang='grc' dir='ltr'>ᾦή</span> <span class='ocrx_word' id='word_1_977' title='bbox 1735 2591 1798 2624; x_wconf 85' lang='grc' dir='ltr'>δόξα</span> <span class='ocrx_word' id='word_1_978' title='bbox 1809 2592 1856 2619; x_wconf 79' lang='grc' dir='ltr'>καὶ</span> 
     </span>
    </p>
   </div>
   <div class='ocr_carea' id='block_1_127' title="bbox 1071 2632 1784 2670">
    <p class='ocr_par' dir='ltr' id='par_1_127' title="bbox 1071 2632 1784 2670">
     <span class='ocr_line' id='line_1_127' title="bbox 1071 2632 1784 2670; baseline 0 -9"><span class='ocrx_word' id='word_1_979' title='bbox 1071 2634 1102 2661; x_wconf 87' lang='grc' dir='ltr'>τὸ</span> <span class='ocrx_word' id='word_1_980' title='bbox 1119 2633 1218 2669; x_wconf 87' lang='grc' dir='ltr'>κράτος</span> <span class='ocrx_word' id='word_1_981' title='bbox 1232 2633 1272 2665; x_wconf 88' lang='grc' dir='ltr'>είς</span> <span class='ocrx_word' id='word_1_982' title='bbox 1290 2633 1355 2664; x_wconf 80' lang='grc' dir='ltr'>τοὺς</span> <span class='ocrx_word' id='word_1_983' title='bbox 1369 2632 1469 2664; x_wconf 85' lang='grc' dir='ltr'>αἰῶνας</span> <span class='ocrx_word' id='word_1_984' title='bbox 1480 2632 1535 2659; x_wconf 87' lang='grc' dir='ltr'>τῶν</span> <span class='ocrx_word' id='word_1_985' title='bbox 1549 2632 1665 2660; x_wconf 87' lang='grc' dir='ltr'>αἰώνων.</span> <span class='ocrx_word' id='word_1_986' title='bbox 1688 2633 1784 2670; x_wconf 85' lang='grc' dir='ltr'>Ἀμήν.</span> 
     </span>
    </p>
   </div>
   <div class='ocr_carea' id='block_1_128' title="bbox 1501 2770 1857 2823">
    <p class='ocr_par' dir='ltr' id='par_1_128' title="bbox 1501 2770 1857 2823">
     <span class='ocr_line' id='line_1_128' title="bbox 1501 2770 1857 2823; baseline 0.003 -25"><span class='ocrx_word' id='word_1_987' title='bbox 1501 2770 1654 2823; x_wconf 62' lang='grc' dir='ltr'>⁷³Δὲκλύσῃ]</span> <span class='ocrx_word' id='word_1_988' title='bbox 1676 2771 1720 2814; x_wconf 65' lang='grc' dir='ltr'>ξὶσ</span> <span class='ocrx_word' id='word_1_989' title='bbox 1735 2771 1767 2798; x_wconf 77' lang='grc' dir='ltr'>Α.</span> <span class='ocrx_word' id='word_1_990' title='bbox 1783 2771 1812 2823; x_wconf 54' lang='lat'>9,.</span> <span class='ocrx_word' id='word_1_991' title='bbox 1829 2776 1857 2823; x_wconf 56' lang='grc' dir='ltr'>οξ</span> 
     </span>
    </p>
   </div>
   <div class='ocr_carea' id='block_1_129' title="bbox 1667 2806 1855 2842">
    <p class='ocr_par' dir='ltr' id='par_1_129' title="bbox 1667 2806 1855 2842">
     <span class='ocr_line' id='line_1_129' title="bbox 1667 2806 1855 2842; baseline 0 -10"><span class='ocrx_word' id='word_1_992' title='bbox 1667 2806 1855 2842; x_wconf 75' lang='grc' dir='ltr'>εὐτραπελίαν]</span> 
     </span>
    </p>
   </div>
   <div class='ocr_carea' id='block_1_130' title="bbox 1740 2842 1856 2876">
    <p class='ocr_par' dir='ltr' id='par_1_130' title="bbox 1740 2842 1856 2876">
     <span class='ocr_line' id='line_1_130' title="bbox 1740 2842 1856 2876; baseline 0.009 -9"><span class='ocrx_word' id='word_1_993' title='bbox 1740 2842 1761 2857; x_wconf 74' lang='grc'>³⁸</span> <span class='ocrx_word' id='word_1_994' title='bbox 1778 2842 1856 2876; x_wconf 81' lang='grc' dir='ltr'>γενό-</span> 
     </span>
    </p>
   </div>
   <div class='ocr_carea' id='block_1_131' title="bbox 1147 2875 1856 2913">
    <p class='ocr_par' dir='ltr' id='par_1_131' title="bbox 1147 2875 1856 2913">
     <span class='ocr_line' id='line_1_131' title="bbox 1147 2875 1856 2913; baseline -0.003 -8"><span class='ocrx_word' id='word_1_995' title='bbox 1147 2877 1169 2893; x_wconf 60' lang='grc' dir='ltr'>θδ</span> <span class='ocrx_word' id='word_1_996' title='bbox 1181 2876 1366 2913; x_wconf 84' lang='grc' dir='ltr'>παρανομίας]</span> <span class='ocrx_word' id='word_1_997' title='bbox 1393 2876 1438 2904; x_wconf 84' lang='lat' dir='ltr'>Sic</span> <span class='ocrx_word' id='word_1_998' title='bbox 1454 2876 1484 2903; x_wconf 85' lang='grc' dir='ltr'>Β.</span> <span class='ocrx_word' id='word_1_999' title='bbox 1504 2875 1534 2903; x_wconf 79' lang='lat' dir='ltr'>F.</span> <span class='ocrx_word' id='word_1_1000' title='bbox 1553 2876 1629 2904; x_wconf 84' lang='lat' dir='ltr'>Arm.</span> <span class='ocrx_word' id='word_1_1001' title='bbox 1646 2876 1736 2905; x_wconf 64' lang='lat' dir='ltr'>caeleri</span> <span class='ocrx_word' id='word_1_1002' title='bbox 1758 2885 1856 2912; x_wconf 82' lang='grc' dir='ltr'>παροι-</span> 
     </span>
    </p>
   </div>
   <div class='ocr_carea' id='block_1_132' title="bbox 1101 2805 1570 2843">
    <p class='ocr_par' dir='ltr' id='par_1_132' title="bbox 1101 2805 1570 2843">
     <span class='ocr_line' id='line_1_132' title="bbox 1101 2805 1570 2843; baseline 0 -10"><span class='ocrx_word' id='word_1_1003' title='bbox 1101 2805 1292 2843; x_wconf 15' lang='grc' dir='ltr'>τξήένσκήπτει]</span> <span class='ocrx_word' id='word_1_1004' title='bbox 1308 2807 1409 2843; x_wconf 68' lang='grc' dir='ltr'>ἐγείρει</span> <span class='ocrx_word' id='word_1_1005' title='bbox 1422 2807 1454 2843; x_wconf 74' lang='grc' dir='ltr'>Ε.</span> <span class='ocrx_word' id='word_1_1006' title='bbox 1517 2806 1570 2833; x_wconf 79' lang='lat' dir='ltr'>An.</span> 
     </span>
    </p>
   </div>
  </div>
