2056 3130
202 169 229 195 7|
798 164 828 193 IN
849 161 1052 192 MATTIIIEUM
1071 161 1184 189 llOMIL.
1206 162 1248 191 \'l.'
1793 157 1828 186 Ἠ

196 223 338 252 contritum
364 229 394 252 et
420 224 604 256 humiliatum,
630 223 747 250 animum
771 222 896 258 vigilem,
925 227 993 250 tem-

197 274 334 304 perantem
346 290 355 302 ,
373 270 555 298 continentem
564 290 572 302 ,
588 269 760 304 pmttilcnlem
771 289 779 301 ,
791 272 990 303 cumpunctum.

195 315 254 342 “zuc
278 315 354 342 illius
372 317 443 343 dona
466 320 542 349 sunt,
564 316 624 350 quia
652 315 706 342 illis
728 315 894 350 potissimum
923 314 994 342 indi-

193 368 296 395 gemus.
327 362 471 388 Certamen
496 361 566 388 enim
587 360 707 387 imminet
731 368 828 395 grave,
851 364 878 388 et
899 359 995 386 adver-

193 414 239 433 sus
261 406 416 434 invisibiles
440 411 584 442 potestates
598 407 668 433 lucta
688 406 764 433 nobis
785 411 842 438 cst,
865 405 994 432 adversus

194 451 344 486 spiritualia
371 453 495 486 nequitia:
510 459 613 486 pugna.
638 451 765 478 adversus
784 451 946 485 principatus
967 454 995 478 et

193 502 343 532 potestates
359 498 459 525 bellant
479 497 488 532 (
498 497 593 532 Ephes.
609 497 634 524 6.
652 496 703 531 12)
719 505 725 524 :
741 501 819 531 atque
839 496 939 523 utinam
955 495 996 523 di-

194 543 308 578 ligenter
332 548 459 578 agentes,
482 543 575 578 vigiles
589 546 616 570 et
634 542 775 575 concitati,
797 542 929 576 possimus
944 541 994 569 hoc

194 588 279 615 ferttm
295 596 395 624 agmen
409 589 550 616 sustinere.
562 588 590 616 Si
604 595 668 615 vero
680 587 813 615 rideamus
823 591 849 614 et
861 587 993 620 ludamus,

194 641 223 661 ac
234 641 348 668 semper
360 635 488 660 socordes
503 634 585 660 simus
595 653 602 666 ,
618 633 696 659 etiam
712 638 774 660 ante
791 632 942 659 conﬂictum
961 639 995 659 ex

196 679 304 713 propria
320 679 436 714 segnitie
450 679 631 705 concidemus.
647 677 705 705 Non
719 683 839 705 nostrum
853 678 940 713 itaque
954 682 996 705 est

196 729 328 759 perpetuo
339 724 438 757 ridere,
451 724 568 751 deliciari
582 729 608 750 et
618 723 752 751 convivari
764 731 771 756 ;
785 723 831 750 sed
846 731 938 750 eorttm
949 723 995 758 qui

195 771 220 798 in
237 778 319 797 scena
340 771 450 804 ludunt,
474 770 661 799 meretricum.
681 770 797 796 virorum
819 771 863 804 qui
886 768 919 796 ad
935 768 996 795 talia

195 819 257 843 sunt
281 815 396 850 depilati
406 836 414 848 ,
429 814 604 849 parasitorum
615 834 622 846 ,
638 813 804 841 adulatormn
818 823 825 840 :
840 822 891 840 non
907 819 996 841 autem

196 868 290 886 eorum
311 860 357 894 qui
372 859 405 886 ad
419 859 514 887 caelum
528 859 614 886 vocati
628 864 688 886 sunt
699 880 707 891 ,
727 866 780 885 non
794 866 886 886 eorum
904 859 948 894 qui
969 859 995 886 in

196 913 315 940 superna
331 906 439 932 civitate
453 909 514 932 sunt
529 904 671 939 descripti,
686 912 737 931 non
753 911 845 931 eorum
858 905 901 939 qui
915 911 996 932 arnus

197 952 387 987 spiritualihus
408 955 469 979 sunt
488 951 625 984 instructi,
647 951 694 978 sed
714 958 804 978 eorum
826 951 870 986 qui
891 950 996 978 diabolo

197 1002 260 1024 sunt
275 997 383 1025 initiati.
398 997 444 1025 llle
459 1004 573 1032 namque
588 1001 642 1029 est,
665 996 709 1024 ille
725 997 769 1031 qui
784 996 834 1023 hac
847 1001 902 1023 arte
912 1016 920 1029 ,
945 996 997 1023 hoc

198 1051 280 1078 opere
298 1048 411 1070 conatur
426 1043 524 1070 Christi
546 1043 643 1070 milites
661 1041 818 1075 debilitate,
839 1043 997 1078 illorumque

198 1090 279 1116 animi
296 1089 436 1117 molliores
450 1096 547 1116 nervos
564 1088 679 1116 ellicere.
695 1088 756 1116 ldeo
770 1088 872 1116 theatra
888 1088 913 1115 in
927 1089 998 1116 urbi-

199 1135 249 1162 bus
269 1135 382 1167 struxit,
398 1139 425 1162 et
443 1135 540 1162 mimos
560 1135 620 1162 illos
633 1141 778 1167 exercens,
796 1135 902 1162 illorum
915 1143 997 1170 opera

199 1184 293 1208 contra
315 1185 396 1207 totam
416 1180 548 1208 civitatem
567 1179 635 1207 hanc
656 1185 756 1215 pestem
777 1180 874 1207 excitat
895 1190 901 1208 :
918 1189 997 1215 quam

200 1226 293 1261 fugere
322 1226 419 1254 Paulus
443 1226 521 1260 jussit
543 1225 657 1261 (Ep/tes.
676 1225 702 1252 5.
722 1225 776 1259 4),
803 1225 996 1260 stultiloquium

200 1279 298 1306 nempe
317 1276 344 1299 et
356 1271 560 1302 scurrilitatem;
583 1278 642 1306 qua:
663 1276 750 1298 autem
771 1271 864 1297 horum
878 1271 997 1299 omnium

201 1317 358 1352 gravissima
372 1314 441 1344 risus
457 1316 526 1344 illius
544 1316 649 1344 occasio
667 1320 717 1344 est.
733 1316 844 1348 Ouando
861 1317 997 1352 quidpiam

201 1372 248 1393 aut
262 1366 445 1400 blaSphemum
454 1371 499 1392 aut
509 1370 586 1400 turpe
597 1370 665 1393 mter
674 1363 782 1393 ridicula
792 1365 864 1392 mimi
875 1364 998 1396 dixerint,

203 1416 267 1439 tunc
282 1419 315 1438 ex
335 1411 563 1446 iusipientioribus
578 1411 684 1446 quidam
704 1411 794 1438 rident
810 1416 838 1439 ct
858 1411 1000 1444 lmtanlur;

203 1465 266 1484 cum
282 1457 414 1492 lapidibus
428 1457 499 1492 ipsos
514 1458 643 1492 impetere
657 1461 809 1492 oporteret,
823 1457 951 1493 plaudunt
963 1457 1001 1485 illi

205 1512 287 1539 super
309 1504 367 1538 his,
389 1509 416 1532 et
437 1512 486 1539 per
507 1503 576 1532 hanc
594 1504 756 1539 voluptatem
777 1504 910 1531 caminum
932 1503 1001 1539 ignis

205 1555 299 1577 contra
314 1555 394 1585 caput
408 1558 485 1577 suum
505 1550 650 1577 attrahunt.
665 1549 730 1577 Nam
746 1550 791 1584 qui
808 1550 868 1577 talia
883 1549 1002 1577 dicentes

207 1594 330 1628 laudant,
347 1595 364 1622 ii
378 1600 440 1622 sunt
450 1595 496 1630 qui
511 1595 626 1622 maxime
640 1594 666 1622 id
679 1594 768 1622 dicere
782 1594 895 1622 suadent
910 1603 916 1621 :
929 1594 1002 1621 ideo-

205 1649 258 1676 que
272 1642 404 1676 supplicio
417 1642 478 1669 huic
495 1641 606 1669 facinori
621 1641 712 1669 debito
728 1641 876 1676 justissime
892 1641 1001 1669 obnoxii

206 1693 296 1716 erunt.
313 1688 419 1716 Etenim
432 1689 454 1716 si
469 1689 559 1716 nullus
570 1693 641 1716 esset
660 1693 804 1723 spectator,
826 1689 915 1716 nullus
937 1696 1001 1723 pro-

209 1732 279 1761 diret
299 1733 393 1760 histrio
414 1741 421 1761 :
441 1741 501 1760 cum
520 1740 610 1761 auzem
627 1741 676 1761 vos
691 1734 781 1761 vident
793 1738 820 1762 et
841 1733 961 1761 ofﬁcinas
977 1738 1004 1761 et

208 1785 297 1813 artes,
324 1785 352 1808 et
374 1785 504 1814 quaestum
527 1780 589 1807 hinc
611 1780 826 1814 provenicntem,
849 1785 928 1816 atque
950 1788 1003 1807 uno

207 1825 291 1852 verbo
305 1825 396 1852 omnia
410 1825 560 1860 relinquere
570 1844 577 1857 ,
592 1829 622 1852 ut
633 1825 665 1852 ad
679 1825 737 1852 haec
747 1825 899 1859 spectacula
912 1832 1004 1853 accur-

207 1871 291 1903 ratis,
307 1870 402 1905 majori
417 1870 554 1898 alacritate
574 1874 654 1905 atque
674 1870 761 1897 studio
777 1870 818 1897 his
831 1877 938 1905 operam
952 1870 1002 1897 ad-

207 1915 309 1943 hibent.
327 1916 382 1944 lloc
396 1921 485 1944 autem
498 1917 558 1944 dico
571 1936 577 1948 ,
598 1924 650 1943 non
664 1921 694 1943 ut
713 1916 774 1944 illos
786 1924 801 1943 a
815 1916 928 1944 crimine
941 1916 1001 1943 vin-

209 1963 313 1995 dicem;
327 1963 374 1990 sed
385 1967 412 1990 ut
421 1963 529 1990 discatis
539 1969 586 1990 vos
599 1970 658 1990 esse
667 1963 711 1997 qui
721 1962 870 1998 hujusmodi
879 1962 1003 1998 nequitias

209 2008 368 2043 principium
379 2013 406 2036 et
416 2008 532 2036 radicem
543 2008 750 2036 subministratis
758 2029 765 2042 ,
780 2009 824 2044 qui
836 2013 917 2036 totam
931 2008 1003 2036 diem

213 2054 254 2082 his
269 2055 294 2081 in
309 2055 390 2082 rebus
404 2055 548 2087 insumitis,
562 2055 703 2082 honestum
717 2055 831 2090 conjugii
843 2059 939 2082 statum
952 2059 1003 2081 tra-

212 2100 356 2133 ducentes,
392 2104 420 2127 et
447 2100 602 2135 mysterium
634 2107 758 2135 magnum
785 2100 1000 2127 dehonestantes.

211 2145 302 2180 Neque
316 2145 386 2173 enim
401 2146 496 2173 histrio
511 2146 555 2173 ille
571 2147 605 2172 ita
618 2145 761 2180 delinquit,
777 2151 805 2173 ut
825 2151 867 2178 tu,
888 2146 932 2180 qui
948 2146 1004 2174 hate

212 2191 266 2219 ﬁcri
284 2191 380 2225 jubes;
401 2191 456 2219 imo
471 2199 519 2218 nec
535 2191 616 2226 jubes
631 2191 728 2225 modo,
749 2191 796 2219 sed
818 2191 898 2219 etiam
913 2198 1004 2220 curam

211 2237 334 2268 adhibes,
351 2237 466 2270 lzetaris,
482 2237 569 2269 rides,
592 2237 737 2272 laudasque
751 2237 904 2271 httjusmodi
925 2244 1003 2272 spec-

212 2284 295 2311 tacula
306 2305 313 2316 ,
337 2284 465 2318 omnique
480 2283 559 2311 modo
572 2283 640 2312 hanc
659 2283 732 2311 foves
746 2283 897 2311 daemonum
917 2283 1003 2310 ofﬁci-

214 2337 284 2356 nam.
299 2329 464 2363 Quibusnam
475 2350 482 2362 ,
498 2337 588 2364 quzeso
598 2351 605 2362 ,
624 2329 708 2357 oculis
721 2336 831 2356 morem
846 2334 916 2356 tuam
932 2329 1004 2356 domi

213 2380 301 2409 postea
314 2375 419 2402 videbis
428 2396 436 2408 ,
449 2383 527 2410 quam
540 2375 574 2402 ibi
589 2375 675 2402 vidisti
690 2375 850 2402 contumelia
863 2373 1005 2401 affectam?

213 2421 345 2454 quomodo
357 2428 411 2448 non
425 2420 561 2448 erubescis
574 2420 636 2448 dum
649 2420 768 2455 conjugis
779 2425 831 2447 tua:
844 2420 1005 2454 recordaris,

211 2474 268 2493 cum
283 2467 317 2494 ibi
333 2473 432 2494 Sexum
447 2466 505 2501 ejus
516 2466 684 2494 dehonestari
699 2466 817 2493 videris?

245 2512 270 2539 8.
290 2511 329 2539 Ne
343 2511 409 2539 mihi
423 2511 533 2544 dixeris,
546 2519 602 2540 rem
616 2512 766 2540 simulatam
780 2516 808 2539 et
821 2512 1002 2540 histrionicam

210 2557 264 2586 ltro
276 2565 338 2586 esse
355 2566 363 2585 :
381 2558 441 2586 hate
455 2558 526 2586 enim
541 2558 694 2599 histrionica
709 2558 807 2587 multos
825 2558 913 2587 eil‘ecit
927 2559 1003 2586 adul-

1047 222 1137 250 teros,
1159 216 1308 250 multasque
1327 214 1440 243 familias
1459 215 1565 243 evertit.
1585 215 1699 250 Ideoque
1720 215 1835 242 maxime

1045 271 1134 299 gemo,
1148 263 1218 298 quod
1234 262 1299 290 illud
1311 270 1346 290 ne
1355 262 1453 289 malum
1467 262 1575 298 quidem
1590 262 1665 289 vobis
1677 269 1737 289 esse
1747 261 1837 289 videa-

1046 315 1098 343 tur,
1114 309 1161 337 sed
1182 309 1308 344 plausus,
1329 309 1439 342 clamor,
1461 309 1530 336 risus
1551 309 1649 335 multus
1667 307 1835 341 adhibeatur,

1044 355 1108 382 dum
1124 355 1246 382 adulterii
1260 354 1410 389 hujusmodi
1423 354 1602 390 spectaculum
1617 353 1713 381 offerre
1726 353 1834 381 audent.

1044 402 1113 435 Quid
1129 403 1196 431 dicis
1209 411 1240 430 ea
1251 393 1317 431 esse
1337 402 1517 430 histrionicam
1537 401 1754 429 simulationem?
1774 401 1836 428 ldeo

1045 449 1082 476 illi
1097 450 1230 477 sexcentis
1243 449 1379 484 suppliciis
1393 448 1465 483 digni
1486 453 1548 475 sunt
1558 469 1565 480 ,
1585 447 1710 483 quoniam
1730 455 1761 474 ea
1776 455 1836 482 quae

1046 493 1118 529 leges
1137 502 1230 522 omnes
1249 495 1332 522 vitare
1349 494 1460 528 jubent,
1483 493 1576 522 eadem
1597 494 1646 528 ipsi
1662 493 1757 520 imitari
1777 497 1835 520 stu-

1045 539 1119 566 dent.
1135 539 1201 567 Nam
1211 541 1232 567 si
1247 540 1344 567 malum
1355 544 1395 567 est
1405 539 1479 573 illud,
1493 539 1551 573 ejus
1563 543 1604 566 est
1617 546 1721 573 quoque
1735 546 1835 573 reprzn-

1045 585 1159 613 sentatio
1173 585 1254 612 mala.
1270 585 1390 613 Nondum
1405 585 1476 619 dico,
1491 590 1556 620 quot
1571 585 1706 612 adulteros
1719 584 1836 612 efﬁciant

1045 631 1198 658 histrionica
1211 631 1362 666 hujusmodi
1375 631 1499 658 adulterii
1513 631 1663 666 spectacula
1673 651 1680 663 ,
1694 637 1773 665 qualn
1787 637 1835 664 pe-

1044 676 1160 704 tulantes
1182 677 1402 712 impudentesque
1423 677 1541 704 efﬁciant
1562 681 1742 711 spectatores;
1771 676 1835 704 nihil

1044 723 1114 749 enim
1137 723 1277 755 lascivius,
1301 722 1366 750 nihil
1386 723 1548 757 petulantius
1565 723 1659 756 oculo,
1680 722 1723 758 qui
1745 721 1836 757 hujus-

1044 767 1117 795 modi
1139 769 1289 803 spectacula
1305 768 1376 796 ferre
1390 769 1483 803 possit.
1507 769 1546 796 Tu
1567 776 1632 796 vero
1653 769 1678 795 in
1699 768 1756 795 foro
1777 768 1836 803 qui-

1044 813 1104 841 dem
1114 813 1211 841 nudam
1219 814 1355 841 mulierem
1365 814 1485 848 aspicere
1495 814 1580 846 nolis;
1590 814 1644 840 imo
1652 821 1737 847 neque
1743 813 1815 841 domi
1827 824 1834 841 :

1044 867 1100 887 rem
1111 860 1181 887 enim
1192 859 1342 894 hujusmodi
1355 859 1542 887 contumeliam
1554 866 1632 886 vocas
1645 868 1651 886 :
1665 859 1690 886 in
1703 859 1835 886 theatrum

1045 911 1132 933 tamen
1147 906 1286 938 ascendis.
1305 910 1334 933 ut
1352 913 1493 933 commune
1505 913 1588 940 genus
1608 906 1724 933 virorum
1742 905 1836 932 mulie-

1044 959 1156 986 rumque
1168 952 1327 982 contumelia
1340 952 1452 985 afﬁcias,
1466 952 1610 986 oculosque
1621 956 1679 979 tuos
1692 951 1836 986 deturpes'!

1044 998 1083 1026 Ne
1098 998 1161 1026 mihi
1177 999 1277 1026 dixeris
1291 999 1429 1026 mulierem
1445 998 1516 1026 illam
1535 998 1633 1025 nudam
1643 1019 1652 1031 ,
1669 1005 1729 1025 esse
1747 1005 1834 1025 mere-

1045 1045 1153 1079 tricem;
1169 1046 1259 1081 utique
1275 1045 1344 1073 idem
1360 1045 1417 1080 ipse
1431 1052 1520 1077 sexus,
1535 1044 1605 1072 idem
1618 1052 1716 1079 corpus
1728 1049 1768 1072 est
1779 1052 1836 1072 me-

1044 1091 1148 1118 retricis
1167 1095 1194 1119 et
1209 1091 1309 1118 liberae.
1320 1090 1348 1118 Si
1363 1091 1435 1119 enim
1445 1091 1565 1119 obscmni
1578 1090 1644 1118 nihil
1656 1098 1687 1118 ea
1702 1090 1728 1118 in
1742 1098 1773 1118 re
1783 1095 1834 1123 est,

1045 1145 1093 1165 cur
1106 1145 1166 1164 cum
1182 1137 1207 1164 in
1223 1136 1282 1164 foro
1292 1137 1386 1164 eadem
1399 1137 1456 1172 ipsa
1466 1136 1565 1164 videris
1574 1157 1582 1168 ,
1593 1136 1682 1163 statim
1697 1135 1793 1168 resilis,
1808 1140 1837 1163 et

1045 1181 1252 1210 inverecundam
1269 1182 1402 1217 depellis?
1418 1190 1452 1209 an
1467 1190 1526 1210 cum
1541 1181 1666 1216 disjuncti
1681 1189 1788 1214 sumus,
1808 1181 1836 1209 id

1044 1229 1200 1256 obscoenum
1215 1233 1272 1262 est;
1286 1237 1346 1256 cum
1361 1233 1449 1256 autem
1462 1228 1614 1264 congregati
1628 1236 1679 1256 una
1692 1227 1815 1255 sedemus
1825 1247 1834 1260 ,

1044 1281 1097 1301 non
1112 1274 1221 1309 perinde
1234 1279 1311 1309 turpe
1325 1275 1386 1302 est?
1402 1274 1500 1301 Verum
1517 1274 1567 1301 hoc
1586 1273 1726 1301 ridiculum
1744 1280 1776 1300 ac
1789 1272 1836 1299 de.

1044 1321 1125 1348 decus
1138 1325 1195 1354 est,
1209 1325 1236 1348 et
1249 1321 1307 1348 hinc
1321 1320 1400 1348 verba
1414 1324 1560 1348 extremam
1575 1327 1630 1354 pra:
1644 1327 1674 1346 se
1689 1319 1776 1346 ferttnt
1788 1319 1835 1346 dc-

1044 1367 1170 1394 mentiam
1193 1376 1200 1394 :
1220 1366 1368 1402 meliusque
1389 1370 1461 1394 esset
1479 1373 1558 1393 cmno
1572 1370 1651 1401 atque
1669 1365 1726 1392 luto
1742 1365 1834 1392 oculos

1043 1416 1178 1449 oblinere,
1193 1423 1271 1450 quam
1287 1415 1322 1442 ita
1337 1415 1433 1442 foedam
1447 1419 1474 1442 et
1489 1414 1605 1449 iniquam
1621 1421 1678 1440 rem
1698 1417 1830 1448 spectare.

1043 1461 1134 1497 Neque
1148 1462 1219 1489 enim
1234 1465 1334 1488 tantum
1348 1460 1437 1488 damni
1451 1459 1528 1487 oculo
1542 1458 1621 1486 infert
1633 1458 1733 1491 lutum,
1746 1465 1833 1494 quan—

1045 1513 1099 1535 tum
1113 1507 1226 1535 lascivus
1240 1510 1363 1542 aspectus
1375 1510 1403 1533 et
1415 1505 1493 1533 nuda:
1509 1504 1628 1532 mulieris
1640 1503 1832 1538 spectaculum.

1043 1553 1114 1580 Audi
1129 1553 1208 1588 igitur
1222 1552 1284 1588 quid
1300 1551 1444 1579 nuditatem
1460 1551 1493 1579 ab
1509 1550 1584 1578 initio
1596 1549 1698 1581 fecerit,
1712 1554 1738 1576 et
1753 1554 1834 1577 tanta

1045 1599 1215 1635 turpitudinis
1227 1599 1356 1626 rationem
1367 1601 1466 1625 metue.
1480 1596 1548 1630 Quid
1563 1603 1627 1631 ergo
1639 1595 1784 1622 nuditatem
1795 1595 1833 1622 ef-

1045 1645 1124 1673 fecit?
1140 1645 1318 1673 Inobedientia
1335 1649 1362 1672 et
1377 1643 1474 1671 diaboli
1496 1643 1608 1670 insidiae.
1631 1642 1675 1670 Sic
1693 1641 1748 1676 jam
1769 1641 1833 1669 olim

1045 1698 1071 1719 et
1085 1692 1119 1719 ab
1132 1691 1206 1719 initio
1220 1691 1270 1718 hoc
1284 1691 1341 1726 ejus
1354 1690 1401 1718 fuit
1413 1689 1541 1718 studium.
1557 1689 1652 1716 Verum
1667 1688 1726 1715 illos
1739 1687 1833 1715 saltem

1046 1737 1161 1774 pudebat
1173 1737 1243 1772 quod
1257 1736 1319 1764 nudi
1333 1739 1423 1764 essent
1436 1743 1444 1764 :
1460 1742 1508 1762 vos
1522 1738 1610 1761 autem
1622 1733 1647 1760 id
1658 1732 1747 1760 decori
1760 1732 1835 1759 vobis

1045 1791 1105 1812 esse
1113 1783 1220 1819 putatis,
1230 1782 1373 1810 secundum
1380 1781 1443 1809 illud
1450 1779 1687 1815 apostoli,Gloriam
1695 1779 1721 1805 in
1730 1778 1834 1812 turpitu-

1045 1830 1104 1856 dine
1118 1829 1234 1856 habentes
1247 1827 1383 1863 (Philipp.
1399 1827 1426 1854 5,
1443 1826 1475 1853 i9
1484 1824 1504 1862 ).
1519 1825 1620 1859 Quibus
1633 1831 1697 1859 ergo
1710 1828 1736 1850 te
1751 1823 1836 1850 oculis

1046 1882 1114 1903 uxor
1132 1875 1257 1910 aspiciet,
1275 1881 1290 1900 a
1305 1878 1359 1901 tam
1378 1873 1469 1907 iniquo
1488 1871 1640 1907 spectaculo
1663 1869 1836 1898 redeuntem?

1046 1920 1180 1956 quomodo
1193 1925 1218 1947 te
1228 1919 1357 1954 recipiet?
1370 1918 1465 1954 quibus
1476 1923 1501 1945 te
1510 1917 1598 1945 verbis
1612 1916 1771 1951 alloquetur,
1791 1922 1836 1950 qm

1046 1966 1204 1994 muliebrem
1218 1972 1310 1992 sexum
1322 1969 1406 1992 totum
1420 1964 1455 1991 ita
1468 1962 1695 1993 dehonestaveris,
1708 1967 1735 1988 et
1745 1969 1778 1988 ex
1792 1961 1836 1988 tali

1047 2013 1198 2048 spectaculo
1211 2012 1333 2047 cnptivus
1346 2015 1374 2038 et
1393 2017 1485 2037 servus
1497 2009 1646 2037 meretricis
1658 2007 1767 2035 eﬁ'ectus
1780 2007 1837 2034 sis?

1047 2059 1075 2088 Si
1091 2060 1149 2087 hate
1160 2059 1298 2086 audientes
1311 2056 1407 2084 doletis
1417 2076 1424 2088 ,
1439 2056 1550 2091 gratiam
1565 2054 1639 2082 vobis
1654 2054 1740 2081 habeo
1755 2053 1838 2080 maxi-

1047 2114 1128 2134 mam.
1153 2105 1216 2139 Quis
1239 2105 1305 2132 enim
1328 2108 1363 2130 est
1388 2103 1430 2138 qui
1447 2101 1615 2135 melmiﬁcet,
1636 2099 1688 2127 nisi»
1704 2099 1726 2126 is
1750 2099 1793 2134 qui
1807 2098 1837 2125 ob

1047 2153 1116 2180 dicta
1130 2160 1185 2179 mea
1198 2149 1364 2185 triuatur(2.
1379 2149 1441 2176 Cor.
1457 2148 1484 2174 Ξ.
1498 2147 1554 2182 ‘2)?
1574 2146 1613 2174 Ne
1631 2145 1742 2173 cessetis
1759 2145 1838 2179 igitur

1048 2199 1082 2227 de
1095 2199 1138 2226 his
1152 2199 1287 2233 ingemere
1296 2200 1324 2223 et
1334 2195 1447 2222 morderi
1465 2203 1472 2221 :
1486 2200 1546 2220 nam
1560 2192 1636 2219 dolor
1648 2190 1682 2218 de
1696 2190 1777 2218 rebus
1790 2189 1839 2216 llll-

1045 2245 1163 2282 jusmodi
1172 2243 1329 2280 principium
1339 2241 1413 2268 vobis
1421 2239 1472 2268 erit
1480 2237 1663 2267 cuuversionis
1672 2236 1705 2263 ad
1717 2235 1838 2263 meliora.

1053 2292 1166 2326 ldquue
1180 2286 1372 2317 vehementiori
1387 2292 1511 2313 sermone
1522 2291 1581 2311 sum
1594 2290 1666 2315 usus,
1678 2287 1707 2309 ut
1717 2288 1764 2316 per
1776 2288 1838 2315 pro-

1048 2338 1196 2366 fundiorem
1215 2335 1370 2363 incisionem
1387 2340 1402 2359 a
1420 2330 1559 2366 putredine
1574 2329 1617 2355 illa
1636 2327 1839 2355 temulentorum

1049 2384 1186 2412 hominum
1199 2389 1246 2408 vos
1260 2381 1413 2410 liberarem,
1425 2381 1452 2404 et
1461 2375 1494 2403 ad
1504 2382 1595 2410 puram
1604 2373 1686 2400 animi
1697 2372 1837 2400 sanitatem

1049 2430 1204 2458 reducerem
1224 2436 1232 2455 :
1251 2433 1302 2461 qua
1318 2424 1418 2452 utinam
1433 2429 1481 2449 nos
1495 2427 1589 2448 omnes
1605 2427 1651 2454 per
1665 2418 1753 2446 omnia
1768 2417 1838 2444 frua-

1049 2484 1119 2509 mur,
1133 2479 1159 2502 et
1174 2473 1282 2510 prmmia
1296 2471 1373 2499 bonis
1386 2469 1489 2497 actibus
1503 2466 1617 2501 reposita
1632 2471 1838 2510 consequamur,

1050 2522 1134 2558 gratia
1147 2508 1370 2548 (ct—misericordia
1385 2513 1487 2542 Domini
1501 2512 1583 2540 nOstri
1597 2511 1660 2539 Jesu
1673 2509 1782 2541 Christi,
1795 2508 1838 2536 cui

1052 2557 1137 2605 gloria
1151 2571 1178 2595 et
1192 2564 1332 2602 imperium
1349 2565 1376 2591 in
1390 2560 1487 2590 saecula
1502 2559 1670 2588 saeculorum.
1687 2557 1783 2585 Amen.
