2056 3130
205 153 239 179 75
568 154 597 183 S.
617 152 756 182 JOANNIS
774 150 1011 180 CHRYSOSTUMI
1030 149 1191 178 AﬂClllEP.
1207 148 1473 178 CONSTANTINOP.
1802 145 1837 172 74

413 248 1627 261 ——-————-—_—_—.—————————

891 431 1061 462 HOMILIA
1087 432 1151 464 νιι.

201 622 263 649 (In.
278 620 311 648 II.
324 627 351 647 v.
368 620 395 647 4.
412 619 445 646 Et
464 627 621 654 congregans
634 625 720 646 omnes
733 615 858 650 principes
875 614 994 642 sacerdo-

239 673 292 695 tum
306 672 329 695 et
348 667 443 694 scribae
456 667 561 702 populi,
577 665 750 692 scitcuabatur
763 662 795 690 ab
809 662 844 689 eis
863 662 905 688 ubi
918 661 995 688 Chri-

238 718 293 740 stus
306 717 460 740 ueneratur.
475 712 504 739 5.
515 711 548 738 At
564 711 604 738 illi
616 710 733 737 dixerunt
746 709 769 736 ei
782 716 791 735 :
810 708 836 735 in
849 707 995 735 Bethlehent

237 758 252 785 Ι
256 760 346 785 autem.

238 806 265 832 t.
289 804 410 832 Vidistin'
434 803 523 831 omnia
546 802 579 830 ad
605 801 760 830 Judteorum
783 799 994 828 coniutationem

203 851 351 879 accidisse?
364 850 496 884 Quamdiu
507 849 577 877 enim
598 856 651 876 non
666 848 791 875 videbam
803 854 875 880 eum,
891 853 941 874 nec
954 847 996 874 in-

205 899 275 926 vidia
290 898 511 933 corripiebantur,
526 895 677 924 testimonia
691 902 754 922 vere
767 898 795 922 et
808 898 838 921 ut
848 897 926 921 erant
938 900 999 927 pro-

206 943 328 972 ferebant
343 952 351 969 :
366 943 410 970 ubi
431 946 520 969 autem
543 941 667 969 viderunt
688 940 800 975 gloriam
815 947 848 966 ex
864 938 998 966 miraculis

206 995 326 1025 partam,
343 988 441 1016 invidia
456 988 562 1016 demum
577 987 709 1021 correpti,
725 986 862 1014 veritatem
877 985 1000 1020 proditio-

206 1040 277 1063 runt.
289 1035 342 1062 Sed
357 1033 459 1061 veritas
469 1034 495 1061 in
506 1033 630 1060 omnibus
640 1032 783 1065 eminebat,
799 1036 825 1059 et
837 1031 872 1058 ab
885 1031 999 1058 inimicis

206 1081 291 1117 magis
308 1081 444 1116 magisque
458 1079 683 1115 promulgabatur.
706 1078 755 1105 Hic
769 1077 833 1104 mihi
847 1077 907 1105 vide
919 1084 999 1112 quant

206 1129 285 1160 mira,
300 1135 378 1162 quam
393 1126 524 1161 stupenda
535 1125 734 1160 provideantur.
745 1124 847 1151 Mutuas
861 1124 911 1151 sibi
923 1130 999 1151 com-

207 1173 316 1201 modant
331 1173 438 1200 notitias
460 1172 565 1199 barbari
588 1175 615 1198 et
634 1170 736 1201 Juda-i.
759 1171 794 1197 ita
812 1175 840 1197 ut
856 1169 954 1205 singuli
966 1169 1001 1197 ab

207 1221 268 1248 aliis
287 1220 421 1255 quidpiam
443 1219 504 1246 novi
519 1218 648 1246 ediscant.
663 1217 747 1245 Judtci
763 1224 878 1252 namque
889 1224 904 1243 a
917 1216 1002 1250 magis

206 1266 390 1299 edidiceram,
407 1265 477 1300 quod
492 1265 568 1292 stella
592 1265 677 1299 ipsum
695 1264 720 1291 in
736 1263 876 1291 Persarum
892 1263 1001 1298 regione

208 1311 391 1346 praedicaverit
402 1320 407 1337 :
420 1311 489 1345 magi
503 1318 518 1336 a
529 1309 629 1337 Judzcis
641 1313 810 1343 acceperunt,
826 1316 886 1336 eum
902 1308 1000 1342 ipsum,

208 1365 288 1392 quem
304 1356 380 1384 stella
395 1355 595 1391 prtedicaverat,
607 1354 661 1389 jam
675 1362 690 1381 a
705 1354 796 1381 multis
811 1359 881 1381 retro
897 1359 1001 1388 tempe-

207 1403 283 1430 ribus
298 1410 344 1437 per
359 1401 502 1437 prophetas
524 1400 730 1435 prtcnuntiatum
752 1398 834 1426 fuisse
847 1408 853 1426 :
865 1403 944 1433 atque
959 1398 1001 1426 in-

208 1449 394 1485 terrogationis
404 1448 509 1475 occasio
520 1447 641 1474 clarioris
652 1451 679 1473 et
690 1445 861 1473 accuratioris
874 1445 1003 1472 doctrinae

207 1494 400 1522 demonstratio
427 1493 546 1528 utrisque
571 1492 620 1520 fuit
635 1501 642 1519 :
658 1497 731 1519 certe
756 1491 875 1518 veritatis
902 1490 1003 1518 inimici

210 1540 308 1573 scripta
323 1540 442 1567 veritatis
456 1539 606 1566 testimonia
619 1538 660 1566 vel
673 1537 749 1564 inviti
761 1537 848 1572 legere
861 1540 1001 1572 coguntur,

207 1591 233 1612 et
249 1585 415 1619 prophetiam
436 1583 624 1619 interpretari,
638 1583 743 1610 etiamsi
759 1590 811 1609 uon
826 1587 907 1609 totam
925 1589 1003 1609 :cum

208 1631 280 1658 enim
297 1629 450 1658 Bethlehem
466 1629 611 1662 dixissent,
623 1633 650 1656 et
670 1628 731 1655 inde
760 1628 924 1655 exoriturum
943 1634 1004 1654 esse

207 1683 270 1703 eum
282 1675 328 1711 qui
351 1680 455 1710 regeret
478 1674 620 1706 lsraelem,
637 1681 689 1700 non
712 1672 870 1700 addiderunt
889 1672 915 1699 id
933 1672 1005 1707 quod

208 1720 381 1755 sequebatur,
393 1724 421 1747 ut
431 1720 486 1754 regi
496 1719 678 1746 adularentur.
690 1717 758 1751 Quid
768 1723 856 1744 autem
866 1721 908 1744 cst
919 1716 1005 1744 illud?

208 1766 244 1793 Et
257 1774 370 1801 egressus
382 1766 436 1801 ejus
449 1765 559 1792 abiuitio
574 1772 605 1791 ex
617 1764 703 1790 diebus
714 1763 799 1790 swculi
813 1763 906 1797 (llic/1.
921 1763 948 1790 5.
962 1762 1003 1796 2).

210 1816 244 1843 Et
257 1823 308 1849 qua
322 1816 355 1842 de
369 1823 448 1842 causa
459 1836 466 1847 ,
483 1816 586 1850 inquies
597 1835 603 1845 .
620 1815 642 1842 si
656 1814 717 1842 inde
729 1814 845 1841 oriturus
859 1817 925 1845 erat,
940 1816 1001 1848 post

208 1867 312 1896 partqu
326 1863 351 1889 in
366 1862 478 1889 Nazaret
493 1861 599 1893 mansit,
614 1866 641 1888 et
654 1860 819 1895 prophetiam
833 1858 1001 1887 obseuravit?

207 1907 263 1935 lmo
278 1915 330 1934 non
343 1907 505 1939 ohscuravit,
521 1906 568 1934 sed
583 1906 724 1934 clariorem
740 1905 837 1933 ell‘ecit.
853 1905 919 1932 Nam
930 1904 1001 1940 quod

206 1957 293 1979 mater
306 1952 374 1986 ejus,
387 1960 446 1987 qum
462 1952 518 1980 illic
532 1951 678 1983 habitabat,
694 1951 745 1978 hoc
756 1951 781 1978 in
791 1951 851 1978 loco
859 1950 1002 1985 pepererit.

207 1998 234 2025 id
249 2002 322 2034 certe
335 1997 451 2025 ostendit
460 2005 516 2024 rem
531 2005 578 2032 per
589 1996 784 2030 providentiam
799 1996 894 2023 lactant
909 1995 999 2023 fuisse.

205 2044 376 2079 Quapropter
397 2051 450 2070 non
472 2043 562 2070 statim
579 2047 658 2076 atque
676 2048 754 2069 natus
766 2046 825 2073 est,
841 2041 904 2068 hinc
922 2041 1000 2072 exiit,

207 2090 255 2117 sed
270 2090 305 2116 ibi
321 2089 416 2116 mansit
432 2096 478 2124 per
489 2089 546 2116 dies
558 2087 748 2122 quadraginta,
771 2087 858 2114 locutu
872 2086 937 2113 dans
952 2086 1002 2113 illis

207 2136 253 2170 qui
269 2137 366 2163 vellent
381 2135 513 2163 curiosius
527 2134 672 2169 inquirere,
689 2138 717 2161 ut
732 2139 855 2161 accurate
869 2133 1003 2160 examina—

207 2187 268 2209 rent
280 2182 380 2209 omnia.
396 2181 475 2208 Multa
490 2181 586 2216 quippe
599 2184 677 2208 erant
690 2188 749 2214 qua:
762 2180 795 2207 ad
812 2180 878 2207 hanc
895 2179 1001 2214 perqui-

207 2230 331 2256 sitionem
347 2232 495 2259 moverent,
509 2228 532 2255 si
545 2227 651 2262 quidem
666 2226 805 2254 attendere
818 2227 927 2254 vellent.
942 2226 1002 2253 Ete-

208 2275 262 2302 nitn
278 2274 446 2301 venientibus
461 2273 554 2308 magis,
564 2273 696 2300 concitata
710 2277 753 2299 est
767 2271 889 2299 universa
900 2272 1002 2306 civitas,

209 2325 235 2346 et
250 2328 311 2347 eum
324 2320 432 2348 civitate
445 2327 493 2346 rex
506 2319 563 2353 ipse
575 2327 582 2345 :
593 2318 722 2353 propheta
739 2317 764 2345 in
785 2318 903 2346 medium
918 2318 1003 2345 addu-

208 2371 268 2394 ctus
289 2371 347 2398 est,
371 2366 456 2392 forum
477 2364 604 2400 judiciale
629 2372 755 2399 magnum
781 2364 922 2391 collectum
945 2368 1002 2397 est;

209 2411 314 2446 aliaque
329 2411 411 2438 multa
435 2411 532 2438 ibidem
547 2415 621 2445 gesta
636 2414 699 2437 sunt
709 2431 716 2443 ,
739 2417 799 2444 quac
812 2410 900 2437 omnia
916 2414 1002 2437 narrat

209 2462 333 2484 accurate
349 2457 450 2490 Lucas;
465 2456 538 2484 verbi
548 2457 630 2491 gratia
644 2464 703 2490 qua:
713 2456 745 2483 ad
756 2457 859 2483 Annam
870 2461 1002 2491 spectant,

209 2511 270 2538 quze
284 2503 317 2529 ad
337 2502 488 2530 Simeonem
499 2522 507 2535 ,
531 2502 565 2530 ad
585 2501 740 2529 Zachariam
751 2522 759 2535 ,
782 2503 816 2529 ad
831 2502 957 2537 angelos,
972 2502 1004 2529 ad

210 2553 350 2583 pastores.
371 2555 430 2582 qua:
447 2547 536 2574 omnia
560 2552 683 2582 poterant
703 2547 735 2574 iis
755 2547 802 2581 qui
823 2547 940 2574 animum
955 2547 1004 2574 ad-

212 2593 305 2620 bibere
319 2592 418 2620 vellent
430 2592 598 2620 occasionem
612 2592 691 2625 dare,
711 2597 740 2619 ut
752 2592 823 2627 quod
837 2592 934 2619 factum
950 2597 1004 2620 erat

210 2638 453 2673 deprehenderent.
476 2637 542 2664 Nam
563 2638 585 2665 si
607 2639 675 2672 magi
697 2645 730 2665 ex
746 2637 855 2665 Perside
870 2639 1006 2666 venientes

211 2685 299 2712 locum
323 2691 375 2711 non
398 2684 602 2719 ignoraverunt.
618 2684 703 2711 multo
722 2684 806 2720 magis
830 2684 866 2717 ii,
890 2685 934 2719 qni
949 2685 1007 2712 istic

211 2729 397 2760 versabantur.
410 2730 466 2756 haec
477 2733 598 2764 poterant
611 2729 740 2757 ediscere.
750 2729 817 2757 Sese
827 2730 907 2764 igitur
916 2734 1006 2757 osten-

212 2776 251 2803 dit
269 2776 303 2803 ab
318 2775 392 2802 initio
408 2783 455 2810 per
474 2775 556 2802 multa
577 2775 704 2802 miracula
719 2777 797 2809 :quia
812 2780 901 2802 autem
918 2774 1007 2803 videre

213 2822 358 2851 noluerunt
367 2842 374 2855 ,
391 2829 439 2858 per
452 2821 617 2858 aliquantum
631 2822 759 2856 temporis
772 2829 832 2850 sese
853 2822 990 2850 occultans
999 2842 1006 2855 ,

1050 604 1145 632 iterum
1158 611 1189 632 se
1201 605 1254 632 alio
1267 604 1345 641 longe
1355 605 1470 634 clariore
1477 606 1594 635 ostendit
1605 607 1694 635 modo.
1704 607 1760 636 Non
1771 609 1843 636 enim

1049 651 1119 686 magi
1134 650 1260 686 deinceps
1269 672 1277 684 ,
1292 659 1345 679 non
1359 652 1434 679 stella
1444 672 1452 684 ,
1467 652 1514 680 sed
1529 652 1607 680 Pater
1619 661 1734 689 superne
1746 653 1843 690 pra-di-

1049 697 1120 724 cavit
1141 696 1168 723 in
1190 695 1313 724 Jordauis
1336 696 1459 731 ﬂuentis,
1484 702 1512 725 et
1534 699 1649 732 Spiritus
1671 700 1842 734 supervenit,

1047 754 1140 775 vocem
1156 747 1229 775 illam
1250 747 1276 775 in
1297 747 1423 784 baptizati
1442 755 1523 784 caput
1537 749 1712 778 all'erenszet
1724 749 1843 777 Joannes

1047 801 1109 822 cum
1124 793 1246 821 libertate
1258 794 1330 821 omni
1350 802 1398 828 per
1411 799 1492 822 totam
1505 794 1623 823 Iuda-am
1639 795 1780 827 clamabat,
1796 795 1845 822 ha—

1047 839 1184 867 bitabilem
1197 859 1205 871 ,
1231 839 1405 868 inhabitatum
1429 845 1528 869 terram
1549 841 1701 876 bujusmodi
1723 841 1843 868 doctrina

1047 884 1156 919 replens
1171 893 1178 911 :
1193 884 1381 913 miraculorum
1405 894 1512 921 quoque
1533 886 1729 918 testimonium,
1752 890 1822 913 terra
1833 908 1841 919 ,

1048 937 1122 957 mare
1138 930 1314 965 universaque
1326 936 1448 959 creatura
1461 932 1626 967 splendidam
1642 932 1691 959 hac
1705 931 1738 959 de
1753 940 1782 959 re
1795 939 1843 958 vo-

1045 983 1104 1003 cem
1117 976 1265 1004 emittebat.
1281 976 1340 1011 Ipso
1350 978 1428 1004 etiam
1440 983 1531 1012 partus
1538 983 1659 1013 tempore
1671 982 1710 1005 tot
1719 978 1842 1006 accidere

1045 1021 1120 1056 signa
1129 1042 1137 1053 ,
1150 1030 1210 1056 qua:
1224 1027 1333 1057 possent
1348 1023 1465 1051 indicare
1479 1024 1566 1059 ipsum
1580 1024 1730 1051 advenisse.
1747 1024 1786 1051 Ne
1799 1024 1841 1051 di-

1046 1071 1138 1094 cerent
1150 1067 1222 1095 enim
1235 1067 1320 1096 .luda-i
1335 1078 1341 1096 :
1353 1068 1491 1097 Nescimus
1504 1070 1549 1097 ubi
1562 1069 1603 1097 vel
1618 1077 1672 1104 quo
1690 1069 1750 1097 loco
1764 1074 1842 1097 natus

1047 1113 1099 1146 sit,
1113 1113 1156 1140 illa
1169 1121 1229 1149 quae
1242 1120 1334 1150 magos
1346 1120 1468 1150 spectant
1487 1116 1592 1151 provisa
1613 1116 1702 1148 l'uere,
1725 1116 1842 1151 itemque

1047 1159 1097 1187 alia
1112 1167 1172 1194 quae
1185 1160 1311 1194 diximus,
1327 1161 1362 1188 ita
1376 1166 1404 1188 ut
1419 1162 1519 1188 nullam
1533 1162 1731 1189 excusationem
1745 1161 1841 1189 aﬂerre

1050 1206 1169 1241 possint,
1185 1207 1258 1243 quod
1278 1207 1306 1235 id
1324 1207 1399 1243 quod
1415 1211 1524 1243 gestum
1544 1211 1605 1234 erat
1627 1214 1683 1234 non
1703 1206 1844 1242 perquisi-

1051 1253 1157 1281 verint.

1087 1301 1114 1328 Ξ.
1132 1301 1272 1336 Perpende
1288 1307 1377 1330 autem
1397 1302 1544 1338 prophetia;
1563 1303 1770 1330 accurationem.
1786 1303 1845 1331 Non

1050 1347 1121 1373 enim
1136 1346 1216 1380 dixit,
1230 1347 1257 1375 In
1269 1347 1424 1376 Bethlebem
1436 1349 1564 1380 manebit,
1575 1349 1632 1381 sed,
1644 1348 1740 1377 Exibit.
1755 1349 1848 1385 Itaque

1050 1391 1076 1419 id
1091 1396 1192 1420 tantum
1208 1394 1346 1429 prophetia
1360 1395 1527 1429 exprimebat
1538 1416 1546 1428 ,
1560 1395 1632 1430 quod
1646 1395 1680 1423 ibi
1696 1395 1846 1423 nasciturus

1051 1444 1131 1466 esset.
1146 1440 1258 1474 Quidam
1273 1447 1362 1469 autem
1375 1449 1468 1470 eorum
1484 1442 1652 1477 impudenter
1664 1442 1771 1474 dicunt,
1788 1442 1846 1469 hau:

1051 1484 1085 1513 de
1099 1485 1263 1514 Zorobabele
1283 1488 1457 1522 pnenuntiata
1483 1488 1564 1516 fuisse
1580 1497 1586 1515 :
1600 1488 1646 1516 sed
1659 1487 1794 1523 qttomodo
1807 1488 1846 1515 sic

1052 1537 1164 1567 possunt
1177 1533 1342 1568 intelligere?
1354 1533 1411 1560 Non
1426 1534 1497 1561 enim
1515 1534 1641 1569 Egressus
1654 1534 1709 1569 ejus
1725 1534 1756 1560 ab
1775 1533 1847 1560 initio

1049 1587 1081 1606 ea:
1095 1578 1181 1606 diebus
1194 1580 1279 1606 saeculi
1300 1579 1393 1615 (Mich.
1408 1580 1434 1608 5.
1449 1580 1487 1614 2).
1511 1580 1650 1614 Quomodo
1665 1584 1754 1607 autem
1776 1579 1842 1606 illud

1051 1625 1121 1659 quod
1143 1626 1217 1652 initio
1231 1626 1337 1658 dicitur,
1354 1626 1397 1653 Ea:
1417 1632 1441 1653 Ie
1459 1626 1550 1659 exibit,
1572 1627 1599 1653 in
1614 1626 1687 1653 illum
1700 1626 1846 1653 convenire

1051 1670 1152 1704 possit?
1166 1671 1223 1698 Non
1237 1672 1308 1699 cnim
1325 1672 1350 1699 in
1373 1672 1464 1700 Iudaea
1475 1693 1482 1704 ,
1503 1673 1551 1700 sed
1575 1673 1601 1700 in
1616 1672 1752 1708 Babylone
1768 1676 1846 1699 natus

1050 1722 1113 1744 est:
1129 1717 1199 1745 unde
1218 1719 1297 1746 etiam
1314 1719 1462 1747 Zorohabel
1476 1720 1624 1754 appellatus
1642 1719 1707 1752 fuit,
1724 1719 1785 1754 quia
1807 1718 1843 1746 ibi

1049 1766 1136 1790 ortum
1149 1762 1234 1790 duxit.
1251 1764 1386 1799 Quotquot
1404 1764 1532 1800 Syrorum
1556 1765 1671 1800 linguam
1690 1764 1795 1797 sciunt,
1816 1763 1843 1791 id

1049 1809 1119 1843 quod
1144 1809 1257 1837 dicimus
1280 1818 1332 1837 non
1359 1811 1490 1845 ignorant.
1514 1811 1616 1838 Prteter
1637 1818 1668 1838 ea
1693 1817 1758 1838 vero
1783 1817 1843 1844 quae

1047 1855 1182 1888 diximus,
1197 1861 1300 1891 tempus
1314 1863 1397 1884 totum
1411 1857 1577 1893 subsequens
1593 1857 1644 1884 hoc
1659 1856 1841 1884 testimonium

1047 1903 1208 1931 conﬁrmare
1231 1902 1313 1929 valet.
1336 1901 1404 1934 Quid
1429 1900 1500 1927 enim
1519 1898 1602 1926 dicit?
1624 1898 1651 1925 6.
1675 1896 1841 1931 Nequaquam

1048 1950 1153 1977 minima
1167 1957 1193 1976 es
1207 1949 1233 1975 in
1249 1947 1403 1982 principibus
1417 1946 1488 1973 Juda
1497 1966 1505 1977 ,
1519 1949 1546 1972 et
1559 1942 1722 1971 celebritatis
1734 1948 1840 1968 causam

1049 1995 1139 2030 adjicit
1162 1994 1203 2021 his
1218 1993 1326 2025 verbis,
1344 1993 1412 2026 Quia
1432 2000 1464 2019 ea:
1486 1996 1509 2018 te
1529 1990 1614 2018 mth
1637 1987 1732 2016 Nullus
1751 1991 1840 2013 autem

1049 2043 1118 2069 alius
1131 2041 1201 2068 hunc
1223 2040 1309 2066 locum
1323 2039 1426 2066 clarum
1448 2038 1675 2072 conspicuumque
1690 2034 1768 2065 fecit,
1791 2032 1841 2060 nisi

1050 2087 1108 2122 ipse
1121 2087 1204 2114 solus.
1222 2085 1285 2113 Post
1296 2089 1400 2120 partum
1415 2083 1513 2118 quippe
1527 2082 1600 2109 illum
1612 2089 1645 2108 ex
1659 2080 1755 2107 ﬁnibus
1769 2078 1841 2106 orbis

1050 2133 1162 2160 veniunt
1176 2132 1309 2159 visitatum
1326 2137 1446 2165 przescpe
1460 2135 1487 2157 et
1500 2129 1595 2164 tugurii
1608 2129 1694 2155 locum
1710 2135 1716 2153 :
1731 2126 1756 2153 id
1770 2124 1840 2160 quod

1049 2179 1104 2215 jam
1119 2179 1181 2206 olim
1205 2177 1334 2213 propheta
1351 2176 1538 2212 praenuntiavit
1554 2175 1665 2202 dicens:
1677 2172 1843 2208 Nequaquam

1051 2225 1156 2252 minima
1176 2232 1202 2251 es
1222 2224 1249 2250 in
1264 2222 1420 2258 principibus
1433 2221 1504 2248 Iuda
1519 2220 1614 2255 (Micli.
1628 2220 1656 2247 5.
1673 2218 1720 2253 2);
1743 2218 1768 2244 id
1781 2222 1841 2250 est,

1052 2272 1123 2299 inter
1136 2271 1251 2298 tribuum
1266 2269 1410 2305 principes.
1425 2267 1526 2301 Quibus
1540 2266 1630 2294 verbis
1642 2266 1722 2293 etiam
1736 2264 1843 2292 Jeroso-

1053 2317 1153 2353 lymam
1169 2314 1363 2350 complectitur.
1377 2313 1429 2341 Sed
1444 2320 1477 2340 ne
1491 2313 1529 2339 sic
1541 2311 1648 2346 quidem
1663 2310 1781 2337 animum
1795 2308 1842 2335 ad-

1053 2365 1198 2392 hibuerunt
1209 2383 1216 2394 .
1231 2362 1335 2390 etiamsi
1350 2361 1450 2388 utilitas
1470 2359 1502 2386 ad
1523 2358 1595 2393 ipsos
1608 2357 1765 2384 dimanaret.
1783 2354 1844 2381 Ideo

1051 2411 1124 2438 enim
1138 2416 1268 2444 nusquam
1280 2407 1417 2442 prophetae
1427 2406 1461 2433 de
1469 2404 1597 2440 dignitate
1607 2403 1664 2438 ejus
1675 2403 1701 2429 in
1713 2400 1843 2436 principio

1053 2461 1155 2484 tantum
1179 2457 1321 2490 loqtmntur
1333 2474 1340 2487 ,
1365 2457 1491 2488 quantum
1506 2451 1540 2478 de
1554 2449 1683 2478 beneﬁcio
1696 2448 1766 2483 quod
1781 2447 1844 2481 ipsis

1053 2503 1187 2539 przcstilit.
1208 2501 1313 2528 Etenim
1333 2506 1394 2526 cum
1415 2497 1530 2533 Virginis
1549 2501 1639 2532 partus
1654 2495 1764 2522 instaret
1785 2493 1822 2520 ait
1836 2513 1844 2524 ,

1059 2548 1164 2576 Vacabis
1176 2555 1267 2574 nomen
1279 2547 1335 2581 ejus
1348 2544 1454 2576 letum;
1470 2547 1497 2571 et
1510 2542 1600 2576 adjicit
1612 2551 1619 2569 :
1630 2540 1690 2576 Ipse
1711 2540 1776 2566 enim
1792 2538 1844 2565 ωι-

1054 2604 1112 2623 vum
1126 2595 1201 2631 faciet
1214 2593 1337 2629 populum
1349 2599 1423 2618 suum
1437 2586 1452 2615 ἃ
1468 2589 1574 2624 peccatis
1588 2595 1684 2614 eorum.
1700 2586 1766 2620 Magi
1781 2591 1844 2611 vero

1056 2648 1109 2668 non
1123 2639 1258 2671 dicebant,
1279 2636 1331 2664 Ubi
1353 2639 1395 2663 est
1415 2634 1497 2662 Filius
1515 2633 1572 2665 Dei,
1588 2631 1646 2666 sed,
1664 2631 1710 2663 Qui
1725 2634 1797 2656 natus
1809 2634 1845 2656 est

1055 2695 1101 2713 rea;
1112 2685 1273 2712 ludam-um.
1289 2682 1337 2709 llic
1349 2688 1455 2716 qttoque
1476 2687 1529 2706 non
1551 2679 1632 2710 dixit,
1649 2677 1688 2704 Ex
1714 2681 1740 2704 te
1761 2675 1844 2703 exibit

1055 2732 1140 2759 Filius
1155 2730 1218 2761 Dei;
1234 2728 1293 2761 sed,
1307 2727 1376 2759 Dux,
1388 2727 1430 2761 qui
1440 2729 1509 2760 regat
1519 2723 1642 2760 populum
1652 2729 1734 2749 meum
1751 2719 1843 2747 Israel.

1057 2776 1204 2812 Oportebat
1215 2774 1314 2810 quippe
1325 2773 1400 2800 initio
1411 2771 1552 2798 humiliore
1566 2768 1691 2804 loquendi
1703 2766 1783 2794 modo
1796 2766 1844 2797 uti,

1058 2832 1092 2851 ne
1105 2822 1162 2849 haec
1176 2821 1240 2860 ipsis
1255 2817 1414 2848 oll'cndiculo
1426 2820 1532 2850 essent,
1553 2819 1580 2843 et
1593 2821 1624 2842 ea
1639 2814 1727 2842 dicere
1739 2820 1798 2848 qua:
1812 2812 1844 2838 ad
