2056 3130
791 124 824 150 IN
844 124 999 154 ΜΑΤΤΙΙΑΞ

1074 127 1191 156 HOMIL.
1210 129 1266 156 VII.
1803 128 1837 158 τι

223 211 1664 227 __—._—__________

957 287 1080 314 OMIAIA
1097 290 1133 316 Z'.

207 345 261 374 Καὶ
279 349 465 384 συναγαγὼν
480 348 595 382 πάντας
604 349 674 382 τοὺς
685 349 831 384 ἀρχιερεῖς
843 349 893 376 καὶ
906 357 997 384 γραμτ

241 382 346 419 μαζεῖς
358 382 413 419 τοῦ
431 384 523 419 λαοῦ,
540 382 810 419 ἐπυνθάνετόξπὶιγοι
820 382 999 417 αὐτῶ-,ποῦ

243 419 259 443 ό
287 418 417 451 Χριστὸς
436 418 586 452 γεννᾶται.
604 420 636 445 Ol
658 419 693 446 δὲ
716 417 804 447 εἶποᾶ
818 419 898 452 αὑτῴ
911 428 918 435 ·
948 419 1000 445 Ἐν

242 452 382 487 Βηθλεὲμ
401 453 457 487 τῆς
478 453 628 487 Ἰουδαίας.

243 534 278 557 a'.
296 529 375 562 Εἶδες
393 531 502 557 ἅπαντα
514 531 553 562 εἰς
570 530 678 566 ἔλεγχον
692 531 820 566 γινόμενα
840 531 999 565 Ἰουδαῖκόν;

224 577 282 608 Εως
301 577 351 612 μὲν
367 577 422 612 γὰρ
437 576 518 603 αὑτὸν
539 576 588 603 οὐκ
613 576 764 611 ἐθεώρουν,
790 577 850 604 οὐδὲ
876 577 928 604 ὑπὸ
952 578 1002 613 τῆς

211 622 364 657 βασκανίας
391 622 535 657 ἡλίσκοντο
550 641 558 654 ,
590 623 658 657 μετά
687 623 815 657 ἀληθείας
839 623 889 655 τὰς
931 632 1001 659 μαρ-

209 668 306 703 τυρίας
336 667 510 702 διηγόρευον·
538 667 630 702 ἐπειδὴ
652 667 680 693 δὲ
706 665 776 695 εἶδον
799 668 849 704 τὴν
872 669 927 695 ἀπὸ
948 668 1002 695 τῶν

211 713 360 748 θαυμάτων
391 711 570 748 ὲγγινομένην
584 711 607 727 ⁸⁸
621 711 699 743 δόξαν
712 731 720 744 ,
750 712 802 738 ὑπὸ
827 711 875 739 τοῦ
905 712 1002 746 φθόνου

211 759 429 794 κατασχεθέντες
459 758 551 784 λοιπὸν
591 757 752 793 προῦδωκαν
780 757 828 793 τὴν
864 757 1001 792 ἀλήθειαν.

218 804 288 830 Ἀλλ’
320 805 338 839 ἡ
374 804 490 839 ἀλήθεια
525 803 568 830 διὰ
601 803 710 830 πάντων
745 803 843 839 ᾔρετο,
877 803 924 830 καὶ
952 803 1004 830 ὑπὸ

213 850 266 877 τῶν
291 849 398 885 ἐχθρῶν
416 850 546 885 μειζόνως
569 850 764 885 συνεκροτεῖτο.
783 849 855 884 Ὅρα
873 849 938 883 γοῦν
957 849 1004 876 καὶ

214 894 332 922 ἐνταῦθα
354 894 413 926 πῶς
431 894 576 930 θαυμαστὰ
600 895 645 920 καὶ
662 894 800 929 παράδοξα
824 895 1004 929 οἰκονομεῖται

215 939 378 974 πράγματα.
395 938 478 974 Ὁμοῦ
499 947 529 965 τε
549 938 604 974 γὰρ
621 938 668 965 καὶ
684 939 847 974 μανθάνουσί
872 947 899 965 τι
923 939 1004 966 πλέον

216 985 280 1020 παρ’
299 984 434 1019 ἀλλήλων,
444 984 491 1010 καὶ
511 984 681 1011 διδάσκουσιν
696 984 836 1020 ἀλλήλους,
846 984 873 1011 ol'
890 993 920 1011 τε
937 985 1005 1020 βάρ-

217 1031 296 1066 ϐαροι
319 1030 366 1057 καὶ
389 1031 414 1057 οἱ
440 1030 570 1057 Ἰουδαῖοι.
589 1031 621 1057 Οί
646 1030 696 1066 μὲν
716 1032 770 1066 γὰρ
791 1031 910 1058 Ἰουδαῖοι
929 1031 1006 1067 παρὰ

219 1076 293 1114 [105]
308 1076 362 1103 τῶν
382 1077 476 1112 μάγων
497 1076 606 1112 ἤκουον,
620 1076 661 1103 ὃτι
686 1077 733 1103 καὶ
749 1076 837 1112 ἀστὴρ
859 1076 940 1103 αὐτὸν
961 1077 1006 1103 ἐπὶ

218 1123 267 1158 τῆς
279 1123 392 1159 Περσῶν
410 1121 526 1158 ἐκήρυξε
541 1122 632 1158 χώρας
644 1131 651 1138 ·
667 1123 692 1149 οἱ
708 1122 736 1149 δὲ
758 1122 841 1157 μάγοι
862 1122 938 1158 παρὰ
950 1122 1005 1148 τῶν

225 1169 360 1196 Ἰουδαίων
372 1170 535 1204 ἐμάνθανον,
554 1169 595 1194 ὃτι
608 1167 713 1200 τοῦτον,
731 1168 759 1194 δν
772 1169 786 1195 ὁ
799 1169 885 1204 ἀστὴρ
905 1169 1006 1204 ἐκήρυ-

219 1215 248 1248 ξε
260 1215 293 1246 ³⁷,
309 1215 356 1242 καὶ
379 1214 518 1250 προφῆται
536 1213 588 1249 πρὸ
606 1213 711 1240 πολλῶν
727 1212 830 1240 ἄνωθεν
849 1213 1007 1248 διηγόρευον

219 1262 323 1297 χρόνων
333 1269 339 1275 ·
355 1262 402 1288 καὶ
417 1262 467 1295 τῆς
484 1260 672 1296 ἐρωτήσεως-ὴ
689 1258 817 1290 ὑπόθεσις
835 1258 1007 1291 διδασκαλίας

221 1307 389 1343 σαφεστέρας
407 1315 438 1333 τε
455 1307 503 1333 καὶ
519 1305 718 1341 ἀκριϐεστέρας
740 1305 880 1341 ἑκατέροις
893 1305 916 1321 ⁸⁸
937 1305 1007 1332 ἁπό-

220 1353 303 1386 δειξις
318 1353 431 1386 γέγονε·
449 1352 496 1378 καὶ
510 1352 535 1378 οί
557 1351 607 1386 τῆς
625 1350 754 1385 ἀληθείας
770 1350 863 1386 ὲχθροὶ
882 1350 916 1377 τὰ
937 1350 1007 1385 ὑπὲρ

221 1398 268 1434 τῆς
277 1397 404 1433 ἀληθείας
416 1397 463 1423 καὶ
473 1397 584 1427 ἄκοντες
597 1395 797 1430 ἀναγκάζονται
811 1394 1008 1430 ἀναγινώσκειν

222 1444 382 1480 γράμματα,
398 1443 445 1470 καὶ
464 1443 513 1477 τὴν
537 1441 704 1478 προφητείαν
726 1441 902 1477 ἑρμηνεύειν,
919 1441 944 1467 εἰ
961 1441 1009 1468 καὶ

221 1496 258 1530 μὴ
277 1497 377 1523 πᾶσαν.
401 1497 529 1528 Εἰπόντες
545 1496 599 1532 γὰρ
620 1496 669 1532 τὴν
692 1496 826 1532 Βηθλεὲμ,
843 1497 890 1523 καὶ
910 1494 950 1523 ὅτι
973 1496 1004 1529 ἐξ

219 1541 301 1576 αὐτῆς
317 1541 488 1574 ἐξελεύσεται
502 1543 517 1569 ὁ
535 1542 688 1577 ποιμαίνων
708 1543 753 1568 τὸν
772 1543 896 1578 Ἰσραήλ,
910 1542 1004 1570 λοιπὸν

219 1586 309 1613 οὐκέτι
323 1588 497 1623 προσέθηκαν
510 1589 541 1615 τὸ
560 1589 633 1624 ἑξῆς,
650 1588 842 1620 κολακεύοντες
859 1589 904 1616 τὸν
927 1589 1004 1624 βασι-

221 1631 277 1659 λέα.
292 1633 324 1659 Τί
335 1633 364 1659 δὲ
379 1634 459 1660 τοῦτο
470 1632 521 1669 ἧνς
537 1634 598 1660 ’Ότι
613 1635 648 1661 Al
663 1634 762 1666 ἔξοδοι
775 1635 867 1662 αὑτοῦ
885 1635 934 1662 ἀπ’
950 1635 1003 1670 ἀρ-

222 1677 277 1712 χῆς
299 1679 333 1712 ἐξ
357 1679 475 1714 ἡμερῶν
488 1679 605 1714 αἰῶνος.
629 1681 684 1707 Kal
699 1681 770 1712 τίνος
792 1681 894 1712 ἕνεκεν,
910 1681 1003 1716 φησὶν,

222 1726 245 1752 εἰ
259 1726 361 1753 ἐκεῖθεν
375 1726 471 1761 ἔμελλε
487 1726 685 1762 παραγίνεσθαι
699 1726 732 1758 ⁸⁹,
750 1728 778 1753 ὲν
793 1726 920 1762 Ναζαρὲτ
937 1727 1005 1762 μετά

222 1771 265 1798 τὸν
286 1772 364 1798 τόκον
383 1772 472 1807 διῆγε,
497 1772 544 1799 καὶ
567 1772 727 1804 συνεσκίαζε
749 1773 799 1808 τὴν
819 1772 1003 1808 προφητείαν;

223 1817 275 1844 Kal
289 1817 340 1852 μὴν
351 1818 382 1844 οὑ
395 1818 581 1850 συνεσκίασεν,
594 1818 662 1844 ἀλλὰ
672 1818 719 1844 καὶ
732 1818 832 1853 μᾶλλον
845 1818 1003 1852 ἑξεκάλυψε,

222 1863 258 1890 Τὸ
269 1863 333 1898 γὰρ,
342 1863 401 1890 ὲκεῑ
409 1863 460 1898 τῆς
474 1864 575 1899 μητρὸς
587 1864 713 1899 οικοὺσης
725 1863 878 1895 διαπαντὸς,
889 1863 1006 1890 ἐνταῦθα

222 1908 378 1944 γεννηθῆναι
397 1908 531 1935 δείκνυσιν
551 1909 581 1941 ἐξ
595 1909 750 1944 οἰκονομίας
760 1909 793 1935 τὸ
807 1910 923 1945 πρᾶγμα
934 1907 1007 1943 γινό-

223 1962 309 1988 μενον.
319 1955 369 1981 Διά
381 1963 423 1981 τοι
434 1955 513 1982 τοῦτο
522 1956 581 1982 οὐδὲ
591 1955 691 1987 εὐθέως
699 1955 805 1991 τεχθεὶς
812 1955 923 1990 ἐξῆλθεν
934 1955 1006 1982 ἐκεῖ·

222 1999 266 2026 θεν
271 2001 305 2031 ὀ,
314 2001 371 2027 ἀλλ’
380 2001 508 2036 ἐποίησεν
515 2002 531 2036 ή
535 2001 568 2036 μέ
571 2010 620 2037 ρας
631 2001 841 2037 τεσσαράκοντα,
849 2002 904 2033 τοῖς
913 2001 1006 2037 βουλο-

223 2045 308 2080 μένοις
315 2047 543 2082 περιεργάζεσθαι
551 2047 637 2079 διδοὺς
646 2047 715 2082 μετὰ
722 2047 863 2082 ἀκριϐείας
870 2047 1006 2080 ἐξετάζειν

221 2092 336 2118 ἅπαντα.
354 2093 410 2119 Kal
432 2092 487 2128 γὰρ
503 2093 589 2119 πολλὰ
610 2091 644 2128 ἦν
665 2093 699 2120 τὰ
713 2093 840 2120 κινοῦντα
862 2093 930 2128 πρὸς
951 2092 1004 2128 τὴν

221 2137 345 2172 τοιαύτην
369 2138 494 2174 ζήτησιν,
515 2139 541 2165 εἴ
559 2147 590 2174 γε
614 2139 758 2175 προσέχειν
783 2139 932 2166 ἐϐούλοντο.
950 2139 1006 2165 Καὶ

222 2183 273 2219 γὰρ
288 2183 421 2211 ἐλθόντων
433 2184 488 2211 τῶν
500 2183 602 2220 μάγων,
618 2183 792 2220 ἁνεπτερώθη
804 2185 877 2211 πᾶσα
890 2185 906 2220 ή
918 2184 1004 2218 πόλις,

223 2229 267 2255 καὶ
287 2229 356 2264 μετὰ
370 2230 422 2264 τῆς
445 2229 548 2262 πόλεως
564 2231 579 2256 ὁ
601 2230 743 2265 βασιλεὺς,
761 2230 808 2257 καὶ
827 2230 841 2256 ὁ
863 2230 1005 2266 προφήτης

223 2274 259 2305 είς
276 2273 357 2308 μέσον
375 2274 525 2310 παρήγετο,
547 2274 594 2301 καὶ
608 2274 781 2310 δικαστήριον
800 2274 926 2309 μέγιστον
943 2283 1009 2301 συν-⁹

222 2320 365 2355 εκροτεῖτο,
378 2321 426 2347 καὶ
439 2320 522 2355 ἕτερα
533 2320 562 2347 δὲ
575 2320 686 2347 πλείονα
698 2320 808 2354 γέγονεν
820 2320 924 2352 αὐτόθι,
934 2321 1006 2355 άπερ

221 2365 236 2392 ό
248 2366 354 2397 Λουκᾶς
371 2365 442 2401 μετὰ
454 2365 596 2401 ἀκριϐείας
614 2366 747 2401 διηγεῖται
762 2365 884 2393 ἅπαντα·
900 2363 955 2393 οἷον
970 2365 1006 2393 τὰ

221 2412 289 2438 κατὰ
301 2412 350 2447 τὴν
362 2413 472 2443 Ἄνναν,
483 2412 530 2439 καὶ
543 2413 589 2439 τὸν
604 2411 727 2447 Συμεὼν,
742 2412 790 2438 καὶ
802 2412 847 2439 τὸν
857 2412 1004 2448 Ζαχαρίαν,

221 2457 267 2483 καὶ
284 2458 347 2488 τοὺς
360 2457 504 2491 ἀγγέλους,
518 2458 565 2484 καὶ
578 2458 640 2489 τοὺς
655 2457 795 2492 ποιμένας,
813 2457 884 2493 άπερ
896 2457 1006 2484 ἅπαντα

222 2504 275 2534 τοῖς
301 2503 482 2538 προσέχουσιν
505 2503 585 2530 ίκανά
604 2501 636 2539 ῆν
660 2504 811 2539 παρασχεῖν
829 2503 956 2538 ἀφορμὰς
975 2503 1006 2530 τὸ

223 2547 296 2583 [106]
320 2548 503 2583 γεγενημένον
527 2549 624 2585 εὑρεῖν.
658 2549 689 2576 El
711 2549 766 2585 γὰρ
792 2549 846 2576 άπὸ
876 2549 1006 2585 Περσίδος

223 2592 343 2625 ἐλθόντες
361 2593 386 2620 οι
412 2593 493 2628 μάγοι
513 2595 562 2621 οὐκ
581 2595 718 2630 ἠγνόησαν
740 2595 785 2622 τὸν
800 2595 899 2629 τόπον,
916 2594 1006 2630 πολλῷ

225 2641 320 2675 μᾶλλον
333 2644 357 2669 οἱ
373 2644 434 2669 ἐκεῖ
447 2644 628 2679 διατρίϐοντες
642 2646 728 2674 ταῦτα
748 2647 843 2683 μαθεῖν
862 2648 1002 2683 ἠδύναντο.

225 2687 325 2720 Ἐδειξε
339 2688 390 2724 μὲν
406 2687 454 2716 οὖν
467 2690 497 2723 ἐξ
511 2691 597 2726 ἀρχῆς
612 2692 707 2720 ἑαυτὸν
722 2693 766 2721 διὰ
778 2694 883 2722 πολλῶν
897 2695 1004 2730 θαυμά-

222 2740 287 2759 των¹
304 2734 398 2770 ἐπειδὴ
412 2735 441 2762 δὲ
459 2735 510 2763 οὐκ
523 2736 659 2773 ἠθέλησαν
675 2738 750 2772 ἰδεῖν,
770 2739 876 2775 κρύψας
893 2740 937 2768 τὸν
954 2749 1003 2776 p.2-

1053 351 1120 384 ταξὺ
1145 352 1237 388 χρόνον
1267 353 1380 382 ἑαυτὸν,
1401 353 1482 380 πάλιν
1504 354 1534 386 ἐξ
1560 355 1656 388 ἐτέρας
1680 355 1839 391 ἅπεκάλυψε

1054 397 1245 433 λαμπροτέρας
1257 399 1353 433 ἀρχῆς.
1367 399 1434 426 οὺδὲ
1449 399 1504 435 γὰρ
1519 401 1545 426 οί
1564 400 1646 435 μάγοι
1661 400 1764 433 λοιπὸν,
1779 402 1839 428 οὐδὲ

1053 443 1068 469 ό
1078 443 1176 478 ἀστὴρ,
1187 443 1245 469 ἀλλ’
1260 444 1274 469 ό
1292 444 1387 479 Πατὴρ
1405 445 1508 471 ἄνωθεν
1523 446 1671 481 ἐκήρυττεν
1682 446 1703 461 ⁹¹
1721 447 1766 472 ἐπὶ
1784 447 1839 473 τῶν

1061 489 1229 524 Ἰορδανείων
1246 489 1360 525 ῥείθρων
1371 498 1379 505 ·
1394 490 1441 516 καὶ
1453 491 1483 517 τὸ
1494 490 1607 526 Πνεῦμα
1623 491 1651 517 δὲ
1662 492 1685 507 ⁹¹
1698 492 1839 526 ἐπεφοίτα,

1053 534 1104 569 τὴν
1119 534 1209 570 φωνὴν
1222 535 1329 569 ἐκείνην
1341 535 1419 562 ἕλκον
1433 536 1478 562 ἐπὶ
1488 536 1536 571 τὴν
1547 537 1666 571 κεφαλὴν
1682 536 1729 564 τοῦ
1741 537 1841 572 βαπτι-

1055 580 1168 615 ζομένου
1180 589 1187 596 ·
1203 581 1250 608 καὶ
1266 581 1392 616 Ἰωάννης
1405 582 1473 617 μετὰ
1488 583 1643 618 παρρησίας
1652 583 1760 619 ἁπάσης
1772 592 1841 611 παν-

1054 626 1137 662 ταχοῦ
1157 627 1207 662 τῆς
1224 627 1353 659 Ἰουδαίας
1367 627 1442 659 ἐϐόα,
1459 627 1508 663 τὴν
1525 629 1696 663 οίκουμένην,
1714 629 1762 665 τὴν
1783 629 1842 656 ἀοί-

1055 680 1137 707 κητον
1155 673 1204 708 τῆς
1220 673 1346 707 τοιαύτης
1361 673 1533 705 διδασκαλίας
1547 674 1669 709 πληρῶν·
1691 675 1738 701 καὶ
1754 676 1770 707 ἡ
1787 675 1841 701 τῶν

1055 717 1201 752 θαυμάτων
1214 718 1243 744 δὲ
1261 718 1407 753 μαρτυρία,
1425 719 1472 745 καὶ
1487 719 1533 754 γῆ,
1549 720 1597 745 καὶ
1616 719 1746 751 θάλαττα,
1761 721 1808 747 καὶ
1823 720 1840 755 ή

1055 763 1143 796 κτίσις
1162 763 1256 791 ἅπασα
1276 764 1405 800 λαμπρὰν
1428 765 1497 799 ὑπὲρ
1523 765 1606 792 αὐτοῦ
1633 767 1709 801 ἠφίει
1736 767 1839 802 φωνήν.

1056 809 1135 845 Παρὰ
1158 810 1187 836 δὲ
1208 809 1253 836 τὸν
1271 810 1365 845 καιρὸν
1389 810 1442 837 τῶν
1462 810 1564 837 ὠδίνων
1583 812 1702 839 τοσαῦτα
1718 812 1839 845 ἐγίνετο,

1056 854 1105 880 ὅσα
1117 854 1191 886 εἰκὸς
1205 854 1297 891 ἠρέμα
1314 855 1399 888 δεῖξαι
1412 854 1458 881 τὸν
1479 856 1696 890 παραγεγονότα.
1709 856 1768 883 Ἵνα
1785 857 1841 892 γὰρ

1058 900 1095 935 μὴ
1106 899 1220 934 λέγωσιν
1230 901 1254 927 οἱ
1271 901 1391 928 Ἰουδαῖοι
1399 901 1434 933 9³,
1443 902 1485 928 ὅτι
1497 903 1548 928 οὺκ
1561 902 1641 938 ῐσμεν
1651 903 1716 929 πότε
1731 902 1840 938 ἐτέχθη.

1056 945 1115 972 οὐδὲ
1127 946 1156 972 ἐν
1172 947 1241 982 ποίῳ
1252 947 1356 982 χωρίῳ,
1372 947 1407 973 τά
1422 956 1451 974 τε
1468 948 1538 974 κατὰ
1555 949 1617 980 τοὺς
1634 949 1737 983 μάγους
1753 949 1842 976 πάντα

1056 992 1228 1028 ᾠκονομήθη,
1250 994 1297 1020 καὶ
1311 993 1345 1020 τὰ
1359 993 1426 1020 ἄλλα
1441 994 1512 1029 ειπερ
1528 995 1695 1031 εἰρήκαμεν·
1712 995 1782 1022 ὥστε
1793 995 1841 1022 οὐ-

1056 1038 1151 1073 δεμίαν
1173 1039 1262 1066 αἰτίαν
1288 1039 1321 1066 ἂν
1344 1039 1430 1075 ἔχοιεν
1445 1041 1548 1074 εἰπεῖν,
1573 1041 1610 1077 μὴ
1631 1041 1796 1077 ζητήσαντες
1810 1042 1842 1068 τὸ

1056 1085 1247 1120 γεγενημένον.

1094 1133 1125 1168 β’.
1135 1133 1235 1159 Σκόπει
1246 1133 1273 1159 δὲ
1285 1133 1330 1160 καὶ
1341 1133 1389 1168 τῆς
1399 1134 1566 1169 προφητείας
1579 1133 1629 1168 τὴν
1640 1133 1791 1169 ἀκρίϐειαν.
1803 1133 1842 1160 Οὐ

1057 1177 1112 1213 γὰρ
1127 1175 1213 1209 εἶπεν,
1231 1177 1272 1203 ὅτι
1287 1178 1316 1203 ἐν
1333 1177 1456 1213 Βηθλεὲμ
1473 1179 1557 1213 μενεῖ,
1575 1178 1644 1210 ἀλλ’,
1659 1177 1841 1211 ἐξελεύσεται.

1059 1224 1139 1250 Ὥστε
1158 1224 1205 1249 καὶ
1217 1223 1294 1250 τοῦτο
1313 1223 1482 1261 προφητείας
1493 1221 1537 1258 ἦν,
1555 1224 1586 1249 τὸ
1604 1223 1766 1258 γεννηθῆναι
1785 1223 1844 1250 ἐκεῖ

1060 1269 1148 1304 μόνον.
1163 1269 1240 1300 Τινὲς
1252 1269 1280 1295 δὲ
1293 1268 1383 1295 αὐτῶν
1395 1269 1635 1304 ἁναισχυντοῦντές
1648 1269 1673 1285 ⁷⁸
1687 1277 1763 1304 φασι,
1778 1268 1843 1304 περὶ

1058 1315 1104 1342 τοῦ
1122 1315 1273 1350 Ζοροϐάϐελ
1287 1315 1373 1342 ταῦτα
1395 1315 1536 1350 είρῆσθαι·
1558 1315 1605 1342 καὶ
1623 1315 1681 1346 πῶς
1700 1315 1733 1342 ἂν
1756 1314 1844 1350 ἔχοιεν

1059 1361 1154 1396 λόγον;
1168 1361 1204 1387 Οὐ
1217 1361 1270 1396 γὰρ
1290 1361 1333 1396 δὴ,
1352 1362 1380 1387 al
1398 1361 1497 1393 ἔξοδοι
1516 1361 1610 1388 αὑτοῦ
1628 1361 1678 1388 ἀπ’
1693 1360 1790 1394 ἀρχῆς
1808 1359 1844 1391 ἐξ

1058 1406 1175 1441 ἡμερῶν
1190 1406 1307 1440 αἰῶνος.
1322 1406 1384 1438 Πῶς
1397 1407 1425 1433 δὲ
1437 1407 1466 1433 τὸ
1486 1408 1514 1433 ἐν
1529 1407 1598 1442 ἀρχῇ
1612 1406 1716 1442 λεχθὲν,
1731 1407 1772 1433 ὅτι
1792 1407 1843 1432 ‘En

1058 1452 1117 1480 σοῦ
1130 1452 1330 1485 ἐξελεύσεται,
1348 1452 1492 1488 ἁρμόσειεν
1509 1452 1542 1479 ἂν
1564 1452 1673 1487 ὲκείνῳ;
1689 1453 1726 1478 Οὐ
1741 1451 1795 1487 γὰρ
1813 1452 1844 1477 ἐν

1058 1499 1092 1534 τῇ
1110 1498 1233 1534 Ἰουδαίᾳ,
1257 1498 1313 1524 ἀλλ’
1329 1498 1358 1525 ἐν
1374 1499 1406 1534 τῇ
1430 1498 1570 1525 Βαϐυλῶνι
1589 1498 1703 1533 ἐτέχθη·
1718 1497 1779 1524 ὅθεν
1797 1497 1845 1523 καὶ

1060 1545 1210 1580 Ζοροϐάϐελ
1221 1544 1296 1581 [105]
1316 1545 1430 1580 ἐκλήθη,
1444 1545 1489 1571 διὰ
1501 1545 1531 1571 τὺ
1545 1545 1602 1571 ἐκεῖ
1621 1544 1769 1579 σπαρῆναι.
1789 1543 1845 1570 Kal
1888 1575 1892 1579 _

1059 1591 1116 1617 ὅσοι
1133 1590 1182 1626 τὴν
1197 1591 1290 1627 Σύρων
1308 1591 1381 1616 ἴσασι
1401 1590 1536 1624 γλῶτταν,
1554 1590 1627 1616 ίσασι
1644 1589 1674 1616 τὸ
1688 1589 1845 1624 λεγόμενον.

1060 1635 1138 1663 Μετὰ
1157 1635 1186 1662 δὲ
1206 1635 1261 1662 τῶν
1280 1635 1441 1671 εἰρημένων,
1457 1636 1504 1662 καὶ
1519 1636 1534 1662 ό
1550 1635 1618 1671 μετὰ
1637 1633 1727 1661 ’ταῦτα
1751 1635 1846 1669 χρόνος

1060 1685 1133 1716 ἅπας
1147 1683 1238 1714 ἱκανὸς
1256 1683 1389 1718 συστῆσαι
1402 1683 1450 1718 τὴν
1468 1681 1628 1717 μαρτυρίαν.
1638 1680 1672 1707 Τί
1682 1680 1736 1716 γάρ
1748 1687 1845 1715 φησιν;

1061 1728 1202 1763 Οὐδαμῶς
1217 1728 1362 1762 ἐλαχίστη
1381 1726 1409 1754 εἴ
1429 1728 1464 1754 ἐν
1484 1727 1546 1760 τοῖς
1569 1727 1715 1761 ἡγεμόσιν
1732 1725 1845 1753 Ἰούδα·

1060 1774 1108 1800 καὶ
1124 1774 1174 1809 τὴν
1195 1773 1282 1800 αἰτίαν
1298 1773 1461 1808 προστίθησι
1479 1772 1528 1807 τῆς
1546 1770 1733 1806 περιφανείας.
1749 1770 1845 1804 λέγων.

1059 1820 1112 1850 ὅτι,
1130 1819 1164 1845 ἐκ
1179 1819 1237 1845 σοῦ
1249 1818 1450 1850 ἐξελεύσεται.
1461 1817 1556 1849 Οὐδεὶς
1570 1817 1597 1844 δὲ
1611 1817 1704 1852 ἕτερος
1719 1817 1847 1852 λαμπρὸν

1060 1865 1107 1892 καὶ
1118 1864 1264 1900 περιφανὲς
1279 1865 1365 1890 ἐκεῖνο
1376 1864 1406 1890 τὸ
1419 1863 1519 1898 χωρίον
1539 1863 1676 1898 ἐποίησεν,
1689 1862 1746 1889 ἀλλ’
1765 1862 1782 1898 ἢ
1803 1863 1848 1897 μό-

1060 1919 1105 1943 νος
1132 1910 1222 1941 αὐτός.
1243 1909 1320 1936 Μετὰ
1335 1908 1400 1942 γοῦν
1419 1908 1463 1934 τὸν
1487 1908 1566 1934 τόκον
1583 1909 1696 1939 ἐκεῖνον,
1715 1907 1768 1934 ἀπὸ
1792 1907 1847 1933 τῶν

1061 1955 1188 1991 περάτων
1213 1955 1263 1990 τῆς
1288 1954 1450 1990 οἰκουμένης
1484 1953 1609 1990 ἔρχονται
1637 1953 1764 1988 ὀψόμενοι
1798 1953 1848 1988 τὴν

1062 2002 1163 2037 φάτνην
1179 2001 1226 2028 καὶ
1240 2000 1291 2036 τῆς
1305 2000 1425 2036 καλύϐης
1440 1999 1484 2026 τὸν
1504 2000 1586 2025 τόπον
1597 2007 1603 2014 ·
1622 2000 1691 2034 ὅπερ
1709 1998 1810 2026 ἄνωθεν
1833 1998 1849 2024 ὁ

1062 2048 1205 2083 προφήτης
1230 2046 1456 2082 προανεφώνησε,
1476 2045 1581 2079 λέγων·
1608 2044 1748 2079 Οὐδαμῶς
1777 2043 1847 2071 ἐλα-

1062 2094 1151 2129 χίστη
1170 2091 1199 2120 εἷ
1219 2093 1254 2119 ἐν
1267 2092 1326 2124 τοῖς
1349 2092 1495 2127 ἡγεμόσιν
1521 2090 1633 2118 ἰούδαο
1655 2090 1803 2120 τουτέστιν,
1818 2090 1848 2117 ὲν

1061 2141 1117 2171 τοῖς
1129 2139 1286 2175 φυλάρχοις.
1305 2137 1390 2164 Τοῦτο
1401 2137 1430 2163 δὲ
1447 2137 1530 2164 εἰπὼν
1543 2137 1590 2163 καὶ
1606 2137 1655 2171 τὴν
1670 2134 1848 2170 Ἰερουσαλὴμ.

1063 2185 1234 2221 περιέλαϐεν.
1261 2183 1330 2210 Ἀλλ’
1345 2183 1406 2210 οὐδὲ
1427 2182 1499 2209 οὕτω
1518 2177 1672 2218 προσεῖχον,
1688 2181 1777 2207 καίτοι
1796 2180 1846 2215 τῆς

1062 2231 1193 2266 ὡφελείας
1204 2231 1244 2261 εἰς
1254 2230 1353 2260 αὐτοὺς
1365 2228 1564 2261 διαϐαινούσης.
1581 2228 1636 2254 Kal
1647 2227 1702 2262 γὰρ
1712 2225 1756 2252 διὰ
1768 2225 1849 2251 τοῦτο

1062 2277 1180 2312 οὐδαμοῦ
1199 2276 1264 2312 περὶ
1285 2276 1335 2311 τῆς
1359 2275 1435 2307 ἀξίας
1454 2273 1535 2301 αὑτοῦ
1553 2273 1719 2306 διαλέγονται
1734 2272 1758 2298 οἱ
1778 2279 1846 2307 προ-

1063 2325 1146 2359 φῆται
1166 2323 1195 2349 ὲν
1210 2323 1281 2358 ἀρχῇ
1296 2321 1434 2352 τοσοῦτον,
1454 2321 1516 2347 ὅσον
1537 2319 1600 2354 περὶ
1617 2318 1668 2354 τῆς
1688 2317 1847 2352 εὐεργεσίας

1054 2369 1112 2404 ,τῆς
1126 2367 1286 2404 παρ’ταύτοῦ
1299 2366 1448 2402 γενομένης
1462 2366 1502 2397 εἰς
1516 2364 1621 2396 αὐτούς.
1631 2364 1686 2391 Kal
1701 2363 1755 2398 γὰρ
1765 2363 1847 2398 ἡνίκα

1062 2414 1167 2441 ἔτικτεν
1181 2414 1197 2450 ἡ
1209 2412 1354 2449 παρθένος⁴
1369 2411 1526 2444 Καλέσεις,
1539 2410 1616 2445 φησὶ,
1629 2410 1662 2436 τὸ
1682 2409 1775 2444 ὄνομα
1792 2409 1846 2435 αὺ-

1062 2460 1116 2488 τοῦ
1132 2459 1261 2493 Ἰησοῦν·
1274 2458 1321 2485 καὶ
1340 2458 1438 2491 ἐπάγει
1455 2456 1541 2490 λέγων
1551 2464 1557 2470 ·
1571 2454 1668 2487 Αὐτὸς
1681 2453 1738 2488 γὰρ
1756 2453 1847 2480 σώσει

1062 2506 1115 2534 τὸν
1125 2506 1203 2533 λαὸν
1219 2504 1312 2532 αὑτοῦ
1328 2503 1387 2531 ἀπὸ
1401 2502 1460 2529 τῶν
1469 2500 1618 2537 ἁμαρτιῶν
1629 2500 1738 2528 αὐτῶν.
1756 2499 1811 2526 Καὶ
1822 2499 1846 2525 οί

1065 2552 1146 2587 μάγοι
1156 2551 1183 2577 δὲ
1197 2551 1247 2578 οὐκ
1261 2550 1363 2584 ελεγον,
1376 2549 1427 2577 ποῦ
1438 2550 1511 2576 ἐστιν
1526 2550 1540 2576 ὁ
1555 2548 1618 2580 Υἱὸς
1634 2547 1682 2574 τοῦ
1699 2546 1777 2577 Θεοῦ,
1789 2545 1846 2572 ἀλλ’

1069 2597 1100 2624 '0
1114 2597 1229 2631 τεχθεὶς
1241 2595 1391 2629 ,βασιλεὺς
1409 2595 1468 2622 τῶν
1482 2593 1642 2622 Ἰουδαίων.
1663 2593 1718 2620 Kal
1733 2591 1847 2618 ἐνταῦθα

1063 2644 1144 2671 πάλιν
1159 2644 1207 2670 οὐκ
1223 2640 1309 2674 εἶπεν,
1326 2642 1366 2669 ὅτι
1385 2641 1417 2668 ἐκ
1433 2640 1479 2667 σοῦ
1501 2638 1671 2673 ἐξελεύσεται
1691 2639 1705 2664 ὁ
1719 2637 1783 2668 Υίὺς
1799 2635 1846 2662 τοῦ

1064 2690 1146 2718 Θεοῦ·
1170 2689 1227 2716 ἀλλ’
1243 2688 1427 2723 Ἠγούμενος,
1446 2686 1531 2719 ὅστις
1550 2684 1689 2720 ποιμανεῖ
1706 2683 1757 2710 τὸν
1771 2682 1848 2710 λαόν

1062 2745 1121 2772 μου
1136 2736 1189 2763 τὸν
1205 2733 1333 2769 Ἰσραήλ.
1351 2732 1425 2760 Ἔδει
1440 2732 1494 2767 γὰρ
1514 2731 1561 2757 καὶ
1576 2727 1848 2765 συγκαταϐατικιὶντε-

221 2872 239 2919 ’.
258 2876 493 2919 ³⁶.έπεῖιν<ξμέγιλν
511 2877 548 2919 0.;
559 2877 589 2904 ε·
606 2877 670 2919 ξτιῐ-
707 2878 730 2919 "_
747 2876 980 2919 δενεκτῖρυεξὲτέεξ·
1003 2875 1257 2919 η“ἱέλίατέρριςηοτη-
1318 2866 1840 2919 θῆτεῗῗὲσξρσξϊενὲσθαιέἷτι’Σέεῆιξ

226 2911 271 2951 ρεν
281 2897 734 2951 5456933165};émgml
747 2897 1001 2951 migrzggaagy

1059 2897 1257 2951 :ngp’rt'bi'"
1271 2897 1300 2925 ει·
1314 2897 1548 2944 iamiam;
1567 2906 1598 2932 E.
1621 2897 1625 2898 ί
1649 2905 1672 2921 οε
1692 2903 1719 2931 δὲ
1735 2897 1794 2935 om;
1808 2897 1840 2930 Ρ.

229 2947 251 2962 ’³
265 2948 290 2973 οἱ
307 2946 427 2974 Ἰουδαῖοι
436 2946 496 2974 ⁷ου».
509 2946 539 2975 F.
552 2948 599 2981 Ep.
614 2947 666 2975 An.
684 2949 760 2975 Arm.

798 2949 821 2963 ’⁸
834 2947 1060 2977 ἀναισθητοῦντες
1073 2946 1102 2974 F.
1120 2947 1167 2981 Ep.
