2056 3130
205 143 242 172 75
785 133 817 162 IN
837 130 1040 162 MATTIIA‘IUM
1056 130 1170 157 HOMIL.
1193 130 1246 158 VII.
1796 130 1831 159 76

197 194 308 219 salutent
325 191 445 226 ipsorum
460 190 635 226 spectabant,
657 194 685 217 ut
698 190 736 217 sic
751 190 854 217 facilius
869 190 986 216 attrahe-

197 242 300 265 rentur.
316 237 456 271 Quotquot
471 237 560 271 itaque
575 235 659 270 prima
673 234 844 270 proferuntur
854 255 861 265 .
877 242 989 270 quorum

195 287 301 317 tempus
315 287 403 310 ortum
418 283 476 316 ejus
487 287 599 316 spectat,
614 281 678 308 nihil
689 289 812 316 magnum
823 281 863 308 vel
877 279 989 306 sublimo

190 330 225 356 dc
239 330 287 356 illo
300 330 407 362 dicunt,
422 338 472 357 nec
486 330 596 365 perinde
617 334 697 364 atque
709 337 740 357 ea
754 337 811 364 quae
825 329 858 356 ad
871 329 946 364 signa
959 332 988 355 et

191 376 321 403 miracula
335 376 407 403 edita
421 381 545 410 spectant
557 385 564 403 :
577 376 620 402 illa
635 376 732 410 quippe
747 376 844 403 clarius
857 375 890 402 de
905 375 988 410 ipsius

193 421 324 456 dignitate
337 422 492 456 loquuntur.
501 421 578 455 Quod
590 422 679 456 itaque
693 426 752 456 post
766 421 846 448 multa
859 420 988 447 miracula

194 467 312 502 hymnos
327 468 353 494 in
367 467 441 494 illum
455 467 530 502 pueri
545 471 681 498 canerent,
699 466 759 493 audi
773 465 905 501 quomodo
917 465 989 493 dicat

191 513 323 547 propheta
334 520 341 538 :
352 512 393 539 Ea:
402 521 446 540 ore
457 512 594 547 infantium
604 517 626 539 et
637 512 782 539 lacteutium
792 512 918 547 perfeciin
931 512 988 538 lau-

194 559 254 585 dem
268 558 353 594 (Ρειιι.
370 559 397 587 8.
412 559 457 594 3);
474 566 505 586 ac
524 566 651 587 rursum:
665 559 791 592 Quoniam
811 559 898 586 videbo
913 559 989 586 cwlos

192 609 250 630 tuo:
262 612 339 639 opera
350 604 485 639 digitorum
495 609 594 630 tuorum
606 603 687 640 (Ibid.
697 611 721 630 υ.
734 603 772 639 4),
786 603 810 630 id
819 599 890 638 quod
902 604 988 638 ipsum

195 649 314 676 universi
330 649 483 676 Creatorem
496 648 623 676 declarat.
638 648 703 675 Illud
716 656 779 675 vero
794 649 987 682 testimonittm,

192 694 265 730 quod
281 698 414 729 peractam
426 695 635 729 assumptionem
644 694 761 729 respicit,
770 694 827 729 ejus
837 702 897 721 cum
910 694 989 722 Patre

200 740 382 775 aequalitatem
396 739 512 767 ostendit
527 739 568 766 his
580 739 668 767 verbis
681 749 687 767 :
699 740 769 766 Dixit
788 739 913 766 Dominus
934 739 990 767 Do-

195 786 265 812 mino
280 794 335 812 meo
348 806 356 818 ,
373 785 439 812 Sede
453 793 469 811 a
489 785 583 812 dextris
599 785 660 811 meis
675 783 760 821 (Psal.
777 784 838 812 109.
855 784 893 816 l).
907 784 990 813 Isaias

196 839 259 858 vero
271 832 317 863 ait,
329 831 379 864 Qui
391 831 518 866 consurgit
530 831 654 865 imperare
664 830 789 866 gentibus,
800 830 827 856 in
837 830 892 865 ipso
904 835 989 865 gentes

195 878 332 912 sperabunt
343 876 419 912 (Isai.
435 877 479 904 il.
499 876 553 912 l0).
569 876 623 904 Cur
635 881 724 904 autem
741 877 778 903 ait
792 876 947 904 Bethleltem
961 876 987 904 in

196 925 361 959 principibus
374 923 441 951 Juda
455 931 507 950 non
521 931 581 950 esse
596 923 732 950 minimam
744 923 755 949 ?
768 922 859 957 Neque
874 922 945 949 enim
960 922 989 950 in

196 970 334 998 Palaestina
359 974 473 1002 tantum,
496 970 543 996 sed
568 969 647 996 etiam
669 969 694 996 in
715 973 771 996 toto
792 968 857 995 orbe
878 968 989 996 illustris

196 1017 270 1043 vicus
283 1015 394 1043 effectus
407 1020 458 1043 est.
471 1015 524 1043 Sed
534 1015 567 1042 ad
578 1015 684 1042 Judaios
695 1022 765 1042 nunc
775 1022 863 1042 sermo
874 1019 987 1049 spectat,

197 1061 308 1096 ideoque
322 1060 469 1096 subiunxit,
481 1060 559 1095 Rege!
570 1059 692 1095 populum
705 1068 787 1086 meum
802 1059 903 1086 Israel:
916 1059 989 1094 atqui

198 1107 288 1134 orbem
305 1107 384 1134 etiam
400 1107 478 1133 rexit.
494 1106 544 1135 At.
561 1111 588 1133 ut
601 1106 674 1138 dixi,
689 1113 741 1132 non
758 1105 814 1132 vult
827 1105 988 1132 oll'cndiculo

197 1160 272 1186 esse,
295 1152 408 1187 ideoque
423 1152 456 1179 de
474 1151 597 1186 gentibus
613 1151 693 1178 verba
717 1158 769 1177 non
785 1150 857 1177 facit.
871 1150 904 1177 Et
919 1157 987 1185 quo-

197 1198 291 1230 modo,
314 1198 436 1232 inquies,
457 1206 509 1224 non
526 1198 595 1224 rexit
610 1197 734 1232 populum
750 1196 908 1224 Judaicum?
931 1197 987 1224 lmo

197 1244 259 1271 illud
273 1252 380 1279 quoque
394 1244 492 1271 factum
508 1248 568 1276 est;
592 1251 651 1270 cum
672 1243 742 1270 cnim
763 1242 886 1270 lsraclem
902 1242 985 1276 dicit,

196 1290 303 1317 Judmos
315 1290 360 1324 qui
376 1291 402 1316 in
418 1289 503 1324 ipsum
521 1288 692 1316 crediderunt
711 1288 870 1315 subindicat.
888 1288 921 1315 Et
936 1288 987 1316 hoc

196 1336 375 1371 interpretans
396 1335 493 1362 Paulus
514 1335 571 1361 ait:
590 1334 650 1361 Non
671 1335 739 1360 enim
761 1342 865 1368 omnes,
890 1335 932 1369 qui
955 1342 986 1361 ea:

197 1381 278 1408 Israel
289 1402 296 1414 ,
316 1386 375 1408 sunt
391 1380 531 1413 lsraelilw;
545 1380 588 1407 sed
602 1380 751 1415 quicumque
764 1387 808 1414 per
820 1379 895 1413 ﬁdem
908 1384 930 1406 et
943 1388 986 1406 re-

197 1427 386 1461 promissionem
397 1426 450 1453 nati
459 1425 611 1460 sunt(Rom.
623 1425 650 1453 9.
662 1424 701 1460 6).
710 1425 785 1458 Quod
796 1425 817 1451 si
829 1432 881 1452 non
893 1433 986 1453 omnes

197 1472 273 1504 rexit,
289 1472 314 1499 id
328 1476 483 1498 vocatorum
496 1470 597 1497 crimen
609 1474 635 1497 et
644 1469 721 1503 culpa
736 1475 787 1496 est.
800 1469 866 1496 Cum
880 1469 986 1498 debuis-

194 1521 253 1543 sent
264 1516 335 1543 enim
350 1517 410 1544 illos
419 1518 531 1544 adorare
540 1524 600 1544 cum
614 1517 707 1552 magis,
719 1521 746 1545 et
755 1517 810 1545 Deo
819 1517 930 1553 gloriam
940 1526 985 1546 re-

194 1560 273 1593 ferre,
286 1561 356 1596 quod
373 1566 476 1596 tempus
489 1562 639 1590 advenisset
654 1563 681 1590 in
692 1570 744 1597 quo
757 1563 846 1590 omnia
867 1564 985 1599 ipsorum

194 1612 302 1641 peccata
316 1607 484 1634 solverentur
504 1608 580 1644 (nihil
590 1608 660 1636 enim
673 1608 707 1636 de
717 1608 841 1636 tribunali
854 1614 881 1636 et
894 1609 927 1637 de
940 1617 980 1636 rc-

195 1651 314 1685 petendis
326 1652 413 1687 pcenis
427 1652 583 1685 audierant,
608 1653 656 1680 sed
679 1653 713 1681 de
731 1654 788 1680 miti
801 1660 828 1681 et
847 1659 986 1682 mansueto

194 1696 322 1731 pastore),
335 1697 373 1723 illi
388 1702 479 1724 contra
494 1697 633 1725 turbantur
647 1703 674 1726 et
688 1698 804 1731 turbant,
820 1703 847 1726 et
860 1699 983 1727 innume—

194 1748 238 1768 ras
259 1747 350 1776 postea
375 1747 480 1770 struunt
502 1742 619 1770 insidias.
644 1744 672 1771 7.
693 1743 766 1771 Tunc
785 1743 900 1772 Herodes
920 1745 985 1772 clam

194 1787 286 1814 vocatis
307 1788 404 1822 magis,
428 1788 560 1823 diligenter
580 1789 669 1816 didicit
686 1790 717 1816 ab
739 1790 774 1816 eis
796 1795 893 1825 tempus
907 1791 986 1818 stellte

194 1842 248 1868 qua:
261 1835 380 1869 apparuit
399 1836 435 1862 eis
447 1843 456 1862 :
468 1843 577 1870 puerum
600 1836 754 1863 interﬁcere
775 1837 903 1871 cupiens:
916 1837 986 1871 quod

194 1886 246 1906 non
260 1880 357 1907 furoris
369 1885 481 1912 tantum,
493 1881 539 1908 sed
548 1882 627 1909 etiam
636 1887 762 1909 extremm
772 1882 914 1910 dementia:
925 1881 984 1909 fuit.

195 1924 299 1952 Etenim
322 1933 354 1952 ea
377 1935 437 1961 qua:
455 1926 525 1954 dicta
546 1932 573 1954 et
586 1932 660 1961 gesta
676 1927 780 1955 fuerant
798 1935 812 1954 a
829 1928 874 1955 tali
889 1933 986 1955 conatu

195 1969 269 1997 illum
284 1971 421 1998 deterrere
438 1977 568 2006 poterant.
583 1972 673 2007 Neque
690 1973 760 2000 enim
781 1973 895 2001 humana
910 1978 986 2001 erant

193 2023 224 2043 ea
237 2024 296 2051 qua:
310 2017 474 2044 acciderant.
494 2017 560 2045 Nam
576 2018 646 2053 quod
661 2026 753 2053 magos
771 2019 848 2047 stella
869 2027 986 2054 superne

194 2067 324 2093 vocasset.
336 2063 461 2098 quodque
472 2063 576 2090 barbari
587 2069 684 2091 tantam
693 2065 986 2100 susciperentperegri-

194 2107 345 2140 nationem,
368 2112 398 2134 ut
417 2108 443 2134 in
466 2108 605 2136 cunabulis
626 2112 654 2136 et
675 2109 701 2136 in
723 2117 842 2144 przcsepe
853 2109 986 2145 jacentem

195 2152 348 2186 adorarent,
364 2153 434 2187 quod
449 2153 584 2188 prophetae
597 2154 651 2188 jam
665 2154 728 2181 olim
744 2154 802 2182 haec
815 2155 904 2182 omnia
918 2163 986 2190 pne-

193 2197 329 2229 dicerent,
349 2198 455 2232 aliaque
476 2199 564 2225 omnia
584 2198 686 2234 majora
710 2204 804 2233 erant,
827 2208 907 2235 quam
927 2209 986 2236 quas

196 2243 328 2270 hominem
341 2248 511 2278 spectarent:
523 2249 639 2272 attamen
652 2246 717 2273 nihil
731 2254 823 2274 eorum
838 2247 924 2282 ipsutn
937 2255 985 2275 co-

195 2289 289 2316 hibuit.

226 2405 253 2433 3.
274 2402 431 2438 llujusmodi
444 2408 560 2437 namque
573 2406 615 2429 est
627 2401 788 2436 malignitas,
804 2401 832 2428 in
847 2408 907 2428 sese
928 2401 986 2435 ipsa

194 2452 321 2486 impingit,
338 2454 364 2477 et
378 2457 422 2476 res
430 2456 488 2484 qua!
499 2449 587 2483 perﬁci
599 2453 733 2482 nequeunt
742 2455 848 2482 semper
861 2447 985 2483 aggredii

195 2503 245 2524 tur.
258 2496 397 2531 Perpende
405 2495 554 2522 stultitiam.
565 2494 592 2522 Si
606 2494 752 2529 prophetiae
759 2494 894 2527 credebat,
906 2494 986 2520 illam.

195 2552 245 2578 que
258 2544 395 2570 immotam
406 2542 566 2576 ﬁrmamque
579 2541 698 2576 putabat,
713 2541 798 2576 palam
812 2546 852 2568 est
866 2548 926 2568 eum
943 2540 987 2567 im-

196 2590 328 2625 possibilia
342 2593 468 2617 conatum
483 2595 564 2620 esse;
586 2587 657 2622 quod
671 2587 693 2614 si
714 2594 766 2614 non
781 2587 916 2619 credebat,
938 2594 987 2614 nec

197 2635 303 2670 putabat
323 2642 354 2662 ea
368 2642 429 2668 qua:
447 2632 613 2665 dicebantur,
639 2637 763 2659 eventura
786 2640 855 2665 esse,
871 2636 988 2660 metuere

197 2681 237 2708 vel
253 2681 345 2707 timere
362 2687 415 2706 non
430 2678 560 2713 oportuit,
575 2685 623 2705 nec
636 2685 666 2705 ea
681 2677 714 2704 de
732 2685 811 2704 causa
827 2685 909 2712 puero
924 2677 988 2703 insi-

198 2727 262 2753 diari
279 2734 286 2753 :
301 2734 333 2753 ex
350 2729 463 2759 utraque
477 2724 556 2759 igitur
571 2727 643 2758 parte
658 2722 808 2757 superﬂuus
825 2727 884 2750 erat
900 2722 989 2749 dolus.

197 2775 261 2803 lllnd
275 2784 381 2811 quoque
403 2781 530 2804 extrema:
541 2776 680 2805 dementia:
690 2782 755 2809 erat.
769 2778 839 2813 quod
854 2780 986 2813 putaverit

197 2830 285 2851 niueos
299 2824 385 2856 ipsum
397 2822 560 2851 antelaturos
574 2831 632 2851 esse
651 2832 743 2859 puero,
757 2833 803 2860 pro
817 2832 869 2860 quo
884 2829 984 2853 tantam

1047 193 1220 224 susceperant
1233 187 1483 223 peregrinationem.
1508 188 1573 216 Nam
1597 189 1618 216 si
1635 190 1676 217 vcl
1697 195 1838 226 antequam

1048 237 1121 263 illum
1137 236 1276 269 vidissent,
1290 235 1326 262 ita
1340 235 1469 262 ardebant
1483 235 1617 262 desiderio
1633 246 1638 262 :
1653 242 1790 272 postquam
1800 239 1839 265 vi-

1046 283 1139 310 derant
1154 286 1181 310 et
1191 290 1238 317 per
1248 281 1414 317 prophetiam
1423 282 1569 308 conﬁrmati
1582 282 1694 316 fuerant,
1704 284 1838 318 quomodo

1045 329 1171 364 sperabat
1180 336 1209 356 se
1221 328 1334 356 suadere
1344 328 1397 355 illis
1406 335 1498 363 posse,
1513 333 1541 355 ut
1555 336 1663 362 puerum
1676 329 1725 356 sibi
1740 331 1838 365 prode-

1046 376 1125 403 rent?
1135 376 1259 403 Attamen
1274 375 1344 410 quod
1361 379 1399 402 tot
1420 379 1546 409 tantaque
1560 379 1651 401 essent
1676 383 1735 410 qua:
1750 376 1836 411 ipsutn

1044 430 1060 449 ιι
1083 421 1219 456 proposito
1229 421 1402 454 abducerent,
1417 421 1442 448 id
1455 425 1565 448 conatus
1576 425 1626 453 est,
1641 425 1668 448 et
1680 422 1746 448 clam
1758 429 1837 449 voea-

1045 468 1078 494 tis
1090 467 1183 502 magis,
1198 466 1383 494 sciscitabatur
1394 466 1427 493 ab
1440 467 1479 493 eis
1493 475 1499 493 :
1515 466 1624 501 putabat
1642 467 1712 494 enim
1730 466 1837 494 Judzeos

1044 513 1077 540 de
1091 513 1164 548 pueri
1186 512 1271 539 salute
1286 512 1413 539 sollicitos
1426 519 1504 539 esse:
1522 520 1608 547 neque
1629 512 1755 539 credebat
1776 512 1836 540 illos

1043 559 1069 586 in
1079 563 1180 586 tantum
1190 558 1299 585 insaniae
1308 557 1458 589 devenisse,
1472 561 1500 584 ut
1515 557 1575 584 ideo
1584 557 1683 584 vellent
1696 562 1835 592 patronum

1042 609 1070 631 et
1082 603 1251 631 Servatorem
1261 624 1268 636 ,
1283 602 1328 638 qui
1342 602 1375 630 ad
1392 603 1540 630 libertatem
1554 602 1625 637 genti
1640 602 1834 636 procurandam

1042 655 1161 682 venerat,
1173 649 1287 676 inimicis
1299 649 1421 684 prodere.
1436 648 1498 676 Ideo
1508 648 1576 676 clam
1591 653 1677 681 vocat,
1691 653 1718 675 et
1731 653 1834 683 tempus

1042 697 1167 731 inquirit,
1183 703 1235 724 non
1247 696 1331 731 pueri,
1345 695 1392 723 sed
1405 695 1498 728 stellte,
1511 699 1634 723 venatum
1648 696 1722 722 illum
1737 703 1833 731 magna

1041 751 1100 770 cum
1121 742 1254 778 diligentia
1278 747 1396 777 captans.
1413 742 1479 769 Nam
1501 742 1605 769 videtur
1618 741 1682 769 mihi
1697 742 1774 769 stella
1786 742 1833 769 diu

1040 793 1102 816 ante
1115 788 1280 823 apparuisse.
1298 788 1365 822 Quia
1386 788 1457 815 enirn
1482 788 1594 815 multum
1611 788 1739 823 temporis
1752 788 1777 815 in
1790 788 1833 816 iti—

1041 843 1104 863 nere
1115 835 1273 870 insumpturi
1288 839 1364 862 erant
1376 835 1455 870 magi,
1483 839 1511 862 ut
1527 839 1588 862 nato
1606 835 1694 862 statim
1707 835 1832 863 adessent

1040 880 1196 916 (oportebat
1206 881 1305 916 quippe
1319 881 1345 908 in
1354 880 1493 908 cunabulis
1506 881 1591 916 ipsum
1605 880 1726 914 adorare,
1740 885 1768 908 ut
1782 882 1832 908 mi-

1039 927 1147 954 rabilior
1168 934 1212 954 res
1224 925 1400 963 appareret);
1424 927 1500 954 stella
1525 927 1635 953 multum
1662 931 1740 954 antea
1770 934 1831 955 sese

1038 972 1164 1000 ostendit.
1177 972 1242 1000 Nam
1257 973 1280 1000 si
1304 980 1337 1000 eo
1362 972 1420 1007 ipso
1436 977 1555 1007 tempore
1574 980 1627 1007 quo
1640 978 1718 1001 natus
1739 978 1780 1001 est
1802 974 1829 1001 in

1038 1019 1177 1046 Palestina
1191 1040 1198 1051 .
1213 1019 1290 1046 stella
1315 1019 1480 1054 apparuisset
1503 1019 1554 1046 illis
1577 1019 1603 1046 in
1627 1020 1740 1053 oriente,
1769 1026 1830 1056 post

1038 1066 1149 1093 multum
1164 1066 1326 1101 insumptum
1338 1066 1364 1093 in
1379 1066 1475 1094 itinere
1496 1071 1609 1101 tempus,
1630 1074 1684 1094 non
1700 1067 1829 1095 vidissent

1036 1120 1097 1140 eum
1116 1113 1141 1140 in
1154 1113 1302 1140 cunabulis.
1319 1113 1394 1146 Quod
1409 1118 1497 1140 autem
1512 1121 1528 1140 a
1542 1113 1641 1140 bimatu
1656 1118 1682 1140 et
1698 1113 1765 1141 inira
1780 1122 1827 1141 oc-

1035 1159 1139 1192 ciderit,
1155 1167 1188 1187 ne
1201 1159 1342 1193 miremur;
1357 1159 1430 1187 furor
1442 1160 1512 1186 enim
1522 1164 1548 1186 et
1558 1159 1637 1186 timor
1650 1159 1683 1186 ad
1699 1160 1828 1195 majorem

1035 1205 1204 1232 securitatem
1214 1206 1273 1239 plus
1283 1206 1410 1240 temporis
1423 1205 1529 1240 adjecit,
1547 1210 1574 1232 ut
1588 1205 1675 1232 nullus
1689 1206 1828 1240 effugeret.

1034 1253 1141 1281 Vocatis
1155 1254 1304 1288 igiturillis,
1318 1254 1355 1281 ait
1368 1261 1376 1281 :
1388 1254 1414 1281 8.
1428 1253 1523 1281 Euntes
1533 1254 1683 1287 interrogate
1694 1252 1825 1287 diligenter

1033 1299 1066 1326 de
1075 1307 1163 1334 puero,
1185 1305 1209 1326 et
1228 1307 1286 1326 cum
1298 1299 1440 1326 inveneritis
1458 1299 1600 1326 renuntiate
1612 1298 1683 1330 mihi,
1696 1303 1723 1324 ut
1738 1302 1761 1324 et
1779 1306 1824 1332 ego

1033 1346 1133 1372 veniens
1145 1345 1247 1372 adorem
1266 1353 1332 1372 eum.
1357 1345 1478 1372 Vidistin‘
1497 1343 1695 1379 insipientiam?
1711 1343 1737 1370 Si
1751 1344 1824 1370 enim

1034 1399 1067 1419 ex
1080 1392 1197 1419 veritatis
1212 1392 1306 1419 aﬁ'cctu
1322 1391 1449 1426 loqueris,
1460 1398 1509 1418 cur
1522 1390 1589 1418 clam
1606 1389 1769 1424 interrogas?
1781 1390 1824 1416 sin

1034 1437 1144 1465 insidias
1158 1444 1245 1472 paras,
1261 1445 1308 1464 cur
1320 1444 1372 1464 non
1383 1437 1493 1472 cogitas,
1505 1443 1596 1471 magos
1605 1443 1665 1463 cum
1678 1439 1703 1462 te
1718 1435 1824 1462 videant

1033 1484 1101 1510 clam
1116 1483 1293 1518 interrogare,
1313 1483 1402 1510 dolum
1417 1483 1598 1517 suspicaturos
1610 1481 1687 1509 esse?
1709 1481 1772 1514 Sed,
1795 1485 1824 1507 ut

1033 1529 1098 1562 dixi,
1112 1529 1199 1556 anima
1211 1529 1293 1556 semel
1308 1529 1470 1563 malignitate
1484 1532 1616 1562 correpta,
1630 1527 1747 1554 omnium
1761 1526 1823 1553 insi-

1033 1575 1198 1611 pientissima
1211 1575 1309 1602 evadit.
1325 1575 1383 1602 Non
1398 1575 1475 1607 dixit,
1502 1574 1601 1601 Euntes
1617 1574 1777 1608 interrogate
1789 1573 1824 1600 de

1033 1628 1105 1655 rege,
1126 1621 1184 1654 sed,
1205 1620 1241 1647 De
1262 1629 1338 1655 puero
1354 1628 1363 1647 :
1378 1627 1430 1647 non
1444 1619 1514 1646 enim
1533 1619 1636 1654 imperii
1651 1626 1746 1645 nomen
1760 1625 1823 1652 pro-

1033 1667 1104 1696 ferre
1119 1667 1252 1694 suStinuit.
1268 1666 1334 1701 Magi
1350 1673 1424 1698 vero,
1439 1666 1482 1700 qui
1499 1673 1552 1700 pra:
1569 1665 1650 1692 multa
1672 1665 1769 1700 pietate
1785 1665 1824 1691 ni-

1034 1714 1070 1741 liil
1085 1714 1179 1741 horum
1194 1717 1322 1740 noverant
1345 1713 1451 1747 (neque
1465 1714 1535 1739 enim
1551 1711 1678 1746 putabant
1696 1711 1770 1738 illum
1796 1711 1823 1738 in

1033 1765 1135 1788 tantum
1149 1760 1273 1794 nequitia:
1288 1758 1449 1794 prorupisse.
1465 1763 1493 1785 ut
1509 1763 1562 1785 tam
1587 1757 1699 1784 mirabili
1716 1763 1824 1784 eaconc-

1034 1808 1094 1833 mize
1108 1806 1225 1833 insidiari
1242 1805 1394 1840 tentaret),
1410 1805 1475 1831 nihil
1492 1803 1642 1839 liujusmodi
1657 1803 1823 1837 suspicantes

1033 1853 1141 1885 abeunt,
1153 1852 1199 1880 scd
1214 1860 1245 1879 ex
1260 1851 1355 1879 aﬂ'ectu
1376 1859 1424 1879 suo
1439 1851 1505 1878 alios
1525 1850 1668 1877 aestimant.
1684 1849 1709 1876 9.
1723 1848 1756 1875 Et
1768 1857 1823 1875 ecce

1032 1899 1105 1926 stella
1114 1920 1121 1929 ,
1139 1907 1214 1933 quant
1228 1898 1342 1925 viderant
1361 1898 1387 1924 in
1401 1897 1505 1929 oriente,
1519 1896 1678 1923 antecedebat
1692 1903 1744 1922 eos.
1761 1895 1824 1922 ideo

1032 1945 1103 1972 enim
1118 1944 1246 1973 occultata
1257 1944 1353 1977 fuerat,
1369 1948 1397 1970 ut
1410 1943 1508 1970 amisso
1523 1942 1600 1973 duce,
1616 1941 1722 1968 Iud-eos
1738 1941 1822 1967 inter-

1032 1998 1127 2026 rogare
1151 1995 1309 2025 cogerentur
1319 2010 1326 2022 ,
1342 1994 1369 2016 et
1382 1990 1420 2016 sic
1435 1997 1478 2016 res
1491 1989 1614 2016 omnibus
1630 1989 1715 2022 palam
1738 1987 1821 2014 ﬁeret.

1032 2037 1176 2072 Postquam
1189 2037 1260 2064 enim
1277 2036 1503 2071 interrogaveram
1515 2055 1522 2068 ,
1535 2039 1561 2061 et
1580 2034 1686 2061 Judmos
1700 2033 1822 2061 doctores

1032 2083 1189 2115 habuerant,
1206 2090 1309 2110 rursum
1335 2082 1387 2109 illis
1401 2086 1520 2116 apparet.
1535 2081 1568 2108 Et
1578 2081 1730 2108 consideres
1744 2080 1822 2109 velim

1032 2131 1160 2166 optimum
1174 2138 1263 2158 rerum
1275 2130 1406 2157 ordinem.
1421 2129 1484 2156 Post
1495 2127 1597 2156 stellam
1610 2128 1706 2162 excipit
1717 2135 1763 2154 eos
1776 2126 1822 2154 Ju-

1032 2177 1123 2205 daicus
1136 2177 1260 2212 populus,
1280 2183 1380 2211 rexque
1392 2176 1457 2210 ipse,
1469 2175 1679 2210 prophetamqne
1697 2174 1822 2201 inducunt

1032 2223 1255 2259 pra-nuntiantem
1276 2222 1303 2249 id
1318 2221 1387 2256 quod
1402 2225 1570 2256 apparuerat.
1588 2221 1650 2247 Post
1666 2220 1821 2254 prophetam

1033 2280 1144 2300 rursum
1169 2272 1283 2307 angelus
1308 2270 1382 2305 ipsos
1405 2270 1521 2309 excipit,
1548 2269 1695 2304 omniaque
1718 2269 1823 2298 docet:

1034 2318 1147 2346 interim
1171 2325 1238 2344 vero
1262 2316 1441 2352 Jerosolymis
1466 2316 1494 2343 in
1518 2315 1680 2343 Bethlehcm
1706 2323 1721 2342 a
1747 2317 1826 2344 stella

1034 2365 1195 2393 ducuntur:
1213 2363 1291 2391 stella
1305 2362 1379 2390 enim
1397 2362 1432 2389 ab
1455 2362 1538 2389 istinc
1560 2361 1610 2389 vite
1629 2361 1685 2388 dux
1705 2362 1756 2389 fuit
1771 2372 1776 2389 :
1795 2367 1826 2390 nt

1035 2412 1101 2439 hinc
1120 2418 1230 2446 quoque
1252 2409 1351 2442 discas,
1370 2416 1425 2435 non
1442 2407 1527 2436 fuisse
1550 2408 1625 2435 illam
1648 2415 1682 2435 ex
1709 2416 1826 2435 numero

1036 2462 1199 2486 caaterarum
1226 2456 1391 2484 stellarum:
1409 2455 1485 2482 nulla
1514 2455 1616 2490 quippe
1647 2455 1726 2482 stella
1755 2455 1827 2483 hanc

1038 2504 1122 2532 habet
1135 2507 1272 2530 naturam.
1291 2502 1385 2536 Neque
1399 2501 1487 2528 solum
1503 2501 1570 2535 ibat,
1588 2501 1637 2528 sed
1650 2501 1733 2528 etiam
1748 2506 1826 2528 ante-

1038 2549 1154 2577 cedebat
1168 2549 1272 2576 ducens
1286 2552 1314 2575 et
1329 2547 1406 2582 quasi
1421 2555 1504 2574 manu
1522 2544 1634 2574 trahens
1650 2547 1711 2574 illos
1725 2546 1753 2574 in
1768 2553 1826 2573 me-

1038 2595 1084 2623 dio
1101 2595 1157 2622 die.

1073 2724 1100 2752 ι.
1116 2723 1150 2752 Et
1159 2722 1222 2759 quid
1233 2729 1300 2758 opus
1312 2726 1369 2750 erat
1383 2721 1469 2754 stella,
1486 2720 1600 2756 inquies,
1614 2726 1674 2746 cum
1687 2718 1741 2753 jam
1754 2722 1832 2744 notus

1038 2772 1114 2799 locus
1127 2774 1199 2798 esset
1207 2769 1221 2806 ‘3'
1233 2769 1267 2798 Ut
1283 2776 1349 2805 puer
1362 2768 1446 2796 videri
1460 2772 1559 2803 posset.
1576 2765 1647 2793 Nihil
1659 2765 1757 2800 quippe
1774 2767 1833 2791 erat

1039 2817 1110 2853 quod
1124 2816 1209 2852 ipsum
1223 2815 1386 2844 ostenderet.
1408 2813 1473 2842 Nam
1488 2820 1574 2848 neque
1588 2811 1682 2841 domus
1694 2814 1751 2838 erat
1765 2817 1831 2837 con-
