2056 3130
230 93 264 120 ’Π
599 91 629 120 S.
646 89 789 120 JOANNIS
806 90 1049 121 CIIRYSOSTOMI
1068 89 1229 118 ARClllEP.
1253 89 1524 119 CONSTANTI‘NOP.

225 149 328 183 spicua,
343 154 430 182 neque
455 151 540 174 mater
563 146 621 181 ejus
642 146 771 172 illustrem
793 145 936 179 quamdam
957 148 1020 176 spe-

225 195 292 221 ciem
309 202 363 228 pra!
377 201 406 221 se
422 193 533 221 ferebat.
553 193 626 228 Opus
636 193 725 226 itaque
735 194 793 218 erat
807 189 883 217 stella
898 195 957 224 qua:
969 195 1018 215 eos

227 239 253 267 in
268 240 327 275 ipso
349 240 407 267 loco
424 240 541 267 sisteret.
564 238 743 273 Quamobrem
763 236 929 271 Jcrosolytna
945 241 1022 269 egre-

225 285 360 313 dientibus
380 289 506 320 apparet,
532 292 582 311 nee
607 288 659 311 stat
672 283 745 317 prius
758 289 837 317 quam
852 280 886 308 ad
899 286 1021 315 prmsepe

227 332 391 367 pervenerit,
415 337 442 358 et
463 330 620 358 miraculum
646 328 775 356 miraculo
790 326 942 355 addiderit:
959 332 1020 352 nam

227 383 368 412 utrumque
381 377 503 404 mirabile
522 381 590 408 erat,
613 379 640 402 et
653 374 723 410 quod
738 373 807 408 magi
822 372 979 402 adorarent,
995 374 1022 398 et

228 423 299 458 quod
319 423 394 450 stella
411 423 482 457 ipsos
495 422 603 449 sisteret
619 430 625 447 :
642 429 701 456 qua:
718 427 783 447 sane
806 422 915 454 possent
927 418 970 444 vel
985 417 1023 444 la-

228 468 321 504 pideos
334 469 438 496 animos
452 467 597 495 attrahere.
614 466 641 493 Si
655 466 726 493 enim
742 465 872 492 dixissent
889 463 957 498 magi
969 484 977 495 ,
991 470 1022 490 se

229 515 373 550 prophetas
387 514 520 541 audivisse
535 513 592 540 haec
610 512 742 543 dicentes,
758 511 800 537 vel
816 510 873 537 haec
892 509 941 537 sibi
967 508 1023 543 pri-

231 562 312 588 vatim
325 561 359 588 al)
369 561 469 595 angelis
482 560 551 587 dicta
564 559 656 590 fuisse.
666 558 732 586 ﬁdes
743 557 795 584 illis
804 565 857 584 non
871 556 964 583 fuisset
973 555 1023 582 ha-

230 608 283 634 bita
299 616 306 634 :
321 607 375 642 jam
389 614 452 634 vero
467 607 541 634 stella
566 613 682 639 superne
696 605 812 636 lucente,
829 602 872 630 vel
884 601 1026 638 impuden-

231 655 295 682 tium
309 661 354 681 ora
366 653 582 681 obstruebantur.
594 651 694 679 Deinde
708 658 767 678 cum
778 657 861 685 puero
871 649 1024 676 immineret

231 700 320 730 stella,
334 699 408 727 stetit
427 708 433 725 :
450 698 474 725 id
487 697 558 733 quod
580 697 689 731 majoris
701 701 758 724 erat
772 695 920 730 potestatis,
945 701 1026 729 quam

232 750 262 772 ut
285 745 370 772 stella:
383 748 527 776 competat,
543 742 612 778 quod
636 743 738 770 scilicet
762 741 843 768 modo
861 739 1026 771 occultetur,

232 790 313 817 modo
326 794 463 825 appareat,
475 794 502 817 et
512 797 571 816 cum
585 793 705 824 apparet,
720 795 828 815 cursum
848 786 934 814 sistat.
959 785 1028 812 Hinc

233 837 272 863 illi
286 837 478 863 incrementum
502 835 562 862 ﬁdei
584 839 713 869 ceperunt
730 842 736 859 ;
752 833 812 860 ideo
837 832 918 859 lmtati
943 835 1026 860 sunt.

234 883 295 916 quia
309 881 379 917 quod
392 882 546 916 quzerebant
559 881 728 911 invenerunt,
740 880 799 914 quia
811 879 896 906 nuntii
908 877 1029 905 veritatis

233 929 318 956 rt'l‘ecti
334 931 406 957 sunt,
418 925 478 960 quia
490 931 540 950 non
551 924 647 949 frustra
657 926 758 947 tantum
773 923 948 954 susceperunt
958 919 1024 946 iter:

233 975 272 1000 sic
284 972 387 1000 ardenti
398 970 497 998 Christi
507 969 641 996 desiderio
650 966 805 1001 ﬂagrabant.
817 964 883 992 Nam
895 964 1027 992 accedens

234 1019 321 1051 stella,
337 1024 418 1052 super
440 1016 526 1050 ipsum
543 1013 616 1048 pueri
632 1017 711 1047 caput
725 1011 809 1044 stetit,
826 1010 971 1037 ostendens
987 1010 1028 1038 di-

235 1064 323 1091 vinam
336 1070 396 1090 esse
409 1061 509 1096 prolem
523 1068 530 1086 :
544 1066 658 1092 cumque
670 1058 798 1088 stetisset,
814 1055 846 1082 ad
862 1054 1026 1082 adorandum

236 1110 354 1141 adducit,
371 1116 424 1135 non
438 1105 596 1141 simpliciter
609 1104 747 1136 barbaros,
761 1102 808 1129 sed
821 1102 865 1137 qui
886 1102 956 1128 inter
970 1101 1029 1129 illos

236 1154 426 1190 sapientissimi
442 1158 528 1181 erant.
547 1152 627 1179 Vides
645 1151 713 1177 hanc
729 1150 832 1177 stellam
851 1148 911 1183 jure
935 1147 1031 1175 merito

237 1201 412 1237 apparuisse?
427 1199 563 1234 Siquidem
575 1203 602 1225 et
615 1201 673 1232 post
685 1195 864 1232 prophetiam,
878 1199 907 1221 et
919 1199 979 1229 post
990 1201 1032 1221 sa-

237 1249 376 1276 cerdotum
392 1247 594 1280 scribarumque
608 1243 865 1279 interpretationem,
883 1241 969 1268 adhuc
987 1240 1031 1268 illa

239 1295 382 1321 utebantur
393 1294 471 1320 duce.

273 1367 386 1394 Marcion
399 1373 421 1394 et
434 1367 535 1394 Paulus
549 1367 729 1394 Samosatenua
740 1375 770 1394 ex
779 1368 852 1394 stella
860 1368 1029 1402 confracti.—

235 1414 382 1441 Erubescat
396 1413 512 1440 Marcion
525 1434 533 1446 ,
548 1413 689 1441 erubescat
709 1413 807 1440 Paulus
828 1413 1027 1447 Samosatenus,

233 1461 279 1495 qui
294 1461 435 1487 noluerunt
450 1467 481 1487 ea
496 1459 596 1489 videre.
613 1467 673 1494 qua:
697 1459 766 1494 magi
779 1459 914 1492 viderunt,
930 1460 1028 1488 Eccle-

235 1507 282 1533 sia:
295 1506 479 1541 progenitores
492 1505 529 1541 (ιι)
545 1514 551 1531 :
568 1513 655 1538 neque
669 1505 739 1532 enim
754 1505 835 1540 pudet
853 1513 896 1532 me
914 1506 953 1533 sic
969 1506 1028 1533 illos

233 1561 340 1580 vocare.
361 1552 508 1579 Erubescat
529 1551 657 1585 Marcion,
684 1552 767 1579 Deum
788 1551 881 1578 videns
907 1552 932 1579 in
947 1559 1029 1580 carne

234 1599 384 1626 adoratum.
400 1598 546 1625 Erubescat
560 1598 667 1629 Paulus,
694 1597 787 1625 videns
801 1598 874 1625 illum
896 1605 948 1625 non
962 1598 1028 1625 sim-

235 1646 340 1680 pliciter
350 1650 379 1672 ut
393 1644 530 1672 hominem
543 1643 659 1670 adorari.
675 1643 739 1670 Nam
751 1643 820 1678 quod
834 1643 860 1670 in
872 1651 952 1671 carne
962 1644 1028 1671 ado-

235 1696 310 1719 ratus
324 1692 368 1723 sit,
385 1691 410 1717 id
422 1695 449 1717 et
461 1689 540 1725 panni
550 1689 691 1716 ostendunt
705 1695 732 1716 et
746 1697 864 1723 praesepe
878 1697 884 1714 :
899 1689 968 1723 quod
983 1697 1029 1716 au-

236 1744 289 1765 tem
302 1745 353 1764 non
366 1737 440 1772 quasi
451 1736 584 1763 hominem
596 1743 689 1769 purum
704 1735 883 1768 adoraverint,
893 1735 1029 1763 declarant

237 1783 299 1811 dum
317 1783 467 1810 immatura:
489 1781 560 1808 aztati
574 1781 635 1808 talia
657 1780 795 1815 proferunt
806 1780 887 1813 dona,
900 1788 960 1815 quae
975 1781 1028 1807 Deo

237 1829 327 1856 oﬂ‘erri
342 1836 389 1863 par
402 1833 471 1856 erat.
485 1827 651 1854 Erubescant
664 1833 725 1854 cum
737 1826 789 1854 illis
803 1831 830 1853 et
854 1825 950 1859 Judzei,
965 1826 1027 1854 dum

238 1877 365 1904 barbaros
376 1880 401 1904 et
415 1883 506 1910 magos
517 1874 618 1907 vident,
634 1874 679 1909 qui
692 1874 764 1908 ipsos
775 1873 950 1908 prmveniunt.
978 1879 1029 1900 nec

237 1927 298 1957 post
310 1922 370 1949 illos
383 1921 510 1949 accedere
526 1921 626 1947 volunt.
642 1919 707 1946 Nam
721 1927 780 1954 qua:
794 1923 850 1946 tum
864 1919 932 1945 facta
946 1923 1007 1945 sunt
1018 1937 1027 1950 ,

237 1968 385 1995 futurorum
396 1972 473 1994 erant
488 1966 570 2001 ﬁgura
589 1975 595 1992 :
611 1969 691 2000 atque
705 1966 730 1992 in
745 1963 855 1991 exordio
868 1964 925 1998 ipso
936 1962 1028 1990 decla-

236 2020 323 2042 ratum
338 2020 395 2047 est,
409 2018 503 2048 gentes
524 2012 650 2048 populum
666 2012 739 2038 illum
757 2015 938 2046 praerepturas
956 2017 1026 2037 esse.

238 2060 271 2088 Et
289 2068 337 2088 cur
351 2081 358 2092 ,
376 2060 489 2094 inquies,
506 2066 558 2086 non
579 2059 612 2085 ab
635 2058 728 2090 initio,
745 2057 792 2085 sed
806 2061 897 2092 postea
909 2056 1027 2089 dicebat,

236 2107 332 2135 Euam
343 2107 429 2134 docete
438 2114 524 2133 omnes
535 2111 620 2141 gentes
634 2104 742 2139 (Matth.
757 2103 803 2132 28.
817 2103 880 2138 l9)?
894 2104 959 2137 Quia
968 2124 976 2135 ,
999 2106 1029 2130 ut

235 2154 288 2189 jam
299 2154 352 2182 dixi
363 2174 371 2187 ,
387 2153 457 2188 quod
473 2157 536 2180 tunc
550 2152 648 2180 factum
661 2157 711 2184 est,
726 2152 873 2178 futurorum
894 2151 987 2185 ﬁgura,
1001 2153 1029 2178 et

235 2201 310 2235 quasi
323 2200 461 2234 prmdictio
476 2204 545 2226 erat.
559 2199 774 2226 Consentaneum
789 2197 889 2232 quippe
901 2200 975 2228 erat,
998 2200 1029 2223 ut

235 2247 319 2274 Judaei
331 2251 443 2273 ca‘leros
456 2245 638 2280 prarcederent
650 2253 656 2275 ;
672 2243 733 2279 quia
747 2250 809 2270 vero
821 2243 969 2277 prmstitum
977 2241 1028 2269 sibi

237 2292 394 2321 beneﬁcium
409 2296 505 2326 sponte
526 2294 694 2326 respuerant,
717 2297 760 2317 res
777 2293 938 2324 praepostere
951 2295 1027 2316 versa

235 2344 276 2365 est
294 2348 300 2366 :
315 2338 446 2372 siquidem
461 2344 547 2372 neque
569 2337 612 2364 llic
623 2344 671 2371 par
683 2340 751 2368 erat,
770 2339 798 2362 ut
820 2335 887 2370 magi
907 2338 968 2361 ante
982 2333 1028 2362 Ju-

237 2384 310 2411 da'os
333 2385 469 2415 venirent;
495 2391 582 2419 neque
604 2387 631 2410 ut
651 2383 668 2410 ii
690 2382 734 2417 qui
754 2387 827 2409 tanto
841 2382 928 2416 spatio
941 2381 1025 2408 dista-

238 2430 317 2459 bant,
333 2437 379 2456 eos
393 2430 437 2464 qui
453 2429 522 2456 circa
547 2429 640 2456 urbem
668 2428 752 2462 ipsam
777 2427 931 2454 habitabant
950 2430 1028 2454 ante-

238 2475 385 2507 cederent,
405 2482 491 2510 neque
505 2480 534 2502 ut
547 2474 575 2507 ii,
592 2475 636 2509 qui
656 2473 785 2500 nihildum
807 2473 946 2500 audierant
960 2479 1006 2500 eos
1018 2491 1026 2504 ,

236 2522 281 2554 qui
305 2521 374 2548 inter
388 2525 425 2547 tot
439 2521 595 2556 prophetias
619 2519 738 2548 innutriti
762 2519 881 2550 fuerant,
899 2517 1029 2553 praeveni-

237 2571 314 2598 rent;
331 2574 421 2593 verum
437 2567 498 2601 quia
514 2567 539 2593 in
555 2574 658 2594 summa
680 2566 810 2593 bonorum
826 2572 934 2592 suorum
950 2564 1027 2599 igno-

270 2704 309 2739 ta)
322 2703 364 2739 mc
379 2702 443 2738 magi
454 2702 564 2739 dicunt!"
711 2704 892 2739 progenitores,
908 2704 964 2736 quia
976 2705 1030 2739 ipsi

240 2735 311 2767 primi
322 2735 346 2758 in
358 2734 461 2767 regione
470 2739 521 2760 sua.
536 2734 668 2767 imertiam
686 2735 710 2758 in
721 2734 811 2763 J;.d:ea,
824 2734 943 2767 Christum
954 2734 1028 2760 adve-

240 2765 308 2790 inisse
320 2765 485 2796 prmitiearunt.
493 2768 541 2792 Qua
550 2765 642 2789 ratione
655 2769 766 2790 auctores
777 2769 803 2790 et
815 2766 952 2792 l'undatores
963 2766 1028 2792 Chri-

242 2796 360 2822 stiauistni
371 2795 419 2820 dici
430 2799 539 2826 possunt.

1810 85 1848 117 78

1075 143 1160 170 rantia
1172 142 1361 175 versabantur,
1375 143 1420 178 qui
1441 144 1466 170 in
1482 143 1600 176 Perside,
1624 149 1672 170 eos
1693 142 1738 178 qui
1758 142 1869 170 εἰει-οεο-

1076 189 1152 225 lymis
1165 194 1228 216 sunt
1252 193 1434 224 praevertunt;
1448 189 1473 216 id
1493 189 1563 224 quod
1576 189 1657 217 etiam
1669 189 1733 216 dicit
1747 189 1845 216 Paulus
1859 199 1866 216 :

1078 235 1156 263 Vobis
1178 235 1306 271 oportebat
1329 235 1481 262 annuntiare
1513 236 1624 269 primum
1658 243 1764 271 regnum
1790 235 1838 262 Dei
1856 244 1866 264 :

1075 283 1119 310 sed
1140 282 1200 318 quia
1223 290 1266 309 vos
1291 281 1408 318 indignos
1433 281 1585 317 judicastis,
1609 289 1666 308 ecce
1698 281 1868 308 convertimur

1074 329 1108 356 ad
1123 334 1208 365 gentes
1223 329 1291 364 (Act.
1301 329 1345 356 15.
1355 328 1412 364 46).
1427 328 1536 356 Etiamsi
1551 328 1621 356 enim
1639 332 1716 356 antea
1737 329 1868 356 increduli

1074 379 1161 407 erant,
1175 382 1190 401 a
1203 374 1286 410 magis
1300 374 1393 401 saltem
1404 373 1542 401 audientes
1555 381 1696 401 accurrere
1709 374 1867 409 oportebat;

1075 420 1120 448 sed
1133 421 1275 448 noluerunt
1290 429 1296 446 :
1311 419 1433 455 ideoque,
1450 419 1502 446 illis
1520 419 1730 452 dormientibus,
1748 418 1773 446 hi
1796 426 1867 454 [πω-
1897 449 1903 455 .

1074 470 1194 493 currunt.

1105 578 1132 606 5.
1153 577 1303 605 Exhortatio
1314 577 1426 605 moralis.
1444 577 1493 610 Qui
1506 577 1609 612 indigne
1620 578 1736 611 mysteria
1749 583 1861 612 sumunt,

1072 624 1168 651 Herodi
1177 625 1281 652 similes.
1297 623 1463 651 Theatrorum
1477 624 1633 651 obscenitas.
1654 638 1689 643 —
1712 623 1801 660 Magos
1813 625 1864 652 ita-

1071 678 1122 705 que
1134 677 1287 705 sequamur,
1301 675 1328 697 et
1339 677 1354 696 a
1366 670 1539 696 barbarorum
1552 673 1639 696 tanien
1650 670 1769 697 moribus
1779 670 1862 698 multa

1070 717 1267 751 intercapedine
1285 724 1332 743 nos
1352 723 1554 748 removeamus,
1574 721 1602 743 ut
1620 716 1752 744 Christum
1772 717 1862 744 videa-

1070 770 1129 790 mus
1144 771 1151 789 τ
1166 761 1378 798 quandoquidem
1392 767 1418 789 et
1433 762 1481 796 ipsi
1495 762 1546 789 nisi
1561 762 1652 796 procul
1665 770 1678 788 a
1691 769 1738 789 sua
1751 763 1861 797 regione

1067 811 1261 842 recessissent,
1281 818 1333 838 non
1356 811 1428 838 illum
1450 810 1532 837 visuri
1557 814 1644 837 erant.
1668 809 1861 838 Recrdamusa

1068 856 1182 883 terrenis
1194 857 1315 891 negotiis.
1341 855 1444 882 Etenim
1459 856 1528 890 magi
1542 875 1549 887 ,
1565 855 1629 882 dmn
1651 855 1675 881 in
1693 855 1802 882 Perside
1816 863 1860 882 es-

1067 906 1135 935 sent,
1147 902 1250 929 stellam
1263 902 1387 929 videbant
1399 910 1405 928 :
1417 909 1477 929 eum
1490 907 1578 928 autem
1591 909 1606 928 a
1621 901 1730 928 Perside
1743 908 1862 929 recesse-

1067 953 1147 980 runt,
1170 948 1258 976 Solem
1279 948 1389 982 justitizc
1409 955 1592 982 conspexere;
1618 948 1672 975 imo
1692 955 1741 974 nec
1755 947 1860 975 stellam

1068 994 1136 1021 ultra
1152 994 1233 1020 visuri
1251 997 1326 1020 erant
1337 1014 1345 1026 ,
1361 993 1412 1020 nisi
1433 997 1556 1027 prompto
1571 993 1660 1019 animo
1675 993 1736 1020 inde
1749 992 1862 1027 profecti

1067 1044 1167 1066 essent.
1199 1039 1345 1074 Surgamus
1377 1039 1455 1073 igitur
1483 1043 1510 1066 et
1540 1045 1609 1071 nos;
1639 1038 1743 1066 etiamsi
1770 1046 1863 1066 omnes

1067 1085 1267 1121 perturbentur,
1283 1084 1316 1112 ad
1329 1085 1436 1112 domum
1453 1085 1527 1119 pueri
1541 1091 1679 1111 curramus
1692 1093 1698 1111 :
1709 1086 1759 1111 etsi
1773 1092 1861 1119 reges,

1067 1131 1118 1158 etsi
1135 1131 1241 1166 populi.
1257 1131 1307 1158 etsi
1329 1130 1434 1166 tyranni
1450 1130 1518 1157 hanc
1532 1131 1601 1157 viam
1616 1129 1774 1164 intercipere
1792 1135 1864 1157 sata-

1067 1182 1132 1212 gant
1143 1196 1150 1208 ,
1167 1185 1201 1204 ne
1221 1176 1381 1204 desiderium
1402 1176 1546 1203 solvamus.
1568 1175 1613 1203 Sic
1629 1176 1700 1202 enim
1715 1177 1803 1203 omnia
1818 1175 1862 1203 in-

1067 1223 1189 1257 gruentia
1210 1223 1278 1249 mala
1298 1222 1472 1256 depellamus.
1497 1221 1632 1256 Siquidem
1653 1225 1680 1248 et
1697 1221 1723 1248 hi
1737 1229 1863 1257 quoque,

1069 1269 1119 1296 nisi
1139 1277 1250 1304 puerum
1265 1269 1414 1300 vidissent,
1434 1268 1579 1303 periculum
1592 1288 1600 1299 ,
1616 1267 1687 1302 quod
1702 1275 1717 1294 a
1731 1276 1792 1302 rege
1808 1275 1864 1295 me-

1070 1317 1198 1347 tuebant,
1222 1323 1274 1342 non
1296 1314 1460 1350 eﬂ‘ugissent.
1485 1317 1634 1348 Antequam
1657 1321 1769 1348 puerum
1792 1313 1866 1341 vide-

1069 1368 1140 1394 rent,
1156 1361 1276 1393 tintores,
1290 1361 1418 1396 pericula,
1432 1359 1642 1395 perturbationes
1651 1359 1768 1392 undique
1781 1359 1864 1386 insta-

1069 1409 1152 1441 bant;
1182 1412 1243 1443 post
1268 1407 1450 1434 adorationem
1471 1413 1555 1438 vero,
1581 1405 1762 1440 tranquillitas
1785 1410 1865 1439 atque

1069 1455 1214 1486 securitas;
1239 1461 1325 1488 neque
1346 1453 1458 1480 ulterius
1480 1451 1555 1479 stella
1567 1472 1575 1484 ,
1595 1451 1641 1478 sed
1661 1451 1774 1487 angelus
1791 1451 1864 1485 ipsos

1069 1500 1186 1535 excipit,
1207 1499 1241 1526 ab
1263 1498 1418 1526 adoratione
1439 1497 1592 1525 sacerdotes
1614 1496 1723 1524 eﬂ'ectos
1740 1507 1746 1525 :
1762 1497 1861 1524 etenim
1900 1529 1903 1531 _

1071 1554 1180 1574 munera
1195 1545 1356 1573 obtulerunt.
1380 1543 1503 1571 Dimissis
1518 1544 1606 1577 itaque
1621 1542 1731 1570 Judaico
1747 1542 1844 1577 populo
1855 1562 1862 1573 ,

1072 1593 1224 1628 perturbata
1245 1592 1350 1618 civitate
1363 1611 1370 1623 ,
1395 1589 1565 1624 sanguinario
1588 1594 1720 1624 tyranno,
1744 1589 1863 1617 smculari

1071 1646 1184 1674 pompa,
1202 1638 1227 1664 in
1249 1636 1403 1664 Bcthlehem
1423 1636 1477 1663 cito
1497 1642 1594 1670 perge,
1608 1634 1654 1662 ubi
1675 1635 1770 1662 domus
1790 1635 1865 1670 panis

1071 1683 1227 1720 spiritualis.
1244 1682 1299 1710 Etsi
1312 1682 1382 1709 enim
1397 1685 1487 1716 pastor
1499 1680 1589 1712 lueris,
1606 1687 1691 1714 eoque
1704 1680 1862 1711 adveneris,

1073 1737 1183 1765 puerum
1206 1730 1231 1756 in
1254 1728 1401 1755 diversorio
1422 1726 1534 1754 videbis.
1558 1725 1666 1752 Etiamsi
1688 1733 1736 1752 rex
1763 1724 1864 1757 fueris,

1073 1784 1123 1804 nec
1145 1781 1233 1803 tamen
1255 1773 1414 1806 adveneris,
1436 1772 1501 1799 nihil
1521 1772 1568 1799 tibi
1590 1778 1706 1806 purpura
1727 1770 1863 1806 proderit;

1073 1823 1175 1851 etiamsi
1190 1827 1282 1856 magus
1295 1820 1386 1851 fueris,
1401 1819 1466 1846 nihil
1480 1822 1506 1846 te
1521 1818 1572 1845 hoc
1584 1816 1727 1851 impediet,
1744 1817 1765 1843 si
1782 1816 1861 1842 modo

1075 1870 1252 1897 honoraturus
1266 1867 1476 1901 adoraturusque
1487 1864 1649 1895 accesseris,
1664 1870 1713 1890 nec
1726 1863 1865 1890 conculca-

1075 1922 1149 1943 turus
1163 1915 1259 1942 Filium
1279 1913 1326 1940 Dei
1342 1921 1349 1939 :
1365 1912 1387 1939 si
1407 1919 1466 1939 cum
1490 1915 1608 1938 tremore
1627 1909 1707 1936 simul
1726 1912 1754 1936 et
1772 1907 1867 1943 gaudio

1076 1963 1127 1990 hoc
1141 1961 1244 1997 egeris;
1261 1961 1317 1987 hrec
1329 1959 1400 1987 enim
1417 1959 1495 1985 ambo
1508 1961 1619 1992 possunt
1631 1963 1800 1985 concurrere.
1814 1954 1867 1982 Sed

1075 2016 1140 2037 cave
1154 2015 1188 2035 ne
1202 2006 1298 2034 llerodi
1313 2005 1407 2033 similis
1420 2005 1457 2031 sis
1470 2008 1499 2031 et
1508 2003 1590 2035 dicas,
1607 2002 1641 2030 Ut
1653 2003 1752 2030 veniens
1764 2001 1867 2028 adorem

1076 2063 1152 2085 eum,
1165 2053 1329 2087 veniensque
1351 2050 1473 2079 occidere
1494 2053 1590 2076 tentes.
1616 2048 1653 2075 Illi
1675 2048 1746 2075 enim
1767 2047 1869 2074 similes

1077 2105 1156 2132 sunt,
1169 2098 1215 2134 qui
1229 2097 1336 2133 indigne
1348 2096 1538 2133 mysteriorum
1552 2094 1694 2130 participes
1709 2098 1780 2120 sunt.
1802 2093 1867 2120 Nam

1077 2148 1122 2184 qui
1134 2147 1283 2182 hujusmodi
1296 2151 1347 2179 est,
1360 2145 1426 2172 Reus
1435 2145 1492 2176 erit,
1505 2144 1599 2179 inquit,
1611 2143 1724 2177 corporis
1734 2146 1757 2169 et
1768 2139 1869 2175 sangui-

1078 2195 1118 2221 nis
1131 2193 1234 2221 Domini
1246 2193 1285 2228 (i.
1297 2193 1356 2220 Cor.
1369 2193 1412 2219 11.
1423 2191 1479 2225 ‘27).
1495 2190 1561 2217 Nam
1575 2189 1620 2223 qui
1633 2187 1784 2221 huiusmodi
1797 2189 1870 2218 sunt,

1080 2240 1179 2267 habent
1203 2240 1229 2266 in
1252 2246 1282 2266 se
1304 2243 1443 2274 tyrannum
1467 2236 1628 2263 invidentem
1651 2241 1732 2268 regno
1751 2231 1870 2264 Christi,

1081 2293 1231 2314 mamonam
1245 2292 1340 2318 nempe
1353 2283 1457 2311 Herode
1471 2282 1638 2316 iniquiorem.
1654 2280 1701 2307 llic
1714 2279 1811 2313 quippe
1823 2277 1872 2304 im-

1080 2339 1176 2367 perare
1196 2331 1271 2363 vult,
1292 2330 1422 2364 mittitque
1442 2328 1559 2355 cultores
1580 2333 1662 2358 suos,
1683 2325 1727 2360 qui
1749 2323 1873 2352 simulate

1080 2377 1188 2413 quidem
1204 2377 1333 2408 adorent,
1348 2376 1395 2403 sed
1409 2373 1544 2401 adorando
1563 2372 1694 2407 jugulent.
1719 2370 1874 2398 Timeamus

1081 2423 1169 2458 itaque
1179 2443 1186 2456 ,
1201 2430 1235 2449 ne
1246 2421 1363 2456 speciem
1378 2419 1526 2454 supplicum
1550 2423 1576 2446 et
1589 2417 1758 2444 adoratorum
1775 2415 1873 2442 habea-

1082 2476 1142 2496 tuus
1155 2489 1162 2499 ,
1185 2474 1266 2502 opere
1287 2471 1375 2493 autem
1395 2464 1528 2492 contraria
1543 2463 1726 2491 exhibcamus.
1751 2461 1846 2488 Omnia
1859 2467 1874 2487 e

1081 2514 1202 2542 manibus
1214 2513 1383 2548 projiciamus
1396 2511 1541 2539 adoraturi.
1558 2509 1585 2537 Si
1598 2516 1693 2536 aurum
1708 2507 1852 2535 habeamus
1865 2527 1873 2538 ,

1082 2561 1168 2594 ipsum
1187 2559 1349 2591 oﬂ‘eramus,
1366 2565 1415 2585 nec
1436 2555 1612 2583 defodiamus.
1634 2554 1661 2582 Si
1676 2553 1746 2581 enim
1769 2551 1874 2579 barbari

1081 2606 1118 2633 illi
1132 2605 1164 2633 ad
1178 2605 1307 2632 honorem
1320 2610 1430 2631 munera
1445 2607 1508 2630 tunc
1521 2601 1685 2631 obtulerunt,
1707 2598 1767 2634 quis
1781 2602 1808 2625 tu
1822 2598 1876 2625 eris

1082 2651 1132 2680 nisi
1154 2651 1255 2678 tribuas
1268 2649 1411 2685 indigenti?
1426 2649 1448 2676 si
1464 2648 1499 2675 illi
1516 2651 1614 2675 tantam
1630 2652 1772 2680 suscepere
1784 2645 1852 2671 viam
1865 2664 1873 2675 ,

1082 2701 1112 2724 ut
1131 2702 1221 2724 natum
1236 2696 1356 2723 viderent
1367 2716 1375 2727 ,
1389 2702 1466 2730 quam
1485 2693 1683 2721 excusationem
1703 2690 1812 2718 habebis
1827 2695 1853 2717 tu
1865 2710 1874 2722 ,

1083 2743 1126 2777 qui
1140 2751 1174 2770 ne
1185 2742 1219 2770 ad
1232 2742 1318 2770 vicum
1329 2740 1434 2776 quidem
1447 2747 1528 2767 unum
1541 2745 1677 2774 properas,
1689 2742 1717 2764 ut
1730 2735 1874 2767 inﬁrmum,

1083 2793 1110 2816 et
1125 2789 1151 2816 in
1162 2787 1272 2816 vinculis
1283 2787 1419 2815 detentum
1430 2785 1541 2813 visites?
1554 2784 1633 2820 Atqui
1645 2790 1694 2811 nos
1706 2786 1733 2811 et
1745 2781 1874 2813 inﬁrmos,
