2056 3130
158 149 190 176 79
773 159 805 191 lN
826 162 943 193 amna

1001 165 1008 193 l
1027 165 1142 196 HOMIL.
1166 169 1220 196 Vll.

155 218 177 239 οι
193 214 292 239 *ἰησιυε
304 233 313 245 ο
331 214 389 241 imo
407 221 438 244 et
465 217 585 246 inimicos
606 219 782 250 miseramttr;
804 225 831 246 tu
848 226 911 247 vero
926 228 959 248 ne

155 258 297 286 Item-ticum
323 261 445 296 quidem
469 269 496 291 et
518 265 658 292 Dominum
682 265 777 292 tuum?
802 265 839 292 llli
863 273 957 294 aurum

152 305 321 338 obtulerunt;
337 312 367 335 tu
384 316 489 343 panem
504 311 546 338 le
559 311 687 339 dederis?
708 312 746 339 llli
762 312 866 340 stellam
880 313 956 342 vide-

151 355 205 378 mnl
217 371 224 382 ,
245 357 272 378 et
284 353 376 387 gavisi
391 361 479 389 sunt;
495 362 521 383 tu
536 365 599 384 vero
613 357 749 384 Christum
762 358 853 386 videns
866 359 958 394 hospi-

150 399 199 424 tem
215 401 242 423 et
255 398 364 426 nudum
377 421 384 430 .
404 408 462 429 non
477 401 611 429 ﬂecteris?
628 402 693 435 Quis
706 403 776 430 enirn
793 409 909 431 vestrum
925 412 957 432 ex

150 443 179 470 iis
191 444 234 477 qui
251 444 329 472 mille
345 445 485 475 beneﬁcia
499 453 668 483 acceperunt,
682 454 779 476 tantam
794 457 841 484 pro
852 450 957 478 Christo

149 490 264 522 suscepit
279 493 536 526 peregrinationem
548 516 555 526 ,
572 499 696 529 quantam
711 495 748 522 illi
763 495 886 529 barbari,
904 497 956 524 imo

148 535 180 561 illi
204 534 383 571 philosophis
409 540 606 574 sapientiores?
630 541 663 568 Et
687 541 749 576 quid
772 542 832 569 dico
856 547 956 570 tantum

149 581 238 607 tiam?
263 581 358 610 Multa:
375 586 451 619 apud
468 594 516 613 nos
530 587 656 614 mulieres
673 587 708 615 ita
724 588 819 616 molles
831 594 892 616 sunt
904 610 912 622 ,
929 594 957 617 ιιι

146 634 178 655 ne
199 627 289 654 vicntn
315 637 407 657 unum
435 637 598 659 transmeare
620 633 720 665 velint,
740 638 769 660 ut
782 633 808 660 in
824 635 955 670 spiritnali

147 677 277 711 pra-sepia
301 678 549 714 ipsum-videant,
575 681 624 708 nisi
644 682 721 710 nmlis
741 683 881 711 vehantur.
903 684 954 714 Alii

145 722 240 758 quibus
257 723 333 751 inest
351 726 512 753 ambulandi
526 726 636 754 facultas
648 748 656 760 ,
670 728 710 756 vel
724 728 890 756 saecularium
905 737 953 757 ne-

145 767 278 801 gotiorum
301 770 419 797 turbatn
433 792 440 804 ,
464 771 505 799 vel
531 772 692 800 theatrorum
715 772 953 808 frequentationem

145 812 206 840 huic
224 814 311 841 cmtni
328 821 513 851 anteponunt.
540 818 570 844 Et
587 818 689 846 barbari
705 819 811 854 quidem
828 820 862 847 illi
877 825 944 848 ante

143 866 222 893 quam
237 860 316 886 illum
332 860 471 896 viderent,
487 867 586 890 tantum
601 863 703 892 itineris
717 866 817 894 emensi
832 872 894 894 sunt
904 888 911 898 ,
927 872 952 894 ιιι

144 904 207 932 vero
225 912 277 932 nec
300 912 451 943 postquam
471 909 558 936 vidisti
581 910 691 937 imitaris
713 911 787 944 illos;
809 912 855 940 sed
877 917 949 947 post-

144 955 224 982 quam
239 951 334 978 vidisti
349 973 362 984 ,
379 953 425 980 illo‘
435 953 546 981 dimisso
557 975 564 986 ,
578 955 610 982 ad
628 956 737 983 mimum
751 957 893 985 videndum
907 965 951 984 ειε-

144 998 232 1024 curris
246 997 256 1033 (
272 998 380 1027 iisdem
395 1000 466 1027 enim
487 1001 606 1028 insistam
621 1002 717 1037 quibus
732 1004 838 1038 nuper)
853 1012 860 1030 :
874 1004 937 1031 Chri

145 1047 217 1070 stum
231 1043 257 1070 in
277 1046 420 1080 praesepio
436 1046 568 1080 jacentcm
584 1047 729 1083 relinquis,
744 1054 772 1076 ut
785 1050 908 1084 mulieres
925 1050 949 1078 in

147 1095 226 1115 scena
246 1089 358 1118 videas.
380 1091 482 1129 Quibus
501 1092 558 1120 haec
571 1092 722 1120 fulminibus
735 1094 812 1129 digna
826 1104 878 1122 non
896 1095 951 1123 t'ue-

148 1134 200 1160 rint
209 1134 221 1161 ?

177 1217 204 1245 6.
219 1218 248 1246 Si
263 1219 342 1254 quis,
357 1228 458 1255 qnzeso,
474 1221 653 1255 polliceretur.
670 1227 695 1250 te
710 1223 735 1250 in
751 1224 847 1259 regiam
863 1224 944 1252 intro-

142 1262 252 1296 ducere,
270 1265 521 1303 lmperatoremque
532 1269 669 1297 sedentem
683 1270 727 1297 tibi
741 1275 894 1303 ostendere,
910 1279 943 1299 an

145 1309 299 1345 hujusmodi
311 1315 466 1348 spectaculo
478 1315 608 1342 theatrum
621 1317 779 1351 anteferres,
791 1318 893 1345 etiamsi
906 1319 946 1344 ni—

145 1356 180 1383 hil
196 1358 260 1385 binc
276 1359 348 1386 lucri
362 1360 463 1388 referre
477 1363 587 1396 posses?
600 1362 648 1390 llic
660 1371 723 1390 vero
738 1363 798 1391 fons
811 1364 878 1399 ignis
890 1365 942 1398 spi-

146 1403 249 1430 ritualis
262 1411 302 1432 ex
315 1405 366 1432 hac
378 1413 470 1433 mensa
483 1408 591 1434 scaturit
604 1417 610 1434 ι
625 1413 650 1434 ιιι
665 1416 729 1435 vero
744 1409 793 1437 hac
808 1409 898 1437 relicta
911 1410 943 1437 ad

146 1448 283 1476 tlteatrum
299 1451 417 1478 accurris
432 1457 553 1480 natantes
568 1453 694 1481 mulieres
709 1460 875 1489 spectaturus
886 1476 894 1488 ,
913 1464 945 1484 ac

146 1501 239 1522 sexum
265 1496 345 1524 illum
369 1497 589 1530 dehonestatum,
609 1499 796 1535 Christumque
818 1502 945 1537 relinquis

149 1540 212 1568 fonti
227 1541 417 1570 assidentem?
432 1543 536 1571 Etenim
552 1552 622 1572 nunc
636 1553 741 1581 quoque
753 1546 827 1581 juxta
843 1546 943 1574 fontem

147 1587 239 1620 sedet,
255 1596 311 1615 non
323 1588 516 1616 Samaritauam
529 1590 682 1624 alloquens,
696 1591 742 1619 sed
759 1597 839 1619 totam
851 1592 944 1620 civita-

150 1639 200 1660 tem
218 1642 225 1660 :
241 1634 358 1662 fortasse
372 1642 436 1662 vero
450 1643 519 1662 nuttc
533 1643 637 1671 quoque
649 1637 842 1665 Samaritanam
857 1638 941 1665 solam

149 1678 307 1714 alloquitur.
330 1679 414 1707 Nemo
429 1681 500 1707 enitn
516 1681 563 1716 ipsi
579 1690 647 1710 nunc
662 1682 737 1711 adest
750 1704 757 1715 ,
772 1683 822 1711 nisi
836 1684 942 1718 quidam

151 1731 264 1760 corpore
276 1730 388 1758 tantum,
404 1726 448 1753 alii
462 1731 550 1754 autem
565 1735 598 1754 ne
611 1735 723 1763 corpore
734 1729 853 1764 quidem.
868 1730 942 1756 Atta-

150 1777 210 1797 men
225 1770 285 1805 ipse
299 1779 354 1798 non
369 1771 489 1803 recedit;
503 1772 549 1799 sed
570 1779 659 1800 manet
673 1778 762 1807 potum
775 1782 790 1801 a
806 1774 883 1802 nobis
896 1782 943 1810 po-

152 1816 263 1848 stulans,
280 1824 332 1843 non
347 1824 442 1851 aquam
453 1837 461 1848 .
475 1818 521 1845 sed
536 1818 702 1847 sanctitatem
719 1828 725 1846 :
742 1824 833 1847 sancta
846 1821 942 1854 quippe

151 1861 248 1888 sanctis
264 1863 364 1890 tribuit.
380 1863 470 1900 Neque
483 1865 553 1892 enitn
566 1873 661 1900 aquatn
675 1873 707 1893 ex
722 1865 772 1893 hoc
786 1866 858 1893 fonte
874 1872 943 1901 pne-

151 1905 202 1938 bel,
213 1908 261 1935 sed
275 1909 430 1944 sanguinem
441 1911 583 1941 viventem,
594 1912 639 1946 qui
651 1911 801 1947 symbolum
812 1918 853 1940 est
866 1920 940 1940 mor-

151 1954 191 1984 tis.
207 1954 255 1981 SH]
266 1957 326 1982 vita:
337 1964 417 1983 cattsa
428 1962 480 1984 est.
493 1957 532 1984 Tu
543 1962 630 1985 autem
644 1958 736 1985 relicto
746 1957 818 1985 fonte
830 1959 939 1994 sangui-

150 2000 199 2032 nis,
207 2001 305 2035 poculo
313 2001 358 2028 illo
368 2003 515 2036 tremendo,
524 2003 557 2030 ad
566 2003 665 2030 fontem
674 2004 761 2039 pergis
768 2004 938 2037 diabolicum,

149 2048 179 2072 ut
200 2051 335 2075 natantem
359 2049 524 2076 meretricem
546 2049 709 2084 conspicias,
730 2054 758 2077 et
774 2050 938 2086 naufragium

149 2092 243 2120 animae
256 2093 377 2128 patiaris.
390 2095 465 2130 Aqua
479 2095 549 2123 enim
563 2095 607 2122 illa
622 2096 730 2131 pelagus
744 2101 785 2123 est
799 2096 916 2124 libidinis
929 2117 936 2129 ,

150 2144 200 2164 non
219 2145 333 2174 corpora
355 2139 546 2175 sulunergens,
567 2140 615 2168 sed
634 2141 782 2168 animarum
802 2141 938 2176 naufragia

150 2183 262 2216 pariens.
282 2184 334 2212 Sed
358 2184 401 2212 illa
417 2190 489 2213 natat
503 2186 572 2213 nuda
585 2207 593 2219 ,
610 2191 636 2214 ιιι
650 2194 714 2214 vero
726 2186 818 2215 videns
832 2186 938 2215 demer-

149 2230 216 2264 εει-ιε
229 2231 256 2258 in
271 2230 434 2265 profundum
449 2232 573 2260 libidinis.
590 2233 661 2260 Talis
675 2233 771 2268 quippe
784 2238 826 2262 est
839 2234 935 2261 diaboli

150 2281 242 2310 Sagena
258 2285 266 2303 :
282 2284 335 2304 non
351 2284 398 2305 eos
410 2278 455 2313 qui
471 2278 496 2305 in
510 2286 605 2313 aquam
618 2279 801 2312 descendunt,
814 2280 860 2307 sed
877 2281 936 2307 illos

147 2324 231 2357 potius
246 2325 290 2359 qui
305 2332 410 2352 sursutn
424 2325 538 2358 sedent,
554 2334 632 2361 quam
648 2334 694 2353 eos
708 2327 753 2362 qui
768 2327 794 2354 in
807 2334 874 2361 aqua
891 2335 936 2354 vo-

147 2369 262 2406 lutantur
272 2391 279 2401 ,
294 2370 468 2406 submergere
481 2372 565 2405 solet,
581 2373 730 2407 smviusque
744 2372 855 2400 suﬂ‘ocat
867 2380 913 2400 eos
925 2393 934 2406 ,

143 2422 221 2449 quam
243 2415 411 2444 Pharaonem
424 2438 432 2450 ,
451 2417 496 2452 qui
516 2425 576 2445 cum
597 2419 672 2453 equis
689 2423 716 2445 et
737 2419 858 2446 curribus
873 2423 935 2447 tunc

143 2460 280 2489 demersus
293 2466 345 2499 est.
362 2462 398 2490 Et
410 2462 433 2490 si
446 2463 551 2497 quidem
564 2464 667 2491 animas
680 2463 770 2492 videre
784 2471 932 2499 possemus,

143 2506 271 2541 plurimas
285 2508 362 2535 vobis
376 2508 544 2536 ostenderem
561 2509 601 2536 his
615 2510 691 2545 aquis
710 2516 912 2545 supernatantes
925 2532 931 2543 ,

142 2553 208 2593 sicut
230 2558 293 2581 tunc
314 2554 502 2590 Egyptiorum
521 2562 642 2590 corpora.
667 2556 720 2584 Sed
739 2557 810 2593 quod
827 2559 933 2594 gravius

142 2603 196 2640 est,
213 2599 290 2627 talem
304 2600 450 2634 perniciem
466 2601 626 2636 voluptatem
640 2603 791 2638 appellant,
805 2609 832 2632 et
845 2605 932 2640 perdi-

142 2636 219 2672 tionis
241 2647 353 2681 pelagus
375 2646 560 2675 delectationis
579 2636 699 2684 euripum
721 2636 824 2678 vocant.
846 2636 930 2685 'Atqui

142 2689 238 2717 facilius
250 2696 291 2718 est
303 2691 428 2727 Egazum
443 2697 470 2719 et
484 2691 675 2728 Tyrrhenicum
690 2702 774 2728 mare,
789 2703 866 2730 quam
883 2696 931 2723 hn—

143 2734 248 2769 jusmodi
269 2737 455 2772 spectaculum
474 2741 530 2765 tuto
551 2739 683 2774 trajicere.
705 2740 769 2767 Natu
785 2742 869 2776 primo
884 2750 931 2776 per

143 2783 217 2810 lOIam
239 2781 354 2811 "noctem
385 2782 506 2810 diabolus
536 2784 573 2812 rei
604 2787 802 2820 exspectatione
828 2788 930 2814 animos

142 2832 301 2863 prmoccupat
314 2835 322 2856 :
333 2828 434 2856 deinde
448 2834 586 2864 postquam
602 2830 626 2858 id
640 2831 709 2866 quod
727 2834 930 2868 exspectabatur

1769 192 1802 219 80

1019 223 1142 258 ostendit,
1154 228 1241 254 statim
1252 227 1341 263 alligat
1352 231 1377 255 et
1388 230 1506 263 captivos
1515 231 1605 259 efﬁcit.
1617 233 1654 260 Ne
1666 234 1736 261 enim
1747 243 1807 269 quia

1016 277 1075 298 cum
1091 274 1230 300 meretrice
1243 281 1295 300 non
1309 274 1423 306 coivisti,
1436 280 1461 302 te
1477 281 1551 310 putes
1563 286 1576 302 a
1590 283 1699 312 peccato
1711 280 1806 307 immn-

1015 324 1075 344 nem
1088 325 1148 345 esse
1161 328 1167 345 :
1179 327 1210 346 ex
1227 320 1439 354 concupiscentia
1455 322 1552 357 quippe
1565 329 1648 351 totmn
1660 325 1804 359 perfecisti.

1014 361 1079 389 Nam
1098 366 1119 390 si
1138 364 1350 398 concupiscentia
1370 365 1506 399 detineris,
1527 368 1653 403 majorem
1669 369 1802 398 ﬂammam

1011 410 1173 441 accendisti;
1190 411 1229 438 sin
1245 417 1331 439 autem
1348 412 1404 439 huic
1416 413 1568 448 aspicienda
1584 413 1647 440 nihil
1663 413 1796 444 moveris.

1010 456 1103 491 majori
1118 457 1203 491 culpa:
1222 457 1351 485 obnoxius
1364 466 1393 485 es
1405 480 1412 490 ,
1434 458 1504 493 quod
1520 460 1622 486 c:eteris
1639 457 1799 486 oﬂ'endiculo

1009 501 1046 528 sis
1062 523 1069 535 ,
1085 507 1112 529 et
1133 502 1202 537 quod
1227 504 1385 538 spectaculis
1406 504 1511 531 illectus
1522 525 1528 536 ,
1545 509 1572 531 ct
1593 504 1684 531 oculos
1700 509 1759 531 tuus
1772 509 1798 532 et

1008 550 1069 574 ctnn
1084 548 1169 574 oculis
1185 548 1267 582 ipsam
1281 549 1396 576 animam
1410 550 1545 584 deturpe's.
1560 548 1657 577 Verum
1669 557 1702 576 ne
1715 550 1798 576 simus

1008 592 1188 628 increpatione
1210 594 1266 622 sola
1287 595 1423 627 contenti.
1455 603 1503 630 age
1525 595 1579 630 jam
1603 595 1797 623 emendationis

1007 640 1116 666 modum
1132 642 1324 675 perquiramus.
1346 642 1409 676 Quis
1424 650 1488 677 ergo
1503 643 1596 670 modus
1610 643 1680 670 erit?
1698 642 1796 670 Uxori-

1009 685 1057 713 bus
1070 688 1165 714 vestris
1178 695 1224 714 vos
1245 688 1349 716 tradere
1365 689 1424 716 volo
1436 710 1443 722 ,
1460 694 1487 716 ut
1509 690 1572 724 ipse
1594 697 1641 717 vos
1663 690 1795 717 erudiam.

1006 731 1151 765 Oportebat
1169 733 1275 767 quidem
1287 754 1293 766 ,
1310 735 1455 762 secundutn
1476 735 1551 762 Pauli
1566 736 1650 770 legem
1662 757 1670 769 ,
1686 744 1734 763 vos
1746 736 1796 763 do~

1006 782 1093 805 ctores
1114 780 1265 814 essetquia
1285 788 1349 807 vero
1369 789 1416 815 per
1436 787 1571 815 peccatum
1592 783 1712 810 inversus
1730 783 1795 809 ordo

1006 823 1064 856 fuit,
1081 829 1107 851 et
1120 832 1217 860 corpus
1230 827 1352 861 superius
1362 848 1368 859 ,
1385 832 1463 862 caput
1477 835 1541 854 vero
1557 827 1666 855 inferius
1680 829 1793 863 positum

1005 875 1055 903 est,
1068 870 1136 898 hanc
1147 872 1239 899 saltem
1252 873 1319 900 viam
1331 873 1488 908 deligamus.
1498 874 1572 907 Quod
1583 875 1605 901 si
1617 875 1793 909 magisterium

1006 917 1124 945 mulieris
1140 919 1275 947 erubescis
1288 941 1294 950 .
1310 920 1369 955 fuge
1383 925 1518 955 peccatum
1529 942 1536 953 ,
1551 926 1578 948 et
1590 921 1642 948 cito
1656 922 1754 956 poteris
1768 923 1793 948 in

1004 963 1101 990 solium
1121 972 1135 991 ιι
1158 965 1211 992 Deo
1231 966 1276 992 tibi
1295 965 1384 993 datum
1402 966 1555 994 ascendere.
1575 967 1704 1000 Quamdiu
1722 973 1794 995 certe

1005 1010 1166 1043 peccaveris,
1176 1018 1228 1038 non
1239 1011 1271 1038 ad
1284 1011 1407 1039 mulieres
1421 1016 1531 1044 tantum,
1541 1012 1588 1040 sed
1598 1013 1677 1040 etiam
1686 1013 1718 1040 ad
1730 1014 1794 1040 bru-

1005 1060 1090 1083 torum
1102 1058 1255 1084 animalium
1266 1058 1391 1085 vilissitna
1407 1062 1433 1086 te
1447 1058 1526 1085 mittit
1540 1059 1675 1094 Scriptura
1689 1069 1695 1086 :
1708 1067 1793 1095 neque

1003 1103 1135 1130 erubescit
1154 1103 1257 1131 ratione
1276 1104 1413 1138 pnrdilnm
1429 1104 1462 1131 ad
1480 1105 1616 1132 formicatn
1634 1106 1792 1141 discipulutn

1003 1149 1119 1176 mittere.
1130 1149 1219 1184 Neque
1230 1149 1335 1177 enimid
1345 1150 1487 1185 Scriptum
1496 1151 1571 1186 culpa
1581 1156 1631 1184 est,
1643 1152 1690 1179 sed
1700 1159 1791 1180 eorum

1002 1192 1046 1228 qui
1071 1195 1110 1222 sic
1131 1194 1294 1222 nobilitatem
1315 1196 1456 1230 prodidere
1475 1204 1562 1224 suam.
1587 1197 1642 1225 Hoc
1656 1204 1728 1226 certe
1745 1207 1791 1226 nos

1002 1236 1108 1276 quoque
1127 1241 1253 1269 faciemus
1270 1251 1276 1268 :
1290 1249 1321 1269 ac
1336 1249 1406 1270 nunc
1418 1243 1525 1278 quidem
1541 1249 1566 1271 te
1579 1245 1682 1272 mulieri
1704 1246 1790 1272 trade-

1003 1288 1113 1315 mus:si
1133 1292 1221 1315 autem
1239 1287 1305 1315 hanc
1329 1288 1498 1324 despexeris.
1523 1289 1555 1316 ad
1571 1289 1788 1318 irrationabilium

1003 1338 1028 1361 te
1040 1333 1220 1367 magisterium
1234 1334 1370 1361 mittemus
1381 1355 1388 1367 ,
1403 1338 1429 1362 et
1446 1336 1618 1363 ostendemus
1632 1341 1696 1371 quot
1710 1344 1789 1369 aves.

1000 1383 1066 1414 quot
1079 1379 1175 1413 pisces,
1189 1383 1254 1413 quot
1267 1379 1463 1414 quadrupedes,
1475 1385 1540 1415 quot
1554 1381 1656 1415 reptilia
1669 1383 1790 1411 animalia

1001 1429 1028 1452 te
1044 1424 1193 1452 honestiora
1208 1429 1235 1452 et
1248 1425 1453 1460 temperantiora
1472 1425 1619 1454 vidcantur.
1633 1427 1708 1461 Quod
1722 1429 1744 1456 si
1757 1428 1791 1456 do

1000 1470 1198 1505 comparatione
1213 1471 1372 1505 erubescas,
1386 1472 1500 1500 ascende
1515 1472 1547 1500 ad
1563 1473 1699 1507 pristinam
1715 1475 1789 1502 nubi-

998 1522 1110 1552 litatem,
1123 1528 1154 1547 ac
1160 1519 1290 1555 gehennm
1297 1519 1408 1554 pelagus
1415 1518 1579 1554 ﬂuviumque
1590 1518 1698 1555 igneum
1713 1519 1786 1554 fuge,

1000 1562 1074 1593 illam
1090 1566 1151 1593 dico
1166 1565 1297 1600 piscinam
1312 1565 1481 1593 theatralem.
1503 1565 1564 1593 llaec
1585 1565 1658 1593 enim
1683 1566 1786 1601 piscina

1002 1613 1114 1646 pelagus
1130 1610 1196 1637 illud
1215 1610 1264 1638 tibi
1282 1610 1419 1640 conciliat.
1435 1614 1463 1637 et
1479 1610 1553 1638 illam
1567 1610 1682 1638 ﬂamma:
1703 1611 1786 1645 abys-

1001 1665 1060 1684 squ
1080 1655 1219 1684 succendit

1035 1751 1060 1777 7.
1072 1749 1137 1777 Nam
1159 1748 1192 1781 si,
1208 1751 1258 1785 Qui
1277 1752 1378 1786 respicit
1403 1752 1531 1778 mulierem
1555 1752 1589 1778 nd
1608 1753 1788 1786 concupiscen-

998 1797 1069 1829 dum,
1087 1798 1145 1832 jam
1166 1799 1302 1824 nunt-Italus
1315 1803 1350 1825 est
1368 1798 1377 1832 (
1391 1798 1482 1825 Illalllt.
1494 1799 1520 1826 ὃ.
1535 1799 1571 1826 28
1584 1800 1609 1833 )z
1633 1799 1675 1834 qui
1691 1800 1788 1827 undam

996 1842 1106 1870 omnino
1121 1842 1254 1877 respicere
1267 1851 1318 1869 non
1334 1843 1444 1875 dubitat,
1461 1843 1593 1878 quomodo
1607 1851 1659 1871 non
1673 1852 1787 1872 sexcen-

998 1887 1047 1914 ties
1067 1887 1186 1922 captivus
1208 1887 1353 1915 efficietur?
1376 1888 1433 1915 Non
1459 1889 1493 1916 ita
1517 1889 1645 1916 diluvium
1670 1895 1788 1924 tempore

997 1932 1059 1959 Noae
1075 1933 1212 1960 hominum
1235 1941 1320 1969 genus
1344 1934 1467 1968 perdidit.
1485 1939 1512 1961 ιιι
1528 1935 1580 1963 illa:
1596 1940 1715 1963 natantes
1727 1943 1787 1963 cum

997 1979 1077 2006 multa
1102 1978 1265 2013 turpitudine
1288 1984 1452 2014 spectatores
1466 1987 1559 2007 omnes
1579 1981 1718 2008 suffocant.
1741 1981 1787 2008 llla

995 2026 1091 2059 quippe
1105 2024 1193 2059 pluvia
1209 2025 1313 2052 etiamsi
1327 2030 1439 2052 mortem
1454 2033 1594 2061 corporum
1606 2024 1725 2060 inferret,
1741 2035 1787 2054 ιιι)

995 2070 1103 2103 quitiam
1126 2075 1213 2097 tamen
1234 2071 1330 2097 anima:
1351 2070 1507 2098 auferebat:
1522 2071 1579 2098 htec
1601 2077 1705 2104 contra,
1729 2080 1786 2099 ma-

996 2121 1075 2143 ttente
1094 2124 1207 2151 corpore
1228 2117 1343 2144 animam
1366 2117 1503 2145 interimit.
1521 2118 1574 2145 Vos
1592 2124 1664 2146 certe
1679 2126 1738 2146 cum
1754 2120 1785 2147 de

999 2162 1083 2196 primo
1106 2170 1232 2196 consessu
1255 2163 1352 2198 agitur,
1368 2171 1416 2191 vos
1431 2167 1515 2190 totum
1529 2157 1620 2191 orbem
1637 2164 1785 2198 praecedere

994 2208 1163 2241 contenditis,
1179 2208 1304 2242 quoniam
1319 2209 1413 2236 civitas
1427 2214 1514 2237 vestra
1527 2209 1611 2244 prima
1622 2209 1782 2237 Christiano-

994 2262 1051 2280 rntn
1065 2262 1160 2282 nomen
1180 2254 1344 2291 adltibuit(a)
1355 2255 1422 2290 (Act.
1438 2256 1479 2283 ll.
1493 2255 1558 2290 26);
1574 2263 1633 2282 cum
1646 2260 1733 2283 autem
1751 2255 1785 2282 de

993 2300 1114 2328 castitate
1128 2301 1223 2335 agitur,
1250 2308 1284 2328 ne
1304 2301 1337 2328 ab
1357 2301 1546 2336 agrestioribus
1564 2301 1669 2336 quidem
1692 2301 1782 2328 civita-

994 2347 1063 2374 tilms
1076 2347 1196 2381 superari
1211 2347 1376 2375 erubescitis.
1392 2347 1470 2374 Certe
1485 2347 1588 2381 inquies
1604 2356 1610 2373 :
1626 2347 1688 2381 quid
1706 2347 1785 2381 igitur

993 2400 1039 2419 nos
1052 2392 1129 2427 jubes
1142 2393 1248 2420 facere?
1262 2401 1295 2420 an
1309 2397 1414 2420 montes
1427 2392 1584 2424 ascendere,
1601 2397 1628 2419 et
1640 2393 1784 2421 monachos

992 2439 1070 2466 esse?
1082 2438 1182 2466 idcirco
1195 2439 1310 2474 ingemo,
1325 2438 1394 2473 quod
1409 2438 1460 2466 illis
1474 2443 1574 2465 tantum
1587 2438 1743 2466 modestiam
1755 2445 1784 2468 et

991 2485 1138 2512 castitatem
1157 2489 1311 2520 competere
1329 2484 1437 2519 putetis,
1451 2484 1514 2512 licet
1526 2484 1648 2511 Christus
1659 2492 1781 2514 commu-

991 2537 1038 2557 nes
1051 2530 1123 2565 legcs
1137 2531 1264 2566 posuerit.
1280 2530 1345 2557 Nam
1358 2538 1418 2557 cum
1434 2530 1508 2563 dicit,
1525 2530 1555 2557 Si
1569 2530 1625 2565 qui:
1645 2531 1782 2565 respexerit

990 2577 1119 2604 mulierem
1140 2577 1174 2603 ad
1194 2575 1418 2611 concupiscendum
1431 2583 1486 2603 eam
1501 2575 1510 2611 (
1524 2575 1616 2602 Matth.
1630 2576 1656 2604 5.
1672 2576 1707 2604 28
1717 2577 1737 2611 ),
1751 2576 1780 2604 itl

990 2631 1042 2650 non
1063 2623 1193 2650 monacho
1207 2622 1280 2653 dicit,
1305 2621 1352 2649 sed
1372 2621 1535 2657 conjugato:
1558 2630 1618 2649 nam
1638 2629 1715 2650 mons
1737 2623 1778 2649 ille

990 2673 1052 2696 tunc
1080 2667 1230 2702 hujusmodi
1256 2667 1319 2695 viris
1344 2667 1462 2702 repletus
1485 2673 1553 2695 erat.
1579 2667 1670 2702 Cogita
1692 2668 1778 2703 itaque

984 2807 1200 2870 Sllflzglalpglimlitite
1209 2812 1310 2844 primum
1326 2820 1350 2839 ιη
1367 2814 1486 2841 Christum
1498 2819 1632 2845 credentes
1644 2821 1771 2850 Christiani
