2056 3130
242 149 270 177 ιη
600 140 625 169 S.
643 139 786 170 JOANNIS
804 141 1048 170 CHRYSOSTOMI
1066 139 1229 169 ARCHIEP.
1251 139 1526 170 CONSTANTINOP.
1826 144 1862 172 82

244 207 381 234 theatrum
398 206 477 240 illud,
491 206 584 235 ethoc
596 207 762 236 diabolicum
782 207 922 234 theatrum
941 211 1022 232 aver-

244 266 315 290 sare,
330 266 362 286 ac
374 259 431 286 noli
452 260 531 295 quasi
548 268 699 288 onerosum
718 261 832 295 culpare
855 265 1022 287 sermonem.

245 311 338 346 Neque
362 311 437 339 enim
460 312 597 347 prohibeo
622 312 751 347 nuptias,
776 319 829 340 nec
854 311 1024 345 voluptatem

246 371 357 398 prorsus
372 364 526 398 interdico;
551 365 599 393 sed
611 373 674 394 cum
692 365 818 394 castitate
835 364 862 392 id
884 364 945 392 ﬁeri
960 371 1025 399 per-

246 423 320 454 opto,
337 427 392 447 non
407 427 469 447 cum
484 420 598 455 probro,
607 420 688 455 culpa
701 423 730 448 et
741 420 879 448 sexcentis
892 418 1024 446 reatibus.

248 471 305 500 Non
320 473 451 508 praecipio
463 478 572 502 montes
585 479 614 502 et
629 474 796 502 solitudines
811 473 906 506 adire,
917 472 965 500 sed
980 472 1028 499 be-

248 525 360 561 nignum
374 534 446 559 esse,
461 527 618 555 modestum
631 532 660 556 et
670 533 779 555 castum
790 534 866 560 eum,
879 526 927 562 qui
937 526 1029 554 media

249 586 276 605 tn
301 579 370 607 urbe
387 579 505 608 habitat.
525 580 627 608 Omnes
650 580 752 616 quippe
771 580 848 615 leges
869 587 1030 607 communes

250 636 313 659 sunt
326 632 406 660 nobis
419 640 481 660 cum
501 633 654 667 monachis,
677 641 734 661 uno
753 637 869 668 excepto
881 632 1030 668 coningio;

251 691 306 711 tmo
323 684 406 712 etiam
429 684 481 712 hac
497 685 526 712 in
542 693 572 713 re
595 686 756 722 conjugatos
773 686 828 713 illis
842 685 948 713 similes
970 692 1031 712 esse

252 736 327 770 iubet
339 737 439 766 Paulus
459 746 466 765 :
488 737 612 766 Praeterit
629 739 701 766 enim
710 738 799 774 ﬁgura
824 739 904 774 hujus
927 739 1031 771 mundi,

253 793 279 816 ut
307 793 332 816 et
360 791 405 825 qui
430 791 527 819 habent
555 800 650 819 uxores
676 796 806 828 tanquam
835 800 888 819 non
908 791 1032 820 habentes

253 843 306 870 sint
321 844 330 879 (
346 844 360 870 1
378 843 438 872 Cor.
463 845 490 872 7.
505 845 563 882 29).
579 845 675 882 Itaque
691 866 699 879 ,
715 846 764 879 ait,
791 853 846 874 non
872 845 959 882 iubeo
986 851 1036 872 vos

254 895 389 924 montium
404 898 546 925 cacumina
562 905 699 934 occupare
717 909 724 927 :
740 898 767 926 id
790 899 892 927 vellem
910 897 1034 934 quidem,

256 947 323 983 quia
339 949 424 977 nrbes
448 950 652 980 Sodomitarurn
668 951 784 980 crimina
806 952 969 985 imitantur;
995 954 1038 978 at-

256 1004 348 1030 tamen
361 1002 395 1030 ad
411 1003 439 1031 id
455 1012 512 1032 non
529 1013 608 1041 cogo.
621 1006 756 1034 Permane
776 1005 805 1033 in
818 1004 900 1033 domo
914 1010 960 1033 tua
975 1012 1037 1032 curn

256 1054 351 1083 liberis
364 1060 393 1083 et
407 1064 507 1090 uxore;
528 1057 577 1086 sed
603 1066 639 1086 ne
661 1058 828 1087 contumelia
844 1065 958 1086 uxorem
979 1057 1040 1085 al‘ii-

257 1107 331 1140 cias,
355 1116 444 1145 neque
464 1109 537 1139 ﬁlios
556 1111 703 1144 traducas,
726 1119 818 1147 neque
844 1111 946 1140 theatri
965 1111 1039 1139 luem

258 1159 369 1188 domum
385 1161 514 1190 inducas.
541 1163 602 1192 Non
635 1164 716 1194 audis
741 1164 858 1193 Paulum
876 1164 1014 1193 dicentem
1029 1183 1039 1198 ,

260 1212 303 1240 Vir
320 1215 363 1242 sui
382 1217 501 1252 corporis
523 1220 679 1252 potestatem
701 1225 754 1246 non
779 1218 867 1252 habet,
882 1217 933 1245 sed‘
943 1217 1041 1245 mulier

259 1267 269 1303 (
284 1267 310 1295 ί.
326 1267 387 1297 Cor.
406 1270 434 1297 7.
447 1269 486 1306 Δ),
505 1278 538 1297 ac
554 1278 716 1299 communes
736 1272 848 1307 utrique
868 1271 944 1307 leges
957 1271 1041 1300 indu-

260 1321 390 1349 centem?
414 1322 456 1349 Tu
479 1331 557 1357 vero,
578 1324 601 1352 si
618 1325 763 1352 ecclesiam
781 1332 851 1352 uxor
871 1325 1042 1360 frequentet,

260 1374 348 1409 gravis
367 1379 512 1403 accusator
525 1384 573 1409 es;
595 1380 625 1405 tu
642 1377 665 1405 si
683 1377 710 1405 in
727 1377 845 1406 theatris
859 1378 920 1406 dies
936 1378 1042 1413 exigas,

262 1434 315 1455 non
331 1431 358 1456 te
377 1429 546 1464 culpandum
563 1431 660 1466 putas?
676 1430 730 1459 Sed
750 1431 785 1459 de
804 1431 899 1460 uxoris
915 1432 1042 1460 castitate

262 1480 405 1514 sollicitus,
425 1481 520 1510 hacin
539 1490 568 1510 re
588 1483 755 1518 superﬂuam
776 1483 1043 1520 immoderatamque

263 1540 356 1560 curam
372 1533 499 1568 adhibes,
517 1535 556 1563 ita
572 1540 603 1564 ut
616 1544 651 1564 ne
666 1536 779 1571 quidem
799 1537 972 1566 necessarios
985 1538 1044 1565 exi-

1076 206 1121 229 tus
1133 201 1161 230 ei
1175 200 1322 238 permittas
1338 210 1346 229 :
1363 202 1413 230 tibi
1427 209 1495 230 vero
1512 200 1606 229 omnia
1619 201 1704 229 licere
1717 204 1809 236 putas.
1823 202 1860 230 Δι

1076 255 1128 283 tibi
1153 256 1207 283 hoc
1229 262 1286 283 non
1308 255 1446 290 permittit
1467 255 1580 286 Paulus,
1602 254 1650 289 qui
1673 253 1798 281 eamdem
1815 254 1862 282 dat

1077 309 1156 336 uxori
1180 312 1345 344 potestatem
1373 307 1418 334 his
1443 307 1536 334 verbis
1559 305 1665 333 :Umori
1685 306 1726 332 uir
1747 305 1862 332 debitum

1078 362 1202 388 honorent
1222 361 1315 388 reddat
1332 360 1371 396 (i.
1388 359 1448 388 Cor.
1465 359 1492 386 7.
1506 358 1545 394 5).
1570 358 1674 393 Ecquis
1696 357 1742 385 ille
1761 357 1864 390 honor,

1079 415 1145 442 dum
1158 414 1232 442 illam
1248 414 1276 441 in
1292 421 1323 440 re
1337 413 1477 448 praecipua
1491 411 1669 444 debonestas,
1680 411 1746 438 dum
1761 417 1864 445 corpus

1080 468 1141 504 ejus
1156 467 1352 495 meretricibus
1364 465 1470 494 tradis?
1485 465 1560 501 (nam
1576 472 1677 499 corpus
1689 463 1867 499 tuumipsius

1080 520 1163 556 est;)
1179 520 1245 548 dum
1263 520 1363 548 turbas
1378 523 1408 547 et
1419 518 1484 546 lites
1505 518 1621 545 domum
1642 517 1771 545 inducis?
1797 516 1864 544 dum

1082 574 1147 601 talia
1161 573 1220 609 agis
1234 573 1262 601 in
1277 573 1350 604 foro,
1363 580 1424 608 quae
1437 579 1500 599 cum
1523 571 1598 598 domi
1618 577 1725 602 narras,
1748 569 1782 596 ad
1798 576 1866 596 eru-

1082 626 1252 654 bescendum
1279 626 1355 660 cogis
1369 631 1481 652 uxorem
1507 623 1667 651 audientem
1682 642 1690 654 ,
1711 625 1740 649 et
1760 620 1866 656 pudore

1084 680 1223 708 sutiundis
1243 679 1327 706 ﬁliam
1342 681 1507 714 praesentem
1523 696 1531 710 ,
1558 681 1640 711 atque
1666 679 1729 703 ante
1748 675 1809 702 illas
1827 679 1868 702 te-

1085 734 1194 770 ipsum?
1211 733 1328 761 Necesse
1337 732 1411 759 enim
1422 735 1465 758 est
1479 735 1528 758 aut
1543 734 1645 762 tacere,
1660 733 1708 756 aut
1720 728 1773 755 hoc
1787 727 1869 755 modo

1086 786 1275 819 dehonestari,
1292 793 1342 821 pro
1351 785 1453 820 quibus
1467 783 1552 812 rebus
1567 783 1612 811 vel
1625 782 1791 810 domesticos
1804 788 1870 808 ver-

1087 842 1202 870 beribus
1213 841 1303 876 excipi
1321 848 1372 876 par
1394 843 1449 867 est.
1467 838 1555 872 Quam
1574 837 1675 873 igitur,
1700 842 1804 870 quaeso,
1821 841 1873 862 ex-

1088 894 1260 922 cusationem
1273 891 1400 925 habebis,
1423 890 1490 919 dum
1505 897 1536 918 ea
1555 893 1631 917 tanto
1655 887 1748 916 studio
1762 886 1872 922 conspi—

1087 948 1137 981 cis,
1154 955 1216 982 quar.
1227 953 1263 974 ne
1274 952 1388 973 narrare
1403 943 1517 980 quidem
1531 942 1572 970 fas
1588 941 1654 970 est?
1677 940 1743 974 Quae
1763 947 1799 967 ne
1815 946 1875 966 me-

1087 1007 1197 1028 morare
1214 998 1326 1035 quidem
1340 997 1417 1030 licet,
1427 1005 1462 1025 ea
1476 995 1605 1024 omnibus
1617 993 1784 1029 anteponis?
1797 992 1873 1019 lnte-

1088 1054 1141 1082 rim
1158 1053 1243 1089 igitur
1258 1072 1266 1085 ,
1285 1059 1322 1079 ne
1340 1050 1392 1078 sim
1408 1049 1564 1082 onerosior,
1585 1048 1631 1075 hic
1644 1047 1727 1075 tinem
1742 1044 1876 1080 loquendi

1087 1107 1198 1135 faciam.
1214 1105 1242 1134 Si
1257 1108 1350 1132 autem
1363 1103 1462 1131 iisdem
1478 1098 1648 1137 persistatis,
1663 1097 1788 1126 acutiore
1800 1096 1878 1124 ferro

1088 1160 1255 1198 profundius
1270 1158 1372 1186 vulnus
1382 1156 1503 1191 intligam
1518 1162 1525 1181 :
1539 1160 1630 1188 neque
1647 1150 1774 1183 cessabo,
1786 1150 1875 1178 donec

1089 1213 1223 1248 dissipato
1248 1211 1297 1240 illo
1311 1209 1448 1238 diabolico
1473 1208 1582 1234 theatro
1595 1226 1602 1239 ,
1631 1211 1732 1240 purum
1745 1202 1879 1231 Ecclesia

1090 1271 1190 1296 coetum
1206 1265 1338 1294 eﬂ‘ecero.
1361 1263 1402 1291 Ita
1425 1261 1500 1290 enim
1520 1268 1535 1288 a
1553 1257 1683 1295 praesenti
1704 1254 1879 1291 turpitudine

1089 1320 1283 1352 liberabimur,
1299 1322 1328 1346 et
1342 1317 1463 1344 futuram
1482 1318 1686 1348 consequemur
1704 1310 1801 1340 vitam,
1813 1315 1878 1343 gra-

1092 1375 1130 1403 tia
1159 1377 1189 1402 et
1218 1370 1411 1400 misericordia
1450 1366 1559 1396 Domini
1580 1364 1669 1393 nostri
1699 1363 1764 1392 Jesu
1795 1360 1880 1388 Chri-

1091 1428 1138 1460 sti,
1158 1427 1203 1454 cui
1217 1425 1303 1462 gloria
1323 1428 1352 1452 et
1371 1421 1516 1458 imperium
1543 1419 1572 1448 in
1590 1416 1690 1446 saecula
1703 1414 1878 1444 saeculorum.

1094 1481 1194 1509 Amen.

281 2166 1888 2197 ____________________.___——-

942 2298 1115 2330 HOMILIA
1141 2296 1223 2327 Vill.

274 2439 338 2467 CAP.
353 2439 386 2466 ll.
404 2445 432 2464 ν.
445 2438 490 2465 H.
515 2436 551 2465 Et
571 2436 702 2463 intrantes
716 2434 835 2466 domum,
854 2431 975 2460 viderunt
993 2437 1058 2465 pue-

311 2500 370 2518 rum
384 2500 444 2518 cum
453 2490 542 2518 Maria
559 2494 644 2517 matre
655 2489 727 2524 ejus;
740 2491 765 2514 et
777 2486 941 2523 prouidente;
960 2483 1059 2511 adora-

313 2549 408 2572 uerunt
433 2552 517 2571 eum:
545 2547 568 2569 et
590 2542 689 2578 apertis
710 2540 841 2568 thesauris
862 2537 1012 2565 obtuierunt
1036 2537 1061 2563 ei

313 2605 437 2629 munera,
458 2605 565 2629 aurum,
585 2596 644 2623 thus
662 2598 687 2622 et
699 2595 837 2630 myrrham
855 2592 894 2629 (a)

315 2659 336 2687 1.
355 2659 440 2694 Magia
454 2658 518 2693 quid
541 2657 636 2690 suasit,
653 2659 682 2683 ut
699 2655 832 2683 Christum
853 2653 1010 2685 adorarent,
1033 2651 1062 2678 in

314 2748 349 2780 (a)
360 2747 508 2780 Longiorem
525 2745 565 2770 hic
577 2743 677 2780 titulum
691 2742 766 2768 habet
781 2739 1063 2780 Hor-elli‘quamhsﬂarllll,

282 2769 625 2835 :3a3‘3mmm1’nm
645 2775 698 2800 hac
716 2780 766 2799 non
785 2769 934 2803 repetuntur
954 2771 1016 2795 lnl'ra
1037 2769 1064 2795 in

1113 2429 1190 2452 tanta
1211 2424 1302 2458 inopia
1329 2424 1434 2450 natum.
1462 2419 1517 2455 Ipsi
1543 2418 1674 2447 Christum
1690 2420 1720 2444 ut
1744 2415 1828 2442 Deum
1850 2414 1902 2442 Ita-

1113 2479 1284 2506 buerunt.—
1303 2473 1449 2509 Quomodo
1474 2480 1539 2508 ergo
1568 2471 1608 2498 ait
1635 2470 1746 2502 Lucas,
1770 2467 1844 2503 quod
1869 2466 1903 2494 in

1112 2530 1247 2568 praesepio
1272 2529 1381 2565 positus
1406 2531 1480 2555 esset
1510 2525 1585 2561 (Luc.
1611 2524 1639 2552 2.
1661 2522 1723 2558 7.)?
1744 2521 1815 2555 Quia
1845 2524 1902 2548 sta-

1115 2585 1163 2613 tim
1183 2588 1265 2618 atque
1282 2584 1430 2617 pepererat
1443 2587 1507 2607 eum
1534 2578 1569 2605 ibi
1583 2575 1736 2605 reclinavit.
1754 2573 1903 2602 Conﬂuen—

1115 2638 1191 2666 tibus
1219 2636 1293 2664 enim
1318 2634 1353 2662 ad
1386 2640 1499 2661 censum
1532 2630 1653 2663 ludatis,
1692 2627 1769 2655 nulla
1793 2630 1903 2662 poterat

1117 2687 1235 2725 reperiri
1264 2687 1364 2715 domus
1378 2694 1385 2713 :
1408 2684 1482 2721 quod
1491 2683 1575 2712 etiam
1587 2681 1678 2709 Lucas
1691 2678 1829 2714 signiﬁcat
1839 2685 1906 2706 cum

1119 2741 1169 2774 ait,
1191 2740 1260 2773 Quia
1279 2747 1333 2767 non
1358 2742 1416 2765 erat
1439 2736 1526 2768 locus,
1546 2733 1685 2761 reclinauit
1706 2730 1793 2758 illum.
1814 2728 1892 2764 (Ibid.

1118 2794 1219 2821 Postea
1241 2799 1309 2819 vero
1337 2789 1450 2818 sustulit
1471 2792 1500 2815 et
1527 2793 1609 2822 supra
1633 2790 1725 2820 genus
1749 2779 1897 2809 collocauit
