2073 3127
138 159 185 205 ἐδ
725 162 758 189 IN
777 157 991 188 nummum
1005 157 1121 185 IIOMIL.
1144 155 1208 184 vni.

148 235 209 265 Nam
216 232 307 261 statim
313 235 399 267 atque
407 229 433 256 iu
443 226 600 256 Betltleltent
608 221 737 259 pervettit,
746 219 827 246 ﬁliutu
835 216 950 267 peperit,
968 225 970 227 τ

149 287 175 310 ut
189 281 250 308 hinc
260 262 471 306 totam-ediscas
481 270 669 302 (eeouomiztm,
683 271 711 294 et
721 273 774 293 non
784 271 848 292 casu
858 267 885 290 et
893 262 952 289 sine

150 307 258 356 consilio
269 329 365 360 gesta,
379 322 427 350 sed
442 328 491 356 per
507 315 699 354 providentiam
711 310 862 360 quamdam
882 307 953 336 divi-

150 355 208 401 nam
223 379 254 398 ac
268 355 426 397 secundum
442 355 589 401 prophetia:
600 361 695 389 seriem
710 357 818 392 impleta
829 355 887 382 hmo
894 361 954 381 om-

205 417 300 444 fuisse.
318 414 424 441 Verum
443 399 510 446 quid
535 409 594 436 illos
610 406 642 433 ad
658 411 768 440 puerum
790 399 955 428 adorandttm

151 463 270 493 induxit?
284 461 385 496 Neque
395 458 470 485 enim
482 455 563 490 Virgo
582 452 685 487 insigne
699 448 844 496 quidpiam.
858 452 914 496 pra:
927 451 958 496 se

152 510 264 541 terebat,
279 491 375 542 neque
389 505 486 533 donuts
499 500 637 536 magniﬁca
653 501 721 528 erat,
737 501 824 530 neque
839 492 897 520 istic
909 491 959 518 ali-

231 535 308 582 aliud
325 535 398 583 erat,
417 548 490 585 quod
505 535 595 582 posset
614 544 675 571 illos
695 541 737 569 vel
759 535 962 592 pereellqrelvel

155 583 276 630 allicere.
294 598 337 625 Illi
355 583 488 624 veroVuou
501 591 581 620 modo
593 589 716 619 adorant,
731 585 778 614 sed
793 583 894 619 apertis
904 583 962 609 tlte-

156 647 245 677 sauris
264 645 325 673 suis
342 649 458 671 munera
478 640 603 669 oll'erunt,
628 641 738 663 munera
762 633 883 667 inquam,
909 635 964 657 non

158 675 234 730 quasi
249 690 372 722 homini,
387 688 436 716 sed
450 678 525 723 inlusi
541 684 606 711 Deo.
626 681 699 708 Thus
718 679 790 707 enim
810 681 839 704 et
853 675 962 730 myrrha

160 721 208 769 Boi
223 737 349 766 maxime
360 721 511 770 symbolum
525 733 592 758 erat.
607 725 677 761 Quid
690 725 769 760 igitur
779 723 830 751 hoc
843 721 895 749 illis
903 727 966 748 sua-

161 767 213 814 sit?
228 783 357 818 ldipsum
370 767 441 814 quod
454 775 579 805 excitavit
591 773 661 805 illos,
674 775 703 798 ttt
714 769 808 797 relicta
822 767 902 795 domo
911 769 976 816 tam

326 810 514 860 susciperent:
531 819 658 848 nimirum
678 815 755 844 stella
779 818 807 841 et
826 810 970 841 illustratio

164 877 266 906 mentis
279 884 296 903 a
313 876 374 903 Deo
388 874 454 910 ipsis
468 872 568 903 indita;
582 877 640 906 qum
655 867 782 904 paulatim
795 865 856 893 illos
865 864 898 892 ad
909 872 970 900 per-

166 925 309 952 tectiorem
326 922 450 950 notitiam
463 917 585 947 deduxit.
609 915 665 944 Nisi
678 914 750 942 enim
768 919 812 940 res
826 912 862 952 ita
877 918 906 939 se
921 911 971 938 ha-

168 972 257 1003 beret,
275 976 342 997 cttm
357 967 450 995 omnia
461 973 521 1001 quae
534 964 594 991 istic
611 961 770 989 videbantur
792 958 855 986 vilia
869 961 970 989 essent,

169 1017 263 1044 uonei
286 1020 395 1042 tantum
417 1011 601 1040 exhibuissent
626 1009 767 1036 honorem.
793 1004 857 1033 ldeo
882 1007 978 1031 autem.

171 1064 237 1091 nihil
247 1070 349 1091 eorum
358 1068 419 1096 qua:
433 1059 483 1087 sub
495 1064 603 1085 sensum
612 1055 710 1082 cadunt
721 1053 757 1081 ibi
771 1058 895 1086 magnum
904 1054 978 1083 erat,

171 1109 219 1136 sed
234 1115 377 1143 praesepe,
391 1103 534 1139 tugurium,
549 1107 634 1130 mater
655 1101 743 1135 inops,
757 1102 785 1125 ut
797 1097 895 1125 nudam
914 1103 973 1123 ma-

172 1163 268 1190 gorum
284 1152 484 1189 philosophiam
493 1149 648 1185 perspicias,
663 1151 743 1181 atque
756 1145 855 1177 discas,
863 1150 911 1171 eos
920 1149 973 1169 non

173 1188 202 1229 ut
216 1188 361 1228 hominem
375 1205 482 1233 purum,
495 1195 542 1223 sed
555 1199 583 1222 ut
592 1194 675 1221 Deum
688 1197 715 1220 et
727 1190 877 1218 beneﬁcum
887 1188 974 1223 ipsum

173 1248 286 1275 adiisse.
299 1246 473 1280 Quapropter
485 1242 558 1270 nullo
570 1248 663 1269 eorum
677 1247 736 1274 qute
750 1238 918 1268 extrinsecus
933 1235 974 1262 vi-

175 1294 312 1322 debantur
326 1292 422 1320 ol‘l‘cnsi
445 1296 517 1323 suttt,
531 1290 578 1318 sed
592 1289 736 1317 adorarunt
748 1290 776 1314 et
788 1285 856 1313 dona
870 1283 979 1312 obtule-'

175 1344 248 1369 runt.
264 1347 328 1374 qua:
342 1339 411 1366 dona
426 1338 538 1365 multum
557 1344 572 1363 a
593 1335 703 1363 Iudaica
725 1333 847 1362 crassitie
867 1330 976 1358 dili'ere-

179 1385 254 1412 bant.
268 1384 366 1419 Neque
381 1384 452 1411 enim
475 1389 538 1410 oves
563 1386 590 1409 et
613 1380 710 1407 vitulos
733 1378 915 1410 immolarunt,
929 1375 977 1404 sed

178 1439 238 1466 qua:
251 1429 446 1457 ecclesiasticae
457 1427 633 1463 philosophiae
642 1426 727 1452 vicina
742 1428 835 1452 erant:
847 1421 977 1457 siquidem

179 1476 336 1508 scientiam,
348 1474 527 1503 obedientiam
540 1478 568 1501 et
578 1472 747 1500 dilectionem
758 1470 809 1505 ipsi
818 1468 977 1497 offerebant.

182 1522 227 1550 η.
240 1522 277 1549 Et
291 1529 416 1556 responso
428 1526 531 1556 accepto
544 1521 572 1546 in
585 1519 690 1549 somnis,
706 1526 737 1545 ne
751 1516 861 1544 redirent
874 1515 908 1542 ad
922 1513 978 1541 lle-

182 1569 283 1601 rodem,
302 1576 349 1603 per
361 1567 439 1595 aliam
449 1567 517 1593 viam
531 1565 623 1593 reversi
641 1569 700 1591 sunt
716 1563 743 1590 in
755 1562 881 1597 regionem
895 1567 978 1588 mm.

184 1615 233 1643 llic
244 1614 312 1642 mihi
326 1614 387 1641 vide
402 1613 481 1640 ﬁdem
493 1613 621 1647 ipsorum,
633 1609 767 1645 quomodo
776 1616 830 1636 non
842 1606 981 1634 olfendan-

185 1666 239 1693 tur,
252 1660 301 1688 Sed
316 1660 370 1687 sint
384 1659 467 1694 quieti
481 1662 509 1686 et
522 1658 746 1691 obtemperantes,
762 1661 848 1689 neque
870 1652 982 1680 turben-

185 1712 238 1739 tur,
255 1714 345 1741 neqtte
359 1705 422 1732 talia
445 1708 538 1732 mutuo
560 1703 719 1737 loquantur:
732 1700 803 1728 Sane
825 1700 846 1727 si
871 1705 982 1732 magnus

187 1753 231 1781 hic
244 1760 315 1789 puer
326 1756 377 1783 est,
393 1755 421 1779 et
432 1751 455 1778 si
473 1757 552 1785 quam
568 1748 649 1776 habet
668 1747 824 1782 potentiam,
839 1744 902 1779 quid
915 1749 983 1778 opus

187 1802 246 1835 fuga
261 1804 289 1826 et
303 1798 409 1826 occulto
422 1795 558 1825 discessu?
572 1803 620 1823 cur
644 1801 708 1822 vero
729 1799 778 1820 nos
794 1791 840 1826 qui
855 1790 941 1826 palam
955 1793 983 1816 et

188 1853 249 1872 cum
261 1844 358 1872 ﬁducia
369 1843 531 1871 accessimus
543 1841 575 1869 ad
589 1840 716 1877 populum
730 1842 842 1869 tantum,
854 1841 881 1864 et
891 1841 983 1863 coram

189 1890 299 1918 furente
308 1897 371 1924 rege
385 1889 521 1919 stetimus,
537 1886 613 1922 quasi
631 1885 757 1920 fugitivos
777 1891 810 1910 ex
823 1881 929 1909 civitate
942 1879 984 1907 di-

192 1936 272 1963 mittit
284 1933 413 1969 angelus?
426 1933 461 1960 At
475 1932 540 1960 nihil
557 1931 610 1958 tale
623 1930 665 1958 vel
680 1929 804 1957 dixerunt
817 1926 859 1954 vel
880 1925 983 1961 cogita-

191 1987 262 2010 runt.
278 1980 345 2008 Illud
359 1980 431 2008 enim
451 1978 572 2006 maxime
583 1977 617 2005 ad
629 1975 708 2004 fidem
730 1974 856 2010 pertinet,
872 1976 902 1999 ut
914 1970 984 1998 nulla

191 2029 375 2055 mandatorum
392 2027 459 2053 ratio
474 2025 636 2059 exquiratur,
650 2023 696 2050 sed
707 2022 789 2057 jussis
804 2025 905 2048 tantum
919 2019 980 2048 obe-

191 2076 289 2102 diatur.
304 2074 347 2101 l5.
365 2073 416 2106 Qui
431 2079 488 2099 cum
501 2071 631 2102 abiissent,
642 2077 698 2096 ecce
711 2068 814 2103 angelus
822 2066 925 2094 Domini
934 2075 983 2101 ap-

193 2121 276 2155 paruit
295 2120 322 2146 in
342 2118 437 2146 somnia
451 2117 558 2152 Joseph,
571 2116 675 2142 dicens:
690 2114 774 2149 Surge
785 2118 808 2141 et
823 2113 910 2149 accipe
924 2120 985 2147 pue-

193 2175 248 2192 rum
261 2171 285 2192 et
299 2170 405 2191 matrem
418 2164 483 2199 ejus,
496 2167 518 2190 el
531 2163 590 2198 fuge
602 2162 629 2188 in
643 2160 797 2195 ngyptum.
812 2158 862 2186 llic
874 2157 948 2185 subit
957 2157 984 2184 in

195 2218 310 2240 tuentem
324 2211 446 2247 quzndam
460 2209 590 2237 dubitatio
604 2208 676 2235 circa
687 2213 790 2241 magos,
802 2209 829 2232 et
838 2205 908 2233 circa
917 2211 986 2240 pue-

196 2268 264 2287 rum.
280 2259 337 2286 Etsi
351 2257 423 2285 eniut
439 2257 477 2284 illi
492 2255 588 2282 turbati
603 2261 656 2281 non
670 2252 733 2284 sint,
746 2252 792 2280 sed
806 2251 919 2279 ﬁdeliter
929 2257 988 2278 om-

197 2305 238 2332 uia
251 2303 430 2338 susceperint,
447 2301 525 2328 nobis
546 2305 634 2327 tamen
653 2297 826 2334 quaerendum
846 2295 984 2327 incumbit,

196 2359 244 2378 cur
258 2358 310 2377 nou
325 2355 351 2377 et
366 2349 403 2375 illi
419 2352 447 2376 et
465 2354 532 2382 puer
550 2349 698 2381 praesentes
717 2347 871 2374 servantur;
887 2341 935 2369 sed
949 2340 988 2368 illi

198 2398 224 2424 in
241 2396 388 2427 Persidem,
406 2394 450 2421 hic
465 2394 492 2420 in
509 2392 655 2427 Egyptum
678 2398 739 2418 cum
763 2393 849 2416 matre
871 2387 985 2423 fugatur.

197 2443 250 2472 Sed
265 2442 347 2478 quid?
360 2449 394 2468 an
414 2439 555 2475 oportebat
567 2437 640 2466 illum
655 2436 772 2464 incidere
786 2436 812 2463 in
825 2441 920 2461 manus
933 2433 988 2460 He-

199 2491 280 2523 fodis,
296 2494 323 2517 et
336 2494 444 2523 captum
461 2493 514 2513 non
528 2484 659 2513 interﬁci?
674 2484 708 2511 At
721 2490 772 2510 uou
793 2485 911 2517 putatum
926 2480 990 2506 fuis-

200 2542 241 2564 set
255 2537 339 2571 ipsum
355 2533 492 2569 accepisse
513 2538 632 2565 carnem,
649 2537 734 2564 neque
756 2527 912 2556 oeconomiae
931 2533 990 2553 ma-

200 2582 308 2619 gnitudo
322 2581 424 2609 credita
444 2579 547 2606 fuisset.
570 2577 636 2605 Nam
659 2576 681 2603 si
701 2575 742 2602 his
762 2575 796 2601 ita
810 2573 902 2609 gestis,
916 2576 990 2607 post-

201 2637 277 2664 quam
291 2627 375 2655 multa
390 2626 508 2653 humano
521 2623 600 2651 modo
620 2622 772 2657 dispensata
794 2625 866 2653 sum,
882 2618 990 2654 quidam

203 2663 289 2702 dicere
302 2673 359 2701 ausi
374 2676 438 2700 sunt
450 2670 538 2698 carnis
556 2668 765 2702 assumptionem
788 2673 848 2693 esse
863 2663 990 2697 fabulam,

204 2730 254 2755 quo
268 2718 415 2756 impietatis
429 2725 483 2745 non
497 2715 689 2751 prorupissent,
701 2713 723 2740 si
738 2711 825 2739 omnia
838 2710 928 2738 divino
935 2717 992 2736 mo-

204 2769 239 2796 do
249 2772 277 2795 et
289 2766 436 2795 secundum
448 2771 523 2791 suam
536 2761 680 2798 potentiam
701 2758 824 2787 fecisset?
843 2757 932 2792 Magos
943 2763 992 2783 au-

206 2821 257 2843 tem
272 2814 399 2843 celeriter
414 2811 523 2844 emittit,
537 2808 615 2837 simul
629 2808 753 2836 doctores
769 2805 877 2832 mittens
893 2805 918 2831 in
931 2803 993 2831 Pcr-

205 2870 292 2891 sarutn
308 2861 458 2896 regionem,
473 2861 500 2886 et
513 2855 618 2893 tyranni
639 2855 754 2882 furorem
778 2855 949 2888 prxvcrtcns,
965 2853 993 2877 ut

1757 137 1798 166 88

1010 217 1152 246 edisceret,
1166 219 1196 239 se
1208 216 1252 238 res
1264 213 1323 243 qua:
1334 203 1391 232 ﬁeri
1405 209 1458 230 non
1470 203 1578 235 posmnt
1590 195 1707 233 aggredi.
1719 195 1798 222 iram-

1011 270 1063 299 que
1076 261 1134 296 ejus
1146 240 1264 289 sedaret,
1274 240 1306 281 et
1315 261 1330 280 a
1342 258 1410 278 vano
1420 248 1512 276 labore
1525 244 1683 295 retraheret.
1695 241 1734 268 Ad
1743 240 1800 299 ejus

1012 286 1245 341 elnim‘potentiam
1257 286 1393 335 pertinet,
1414 302 1468 323 non
1484 292 1564 320 modo
1579 289 1700 317 inimicos
1715 286 1801 321 palam
1818 302 1820 305 μ

1013 333 1166 390 prodigam,
1177 349 1225 376 sed
1239 333 1319 375 etiam
1342 338 1414 378 ipsos
1434 339 1510 368 facile
1524 337 1658 370 decipere.
1675 333 1721 362 Sic
1732 333 1804 360 enim

1015 384 1154 435 iﬁgyptios
1170 396 1197 423 in
1212 393 1365 422 Judatorum
1378 387 1489 424 gratiam
1501 384 1616 418 decepit,
1631 386 1657 408 et
1670 387 1730 408 cum
1745 384 1806 412 pos-

1016 428 1063 475 se:
1065 428 1170 472 illorum
1179 440 1284 469 divitias
1297 438 1323 464 in
1335 442 1428 463 tuanus
1438 432 1609 460 Hebraeorum
1624 428 1709 463 palam
1720 429 1807 453 trans-

1015 487 1095 518 ferre,
1117 485 1186 512 clam
1199 483 1225 510 id
1238 488 1265 510 et
1278 489 1338 509 cum
1353 481 1449 508 astutia
1465 480 1521 507 ﬁeri
1535 479 1610 514 jubet
1626 485 1633 503 :
1651 477 1675 504 id
1691 476 1760 510 quod
1773 476 1805 502 il-

1015 533 1071 560 lum
1085 539 1139 559 non
1145 531 1234 559 minus
1245 527 1439 557 formidabilem
1454 526 1573 554 hostibus
1582 523 1718 554 reddebat,
1727 529 1806 558 quam
1821 535 1823 540 η

1015 579 1066 605 alia
1082 577 1168 611 signa.

1051 624 1079 651 2.
1099 622 1244 650 Potentiam
1255 620 1301 648 Dei
1313 628 1340 647 ιη
1350 617 1503 654 decipiendis
1516 615 1627 644 hostibus
1640 614 1736 642 elucere
1747 612 1810 640 olim

1016 669 1126 706 confesti
1136 673 1194 696 sunt
1202 666 1363 694 Ascalonita.
1376 664 1503 692 Herodem
1516 662 1606 689 maluit
1617 661 1685 688 Deus
1696 659 1810 694 decipere
1823 670 1826 674 λ

1016 723 1093 751 quam
1107 714 1309 750 perterrefacere.
1325 710 1439 738 Christus
1451 717 1496 736 cur
1508 709 1535 735 in
1549 706 1696 743 Egyptian.
1707 706 1823 732 nussum.

1018 776 1052 781 --
1061 759 1221 788 Ascalonita:
1235 764 1349 791 namque
1359 755 1502 790 cteterique
1515 761 1608 781 omttes
1619 757 1757 787 postquam
1767 758 1824 777 ars.

1018 814 1078 834 cam
1100 808 1237 840 ceperant,
1254 802 1372 838 percuSsi
1386 800 1482 828 deinde
1504 798 1680 827 hortabantur
1698 803 1762 824 suos
1776 803 1824 824 ne-

1020 855 1178 888 pugnarent,
1193 857 1280 885 neque
1303 848 1444 876 adversum
1458 849 1571 878 starent,
1586 852 1617 872 ac
1631 852 1694 872 cum
1705 842 1821 871 caneris»

1020 897 1159 926 miraculis
1173 897 1225 924 hoc
1236 894 1354 923 etiamin
1370 892 1485 921 medium
1500 890 1810 927 profurcbantdiceutes:

1022 946 1108 978 Quare
1117 943 1259 979 aggravati:
1269 940 1347 968 corda
1357 944 1448 972 uestra,
1457 938 1521 966 sicut
1528 937 1672 973 aggravavit
1681 935 1812 970 Eguphu

1021 997 1044 1019 et
1061 990 1182 1018 Pharao?
1195 996 1280 1016 nouns
1292 991 1424 1023 postquam
1434 984 1513 1012 illusit
1527 983 1572 1015 eis,
1587 987 1645 1009 tunc
1660 980 1755 1008 dimisit
1768 989 1812 1015 po-

1023 1038 1109 1073 pulum
1123 1044 1207 1068 auum,
1223 1038 1246 1062 et
1257 1034 1373 1061 abierunt
1385 1032 1423 1068 (l.
1437 1031 1500 1066 Reg.
1513 1031 1539 1057 6.
1551 1028 1596 1065 6)?
1607 1028 1668 1056 Hmc
1678 1026 1812 1058 dicebant,

1023 1087 1146 1118 putantes
1160 1081 1211 1109 hoc
1226 1084 1390 1116 postremum
1404 1078 1508 1112 signum
1522 1083 1574 1102 non
1588 1074 1676 1102 minus
1691 1080 1751 1101 esse
1762 1080 1815 1100 cm-

1023 1128 1087 1156 teris
1101 1127 1187 1163 palam
1201 1126 1294 1161 gestis,
1307 1124 1339 1151 ad
1353 1123 1413 1158 ejus
1422 1120 1656 1150 demonstrandam
1668 1119 1813 1154 potentiant

1022 1179 1102 1209 atque
1115 1171 1333 1209 magnitudinem.
1347 1169 1376 1197 ld
1390 1168 1462 1204 quod
1481 1168 1560 1195 etiam
1585 1166 1627 1193 hic
1650 1165 1746 1192 factum
1762 1169 1814 1197 est,

1024 1224 1180 1256 poteratque
1203 1223 1346 1254 tyratmum
1375 1214 1595 1250 perterrefacere.
1624 1211 1815 1239 Animadverte

1025 1274 1139 1302 namque
1154 1269 1253 1300 quanta
1269 1269 1388 1298 passum,
1403 1265 1429 1288 et
1443 1264 1543 1295 quanto
1557 1257 1730 1293 praefocatum
1746 1263 1815 1283 mte-

1025 1321 1086 1341 rore
1097 1311 1230 1339 Herodem
1245 1310 1326 1337 fuisse
1342 1306 1486 1335 verisimile
1496 1305 1540 1336 sit,
1558 1305 1597 1332 sic
1609 1311 1623 1330 a
1637 1303 1721 1338 magis
1736 1301 1817 1330 dece-

1026 1365 1100 1395 ptum
1113 1362 1140 1386 et
1155 1357 1272 1384 illusum.
1286 1354 1354 1389 Quid
1368 1353 1452 1386 enim,
1468 1352 1490 1380 si
1511 1359 1564 1379 non
1578 1351 1674 1378 melior
1694 1349 1730 1377 sit
1750 1349 1817 1377 ell‘e—

1027 1394 1102 1434 ctus‘l
1118 1403 1142 1431 id
1158 1407 1232 1430 certe
1245 1409 1298 1429 IlOIl
1313 1399 1346 1427 ad
1359 1407 1421 1427 eum
1433 1398 1478 1433 qui
1494 1397 1551 1424 haec
1564 1395 1729 1432 dispensavit
1745 1394 1817 1422 refe-

1028 1450 1140 1489 rendum
1155 1453 1207 1481 est,
1224 1447 1270 1475 sed
1287 1446 1320 1473 ad
1333 1446 1468 1481 ingentem
1484 1444 1602 1470 furorem
1622 1442 1693 1469 illius
1704 1440 1749 1476 qui
1764 1447 1817 1468 nou

1028 1487 1109 1524 cessit
1121 1495 1166 1528 iis,
1175 1501 1235 1529 quae
1249 1493 1335 1528 ipsum
1348 1489 1479 1519 consolari
1491 1494 1518 1517 et
1529 1497 1543 1516 a
1558 1488 1675 1523 nequitia
1686 1487 1819 1515 abducere

1029 1541 1179 1571 debebant;
1194 1539 1242 1567 sed
1255 1538 1366 1566 ulterius
1388 1536 1529 1572 processit,
1552 1539 1582 1562 ut
1605 1538 1685 1561 tanta:
1710 1533 1820 1561 insaniat

1030 1587 1164 1623 graviores
1179 1586 1264 1613 lueret
1278 1589 1381 1619 poenas.
1397 1582 1429 1609 Et
1441 1589 1499 1614 cur,
1508 1580 1622 1615 inquies,
1637 1580 1663 1607 in
1675 1579 1820 1615 Egyptum

1031 1641 1096 1669 puer
1111 1630 1241 1660 mittitur?
1254 1630 1367 1657 Causam
1381 1628 1408 1655 in
1421 1627 1517 1662 primis
1537 1625 1645 1661 protulit
1659 1625 1820 1660 evangelista

1032 1680 1139 1707 dicens:
1152 1679 1195 1707 l5.
1205 1676 1239 1704 Ut
1251 1676 1398 1711 impleretur
1410 1673 1475 1701 illud
1485 1682 1494 1700 :
1509 1672 1550 1700 Ea:
1562 1672 1678 1708 Egypto
1690 1672 1776 1698 noCavi
1788 1672 1822 1705 [i-

1034 1726 1094 1753 lium
1105 1733 1187 1752 meum
1203 1723 1288 1759 (Osee.
1303 1722 1347 1750 ll.
1362 1722 1407 1756 l):
1422 1719 1554 1755 simulque
1569 1719 1645 1746 boute
1658 1718 1715 1754 spei
1732 1725 1821 1753 prom-

1037 1777 1088 1803 mia
1100 1775 1147 1802 toti
1157 1773 1215 1802 orbi
1229 1773 1486 1809 praenuntiabatur.
1498 1771 1564 1806 Quia
1583 1771 1654 1799 enim
1667 1771 1784 1807 Babylon
1800 1776 1826 1799 et

1036 1821 1168 1857 Egyptus
1184 1820 1243 1855 plus
1265 1827 1344 1855 quam
1367 1819 1486 1854 reliquus
1500 1818 1573 1846 orbis
1588 1817 1734 1853 impietatis
1747 1818 1827 1845 arde-

1038 1868 1101 1895 bant
1112 1867 1229 1899 liamma,
1242 1865 1276 1893 ab
1291 1865 1401 1893 exordio
1415 1864 1555 1892 declarans
1565 1871 1594 1892 se
1605 1864 1697 1892 ambas
1713 1864 1772 1891 illas
1787 1871 1827 1892 ro-

1036 1913 1129 1949 giones
1141 1911 1355 1944 emendaturum,
1371 1915 1397 1938 et
1409 1910 1443 1938 ad
1462 1910 1572 1938 meliora
1586 1909 1772 1941 deducturum,
1796 1909 1833 1942 si-_

1038 1958 1145 1994 mulque
1158 1965 1205 1993 per
1218 1957 1276 1985 haec
1289 1957 1408 1984 indicans
1421 1956 1500 1984 etiam
1514 1956 1562 1983 toti
1571 1960 1701 1983 terrarum
1714 1955 1771 1983 orbi
1785 1955 1829 1983 to-

1038 2012 1072 2032 na
1086 2002 1264 2039 exspectanda
1279 2009 1348 2035 esse,
1362 2006 1390 2030 et
1399 2009 1490 2035 magos
1501 2001 1583 2034 misit,
1594 2005 1621 2029 et
1632 2002 1689 2035 ipse
1700 2009 1762 2029 cum
1776 2009 1830 2028 ma-

1038 2054 1079 2077 tre
1093 2058 1140 2077 sua
1156 2049 1293 2084 profectus
1306 2052 1359 2076 est.
1380 2047 1420 2075 Ad
1436 2046 1494 2075 haec
1507 2054 1572 2074 vero
1586 2047 1657 2074 aliud
1672 2047 1752 2074 etiam
1769 2046 1832 2076 inde

1038 2095 1175 2128 docemur,
1187 2094 1259 2130 quod
1271 2102 1322 2121 non
1337 2101 1430 2128 parum
1443 2100 1492 2120 nos
1507 2093 1541 2120 ad
1554 2092 1748 2128 philowphiam
1764 2092 1832 2121 inci-

1040 2145 1087 2168 tet.
1100 2139 1243 2174 Quodnam
1255 2138 1419 2172 illud?Quod
1432 2138 1532 2173 abipso
1546 2137 1621 2165 initio
1635 2138 1795 2165 lentationes
1807 2142 1833 2166 et

1039 2187 1157 2222 pericula
1173 2186 1227 2214 sint
1239 2184 1429 2220 exspectanda.
1440 2184 1504 2211 Vide
1513 2191 1627 2218 namque
1637 2183 1663 2211 id
1677 2183 1726 2218 ipsi
1741 2183 1776 2210 ab
1790 2183 1833 2210 in-

1039 2231 1177 2260 cunabulis
1190 2231 1328 2259 accidisse.
1343 2230 1408 2258 Nam
1418 2229 1463 2256 illo
1472 2234 1534 2256 nato
1547 2228 1610 2256 furit
1620 2234 1760 2265 tyrannus;
1772 2228 1835 2255 hinc

1040 2279 1099 2314 fuga
1113 2284 1140 2306 et
1151 2277 1347 2312 transmigratio
1362 2277 1387 2303 in
1399 2275 1486 2304 exsilii
1499 2275 1597 2306 locum.
1608 2279 1636 2302 et
1646 2275 1738 2302 insons
1749 2279 1834 2302 mater

1041 2325 1067 2352 in
1083 2324 1256 2351 barbarorum
1277 2322 1413 2358 regionem
1429 2328 1459 2348 se
1481 2320 1612 2354 proripit:
1627 2325 1656 2346 ut
1671 2324 1698 2346 tu
1713 2319 1771 2347 hate
1784 2327 1833 2345 au-

1041 2370 1118 2398 diens
1130 2370 1220 2404 aliquo
1234 2368 1363 2404 spirituali
1377 2367 1524 2395 ministerio
1543 2366 1675 2401 dignatus,
1698 2366 1720 2393 si
1735 2365 1834 2394 videri:

1042 2422 1067 2443 te
1078 2416 1136 2443 dira
1149 2415 1292 2450 patientem
1309 2434 1316 2446 ,
1330 2418 1358 2440 et
1377 2413 1447 2440 inter
1458 2416 1583 2439 sexcenta
1596 2417 1747 2439 versantem
1765 2411 1836 2446 peri-

1041 2461 1111 2493 cula,
1122 2468 1155 2488 ne
1169 2459 1294 2492 turberis,
1307 2466 1374 2486 neve
1386 2458 1459 2485 dicas
1470 2467 1476 2484 :
1487 2456 1617 2491 Quidnam
1628 2456 1678 2483 hoc
1688 2456 1746 2484 est?
1756 2464 1836 2491 opor-

1044 2506 1115 2534 tebat
1129 2506 1218 2540 utique
1231 2512 1274 2532 me
1286 2503 1419 2534 coronari,
1435 2502 1547 2533 laudari,
1559 2501 1660 2529 clarum
1670 2507 1696 2528 et
1706 2501 1836 2530 illustrem

1043 2559 1112 2583 esse,
1124 2551 1168 2586 qui
1180 2549 1334 2577 mandatum
1349 2548 1451 2575 Domini
1467 2547 1607 2582 impleam:
1620 2546 1666 2573 scd
1681 2546 1731 2574 hoc
1745 2555 1836 2574 exelu-

1045 2597 1088 2631 plo
1103 2596 1182 2623 fulttts
1197 2595 1300 2622 fortiter
1315 2594 1394 2624 feras,
1409 2601 1516 2628 gnarus,
1529 2593 1596 2619 hanc
1606 2600 1665 2619 cum
1676 2593 1767 2627 primis
1775 2599 1836 2620 esse

1038 2638 1221 2677 spiritualium
1236 2640 1353 2667 virorum
1366 2643 1477 2670 sortem,
1493 2641 1523 2665 ut
1537 2638 1635 2674 ubique
1646 2638 1837 2665 teutationibus

1049 2692 1222 2726 impetantur.
1235 2690 1426 2717 Animadverte
1434 2687 1515 2723 igitur
1522 2686 1549 2715 id
1556 2693 1610 2714 non
1618 2685 1704 2712 solum
1717 2692 1800 2720 puero
1809 2689 1838 2713 et

1050 2725 1129 2767 matri
1137 2737 1260 2766 accidere
1270 2737 1278 2752 ¹
1291 2745 1299 2770 ;
1315 2736 1361 2764 sed
1370 2735 1452 2763 etiam
1463 2734 1588 2762 barbaris
1597 2732 1659 2760 illis.
1678 2731 1743 2758 Nam
1755 2735 1781 2759 et
1795 2725 1835 2759 illi

1075 2849 1082 2865 ¹
1098 2845 1156 2877 Alii,
1169 2844 1194 2871 id
1210 2850 1256 2870 non
1268 2844 1347 2869 solum
1356 2840 1428 2867 matri
1438 2839 1508 2874 pueri
1520 2838 1641 2866 accidere.
