2073 3127
223 136 262 166 83
824 138 857 166 IN
876 138 1011 166 MATTIII.

1065 138 1080 165 il
1101 137 1216 165 IIOMIL.
1237 138 1303 165 VIII.
1831 144 1882 172 86⁴

218 201 288 228 clam
303 198 444 229 discedunt.
453 199 529 235 quasi
541 197 659 233 fugitivi;
675 201 703 225 et
712 197 780 227 haec,
793 203 854 231 qua:
871 202 1015 230 numquam

221 256 238 276 e
251 248 330 274 domo
340 253 446 282 egressa
457 245 553 278 fuerat,
563 249 615 272 tam
627 243 733 278 longum
744 246 771 269 et
780 248 958 269 aerumnosum
967 241 1018 268 iter

222 293 359 328 suscipere
369 291 487 327 jubetur,
503 290 537 318 ob
551 289 700 317 mirabilem
713 287 783 315 hunc
793 286 893 314 editum
904 293 1017 321 puerum

222 342 250 366 et
262 337 426 373 spiritualem
439 341 556 371 partum.
569 335 636 362 Rem
649 334 744 361 iterum
759 331 916 367 stupendam
929 332 1019 358 consi-

223 382 299 410 dera.
322 381 463 410 Palaastina
478 380 628 412 insidiatur,
643 378 776 414 [Egyptus
797 384 863 404 vero
877 376 979 411 excipit
992 381 1020 404 et

225 437 315 461 servat
328 431 431 460 insidiis
444 432 603 467 impolitum.
618 431 709 467 Neque
720 433 790 460 enim
802 437 903 460 tantum
919 433 945 460 in
959 433 1020 461 filiis

223 477 394 515 patriarchas,
409 478 457 506 sed
471 478 551 506 etiam
567 477 593 505 in
609 478 722 505 Domino
737 478 791 514 typi
804 483 831 506 et
844 478 934 514 ﬁgurae
952 487 1018 507 con-

225 526 352 561 tigerunt.
367 524 418 553 Per
431 532 463 552 ea
473 524 544 552 enim
564 531 624 559 qua:
635 523 670 552 ab
689 524 748 559 ipso
759 529 833 559 gesta
846 528 919 558 sunt,
934 525 1018 552 multa

224 571 473 607 pranuntiabantur
486 578 590 602 eorum,
606 578 666 605 quae
680 574 771 605 postea
785 575 913 598 eventura
925 576 1019 598 erant:

224 617 296 653 quod
304 618 369 645 etin
382 617 456 644 asina
471 621 497 644 et
509 617 535 643 in
550 616 622 651 pullo
636 615 734 644 factum
749 620 799 644 est.
814 616 930 651 Angelus
940 616 1020 652 igitur

224 663 271 699 qui
283 663 417 698 apparuit,
433 670 486 690 non
501 662 621 695 Mariam,
637 661 685 690 sed
695 661 840 698 .Iosephum
854 662 1016 698 alloquitur:

224 713 251 736 et
266 708 329 743 quid
344 707 426 736 dicit?
449 708 562 743 Surgam
577 708 664 743 accipe
677 716 784 744 puerum
801 713 827 736 et
846 713 952 737 matrem
963 709 1019 743 eius

225 753 336 790 (Matth.
350 754 376 781 i.
392 753 451 789 20).
473 754 521 782 Hic
535 762 587 782 non
601 755 670 782 ultra
682 754 756 786 dicit,
772 753 911 792 Conjugem
930 760 1018 790 tuam;

224 799 283 833 sed,
297 797 407 826 Matrem
421 800 484 836 ejus.
498 799 564 833 Quia
579 801 650 827 enim
667 805 758 836 partus
769 801 889 837 contigit,
902 802 1018 837 suspicio

224 841 312 873 soluta
327 848 379 878 est,
395 849 422 872 ct
436 845 493 872 viro
507 845 574 873 fides
587 844 654 873 facta
669 850 720 878 est,
736 846 821 874 libere
830 847 886 882 jam
902 847 1018 883 loquitur

225 891 348 927 angelus,
365 899 452 927 neque
464 891 546 919 lilium
562 900 648 927 neque
666 893 806 928 conjugi-m
831 893 889 928 ejus
909 894 1017 927 dicens;

225 938 284 972 sed,
300 938 412 966 Puerum
426 942 449 965 et
465 943 568 965 matrem
578 939 648 974 ejus;
661 944 684 965 et
695 940 755 975 fuge
764 940 789 966 in
803 939 964 975 A'Igyptum;
979 941 1019 967 fu-

224 991 319 1019 gaeque
340 991 447 1012 causam
473 983 546 1011 addit
563 993 569 1011 :
584 983 711 1012 Futurum
731 990 767 1012 est
787 986 864 1018 enim,
881 987 973 1020 inquit,
992 992 1018 1013 ut

229 1029 344 1058 Herodes
354 1035 451 1066 quierat
463 1031 575 1058 animum
588 1031 670 1066 pueri.

256 1121 283 1150 5.
292 1120 399 1157 Joaeplu'
407 1121 558 1150 laus.—His
564 1121 660 1149 auditis
666 1121 766 1156 losepn
775 1129 827 1149 non
835 1121 951 1149 oil‘ensus
962 1127 1014 1155 est,

221 1177 308 1205 neque
326 1169 393 1197 dixit
408 1178 415 1196 :
435 1169 560 1204 Ettigma
583 1175 624 1197 est
642 1169 703 1196 hoc.
724 1168 764 1196 Tu
780 1176 864 1203 nuper
883 1169 991 1196 dicebas
1006 1178 1014 1197 :

221 1214 327 1242 Salvum
335 1215 410 1251 faciet
417 1215 539 1250 populum
547 1223 621 1241 suum
627 1213 735 1250 (Matth.
744 1214 769 1241 I.
777 1213 824 1251 2i)
834 1223 841 1241 :
851 1222 919 1241 nunc
927 1219 1015 1242 autem

219 1267 271 1288 nec
290 1259 407 1294 seipsum
424 1264 511 1294 potest
524 1266 649 1292 servare,
667 1259 714 1286 sed
725 1258 786 1294 fuga
800 1259 876 1287 nobis
891 1263 933 1287 est
949 1267 1016 1294 opus

220 1310 247 1333 et
258 1305 470 1341 peregrinatione
479 1313 511 1333 ac
520 1305 662 1340 longinqua
677 1305 909 1341 transmigratione
921 1306 933 1333 Ἰ
946 1306 1016 1334 Con-

220 1351 299 1378 traria
310 1356 372 1378 sunt
386 1350 444 1378 haec
455 1351 624 1385 promissioni
639 1355 700 1378 ture.
715 1350 768 1378 Sed
782 1351 848 1379 nihil
862 1352 1013 1387 hujusmodi

219 1396 308 1430 dixit;
323 1396 409 1423 fidelis
423 1396 495 1423 enitn
518 1398 558 1423 vir
575 1400 653 1428 erat;
670 1404 756 1431 neque
771 1397 932 1424 reversionis
947 1402 1015 1425 tem-

220 1449 270 1478 pus
282 1442 399 1477 inquirit,
410 1441 514 1469 etiamsi
522 1442 632 1476 angelus
641 1441 778 1469 indefinite
791 1442 917 1478 loquutus
926 1448 1012 1476 esset;

219 1495 282 1516 nam
302 1488 340 1515 ait
355 1496 362 1515 :
378 1486 440 1515 Esto
453 1487 486 1514 ibi
499 1508 506 1520 ,
529 1488 669 1523 usquedum
682 1488 765 1515 dicam
780 1488 834 1515 tibi.
856 1488 954 1516 Verum
970 1490 1014 1517 ille

220 1541 275 1562 non
293 1533 356 1561 ideo
368 1533 477 1568 segnior
497 1533 582 1561 factus
597 1538 638 1561 est
648 1553 655 1566 ,
670 1533 717 1561 sed
738 1538 814 1569 paret
831 1538 860 1562 et
876 1534 1014 1570 obtempe-

219 1584 271 1612 rat,
288 1580 502 1615 tentationesque
514 1587 609 1607 omnes
621 1587 682 1607 cum
696 1580 793 1614 gaudio
805 1581 910 1608 tolerat.
924 1581 1016 1609 Enim-

219 1633 283 1657 vero
297 1625 426 1661 benignus
442 1626 512 1653 Deus
525 1626 568 1652 his
581 1626 715 1654 laboribus
735 1626 824 1654 dulcia
840 1627 946 1655 miscuit
964 1637 972 1656 :
988 1629 1013 1656 id

217 1678 288 1711 quod
302 1677 382 1704 etiam
396 1677 422 1704 in
441 1677 540 1706 sanctis
555 1678 679 1706 omnibus
700 1682 825 1707 observat
841 1688 847 1707 :
862 1688 949 1716 neque
961 1689 1008 1717 pe—

215 1721 310 1756 ricula,
326 1730 414 1758 neque
426 1723 541 1758 quietem
555 1724 710 1751 continuam
725 1730 834 1760 praestat
847 1746 855 1758 ,
869 1726 915 1754 sed
930 1733 958 1754 et.
969 1728 1009 1755 his

215 1772 244 1796 et
261 1768 313 1797 illis
333 1770 485 1805 permixtim
504 1771 599 1806 positis
621 1771 704 1798 vitam
725 1771 859 1807 iustorum
880 1774 1007 1801 ordinat:

216 1813 243 1841 id
256 1814 327 1850 quod
341 1815 421 1843 etiam
440 1815 484 1844 hic
494 1816 557 1844 fecit
572 1825 580 1844 :
596 1816 676 1852 idque
697 1818 845 1852 perpendas
860 1819 950 1846 velim.
965 1819 1010 1847 Vi-

215 1859 263 1889 det
279 1861 324 1889 iIIe
334 1860 470 1897 Virginem
483 1867 587 1891 uterum
601 1869 750 1899 gestantem
765 1874 772 1891 :
788 1872 818 1892 ea
833 1865 866 1892 de
879 1873 907 1893 re
921 1866 1010 1894 turba~

215 1910 270 1940 tur,
282 1910 310 1934 et
320 1906 462 1935 admodum
473 1908 568 1936 anxius
579 1913 621 1936 est
632 1917 640 1936 :
651 1909 798 1936 adulteram
810 1911 881 1937 enim
896 1911 1009 1946 puellam

215 1960 276 1980 esse
297 1953 501 1989 suspicabatur;
524 1954 572 1982 sed
593 1955 683 1983 statim
704 1955 806 1983 adstitit
819 1957 948 1991 angelus,
964 1957 1008 1992 qui

214 1999 394 2034 suspicionem
405 1999 522 2028 solveret
536 2008 567 2028 ac
583 2006 681 2028 metum
697 2001 859 2029 eliminaret.
886 2002 953 2030 Cum
968 2004 1008 2029 vi-

214 2044 254 2071 dit
263 2048 353 2072 natum
369 2052 489 2080 puerum,
503 2046 600 2081 gaudio
615 2054 712 2082 magno
723 2048 847 2082 perfusus
863 2052 905 2075 est
924 2057 931 2075 :
945 2057 1008 2076 rur-

214 2097 327 2126 sumque
344 2091 469 2126 gaudium
491 2091 643 2126 hujusmodi
663 2093 809 2128 periculum
823 2102 876 2121 non
892 2102 1006 2128 parvum

214 2137 332 2173 exeipit,
352 2137 460 2166 civitate
483 2139 636 2173 perturbata
649 2159 658 2172 ,
679 2147 711 2166 ac
732 2147 795 2176 rege
808 2140 925 2174 furente,
944 2149 1009 2177 pue-

214 2191 328 2219 rumque
342 2184 522 2220 perquirenle.
548 2184 583 2212 At
603 2185 831 2221 perturbationem
848 2186 921 2214 illam
937 2186 1009 2213 aliud

215 2229 341 2265 gaudium
354 2229 463 2265 excipit,
477 2229 554 2258 stella
568 2239 671 2266 nempe,
685 2235 712 2259 et
727 2239 864 2266 magorum
876 2231 1004 2259 adoratio.

217 2279 323 2307 Rursus
344 2287 409 2307 vero
430 2283 493 2315 post
511 2278 582 2307 hanc
594 2278 725 2311 laetitiam,
747 2278 829 2306 timor
848 2285 880 2305 ac
893 2277 1003 2312 pericu-

215 2324 289 2352 lum:
307 2324 407 2358 Quaerit
417 2325 501 2359 enim,
514 2324 603 2360 inquit
614 2345 621 2357 ,
637 2323 756 2352 Herodes
776 2324 894 2351 animam
911 2323 1004 2358 pueri;

217 2368 370 2405 iterumque
408 2370 565 2406 fugiendum
605 2373 648 2398 est
686 2374 713 2396 et
755 2367 1004 2403 transmigrandum

218 2417 339 2445 humano
371 2425 462 2451 more;
498 2416 619 2445 nondum
657 2416 730 2444 enim
764 2414 896 2442 miracula
926 2413 1006 2441 edere

219 2464 370 2499 oportebat.
416 2463 483 2490 Nam
506 2464 528 2491 si
554 2471 569 2491 a
590 2463 678 2498 prima
704 2465 781 2488 aetate
801 2459 932 2487 miracula
945 2459 1003 2486 edi-

219 2509 314 2543 disset,
330 2509 411 2536 homo
424 2517 478 2537 non
490 2509 608 2537 creditus
624 2508 731 2536 fuisset.
756 2506 859 2534 Idcirco
874 2505 1004 2534 nonesim-

219 2555 327 2592 pliciter
340 2555 468 2590 templum
481 2555 623 2589 formatur,
635 2555 681 2582 sed
692 2553 761 2582 uteri
769 2558 859 2580 tumor
868 2551 1005 2587 conspici—

219 2605 274 2634 tur,
285 2606 312 2628 et
326 2608 420 2628 novem
438 2601 571 2628 mensium
583 2601 713 2636 spatium,
729 2603 756 2627 et
767 2604 873 2635 partus,
889 2602 916 2625 et
926 2597 1004 2624 lactis

220 2646 427 2678 nutrimentum,
442 2646 519 2681 quies
533 2654 581 2681 per
595 2647 709 2673 multum
727 2644 869 2680 temporis;
884 2648 950 2671 atas
963 2643 1004 2670 vi—

221 2689 281 2718 rilis
296 2693 479 2725 exspectatur,
495 2694 525 2716 ut
540 2698 588 2725 per
602 2691 692 2717 omnia
707 2690 832 2718 cridibile
844 2689 1005 2717 redderetur

220 2735 381 2763 aconomia:
395 2735 563 2770 mysterium.
577 2735 635 2768 Qua
649 2743 714 2771 ergo
728 2735 762 2762 de
780 2741 872 2766 causa,
885 2733 1004 2768 inquies,

221 2780 281 2812 hac
295 2781 330 2808 ab
353 2781 432 2808 initio
457 2781 527 2808 facta
546 2784 609 2808 sunt
623 2780 722 2816 signa?
745 2780 857 2815 Propter
872 2782 985 2805 matrem
997 2798 1005 2811 ,

221 2830 331 2862 propter
344 2824 501 2860 Josephum,
513 2830 623 2858 propter
638 2825 791 2853 Simeonem
800 2824 913 2860 jamjam
926 2824 994 2851 mori

336 2932 367 2944 ισ-

1073 204 1173 235 turuln,
1198 208 1308 236 propter
1335 206 1468 236 pastores,
1493 207 1604 238 propter
1630 210 1732 238 magos,
1756 207 1864 239 propter

1071 246 1187 275 Judteos.
1204 247 1232 275 Si
1252 247 1323 274 enim
1337 247 1368 274 iis
1381 255 1441 282 qua:
1453 249 1614 283 gerebantur
1627 255 1752 277 accurate
1767 250 1867 277 voluis-

1072 297 1132 320 sent
1143 292 1292 325 attendere,
1309 301 1362 320 non
1378 301 1487 328 parvum
1504 294 1565 321 hinc
1579 295 1612 321 ad
1627 295 1745 322 futurum
1760 300 1866 329 tempus

1073 338 1189 367 fructum
1210 340 1373 367 retulissent.
1391 340 1466 373 Quod
1488 341 1510 368 si
1527 341 1664 376 prophetis:
1677 341 1710 369 de
1726 341 1810 377 magis
1826 342 1866 368 ni-

1073 385 1108 412 hil
1126 385 1281 420 praadicant,
1303 394 1336 413 ne
1358 385 1416 413 ideo
1432 386 1565 419 tnrberis;
1583 394 1669 422 neque
1688 388 1759 415 enim
1774 388 1864 415 omnia

1072 432 1269 466 praedixerunt,
1294 439 1381 467 neque
1399 432 1477 459 etiam
1505 434 1594 460 omnia
1620 438 1769 461 tacuerunt.
1790 434 1866 462 Sicut

1070 476 1142 503 enim
1163 476 1234 504 nulla
1249 485 1279 505 re
1292 483 1355 504 ante
1366 478 1454 504 audita
1465 499 1472 511 ,
1495 485 1540 505 res
1555 478 1706 513 hujusmodi
1721 485 1810 514 gestas
1824 481 1865 508 vi-

1071 521 1144 554 dere,
1160 530 1284 558 magnum
1307 529 1462 559 stuporem,
1486 532 1662 560 magnamque
1687 527 1865 560 perturbatio-

1071 576 1132 596 nem
1155 569 1304 604 peperisset
1320 579 1326 598 :
1350 570 1388 597 sic
1403 571 1425 597 si
1441 571 1530 598 omnia
1551 571 1707 599 didicissent
1727 572 1864 600 auditores

1070 613 1210 642 dormituri
1232 620 1325 647 erant,
1347 623 1397 644 nec
1421 617 1564 652 quidquam
1583 618 1752 652 evangelistis
1771 618 1865 647 fuisset

1071 660 1203 688 relictum.
1219 661 1295 695 Quod
1315 661 1338 689 si
1361 662 1394 689 de
1414 662 1552 697 prophetia
1574 663 1711 698 ambigant
1724 663 1807 691 Judmi
1822 664 1864 691 di-

1070 711 1173 740 oentes,
1190 706 1254 734 illud
1266 727 1273 740 ,
1290 706 1333 734 Ex
1353 707 1470 743 Ερωτιο
1490 709 1575 735 uocaui
1596 709 1678 743 ﬁlium
1700 718 1781 736 meum
1794 730 1801 741 ,
1829 710 1863 737 de

1069 752 1188 787 tieipsisl
1211 752 1312 780 dictum
1337 760 1397 781 esse
1420 762 1427 780 :
1452 754 1671 788 respondebimus
1696 755 1768 787 illis.
1793 755 1864 782 hunc

1069 797 1149 825 etiam
1165 805 1225 825 esse
1239 797 1388 833 prophetiae
1404 807 1517 832 morem,
1532 805 1562 827 ut
1577 800 1659 827 multa
1674 808 1746 835 sa-pe
1759 801 1792 829 de
1803 801 1863 834 aliis

1068 843 1201 875 dicantur,
1217 848 1245 872 et
1265 845 1290 872 in
1314 845 1374 872 aliis
1387 845 1559 880 impleantur,
1583 846 1662 881 quale
1676 846 1739 874 illud
1758 847 1793 874 de
1810 847 1862 883 Sy-

1069 896 1148 916 meon
1171 894 1199 917 et
1212 889 1276 916 Levi
1297 889 1396 917 dictum
1413 889 1554 918 :Dividam
1570 899 1613 918 eos
1633 892 1660 918 in
1680 891 1771 925 Jacob,
1783 898 1808 920 et
1820 893 1862 919 di-

1069 943 1187 972 spergam
1199 944 1244 963 eos
1266 937 1293 963 in
1315 936 1398 964 Israel
1412 936 1495 971 (Gen.
1509 937 1554 964 49.
1567 937 1582 964 7
1595 937 1604 974 )
1621 947 1627 965 :
1641 938 1667 965 id
1680 938 1750 965 enim
1768 947 1820 966 non
1835 939 1861 966 in

1069 979 1144 1016 Ipsis,
1161 982 1208 1010 sed
1228 982 1254 1010 in
1270 982 1385 1018 posteris
1400 990 1493 1010 eorum
1510 983 1645 1017 impletum
1669 990 1710 1012 est
1727 993 1734 1012 :
1750 989 1777 1012 et
1798 985 1861 1012 illud

1067 1028 1138 1064 quod
1151 1028 1186 1056 de
1197 1028 1324 1057 Chanaan
1338 1037 1351 1056 a
1366 1029 1423 1057 Noe
1436 1031 1633 1064 pronuntiatum
1649 1035 1706 1064 est,
1730 1031 1863 1059 Gabaoni-

1069 1075 1102 1102 tis
1116 1083 1149 1102 ex
1171 1075 1255 1110 stirpe
1271 1075 1407 1103 Chanaani
1423 1076 1544 1111 conligit.
1567 1076 1643 1110 Quod
1659 1077 1745 1111 ipsum
1760 1077 1862 1105 Jacobo

1068 1120 1148 1148 etiam
1172 1121 1301 1149 accidisse
1324 1121 1532 1156 deprehenditur
1548 1131 1554 1149 :
1569 1122 1768 1151 benedictiones
1789 1124 1861 1151 enim

1067 1166 1129 1200 illae,
1145 1165 1206 1194 Esto
1220 1167 1338 1195 dominus
1348 1168 1435 1203 fratris
1452 1168 1506 1201 tui,
1524 1173 1547 1196 et
1566 1169 1671 1196 adorent
1683 1174 1706 1196 te
1717 1170 1763 1204 ﬁlii
1783 1171 1862 1205 patris

1067 1212 1104 1239 tui
1126 1211 1211 1248 (Gen.
1230 1213 1275 1241 27.
1300 1213 1371 1249 29),
1396 1222 1448 1241 non
1465 1214 1491 1241 in
1507 1214 1565 1248 ipso
1584 1214 1663 1242 linem
1686 1223 1860 1250 acceperunt,

1067 1258 1226 1293 (quomodo
1248 1259 1322 1287 enim
1340 1259 1374 1286 ad
1401 1259 1488 1294 ipsum
1514 1261 1659 1296 pertineat,
1684 1262 1729 1296 qui
1751 1262 1860 1291 fratrem

1068 1304 1178 1331 timebat
1189 1304 1383 1339 tremebatque,
1399 1313 1431 1333 ac
1440 1307 1592 1334 sexcenties
1606 1307 1691 1341 ipsum
1705 1308 1860 1344 adoravit?)

1066 1349 1113 1377 sed
1132 1350 1167 1377 de
1187 1350 1262 1385 prole
1279 1350 1338 1386 ejus
1350 1351 1451 1378 dictum
1473 1357 1524 1379 est.
1545 1352 1621 1386 Quod
1640 1354 1720 1380 etiam
1735 1353 1787 1382 hoc
1800 1355 1860 1383 loco

1066 1394 1118 1423 dici
1133 1395 1226 1430 possit.
1241 1395 1307 1430 Quis
1318 1396 1390 1423 enim
1406 1396 1498 1424 verius
1512 1397 1558 1424 Dei
1572 1397 1642 1426 filius
1654 1399 1759 1428 dicatur
1773 1409 1780 1427 :
1793 1409 1825 1428 an
1836 1402 1859 1429 is

1066 1447 1112 1482 qui
1133 1446 1245 1474 vitulum
1268 1448 1398 1480 adoravit,
1412 1453 1440 1475 et
1463 1448 1637 1484 Beelphegori
1663 1450 1779 1477 initiatus
1803 1455 1856 1484 est,

1065 1492 1165 1527 quique
1187 1492 1257 1520 ﬁlios
1278 1501 1342 1521 suos
1365 1493 1507 1522 daemoniis
1531 1495 1678 1523 immolavit
1691 1504 1699 1529 ;
1713 1503 1746 1523 an
1768 1497 1791 1524 is
1811 1496 1856 1531 qui

1066 1543 1161 1566 natura
1186 1538 1256 1566 ﬁlius
1280 1544 1356 1572 erat,
1378 1545 1406 1567 et
1426 1540 1575 1575 genitorem
1589 1540 1729 1569 honoravit
1743 1542 1755 1568 τ
1767 1541 1857 1577 Itaque

1066 1580 1118 1610 nisi
1138 1584 1182 1611 hic
1195 1584 1362 1618 advenisset,
1379 1585 1519 1621 prophetia
1535 1586 1643 1622 dignum
1667 1595 1720 1615 non
1736 1587 1856 1615 habitura

1066 1628 1146 1657 {intem
1157 1635 1226 1658 erat.

1101 1716 1130 1743 4.
1152 1716 1218 1745 Vide
1244 1726 1308 1754 ergo
1335 1721 1470 1755 quomodo
1499 1722 1550 1751 hoc
1583 1723 1669 1758 ipsum
1695 1727 1858 1761 evangelista

1066 1762 1217 1791 subindicet
1231 1764 1334 1799 dicens,
1352 1766 1387 1794 Ut
1409 1768 1566 1803 impleretur,
1586 1773 1730 1800 ostendens
1746 1774 1796 1800 nisi
1813 1782 1859 1802 ve-

1065 1808 1158 1842 nisset,
1175 1817 1228 1837 non
1252 1810 1416 1846 implendum
1439 1813 1504 1842 illud
1518 1815 1610 1844 fuisse.
1635 1817 1690 1845 lloc
1709 1826 1773 1847 vero
1796 1819 1856 1847 Vir-

1063 1854 1154 1889 ginem
1175 1856 1259 1891 ipsam
1282 1866 1335 1886 non
1357 1860 1527 1889 mediocriter
1540 1862 1640 1890 claram
1654 1864 1736 1892 efficit
1749 1870 1776 1893 et
1796 1865 1857 1893 illuc

1064 1904 1156 1928 strem.
1180 1902 1245 1930 Nam
1260 1904 1332 1938 quod
1348 1909 1419 1934 totus
1441 1908 1555 1941 populus
1576 1910 1690 1937 encomii
1705 1910 1764 1938 loco
1775 1911 1856 1939 hahe-

1064 1946 1118 1980 bat,
1146 1949 1196 1976 hoc
1218 1949 1304 1984 ipsum
1331 1951 1430 1980 habere
1444 1954 1531 1988 potuit
1550 1959 1577 1982 et
1592 1956 1659 1990 ipsa.
1683 1957 1760 1991 Quod
1784 1959 1855 1986 enim

1063 1993 1144 2021 altum
1168 1996 1307 2030 sapiehant
1329 2003 1356 2026 et
1381 2006 1442 2026 sese
1466 1999 1603 2034 jactabant
1630 2003 1664 2030 ob
1685 2003 1799 2031 reditum
1821 2013 1853 2032 cx

1063 2038 1191 2075 Egypto,
1209 2041 1219 2075 (
1237 2042 1262 2068 id
1288 2043 1358 2077 quod
1382 2045 1554 2073 subindicans
1577 2048 1703 2080 propheta
1727 2049 1852 2083 dicebat,

1063 2085 1156 2114 Nonne
1175 2088 1328 2124 alienigenas
1349 2091 1446 2118 adduxi
1465 2093 1497 2118 de
1514 2091 1687 2128 Cappadocia,
1699 2100 1723 2122 et
1739 2096 1854 2131 Assyrios

1061 2140 1093 2160 ea:
1105 2133 1176 2167 fouea
1189 2133 1221 2170 2)
1245 2135 1253 2169 (
1269 2136 1345 2163 Alnos
1361 2136 1388 2163 9.
1404 2137 1432 2172 7)
1459 2137 1522 2165 illud
1547 2139 1631 2174 ipsum
1651 2142 1852 2177 pratrogativam

1061 2177 1178 2214 Virginis
1192 2180 1262 2208 facit.
1277 2181 1333 2208 imo
1345 2191 1410 2210 vero
1425 2188 1452 2211 et
1467 2185 1579 2219 populus
1591 2190 1619 2212 et
1638 2187 1786 2220 patriarcha
1802 2189 1850 2216 de-

1060 2225 1219 2253 scendentes
1232 2231 1259 2254 et
1271 2228 1446 2256 ascendentes
1474 2230 1544 2263 inde,
1568 2231 1644 2259 istius
1662 2240 1790 2261 ascensus
1804 2242 1852 2262 seu

1059 2271 1160 2299 reditus
1179 2276 1269 2308 typum
1286 2273 1442 2308 implebant.
1463 2275 1529 2303 Nam
1549 2277 1587 2304 illi
1600 2277 1806 2312 descenderunt,
1823 2286 1852 2308 ut

1059 2322 1173 2345 mortem
1198 2326 1232 2346 ex
1248 2318 1318 2347 fame
1341 2320 1523 2350 imminentem
1546 2323 1711 2359 eﬂugcrent;
1726 2325 1768 2353 hic
1787 2334 1852 2354 vero

1058 2367 1088 2389 ut
1101 2363 1196 2390 vitaret
1212 2369 1326 2392 mortem
1339 2365 1443 2394 insidiis
1456 2373 1586 2402 paratam.
1601 2370 1636 2396 At
1649 2370 1685 2397 illi
1697 2378 1730 2398 eo
1744 2372 1851 2400 venien-

1059 2412 1099 2436 tes
1113 2417 1145 2436 ex
1160 2409 1243 2442 fame,
1258 2415 1320 2438 tunc
1334 2412 1439 2440 liberati
1459 2419 1540 2447 sunt;
1563 2415 1609 2442 ille
1624 2423 1690 2444 vero
1713 2422 1742 2444 ut
1755 2425 1787 2445 eo
1800 2418 1850 2446 de-

1057 2455 1170 2488 scendit,
1186 2455 1322 2490 regionem
1339 2462 1420 2485 totam
1437 2467 1485 2494 per
1499 2459 1642 2488 adventum
1658 2470 1734 2489 suum
1748 2464 1849 2492 sancti-

1057 2499 1154 2528 ficavit.
1168 2501 1328 2530 Consideres
1341 2503 1430 2539 itaque
1445 2505 1524 2533 velim
1535 2507 1670 2541 quomodo
1681 2508 1749 2536 inter
1763 2509 1849 2536 immi-

1056 2546 1090 2573 lia
1107 2554 1166 2581 quae
1180 2547 1213 2574 ad
1232 2548 1396 2577 divinitatem
1411 2552 1545 2585 pertinent
1562 2555 1724 2581 revelentur.
1744 2556 1846 2583 Etenim

1054 2599 1115 2619 cum
1131 2591 1198 2620 dixit
1210 2593 1322 2628 angelus
1332 2614 1340 2628 ,
1356 2593 1429 2631 Fuge
1442 2596 1468 2622 in
1489 2596 1644 2634 Egyptum,
1662 2607 1714 2627 non
1725 2601 1849 2636 promisit

1093 2697 1211 2746 '.."°:‘:!;:
1221 2698 1355 2746 tam
1364 2702 1516 2746 ‘LEEE‘IPE‘P:
1619 2708 1710 2746 def”?-
1716 2714 1853 2746 ωειιηιιιιιο

1147 2726 1853 2773 Egmﬂgq'nagsjrigraﬁ'iééiidiléﬁ"iiiiiiéfiii‘égiiiiii

1059 2758 1064 2763 '
1374 2757 1479 2770 ι⁷.⁷”““.⁷⁷“”
1495 2757 1626 2765 ““⁷“¹”¹ν“⁸ν““⁸
1646 2757 1721 2766 *⁸⁸⁸⁸⁸⁸⁵1
1737 2757 1851 2773 υιῐῠιιὶιιη

1058 2757 1478 2805 iiii‘izft‘mfﬂtleaoeatﬁeri
1493 2774 1582 2805 meum.
1592 2771 1624 2795 de
1635 2773 1723 2805 seiras
1732 2772 1792 2805 dici;
1809 2783 1851 2801 se-

1058 2789 1334 2833 positfr'iorem
1346 2789 1405 2833 gero
1411 2789 1629 2830 'd’ieéiiiiii,"iii’n'oii

1057 2819 1115 2846 Cum
1219 2829 1334 2850 consonat
1346 2819 1536 2853 ΑίύὸιιὶέῖΠ-ΠῚ
1551 2819 1573 2824 Ν
1583 2819 1629 2827 “ml
1642 2819 1674 2828 In!
1688 2819 1730 2830 ul
1738 2819 1784 2831 [mu
1793 2819 1849 2834 Ulu-
