2073 3127
221 143 254 170 87
582 148 610 177 S.
630 149 644 176 .1
649 149 775 179 OANNIS
793 150 1009 180 CHRYSOSTOE

1058 152 1214 182 AliClllEP.
1232 155 1506 184 CONSTANTINOP.
1805 153 1862 189 98:

214 220 246 240 se
261 212 368 240 itineris
384 211 513 240 comitem
529 212 649 240 futurum
663 212 707 240 vel
723 213 951 243 descendentibus
966 216 1008 243 vel

214 259 411 297 redeuntibus,
426 259 601 287 subindicans
619 259 679 287 illos
697 268 823 300 magnum
843 261 942 290 habere
958 271 1007 290 co-

214 305 323 339 mitetn,
335 312 433 333 recens
448 309 540 333 natttm
556 313 682 341 puerum,
695 307 742 341 qui
757 307 848 334 statim
864 312 946 342 atque
959 315 1008 342 ap-

212 343 316 385 paruit,
336 351 428 378 omnia
452 351 580 382 mutavit,
593 355 674 385 atque
694 352 719 378 id
740 351 837 384 effecit,
857 358 885 379 ιιι
905 353 1006 382 ittituici

211 397 246 424 ιιι
266 397 339 424 hanc
354 397 535 425 meonomiam
552 397 694 425 admodum
712 398 883 426 inservirent.
900 399 1005 427 Etenim

212 444 285 479 magi
301 448 329 471 et
345 444 464 478 barbari,
482 448 593 479 paterna
609 445 804 479 superstitione
819 445 924 478 relicta,
941 446 1006 474 ado-

211 491 302 517 raturi
318 489 445 524 veniunt;
459 490 596 525 Augustus
611 489 838 518 Bethlehetuitico
852 492 940 526 partui
958 492 1007 518 tui-

211 537 324 569 nistrat,
340 537 403 564 dunt
417 544 531 564 censtttn
547 537 603 564 ﬁeri
617 536 711 571 jubet;
725 536 871 572 Egyplus,
885 539 949 565 dum
965 538 1006 565 fu-

212 582 334 617 gientem
347 587 374 609 et
390 582 497 610 insidiis
513 583 661 617 appetitum
675 582 788 617 excipit,
801 588 892 610 servat
906 583 1004 617 ipsum,

212 627 334 662 hincque
349 628 494 662 quamdam
513 627 708 656 familiaritatis
724 635 786 656 cum
806 629 864 664 ipso
880 630 1006 657 occasio-

213 681 277 701 nem
297 674 406 709 accipit,
425 679 455 701 ut
476 681 537 702 cum
558 674 632 701 illum
653 679 746 709 postea
766 675 871 703 audiret
888 674 922 702 ab
941 682 1006 710 apo-

214 720 294 748 stolis
318 721 478 755 praedicari,
500 721 533 749 de
558 721 600 748 his
623 720 796 757 gloriaretur,
818 722 889 756 qttod
915 722 1005 756 ipsum

215 766 303 801 prima
321 767 475 801 excepisset

249 847 283 874 In
307 846 424 882 digypto
443 846 563 873 monachi
589 850 613 873 et
634 850 711 873 catus
733 845 868 881 uirginum.
882 843 1008 879 ——Atqui

212 892 298 919 solius
324 892 472 919 Palmstinze
502 896 560 919 erat
593 891 651 919 hazc
682 891 857 925 prmrogativa
880 899 887 917 :
916 897 1009 917 verum

210 937 347 973 ‘JEgyptus
362 937 508 964 fervmtior
521 937 565 964 illa
583 935 642 964 fuit.
656 936 731 964 Nunc
744 942 818 964 certe
831 935 853 962 si
867 943 960 971 pergas
981 936 1008 962 itt

214 983 352 1010 desertum
378 982 506 1018 [εἰει-βῆ,
530 982 627 1017 quovis
650 981 773 1016 paradiso
796 981 1009 1016 pnestantiorem

214 1029 386 1057 solitudinem
410 1028 544 1060 invenies,
568 1031 710 1055 sexcentos
733 1026 889 1062 angelorum
913 1025 1010 1054 choros

216 1074 330 1103 humana
345 1074 439 1106 forma,
460 1077 606 1109 martyrum
621 1072 745 1108 populos,
760 1077 846 1100 coetus
865 1072 1008 1107 virginum,

215 1121 330 1149 solutam
343 1119 441 1147 diaboli
455 1119 625 1156 tyrannidem
641 1124 735 1152 totam,
749 1119 848 1147 Christi
862 1123 951 1146 autem
964 1126 1008 1146 re-

215 1175 297 1203 gnum
313 1173 468 1195 coruscans.
485 1165 560 1193 Illam
570 1172 634 1193 vero
651 1173 710 1201 qua:
725 1169 874 1200 poetarum,
889 1165 1010 1200 philoso-

215 1214 329 1248 phorum
353 1218 381 1241 et
400 1219 538 1248 magorum
558 1216 643 1239 mater
663 1216 729 1244 erat,
742 1220 801 1247 qua:
814 1219 894 1240 omne
906 1212 1010 1247 praesti-

213 1261 319 1294 giarum
339 1266 425 1294 genus
446 1259 593 1289 invenerat,
613 1258 727 1293 aliisque
748 1258 904 1291 tradiderat,
927 1258 1009 1291 illam,

215 1307 339 1340 inquam,
355 1304 457 1332 videbis
476 1305 510 1331 de
533 1303 708 1339 piscatoribus
731 1304 900 1339 gloriantem,
920 1309 949 1332 et
966 1305 1009 1332 illa

214 1351 322 1386 quidem
336 1355 424 1378 vetera
441 1350 531 1377 omnia
551 1349 753 1384 despicientem,
778 1350 948 1384 publicanum
967 1358 1012 1377 ve-

216 1405 246 1425 ro
267 1402 295 1424 et
316 1396 491 1424 tentoriorum
510 1395 640 1422 artiﬁcem
655 1395 753 1430 ubique
765 1395 1009 1428 circumferentem,

215 1451 247 1472 ac
271 1451 378 1471 crucem
402 1446 660 1478 praemonstrantem.
677 1441 739 1468 Ηειξε
754 1449 834 1476 μοι·το
850 1449 902 1469 11011
917 1442 942 1468 ill
962 1449 1008 1469 ur-

215 1490 293 1517 bibus
315 1493 428 1520 tantum,
452 1487 498 1515 sed
514 1487 593 1515 etiam
616 1487 642 1514 in
661 1486 769 1514 deserto
784 1487 868 1522 magis
883 1495 968 1522 quam
983 1487 1010 1514 in

217 1535 337 1562 urbibus.
361 1534 412 1561 Per
424 1537 507 1560 totam
522 1533 593 1560 enim
616 1533 754 1568 regionem
768 1532 847 1559 istaut
862 1532 953 1560 videre
967 1538 1009 1560 est

216 1581 314 1608 Christi
330 1580 490 1611 exercitum,
510 1579 664 1614 regiumque
683 1586 803 1614 gregem,
818 1586 1010 1613 supernarum-

216 1636 267 1661 que
281 1628 409 1655 virtutum
425 1628 505 1654 vitam
519 1636 528 1661 ;
549 1627 629 1662 idque
648 1635 702 1654 non
716 1627 786 1662 apud
800 1626 873 1654 viros
891 1630 1006 1658 tantum,

217 1675 262 1701 scd
284 1679 313 1702 et
326 1675 352 1702 in
378 1674 499 1702 muliebri
521 1682 586 1701 sun
612 1673 739 1708 reperias.
758 1672 863 1701 Etenim
885 1672 937 1701 ilize
954 1679 1008 1700 non

218 1722 305 1748 minus
328 1729 408 1756 quam
423 1721 471 1748 viri
494 1720 731 1756 philosophantur,
750 1727 804 1748 non
817 1724 922 1748 scutum
936 1719 1009 1746 acci-

218 1767 332 1800 pientes,
347 1775 432 1802 neqtte
443 1774 540 1801 equum
555 1766 776 1799 conscendentes,
793 1770 823 1794 ut
834 1766 930 1800 jubent
943 1765 1010 1793 clari

218 1813 254 1840 ilii
268 1813 423 1841 Grmcorum
448 1812 612 1847 legislatores
630 1816 657 1840 et
681 1811 851 1847 philosophi;
876 1811 923 1839 sed
939 1811 1010 1838 aliud

219 1858 297 1893 longe
316 1859 422 1893 gravius
439 1857 536 1885 bellum
559 1857 717 1892 suscipiunt.
735 1855 883 1884 Commune
897 1856 968 1884 enim
983 1860 1011 1883 ct

219 1905 283 1938 ipsis
303 1909 330 1931 et
343 1904 408 1931 viris
423 1904 519 1931 bellttm
539 1907 581 1931 est
595 1907 686 1930 contra
702 1902 837 1930 diabolutn
851 1908 877 1929 et
894 1896 1011 1937 potesta-

219 1955 258 1977 tes
273 1950 443 1976 tenebrarum
459 1958 465 1976 :
482 1949 514 1976 ad
530 1947 680 1983 hujttsmodi
695 1955 759 1975 vero
777 1947 917 1975 condictus
930 1954 1009 1974 num-

219 2003 300 2030 quam
312 1995 363 2021 illis
378 2001 458 2021 sexus
469 1994 593 2021 debilitas
602 1992 791 2028 impedimento
801 1997 842 2020 est
853 1999 861 2025 ;
873 2000 925 2019 non
940 1992 1011 2020 enim

220 2042 338 2075 corporis
352 2046 454 2072 natura,
474 2040 520 2067 sed
536 2039 616 2066 animi
633 2039 769 2073 proposito
783 2037 934 2073 hujusmodi
945 2046 1012 2072 prte-

222 2087 254 2113 lia
265 2087 455 2114 decernuntur.
468 2085 582 2120 ideoque
590 2092 662 2119 saepe
674 2084 800 2112 mulieres
813 2083 909 2111 fortius
931 2091 1013 2119 quam

222 2133 272 2159 viri
297 2136 500 2167 pugnaverunt,
526 2136 553 2158 et
571 2130 716 2166 insignium
738 2135 835 2166 tropa'a
857 2135 1011 2158 erexerunt.

222 2178 278 2205 Non
301 2179 335 2205 ita
351 2178 445 2205 ca-lum
466 2177 633 2212 splendidum
658 2181 698 2204 est
714 2176 787 2204 vario
805 2176 852 2203 illo
875 2177 1012 2203 stellarum

222 2225 314 2258 choro,
328 2229 356 2252 ut
367 2224 476 2260 Egypti
492 2223 608 2250 solitudo
618 2244 625 2255 ,
640 2231 700 2258 quae
715 2222 831 2258 undique
846 2223 922 2250 nobis
935 2222 1012 2250 exhi-

223 2272 267 2298 bet
281 2270 448 2298 tabernacula
464 2269 666 2296 monachorum.

256 2356 284 2383 5.
303 2356 330 2383 Si
346 2355 405 2389 quis
417 2359 534 2382 veterem
549 2353 620 2381 ill‘am
634 2352 778 2389 Egyptum
793 2354 875 2386 novit,
895 2354 940 2381 Dei
957 2354 1008 2381 ini-

224 2401 317 2428 micam
330 2406 356 2427 et
368 2400 511 2431 furentem.
524 2399 612 2427 feliutn
626 2399 775 2433 cultricem,
788 2407 848 2435 quae
862 2407 943 2434 cepas
956 2400 1012 2427 for-

225 2447 338 2474 midabat
359 2451 387 2472 et
413 2445 554 2477 tremebat,
579 2445 623 2472 hic
645 2446 745 2480 optime
763 2444 861 2473 Christi
889 2446 1012 2473 virtutem

224 2495 298 2521 sciet.
315 2493 370 2520 ltno
380 2500 445 2519 vero
463 2499 514 2519 non
528 2500 596 2527 opus
610 2497 650 2519 est
670 2490 746 2520 nobis
758 2492 869 2520 vetustis
884 2493 1013 2519 narratio-

223 2539 300 2566 nibus
318 2547 324 2565 :
339 2546 400 2566 nam
430 2538 561 2572 hodieque
590 2538 688 2565 insana:
716 2538 785 2565 illius
805 2539 892 2573 gentis
913 2546 1012 2565 monu-

224 2589 311 2612 menta
321 2587 475 2618 supersunt,
489 2591 548 2618 qua:
562 2585 674 2617 priscam
687 2583 770 2618 ipsius
783 2584 927 2611 amentiam
941 2583 1015 2610 testi-

226 2632 345 2658 ﬁcantur.
365 2631 490 2657 Attamen
503 2629 529 2656 hi
543 2629 589 2665 qui
604 2630 667 2657 olim
683 2637 778 2657 omnes
798 2629 824 2657 itt
839 2634 937 2657 tantam
952 2637 1013 2664 pro-

226 2681 350 2712 ruperant
363 2676 518 2708 amentiam,
534 2675 567 2703 de
581 2675 656 2708 caelo,
671 2675 759 2711 deqtte
771 2674 923 2704 caelestibus
933 2675 1014 2704 rebus

231 2728 466 2762 philosophantur,
492 2730 667 2761 paternosque
689 2734 777 2754 mores
795 2727 925 2760 derident,
951 2733 1015 2754 avos

231 2780 291 2800 sitos
311 2773 423 2800 miseros
441 2772 595 2807 praedicant,
619 2777 646 2799 et
666 2772 838 2807 philosophos
859 2773 920 2800 illos
939 2772 1014 2800 nihili

232 2818 356 2854 pendunt.
372 2818 412 2847 Ex
434 2817 500 2853 ipsis
511 2818 580 2845 enim
593 2818 672 2846 rebus
685 2817 852 2846 edidicerun't
864 2819 964 2853 priscas
979 2819 1013 2846 il-

1061 208 1099 235 las
1118 207 1203 235 aniles
1219 207 1323 235 fabulas
1334 207 1468 235 ebriorum
1488 214 1548 235 esse
1561 208 1677 240 inventa,
1694 216 1784 236 veram
1799 217 1849 237 att-

1061 258 1114 281 tem
1129 254 1285 289 sapientiam
1299 254 1372 281 caelis
1394 262 1453 281 esse
1472 254 1588 289 dignam.
1606 254 1668 282 Haec
1690 259 1731 281 est
1752 263 1812 290 qua:
1833 263 1849 282 a

1061 299 1237 334 piscatoribus
1249 300 1404 326 anttuntiata
1420 299 1482 333 ipsis
1496 299 1555 326 fttit.
1571 298 1685 334 ideoque
1697 307 1757 326 cum
1770 308 1849 327 aecu-

1061 350 1118 372 rata
1131 344 1283 380 dogmatnm
1306 345 1418 372 veritate
1439 345 1547 372 multatn
1569 345 1696 373 exhibent
1717 346 1784 373 bene
1806 347 1849 372 vi-

1060 390 1138 418 vendi
1152 391 1326 426 diligentiam.
1342 391 1477 426 Siquidem
1489 391 1561 419 exuti
1573 391 1654 418 rebus
1667 392 1769 419 cunctis
1780 399 1850 426 prae-

1060 436 1190 470 sentibus,
1201 437 1353 472 mundoque
1368 437 1498 468 cruciﬁxi,
1509 437 1577 464 ultra
1593 437 1671 464 ctiam
1688 437 1848 472 procedunt,

1059 481 1151 510 labore
1163 482 1283 517 corporis
1303 487 1407 510 utentes
1427 482 1460 510 ad
1473 482 1571 509 victum
1587 483 1678 517 egenis
1691 490 1850 518 comparan-

1061 527 1134 554 dutn.
1150 527 1241 563 Neque
1251 528 1322 555 enim
1333 527 1522 563 quiajejunant
1534 532 1562 555 et
1576 528 1694 563 vigilant,
1708 535 1737 555 se
1751 528 1850 555 ideirco

1059 573 1160 602 dedunt
1177 574 1242 607 otio,
1268 574 1314 602 sed
1338 579 1430 602 noctes
1450 575 1556 610 hymnis
1577 582 1609 602 ac
1623 574 1775 609 pervigiliis,
1791 574 1850 602 dies

1061 621 1183 655 precibus
1193 624 1220 649 et
1232 621 1306 656 operi
1315 628 1440 647 manuutn
1455 620 1593 655 deputant,
1608 621 1719 654 apostoli
1733 619 1848 647 stttditttn

1059 666 1202 694 imitantes.
1217 666 1245 694 Si
1257 666 1341 700 enim,
1357 665 1488 701 inquiunt,
1504 666 1558 699 ille,
1571 670 1625 693 toto
1640 666 1705 693 orbe
1715 666 1748 693 ad
1762 667 1848 701 ipsum

1059 711 1229 746 respiciente,
1253 716 1283 739 nt
1307 711 1402 746 inopes
1421 711 1515 745 aleret,
1534 710 1669 739 ofﬁcinam
1694 711 1796 744 habuit,
1821 716 1849 740 et

1058 763 1142 786 artem
1168 758 1299 790 tractavit,
1327 758 1461 785 insomnes
1481 758 1586 785 interim
1609 762 1701 785 noctes
1726 757 1825 785 ducens
1839 766 1862 784 ιη

1058 803 1144 830 ntulto
1158 803 1242 837 magis
1255 810 1314 835 nos,
1330 803 1373 838 qui
1388 802 1414 830 in
1433 803 1540 830 deserto
1553 803 1712 837 habitamus,
1728 803 1848 838 nihilque

1058 856 1199 876 commune
1212 848 1339 875 habemus
1349 855 1409 875 cum
1424 848 1529 876 urbium
1548 848 1715 882 tumultibus,
1728 849 1846 876 vacatio-

1059 895 1099 922 nis
1120 895 1176 922 otio
1197 893 1231 921 ad
1252 894 1399 929 spiritualia
1421 901 1502 929 opera
1520 894 1558 921 uti
1573 901 1621 929 par
1633 899 1685 922 est.
1701 894 1846 922 Erubesca-

1059 948 1116 966 ttttts
1136 939 1225 974 itaque
1244 946 1348 971 omnes,
1372 944 1399 966 et
1412 939 1518 972 divites,
1540 945 1566 967 et
1587 946 1727 974 pauperes,
1741 939 1847 974 quando

1060 987 1096 1013 illi
1118 985 1181 1013 nihil
1201 993 1311 1022 prorsus
1336 986 1476 1019 habentes,
1499 985 1549 1013 nisi
1568 993 1666 1020 corpus
1692 990 1796 1014 tantum
1819 990 1847 1014 et

1058 1038 1162 1062 manus,
1185 1035 1315 1058 conantur
1335 1035 1362 1058 et
1382 1030 1546 1058 contendunt
1561 1035 1589 1058 ut
1609 1030 1672 1058 hinc
1684 1030 1782 1058 victum
1797 1038 1846 1066 pa-

1056 1082 1116 1105 rent
1134 1078 1289 1113 egentibus:
1303 1085 1352 1105 nos
1366 1085 1440 1110 vero,
1462 1077 1525 1104 dum
1549 1077 1688 1104 innumera
1711 1077 1783 1104 domi
1803 1085 1847 1105 re-

1056 1123 1163 1151 condita
1187 1128 1258 1156 situt,
1283 1131 1316 1150 ne
1338 1122 1470 1158 superﬂua
1485 1122 1593 1158 quidem
1614 1122 1655 1150 his
1677 1122 1845 1151 adhibemus.

1056 1168 1140 1202 Quam
1167 1168 1265 1203 igitur,
1292 1176 1400 1203 quaso,
1435 1169 1632 1196 excusationem
1658 1169 1846 1203 proferemus?

1057 1222 1136 1249 quam
1163 1222 1357 1250 consequemur
1382 1214 1508 1242 veniam?
1533 1214 1612 1249 Atqui
1638 1214 1740 1250 cogites
1766 1215 1845 1243 velim

1055 1265 1181 1295 quantum
1201 1261 1243 1287 isti
1256 1261 1318 1288 olim
1334 1260 1453 1295 pecunia:
1465 1265 1598 1288 amatores
1611 1264 1698 1292 erant,
1714 1265 1843 1296 quantum

1055 1307 1123 1342 gulae
1135 1306 1226 1338 dediti,
1243 1314 1304 1333 cum
1317 1306 1421 1334 caneris
1433 1306 1513 1333 vitiis.
1537 1305 1574 1333 lbi
1596 1307 1668 1334 enim
1689 1310 1765 1334 erant
1782 1306 1843 1334 ollae

1056 1358 1175 1386 carnium
1199 1357 1294 1394 (Exod.
1309 1357 1352 1384 16.
1367 1357 1401 1392 5)
1412 1377 1419 1388 ,
1438 1363 1503 1390 quas
1527 1360 1675 1382 memorant
1688 1355 1773 1383 Judaei
1788 1363 1796 1383 :
1809 1354 1846 1382 ibi

1057 1411 1150 1439 magna
1162 1403 1261 1431 ventris
1272 1402 1401 1438 tyrannis.
1417 1403 1541 1429 Attamen
1552 1401 1613 1436 quia
1624 1401 1775 1434 voluerunt,
1787 1408 1846 1428 mu-

1058 1451 1103 1477 tati
1115 1454 1186 1482 snnt,
1202 1454 1230 1476 et
1244 1449 1303 1484 igne
1315 1448 1412 1476 Christi
1431 1451 1565 1482 suscepto,
1588 1447 1614 1474 in
1627 1447 1722 1474 caelum
1735 1451 1845 1482 repente

1057 1495 1214 1523 advolarunt
1239 1504 1246 1522 :
1264 1497 1363 1530 quippe
1383 1494 1456 1529 prius
1478 1493 1644 1521 ardentiores
1666 1493 1727 1520 aliis
1752 1497 1846 1521 erant.

1057 1547 1138 1576 atque
1156 1541 1189 1568 ad
1202 1541 1269 1568 iram
1290 1544 1318 1567 et
1331 1539 1363 1567 ad
1377 1539 1499 1574 corporis
1513 1539 1674 1573 voluptatem
1690 1538 1845 1573 propensio-

1058 1594 1112 1620 res,
1132 1587 1303 1620 incorporeas
1319 1589 1464 1620 potestates
1484 1583 1686 1612 mansuetudine
1705 1587 1732 1611 et
1744 1583 1844 1617 reliqua

1059 1632 1233 1667 philosophiae
1244 1639 1300 1659 suae
1311 1630 1450 1659 tolerantia
1461 1630 1608 1658 imitantur.
1621 1629 1747 1665 Quisquis
1759 1629 1786 1657 in
1798 1628 1850 1658 hac

1059 1678 1167 1713 regione
1181 1677 1240 1711 fuit,
1256 1685 1316 1718 quae
1329 1677 1389 1704 dico
1400 1676 1484 1704 novit.

1094 1767 1198 1795 Antonii
1226 1767 1314 1803 Magni
1338 1766 1519 1793 monac/torum
1546 1766 1626 1801 patria
1650 1765 1747 1793 laudes.
1767 1780 1803 1787 —
1820 1765 1848 1794 Si

1058 1814 1118 1849 quis
1129 1822 1192 1842 vero
1205 1813 1375 1841 tabernacula
1395 1813 1439 1840 illa
1454 1820 1597 1847 numquam
1619 1811 1693 1845 adiit,
1707 1812 1805 1847 cogitet
1817 1811 1849 1839 il-

1059 1861 1112 1886 lum
1127 1860 1172 1895 qui
1187 1859 1314 1886 hactenus
1334 1859 1360 1886 in
1383 1858 1502 1886 omnium
1517 1858 1601 1885 fertur
1619 1865 1676 1891 ore,
1697 1865 1776 1892 quem
1788 1861 1849 1893 post

1057 1905 1193 1939 apostolos
1214 1905 1345 1941 Egyptus
1368 1904 1427 1932 tulit
1441 1905 1546 1932 beatum
1567 1908 1595 1931 et
1615 1911 1739 1939 magnum
1763 1904 1848 1932 Anto-

1059 1952 1144 1983 nium,
1165 1955 1192 1978 et
1216 1958 1306 1978 secum
1333 1954 1438 1985 reputet
1467 1949 1543 1977 illum
1569 1950 1595 1977 in
1618 1950 1711 1977 eadem
1739 1950 1847 1985 regione

1060 1996 1149 2029 fuisse,
1166 1996 1192 2022 in
1205 2003 1255 2030 qua
1270 1995 1383 2022 Pharao.
1399 1995 1523 2025 Attamen
1539 1994 1605 2022 nihil
1621 1994 1682 2022 hinc
1693 1994 1846 2022 detrimenti

1058 2042 1170 2076 accepit,
1186 2041 1233 2069 sed
1247 2042 1327 2068 etiam
1338 2041 1427 2069 divina
1440 2041 1543 2068 visione
1557 2041 1682 2075 dignatus
1698 2045 1749 2073 est,
1764 2045 1791 2068 et
1805 2045 1846 2068 ta-

1059 2087 1113 2114 lem
1125 2087 1206 2114 vitam
1229 2086 1362 2117 exhibuit,
1378 2086 1483 2120 qualetn
1503 2085 1602 2113 Christi
1618 2086 1689 2121 leges
1703 2085 1845 2120 postulant.

1058 2133 1092 2160 Et
1106 2133 1157 2160 hoc
1168 2133 1235 2160 sciet
1249 2132 1368 2167 quisquis
1382 2136 1507 2159 accurate
1522 2131 1618 2159 librum
1634 2131 1737 2167 legerit,
1753 2132 1780 2159 in
1794 2139 1846 2166 quo

1057 2183 1099 2206 est
1117 2178 1228 2205 historia
1242 2178 1303 2205 vitre
1323 2178 1382 2212 ejus
1394 2178 1444 2213 (a),
1469 2177 1513 2204 ubi
1535 2177 1645 2205 multam
1666 2177 1846 2212 deprehendet

1057 2225 1234 2260 prophetiam.
1256 2223 1322 2251 Nam
1344 2224 1387 2251 illa
1406 2232 1466 2259 qua:
1492 2223 1617 2252 Arianico
1639 2221 1733 2252 morbo
1756 2229 1848 2260 captos

1058 2270 1231 2305 spectabant,
1259 2277 1363 2297 necnon
1385 2269 1573 2297 detrimentum
1599 2269 1660 2297 inde
1678 2271 1845 2298 tmersurum

1058 2317 1255 2352 prtenuntiavit,
1280 2317 1334 2344 Deo
1355 2316 1447 2351 utique
1470 2315 1615 2349 revelante,
1639 2320 1666 2343 et
1686 2316 1774 2344 omnia
1788 2323 1847 2351 qua:

1058 2364 1145 2391 futttra
1166 2367 1242 2391 erant
1256 2371 1311 2397 prae
1331 2363 1416 2390 oculis
1435 2362 1486 2397 ipsi
1505 2366 1643 2396 ponente:
1660 2362 1685 2389 id
1700 2362 1771 2397 quod
1785 2370 1844 2390 cum

1058 2410 1118 2437 aliis
1131 2409 1211 2437 etiam
1221 2408 1352 2444 adjunctis
1366 2409 1510 2435 maximum
1521 2413 1563 2435 est
1572 2408 1691 2435 veritatis
1703 2416 1844 2444 argumcn-

1060 2461 1125 2487 tum,
1141 2454 1211 2490 quod
1231 2453 1354 2482 videlicet
1372 2453 1443 2481 nulla
1466 2448 1577 2481 hteresis
1599 2453 1678 2480 talem
1694 2453 1790 2481 habeat
1803 2454 1843 2481 vi-

1059 2509 1128 2528 rutn.
1141 2500 1194 2528 Sed
1208 2508 1242 2528 ne
1255 2501 1324 2528 ultra
1342 2500 1399 2527 haec
1413 2507 1428 2527 a
1441 2499 1517 2527 nobis
1530 2499 1622 2527 audire
1633 2501 1760 2536 pergatis,
1777 2501 1800 2528 si
1814 2501 1847 2528 li-

1060 2547 1136 2574 brum
1151 2547 1177 2574 itt
1189 2555 1242 2583 quo
1253 2546 1310 2574 haec
1323 2547 1420 2581 scripta
1431 2549 1493 2573 sunt
1505 2545 1609 2580 legatis,
1625 2552 1748 2574 accurate
1758 2547 1844 2573 omnia

1066 2599 1187 2628 ediscere
1201 2595 1335 2631 poteritis,
1353 2595 1508 2622 et'multam
1530 2595 1592 2622 inde
1607 2594 1715 2622 haurire
1727 2595 1844 2630 philoso-

1067 2645 1169 2680 phiam.
1179 2642 1237 2669 iloc
1247 2645 1336 2668 autetn
1351 2649 1416 2676 rogo
1431 2649 1484 2668 tton
1497 2647 1526 2669 ut
1539 2641 1636 2668 librum
1651 2641 1782 2670 adeamus
1792 2645 1855 2669 tan-

1087 2789 1125 2825 (ῃ)
1141 2789 1182 2814 tlic
1194 2789 1342 2826 haudduhie
1354 2789 1459 2826 loquitur
1469 2789 1564 2826 det/ita
1575 2795 1597 2816 5.
1612 2794 1704 2819 Antonii
1718 2801 1762 2826 per
1774 2795 1842 2822 Alba.

1056 2820 1150 2845 nasium
1161 2820 1368 2852 archiepiscopum
1380 2820 1577 2847 Alexandrinum.
1719 2820 1724 2826 '
1795 2820 1799 2821 ν
1822 2820 1832 2822 ⁷Ἲ
1850 2831 1853 2834 ·
