2073 3127
220 138 269 167 £77

220 205 336 234 llerodis
345 212 504 236 amentiam.
516 209 581 237 Nam
593 209 615 237 si
632 210 758 238 effossum
770 217 875 238 murum
889 213 1010 246 vidisset,

215 251 257 279 vel
272 257 367 287 portas
381 262 500 285 eversas.
511 255 573 290 jure
594 255 662 284 forte
687 257 816 291 potuisset
841 257 949 290 milites,
965 259 1011 294 qui

211 299 367 332 apostolum
394 302 588 335 custodiebam,
613 303 780 337 negligentiae
801 311 946 333 accusare:
962 313 1010 332 ve-

211 351 270 370 rum
287 344 323 372 ibi
339 346 432 373 omnia
444 347 468 373 in
481 355 529 374 suo
543 352 612 375 statu
626 348 768 376 manebant
781 358 788 376 :
809 349 897 384 janme
911 350 1011 379 clauste

209 396 298 421 erant.
314 397 421 420 catena:
434 394 640 421 custodientium
655 395 779 422 manibus
792 396 905 431 alligata:
917 397 1011 432 (erant

209 437 280 463 enim
298 437 336 464 illi
354 439 435 466 simul
450 447 510 467 cum
523 439 604 467 Petro
616 442 726 475 vincti),
747 446 902 478 poteratque
915 451 946 470 ex
968 443 1009 471 his

209 489 302 510 secum
319 491 456 519 reputare,
471 486 493 513 si
507 487 614 522 quidem
627 493 700 515 recte
711 487 868 522 judicasset,
881 489 950 524 quod
963 496 1010 525 ge-

208 534 278 556 stum
296 529 388 558 fuerat
409 539 463 559 non
486 532 598 561 humana
616 534 724 565 virtute,
740 542 825 569 neque
848 535 939 562 fraude
961 536 1008 563 ali-

207 584 271 610 qua.
290 577 341 604 sed
357 578 446 606 divina
460 579 573 614 quadam
589 588 621 607 ac
637 581 749 608 mirabili
767 582 883 615 potentia
907 582 1004 610 factum

208 622 301 655 fuisse,
323 628 406 658 atque
431 625 505 652 illum
529 625 651 658 adorare,
675 627 719 661 qui
741 627 798 654 hmo
823 627 940 660 fecisset,
957 636 1006 656 nec

207 675 302 702 pmnas
313 669 348 697 de
362 670 518 698 custodibus
529 676 668 705 expetere.
678 672 748 699 Deus
761 673 857 707 quippe
869 673 904 700 ita
917 675 1006 701 omnia

207 712 280 745 fecit,
296 719 327 742 ut
341 723 395 742 non
407 715 486 743 modo
501 716 625 744 custodes
639 725 691 744 non
704 719 844 752 proderet;
859 719 905 746 sed
926 721 1004 747 etiam

206 764 235 787 ut
250 768 300 795 per
318 761 382 789 illos
396 769 486 797 regem
502 763 535 789 ad
549 763 687 791 veritatem
703 764 857 792 adduceret.
873 765 900 793 Si
916 769 1004 793 autem

206 805 251 833 ille
277 807 420 841 improbus
448 808 619 844 ingratusque
642 810 700 843 fuit,
716 811 779 845 quid
802 812 834 838 ad
858 813 1004 847 sapientem

205 852 361 880 animarum
378 853 578 890 medicum,qui
589 856 676 882 omnia
691 857 784 891 agebat
798 856 831 884 ad
847 857 1003 885 beneﬁt-ium

205 899 391 933 praestandum
407 900 442 933 ei,
457 901 501 936 qui
517 901 611 929 morbo
626 902 834 938 inobsequcnlitn
850 904 1004 932 laborabat?

200 943 327 980 Idipsum
343 946 386 974 hic
405 954 510 982 quoque
522 947 663 975 dicendum
686 953 737 976 est.
754 949 817 982 Cur,
833 957 850 976 ο
871 949 1001 984 Herodes,

233 992 324 1027 magis
337 992 431 1020 illusus
447 993 529 1020 iratus
546 994 598 1021 es?
613 1001 665 1021 non
680 1002 793 1022 noveras
809 995 930 1023 divinum
942 1004 1003 1025 esse

204 1038 334 1072 partum?
349 1046 438 1066 annon
463 1044 491 1066 tu
512 1040 646 1074 principes
666 1041 836 1068 sacerdotum
851 1041 1001 1070 advocave-

204 1084 267 1111 ras?
280 1092 373 1112 annon
394 1085 496 1112 scribas
505 1087 739 1121 congregaveras?
758 1094 846 1114 annon
867 1088 952 1114 vocati
964 1088 1000 1116 illi

203 1131 377 1166 prophetam,
388 1132 433 1167 qui
447 1131 505 1160 haec
515 1133 578 1160 olim
596 1134 828 1167 prmuuntiaverat,
840 1133 872 1161 ad
886 1135 999 1162 tribunal

203 1181 278 1204 uium
295 1177 486 1206 adduxerunt?
501 1186 588 1205 annon
609 1178 698 1206 vidisti
712 1185 802 1206 vetera
817 1180 891 1207 novis
904 1188 1000 1207 conso-

202 1222 290 1250 nare?
305 1230 395 1250 annon
409 1223 506 1250 audisti
517 1224 620 1251 stellam
634 1224 674 1251 liis
685 1224 896 1252 ministravisse?
910 1233 997 1252 annon

206 1268 342 1296 reveritus
357 1276 388 1296 es
401 1268 575 1296 barbarorum
589 1269 770 1305 diligentiam?
783 1279 872 1298 annon
887 1272 999 1299 miratus

200 1321 342 1341 escorum
364 1313 488 1342 ﬁduciam
508 1321 540 1342 ac
564 1314 689 1350 loquendi
712 1315 882 1344 libertatem?
909 1324 996 1344 annon

202 1355 343 1384 horruisti
366 1358 400 1385 ad
423 1366 517 1385 veram
541 1360 684 1394 prophetas
706 1363 821 1389 vocem?
845 1372 936 1392 annon
965 1373 998 1393 ex

204 1403 350 1437 prioribus
375 1408 512 1438 postrema
537 1406 613 1440 sequi
638 1407 783 1441 cogitasti?
801 1407 857 1435 Cur
883 1418 938 1437 non
966 1419 1000 1437 ex

204 1448 249 1476 his
277 1450 406 1477 omnibus
431 1454 521 1478 tecum
546 1453 694 1486 reputasti,
721 1461 776 1480 non
799 1461 833 1481 ex
858 1462 999 1490 magorum

206 1496 308 1523 fraude
325 1497 383 1523 lucc
402 1497 538 1529 evenisse,
556 1498 604 1525 sed
621 1498 714 1526 divina
733 1499 835 1527 virtute
852 1501 954 1533 omnia,
971 1506 1001 1529 ut

205 1548 259 1575 par
284 1545 355 1573 erat,
377 1542 560 1576 providente?
587 1543 700 1571 Etiamsi
729 1552 795 1572 vero
823 1545 919 1573 illusus
947 1546 1000 1574 fui-

206 1585 241 1611 sti
264 1592 278 1611 a
298 1586 400 1621 magis,
428 1587 494 1622 quid
522 1588 590 1616 illud
612 1589 647 1616 ad
673 1598 792 1625 pueros,
812 1591 860 1626 qui
878 1591 949 1620 nihil
972 1597 999 1621 te

204 1630 336 1658 miserant
343 1632 354 1659 ?

239 1737 267 1764 Ξ.
289 1736 340 1764 Cur
361 1736 430 1764 De":
453 1737 592 1772 permiserit
613 1736 722 1772 infantes
742 1738 832 1764 occidi.
855 1737 904 1771 Qui
926 1738 995 1766 mala

202 1783 303 1819 [ortiter
311 1783 395 1817 ferunt
409 1791 459 1810 non
471 1782 660 1815 laduntur,etsi
670 1783 729 1809 laedi
741 1783 882 1810 videantur.
900 1783 993 1817 Recte,

203 1829 325 1863 inquies;
345 1829 391 1855 sed
419 1828 551 1856 Herodem
564 1828 670 1864 quidem
685 1829 756 1856 omni
771 1829 927 1857 defensione
949 1837 994 1858 va-

201 1883 302 1909 cuum,
330 1880 358 1902 et
385 1875 584 1910 sanguinarium
611 1876 693 1910 probe
718 1875 857 1903 ostendisti
879 1885 886 1903 :
907 1884 994 1912 neque

203 1927 293 1949 tamen
307 1921 395 1949 adhuc
410 1922 512 1949 solvisti
526 1921 703 1956 objectioriem
718 1922 788 1950 circa
812 1922 873 1949 facti
889 1922 994 1958 injusti-

205 1967 279 1995 tiam.
290 1966 355 1994 Nam
369 1967 391 1994 si
406 1967 450 1994 ille
465 1967 563 2001 injuste
582 1967 645 2002 egit,
660 1975 709 1994 cur
726 1967 795 1994 Deus
816 1968 840 1995 id
855 1969 994 2003 permisit?

207 2013 274 2047 Quid
286 2020 349 2049 ergo
363 2013 396 2040 ad
408 2013 465 2040 ha-c
478 2013 613 2041 dixerim?
634 2013 749 2048 ldipstlm
763 2013 834 2048 quod
848 2022 955 2049 semper
966 2019 993 2042 et
1006 2048 1009 2050 τ

206 2059 231 2086 in
245 2058 366 2091 ecclesia,
379 2063 405 2086 et
420 2059 446 2085 in
470 2058 538 2090 foro,
553 2063 580 2086 et
596 2059 802 2094 ubique'dicere
821 2067 873 2086 non
886 2059 991 2092 desino,

205 2104 274 2140 quod
289 2105 368 2132 velim
380 2112 428 2132 vos
442 2104 582 2139 diligenter
596 2104 740 2132 observare
752 2113 759 2133 :
775 2112 835 2132 nam
848 2105 938 2140 regula
951 2110 994 2133 est

206 2150 237 2177 ad
252 2158 358 2178 omnem
372 2150 554 2185 hujuscemodi
570 2150 744 2185 qumstionem
759 2150 993 2185 adhibenda.Qu:e

206 2197 303 2231 regula,
319 2203 413 2231 quaeve
428 2196 495 2223 ratio
509 2195 569 2223 est?
583 2195 633 2229 Qui
654 2195 753 2223 itedant
766 2196 875 2230 multos,
888 2196 933 2231 qui
947 2196 993 2224 lte-

205 2242 281 2269 datur
298 2242 402 2269 nullum
414 2249 485 2269 esse.
499 2241 533 2268 Et
545 2249 579 2268 ne
590 2241 641 2268 hoc
654 2241 766 2276 aenigma
781 2249 829 2269 vos
841 2241 992 2276 conturbet,

204 2288 257 2315 cito
271 2287 432 2316 solutionem
446 2286 587 2314 adhibebo.
601 2286 667 2313 Nam
680 2294 726 2314 eas
739 2294 805 2322 quas
814 2295 829 2314 a
839 2288 933 2322 quovis
945 2287 993 2315 ho-

205 2333 275 2360 mine
289 2332 387 2367 injuste
401 2332 517 2367 patimur
538 2332 660 2366 injurias,
673 2332 742 2360 Deus
767 2332 843 2360 nobis
857 2337 994 2368 computat

204 2382 248 2405 aut
263 2378 288 2405 in
304 2382 477 2413 peccatorum
490 2377 689 2410 remissionem,
705 2381 752 2404 aut
766 2378 792 2404 in
807 2378 937 2405 mercedis
948 2387 993 2406 re—

205 2424 387 2451 tributionem.
413 2424 499 2458 Alque
521 2427 550 2450 ut
572 2423 598 2450 id
621 2423 692 2458 quod
715 2423 816 2451 dictum
840 2429 881 2451 est
896 2424 994 2452 clarius

205 2470 308 2503 evadat,
324 2469 357 2497 ad
372 2470 524 2504 exemplum
535 2469 684 2497 veniamus.
702 2469 834 2497 Ponamus
850 2470 920 2498 enim
933 2478 994 2498 esse

205 2523 308 2543 servum
324 2515 442 2550 aliquem
456 2515 553 2542 multas
568 2515 694 2550 pecunias
708 2515 816 2542 domino
829 2523 878 2543 suo
892 2515 993 2543 deben-

205 2561 325 2596 tem2qui
339 2568 434 2588 servus
443 2560 476 2587 ab
486 2560 583 2595 iniquis
594 2560 746 2588 hominibus
759 2561 909 2596 impetatur,
918 2564 954 2589 ita
966 2566 994 2589 ut

205 2607 334 2634 bonorum
349 2612 425 2642 parte
436 2607 521 2641 aliqua
536 2607 687 2634 mulctetnr.
700 2607 727 2634 Si
742 2615 806 2642 ergo
814 2607 938 2635 dominus
948 2608 994 2642 qui

206 2657 337 2686 raptorem
347 2651 476 2679 cohibere
487 2652 579 2686 potuit,
587 2656 677 2686 raptas
686 2652 793 2686 quidem
801 2653 925 2687 pecunias
940 2661 992 2680 non

206 2697 335 2728 restituat,
344 2697 393 2724 sed
405 2703 494 2732 raptas
501 2701 589 2725 tamen
601 2698 670 2725 inter
678 2705 723 2725 eas
731 2706 789 2733 quae
800 2699 849 2726 sibi
858 2699 992 2726 debeban-

208 2747 248 2770 tur
257 2747 407 2776 eomputet:
417 2750 452 2770 an
466 2742 545 2770 laesus
555 2742 719 2771 fuitservus?
734 2744 913 2776 Nequaquam.
922 2746 990 2780 Quid

205 2795 266 2814 vero
276 2789 298 2814 si
311 2790 388 2823 plura
403 2790 454 2824 ipsi
464 2791 587 2817 dominus
597 2791 719 2819 dederit?
732 2800 820 2821 annon
833 2795 893 2829 plus
908 2797 995 2825 lucra-

207 2836 246 2860 tus
259 2838 310 2867 est,
325 2841 407 2870 quam
424 2835 591 2870 perdiderit?
607 2836 634 2864 Id
648 2837 769 2867 omnibus
781 2840 870 2875 palam
885 2847 936 2870 est.
952 2842 993 2872 ld-

815 163 846 191 IN
867 164 1066 193 ΜΛΤΤΙΙΛίΙΙΜ
1089 164 1204 192 ιιοιιιι.
1228 166 1272 198 ΙΧ.

1805 173 1857 203 178

1068 217 1154 252 ipsum
1175 224 1201 247 ct
1217 227 1266 247 nos
1290 226 1412 255 putemus
1432 229 1492 250 cum
1515 223 1613 259 aliquid
1637 226 1761 261 patimur.
1782 228 1860 263 Quod

1067 265 1139 292 enim
1155 272 1202 300 per
1216 273 1350 294 aarumnas
1372 267 1440 298 illas.
1463 273 1508 296 aut
1528 275 1633 304 peccata
1656 272 1798 306 diluamus,
1813 279 1860 302 aut

1068 309 1090 335 si
1105 317 1158 337 non
1172 310 1315 338 admodum
1331 314 1447 346 peccatis
1460 314 1566 342 obnoxii
1583 317 1681 350 simus,
1694 319 1859 352 splendidio-

1066 363 1110 383 res
1123 357 1285 392 accipiamus
1307 367 1431 392 coronas,
1448 361 1508 387 audi
1534 362 1643 390 Paulum
1667 364 1800 394 dicentem
1825 367 1859 395 de

1066 401 1209 430 fornicario
1232 412 1239 430 :
1263 403 1366 432 Tradite
1392 406 1537 442 lmjusmodi
1558 413 1655 436 solante
1682 410 1709 437 in
1730 411 1857 440 interitum

1065 449 1159 481 carnis,
1182 455 1209 476 ut
1229 451 1333 485 spiritus
1352 452 1436 480 salvus
1455 453 1488 479 sit
1509 454 1549 487 (l.
1565 454 1624 482 Cor.
1639 456 1664 483 5.
1680 456 1718 489 5).
1736 457 1770 484 Et
1792 459 1856 493 quid

1065 494 1137 522 hoc?
1151 495 1216 523 Nam
1228 496 1261 524 de
1274 497 1306 524 iis
1317 498 1360 532 qui
1377 499 1508 526 laeduntur
1523 500 1556 527 ab
1568 501 1628 527 aliis
1638 509 1727 529 sermo
1739 508 1790 536 est,
1802 512 1855 532 non

1063 539 1097 567 dc
1112 540 1144 568 iis
1158 542 1202 576 qui
1216 550 1230 568 a
1247 542 1400 570 doctoribus
1415 545 1592 580 corriguntur.
1610 545 1688 575 Certe
1701 549 1800 576 nullum
1815 555 1857 577 est

1063 585 1135 612 inter
1151 586 1194 614 illa
1209 588 1325 615 medium
1339 597 1346 615 :
1363 597 1423 616 nam
1439 590 1472 618 de
1493 591 1564 618 dicto
1586 592 1736 627 hujnsmodi
1749 603 1854 629 qurere.-

1062 630 1150 663 batur,
1175 632 1204 659 In
1225 635 1352 662 aerumnis
1379 636 1479 663 nullum
1508 638 1632 671 patientis
1655 639 1780 668 damnum
1801 647 1852 669 est.

1061 676 1114 704 Sed
1133 682 1161 704 ut
1173 686 1324 709 sermonem
1350 681 1506 709 transferam
1528 683 1561 710 ad
1584 683 1609 710 id
1625 685 1693 719 quod
1711 687 1792 721 magis
1807 695 1838 714 ac

1061 724 1132 751 cedit
1147 724 1180 752 ad
1195 726 1386 760 quaestionem;
1410 729 1551 757 recordare
1566 730 1682 764 Davidis,
1697 732 1741 767 qni
1763 733 1852 761 Semei

1060 771 1155 798 videns
1170 772 1311 800 instantem
1325 778 1351 801 et
1363 774 1505 802 calamitati
1521 784 1577 804 sure
1592 777 1773 810 insultantem.
1790 787 1852 807 scx-

1060 818 1198 853 centisque
1224 819 1330 854 probris
1353 826 1555 856 aspergentem,
1579 831 1639 850 cum
1667 825 1765 852 vellent
1789 834 1851 853 eum

1059 861 1141 890 duces
1155 865 1288 892 exercitus
1304 865 1464 900 interficere,
1485 868 1603 896 cohibuit
1616 869 1658 896 his
1680 870 1785 898 verbis:
1801 870 1851 898 Di-

1058 909 1149 936 mittite
1158 909 1231 937 illum
1245 911 1404 944 maledicere,
1415 917 1442 939 ut
1455 913 1538 940 videat
1548 913 1671 943 Dominus
1687 916 1851 945 humilitatem

1058 963 1150 988 meum,
1166 961 1190 983 et
1209 957 1329 984 retribuat
1344 959 1408 985 milii
1421 960 1485 986 bona
1500 969 1546 995 pro
1560 961 1608 988 hac
1622 963 1755 990 maledicto
1767 964 1793 990 in
1804 964 1850 991 Ima

1059 1001 1100 1028 die
1113 1001 1152 1037 (2.
1170 1003 1233 1038 Reg.
1249 1004 1292 1031 l6.
1309 1005 1353 1031 Η.
1369 1004 1426 1041 12).
1449 1005 1479 1033 Et
1493 1007 1518 1033 in
1534 1006 1646 1034 Psalmis
1659 1016 1757 1036 canens
1774 1009 1845 1036 dire-

1058 1048 1118 1076 hat:
1135 1049 1241 1084 Respice
1253 1051 1368 1079 inimicos
1381 1060 1458 1085 meos,
1475 1054 1594 1088 quoniam
1610 1054 1770 1090 multiplicati
1780 1061 1847 1087 sunt.

1057 1099 1080 1121 et
1093 1094 1151 1121 odio
1166 1096 1252 1130 iniquo
1265 1096 1372 1123 oderunt
1391 1105 1455 1125 me:
1476 1103 1500 1125 et
1522 1099 1620 1126 dimitte
1640 1101 1724 1127 omnia
1745 1108 1848 1137 peccata

1055 1148 1110 1166 mea
1125 1139 1208 1176 (Psnl.
1218 1141 1262 1168 24.
1277 1142 1317 1169 l9.
1333 1141 1386 1178 18).
1400 1143 1431 1170 Et
1446 1143 1562 1172 Lazarus
1575 1145 1690 1180 quietem
1700 1154 1848 1183 consequa--

1056 1191 1098 1214 tus
1109 1186 1233 1222 est(!.uc.
1248 1188 1304 1222 16),
1319 1189 1378 1223 quia
1395 1190 1531 1218 innumera
1544 1192 1611 1218 mala
1628 1200 1674 1227 per
1690 1193 1757 1220 hanc
1766 1194 1846 1221 vitam

1058 1239 1200 1266 perpessus
1215 1237 1264 1260 est.
1281 1233 1337 1260 Non
1352 1242 1416 1269 ergo
1430 1235 1624 1272 la-duntur,qui
1638 1238 1696 1265 ltedi
1711 1238 1843 1272 videntur,

1054 1277 1076 1304 si
1093 1278 1160 1305 mala
1176 1280 1265 1306 omnia
1280 1279 1383 1307 fortiter
1396 1282 1496 1314 ferant;
1513 1282 1566 1310 imo
1581 1284 1665 1319 majus
1686 1285 1788 1314 lucrum
1802 1294 1846 1313 re-

1054 1327 1170 1356 portant,
1185 1324 1241 1352 sive
1258 1332 1272 1352 a
1289 1325 1342 1352 Deo
1358 1328 1552 1361 percutiantur,
1566 1330 1622 1357 sive
1636 1338 1649 1356 a
1663 1330 1770 1359 diabolo
1783 1340 1845 1360 ver-

1054 1367 1189 1396 berentur.
1207 1370 1315 1405 Ecquod
1338 1378 1474 1406 peccatum
1491 1373 1609 1402 habuere
1623 1377 1708 1410 pueri,
1729 1377 1844 1412 inquies,

1052 1413 1122 1448 quod
1146 1414 1286 1443 eluerent?
1305 1416 1339 1443 de
1362 1417 1395 1444 iis
1416 1418 1486 1445 enim
1511 1419 1557 1454 qui
1581 1425 1686 1449 :etatem
1709 1423 1844 1458 assequuti

1052 1463 1159 1492 peccata
1179 1460 1291 1494 plurima
1307 1464 1576 1500 perpetrarunt,jure
1590 1467 1649 1501 quis
1664 1467 1720 1496 haec
1730 1468 1840 1503 dixerit;

1051 1504 1096 1538 qui
1115 1512 1180 1532 vero
1195 1510 1248 1533 tam
1274 1506 1414 1535 immatura
1440 1514 1527 1537 morte
1551 1513 1673 1546 praerepti
1697 1519 1841 1549 sunt,qua:

1053 1555 1160 1584 peccata
1181 1551 1212 1577 iis
1226 1551 1312 1579 affecti
1328 1553 1406 1579 malis
1420 1553 1598 1583 deleverunt?
1610 1556 1667 1584 Non
1689 1558 1784 1586 audisti
1801 1568 1844 1588 me

1050 1594 1193 1627 dicentem.
1210 1597 1313 1624 etiamsi
1327 1598 1400 1625 nulla
1415 1598 1469 1626 sint
1482 1606 1600 1635 peccata,
1615 1604 1747 1631 mercedis
1763 1605 1843 1632 retri-

1050 1640 1185 1668 butionem
1195 1641 1229 1668 ibi
1237 1650 1398 1671 manereeos
1404 1643 1450 1680 qui
1458 1643 1502 1672 hic
1509 1646 1586 1674 malis
1594 1652 1656 1674 sunt
1663 1648 1841 1683 aﬂ‘ecli'tQuid

1050 1693 1115 1721 ergo
1129 1686 1280 1716 detrimenti
1298 1695 1427 1724 accepere
1441 1691 1517 1725 pueri
1535 1699 1583 1726 pro
1597 1692 1642 1720 tali
1656 1700 1735 1720 causa
1748 1696 1842 1727 occisi,

1049 1733 1093 1767 qui
1114 1733 1203 1760 statim
1224 1733 1258 1760 ad
1279 1735 1450 1769 tranquillum
1476 1741 1582 1770 portum
1604 1739 1785 1773 appulerunt?
1809 1742 1843 1768 At

1049 1778 1142 1811 multa,
1155 1778 1270 1813 inquies,
1282 1779 1352 1807 forte
1367 1780 1435 1808 bona
1456 1781 1553 1809 edituri
1566 1788 1652 1816 erant,
1667 1785 1689 1812 si
1703 1786 1841 1814 vixissent.

1047 1823 1100 1852 Sed
1114 1824 1174 1852 ideo
1185 1832 1238 1852 non
1253 1833 1301 1860 par
1313 1826 1379 1861 ipsis
1394 1835 1498 1855 merces
1510 1830 1626 1863 reposita
1642 1835 1694 1863 est,
1708 1833 1778 1866 quod
1794 1842 1842 1868 pro

1048 1870 1093 1897 tali
1114 1878 1193 1898 causa
1218 1871 1343 1899 obierint.
1367 1871 1491 1908 Alioquin
1516 1882 1579 1901 vero
1603 1883 1655 1903 non
1678 1879 1840 1911 permisisset

1048 1923 1144 1951 pueros
1171 1923 1330 1951 prtematum
1358 1924 1445 1946 morte
1468 1919 1570 1955 abripi,
1595 1921 1617 1948 si
1645 1923 1731 1958 magni
1760 1923 1841 1954 futuri

1047 1967 1134 1990 erant.
1165 1963 1232 1990 Nam
1258 1964 1279 1990 si
1302 1972 1348 1991 eos
1372 1965 1416 2000 qui
1441 1965 1467 1992 in
1492 1967 1609 2001 nequitia
1635 1968 1729 1996 victuri
1760 1976 1839 2004 sunt,

1046 2016 1107 2035 cum
1122 2014 1192 2035 tanta
1216 2008 1267 2036 fert
1287 2010 1423 2044 patientia,
1445 2012 1527 2038 multo
1554 2013 1636 2047 magis
1659 2014 1708 2041 hos
1726 2023 1779 2042 non
1802 2017 1841 2044 si-

1047 2059 1122 2081 neret
1137 2054 1172 2082 ita
1194 2054 1304 2087 auferri,
1314 2055 1336 2082 si
1359 2064 1453 2092 magna
1467 2057 1589 2092 qua-dam
1604 2058 1724 2088 edituros
1743 2063 1839 2096 praevi-

1045 2099 1134 2127 deret?

1086 2197 1113 2224 5.
1127 2196 1161 2224 Et
1174 2197 1200 2224 hi
1216 2198 1323 2232 quidem
1339 2198 1424 2225 nostri
1437 2202 1500 2226 sunt
1513 2206 1669 2233 sermones;
1691 2207 1741 2228 nec
1754 2205 1842 2229 tamen

1048 2241 1075 2269 hi
1090 2242 1139 2269 soli
1155 2248 1268 2277 possunt
1281 2243 1381 2276 aii'erri,
1396 2244 1443 2271 sed
1463 2249 1526 2271 sunt
1537 2245 1618 2272 etiam
1639 2245 1683 2272 alii
1707 2245 1749 2273 his
1764 2247 1842 2281 longe

1048 2287 1238 2320 abstrusiores,
1249 2296 1315 2323 quos
1329 2289 1397 2316 bene
1411 2289 1485 2316 novit
1500 2290 1522 2316 is
1535 2291 1579 2325 qui
1597 2289 1655 2317 inec
1666 2291 1841 2326 dispensavit.

1049 2335 1101 2370 Ipsi
1122 2336 1211 2370 itaque
1233 2337 1398 2364 accuratiore
1414 2337 1540 2365 harumce
1562 2345 1650 2365 rerum
1665 2339 1844 2373 comprehcn-

1048 2381 1124 2408 sione
1138 2388 1276 2415 concessa,
1292 2382 1325 2409 iis
1338 2390 1398 2417 qua:
1421 2387 1569 2418 sequuntur
1591 2383 1749 2418 hzereamus,
1770 2389 1797 2411 et
1810 2392 1844 2412 ex

1048 2427 1161 2454 aliorum
1177 2428 1371 2455 calamitatibus
1392 2428 1425 2456 ad
1451 2429 1538 2456 omnia
1562 2429 1666 2458 fortiter
1681 2431 1789 2458 ferenda
1803 2433 1844 2459 in-

1047 2473 1200 2501 slituamur.
1215 2474 1272 2502 Non
1287 2483 1365 2509 parva
1380 2475 1453 2502 enim
1469 2476 1596 2510 tragtedia
1611 2481 1674 2504 tunc
1684 2477 1841 2506 Bctlxlehem

1048 2520 1199 2553 occupavit,
1212 2520 1301 2554 pueris
1316 2527 1348 2547 ex
1362 2520 1426 2555 ipsis
1437 2526 1552 2548 matrum
1570 2522 1696 2549 uberibus
1711 2524 1840 2557 abreptis,

1048 2568 1076 2591 ct
1089 2564 1123 2591 ad
1146 2564 1215 2592 hanc
1230 2565 1346 2601 iniquam
1361 2566 1461 2594 caedem
1481 2567 1613 2595 abductis.
1629 2569 1704 2602 Quod
1720 2569 1742 2596 si
1756 2569 1842 2597 adhuc

1047 2611 1136 2645 pusilli
1150 2619 1179 2638 es
1192 2612 1284 2645 animi,
1299 2620 1346 2640 nec
1368 2617 1467 2640 tantam
1491 2619 1567 2647 potes
1588 2614 1782 2649 phil050pbiam
1804 2620 1843 2642 at<

1050 2657 1162 2692 tingere,
1176 2657 1250 2685 disce
1270 2658 1349 2686 finem
1373 2659 1444 2686 illius
1457 2660 1501 2694 qui
1525 2660 1583 2688 lucc
1602 2668 1684 2688 ausus
1698 2666 1749 2694 est,
1764 2661 1842 2695 spiri-

1048 2709 1156 2739 tumque
1171 2704 1440 2738 resume.Celerrima
1450 2708 1549 2742 quippe
1562 2706 1635 2734 illum
1646 2706 1770 2734 facinoris
1784 2707 1841 2734 vin-

1049 2750 1118 2777 dicta
1131 2751 1270 2785 corripuit,
1287 2753 1406 2786 tantique
1419 2752 1530 2780 sceleris
1542 2753 1636 2788 dignas
1648 2753 1722 2780 dedit
1735 2760 1840 2787 pinnas,

1047 2794 1105 2822 dira
1127 2799 1213 2823 morte
1234 2801 1262 2823 et
1282 2803 1314 2823 ea
1335 2804 1414 2831 quam
1437 2797 1528 2825 intulit
1551 2799 1745 2826 miserabiliore
1759 2799 1840 2825 vitam

1049 2841 1186 2876 claudens,
1201 2841 1394 2879 innumeraque
1413 2843 1464 2871 alia
1488 2852 1581 2880 passas
1605 2844 1673 2872 mala
1690 2853 1698 2872 :
1721 2853 1780 2881 qua:
1800 2844 1839 2872 di-
