2073 3127
247 137 295 167 179

245 207 322 228 scere
348 198 470 234 poteritis
502 197 525 225 si
549 197 658 231 Josephi
682 195 825 224 Historiam
847 193 976 222 evolvatis
986 192 1033 228 (ιι),

245 254 336 281 quam,
354 253 387 273 ne
403 245 522 280 longiore
536 248 642 271 utamur
656 249 792 273 sermone,
806 249 857 268 neu
870 240 968 268 seriem
987 246 1038 265 no-

245 298 327 320 stram
352 290 563 325 intercipiamus,
587 288 762 324 pra-sentibus
790 295 843 314 non
867 286 1037 313 inserendam

246 346 305 366 esse
319 337 479 373 putavimus.
498 336 541 364 l7.
563 335 637 362 Tunc
658 334 789 369 impletum
810 332 928 367 estquod
943 332 1038 358 dictum

244 388 280 412 est
304 380 348 418 per
369 383 507 410 Jeremiam
531 382 678 417 prophetam
701 380 822 407 dicentem
838 387 847 405 .'
866 380 910 406 18.
929 377 986 405 Vua:
1013 378 1041 405 in

243 429 328 458 ﬂama
341 431 428 459 audita
442 436 490 464 est,
507 430 631 465 ploratus,
645 433 667 456 et
678 429 754 464 ﬂetus
767 432 789 454 et
803 427 913 454 ululatus
923 425 1036 457 multus;

245 477 343 506 Rachel
368 478 473 513 plorans
492 477 560 512 ﬁlios
583 484 652 509 suos,
666 480 691 502 et
715 475 797 502 noluit
820 473 956 504 consolari,
978 472 1037 507 quia

245 533 296 552 non
305 529 362 551 sunt
372 523 438 560 (λεν.
448 524 478 551 31
485 543 493 550 .
504 523 558 558 15).
569 522 699 555 Quoniam
709 520 780 548 enim
792 519 939 546 auditorem
949 518 1037 553 reple-

244 571 283 598 vit
294 570 417 602 horrore,
429 570 478 596 hac
488 569 613 600 violenta,
625 567 811 595 crudelissima
824 571 851 593 et
861 565 950 600 iniqua
964 564 1037 591 caede

244 621 366 647 narrata,
394 616 480 650 ipsum
503 615 668 646 consolatur,
694 613 805 645 docens,
827 612 885 639 hate
900 619 953 638 non
976 611 1037 638 ideo

244 662 384 694 accidisse,
398 661 469 696 quod
487 661 555 687 Deus
569 667 619 687 nec
642 664 732 694 posset
746 658 885 693 impedire,
902 665 952 684 nec
966 664 1036 691 pra:-

242 708 362 740 vidisset,
380 707 426 734 sed
441 715 502 734 euut
518 707 575 734 hmc
589 712 615 734 et
636 706 725 733 futura
740 706 858 737 novisse,
872 709 900 732 et
914 711 1036 739 praenun-

243 755 324 782 tiasse
337 762 383 789 per
394 753 562 789 prophetam.
574 752 613 780 Ne
625 753 714 788 itaque
728 752 852 783 turberis,
863 755 890 778 et
899 749 1034 782 concidas,

242 801 268 828 iu
294 801 486 835 providentiam
511 800 568 836 ejus
595 799 755 828 ineil‘abilem
779 799 937 834 respiciens,
956 805 1034 832 quam

242 853 297 874 tum
318 855 351 874 ex
375 847 407 874 iis
427 855 486 882 qum
502 852 639 881 operatur,
655 851 709 873 tum
730 853 763 872 ex
786 845 818 872 iis
832 852 892 880 qua:
907 843 1036 878 permittit

241 893 331 920 videre
347 897 387 920 est
405 901 411 919 :
434 892 459 919 id
474 891 544 927 quod
562 893 641 919 etiam
656 891 719 919 alibi
734 890 879 926 discipulos
894 889 1034 924 alloquens

240 939 428 966 subindicavit.
455 939 521 972 Quia
545 938 617 965 enim
644 936 797 968 tribunalia,
814 936 987 964 abductiones
1000 935 1034 971 ad

241 990 364 1018 mortem,
379 985 452 1013 orbis
467 985 535 1013 bella
550 984 768 1019 interuecinaque
781 984 872 1019 prmlia
888 983 953 1018 ipsis
968 989 1036 1016 prae-

240 1032 416 1063 nuntiaverat,
432 1039 525 1059 eorum
540 1031 644 1059 animos
665 1031 783 1066 erigens,
797 1035 824 1058 et
840 1035 868 1057 ut
880 1029 1035 1057 consoletur

240 1079 299 1105 illos
313 1078 350 1104 ait
365 1087 371 1105 :
388 1077 481 1104 Nonne
493 1078 545 1104 duo
560 1085 674 1112 passeres
688 1085 745 1104 aue
757 1081 873 1107 veneunt,
888 1081 911 1102 et
925 1083 991 1102 unus
1001 1083 1033 1102 ea:

239 1123 290 1150 illis
305 1132 354 1150 non
375 1123 446 1149 cadet
469 1131 546 1158 super
560 1127 654 1150 terram
674 1122 729 1149 sine
744 1121 822 1148 Patre
844 1126 936 1153 vestro,
949 1121 992 1155 qui
1006 1121 1033 1147 in

239 1171 308 1197 aclis
319 1175 354 1196 at
362 1169 469 1204 (Matth.
478 1170 521 1197 lo.
528 1169 573 1204 29)
581 1169 592 1196 ?
601 1169 657 1196 Hoc
667 1173 757 1196 autem
765 1168 879 1201 dicebat,
887 1166 1033 1195 ostendens

239 1217 284 1244 illo
296 1217 435 1252 ignorante
456 1216 520 1243 nihil
537 1216 612 1247 ﬁeri;
628 1215 674 1243 sed
689 1215 758 1242 scire
782 1215 856 1242 illum
869 1214 969 1246 omnia,
983 1220 1034 1240 nec

239 1267 327 1290 tamen
342 1267 437 1290 cuncta
448 1262 546 1289 facere.
557 1261 595 1289 Ne
609 1261 698 1296 igitur,
710 1260 806 1296 inquit,
819 1259 972 1292 turbemini,
983 1266 1032 1286 nec

237 1308 470 1336 commoveamini.
485 1308 551 1335 Nam
566 1308 610 1343 qui
624 1307 675 1334 scit
687 1314 718 1334 ea
733 1314 792 1342 qum
805 1305 952 1338 sustinetis,
963 1307 990 1331 et
1001 1311 1032 1331 ea

239 1358 326 1389 potest
349 1353 490 1388 impedire,
515 1354 574 1380 sine
594 1352 678 1380 dubio
698 1359 749 1379 non
776 1351 886 1386 impedit
899 1351 960 1386 quia
983 1358 1031 1377 ve-

237 1406 323 1428 strum
336 1408 427 1428 curant
441 1404 468 1427 et
491 1399 684 1434 providentiam
704 1398 773 1433 gerit
787 1406 794 1425 :
810 1397 881 1432 quod
900 1396 980 1423 etiam
1005 1395 1031 1422 in

238 1446 428 1474 lentationibos
448 1446 567 1481 cogitare
582 1449 705 1480 oportet,
720 1443 834 1479 hincque
855 1451 908 1470 non
923 1449 1030 1477 parvam

237 1492 448 1519 consolationem
471 1492 644 1526 accipiemus.
670 1491 702 1518 Et
716 1489 779 1525 quid
794 1496 936 1517 commune
951 1488 1032 1516 habet

239 1537 339 1566 Rachel
360 1546 421 1565 cum
442 1537 618 1565 Bethlebcm?
639 1536 740 1564 dixerit
753 1536 866 1563 fortasse
880 1535 1028 1570 quispiam;

239 1584 345 1616 Rachel,
366 1584 461 1619 inquit,
476 1584 580 1618 plorans
596 1583 663 1616 ﬁlia:
684 1591 752 1610 suos.
773 1582 840 1616 Quid
863 1582 926 1609 item
946 1581 1030 1608 Rama

235 1639 297 1658 cum
311 1630 447 1658 Rachele?
462 1630 558 1657 Hachel
573 1635 659 1657 mater
673 1634 732 1657 erat
745 1629 911 1664 Benjamini;
932 1629 1030 1664 ipsam-

235 1684 287 1710 que
301 1681 432 1703 mortuam
446 1676 609 1711 sepelierunt
625 1676 650 1703 in
671 1675 847 1710 hippodromo
862 1682 944 1709 prope
959 1675 1029 1701 hunc

237 1723 332 1749 locum.
349 1723 415 1756 Quia
427 1722 507 1756 igitur
518 1722 670 1756 sepulcrum
685 1729 768 1756 prope
778 1725 846 1752 erat,
856 1725 885 1748 et
899 1720 956 1747 haec
969 1727 1029 1747 sors

235 1774 293 1795 erat
308 1768 454 1803 Benjamini
470 1768 515 1795 lilii
529 1769 588 1802 ejus
605 1776 612 1795 :
628 1775 689 1794 nam
701 1767 785 1794 Hama
796 1767 830 1794 ad
844 1767 941 1794 tribum
958 1766 1028 1793 Ben-

233 1815 315 1848 jamiu
338 1815 505 1850 pertinebat;
519 1820 547 1842 et
565 1822 580 1841 a
596 1815 715 1849 principe
735 1814 830 1847 tribus,
843 1819 870 1841 et
884 1821 899 1841 a
913 1813 1028 1848 sepulcri

235 1863 310 1893 loco,
336 1866 464 1888 mactatos
494 1868 592 1896 pueros
612 1861 672 1895 jure
698 1859 822 1887 Rachelis
847 1859 915 1887 ﬁlios
938 1863 1027 1886 vocat.

237 1907 338 1934 Deinde
351 1907 496 1934 ostendens
507 1906 655 1934 insanabile
667 1913 727 1933 esse
738 1911 790 1932 tam
800 1905 908 1933 crudele
920 1905 1026 1938 vulnus,

235 1954 291 1980 ait:
310 1952 400 1979 Noluit
414 1952 549 1983 consolari,
567 1953 626 1986 quia
641 1960 690 1978 non
703 1956 772 1978 sunt.
791 1951 838 1979 His
852 1958 958 1978 rursum
976 1950 1028 1978 hoc

235 1999 320 2031 ipsum
343 1998 479 2029 docemur,
497 1997 655 2032 quodprius
676 1997 808 2029 dicebam,
825 2004 878 2023 non
902 2000 1027 2030 oportere

235 2045 345 2077 turbari,
361 2053 421 2072 cum
434 2052 464 2072 ea
480 2052 539 2080 qua:
552 2044 686 2077 accidunt,
709 2043 756 2070 Dei
771 2043 941 2077 promissioni
959 2050 1026 2070 con-

235 2093 316 2120 traria
327 2092 460 2119 videntur.
475 2091 545 2118 Ecce
560 2091 630 2117 cnim
644 2097 704 2117 cum
719 2089 828 2117 advenit
840 2090 895 2124 ipse
910 2089 942 2115 ad
957 2088 1028 2116 salu-

236 2142 287 2165 tem
300 2137 400 2172 populi,
413 2137 466 2164 imo
480 2136 513 2163 ad
527 2136 637 2163 salutem
647 2135 798 2170 orbis,qu."e
812 2135 920 2162 exordia
935 2133 1027 2161 fuere?

235 2184 318 2212 Mater
337 2183 412 2218 fugit,
430 2183 514 2217 patria
527 2182 586 2217 ejus
602 2181 812 2209 intolerabilibus
831 2181 1026 2208 calamitatibus

235 2229 370 2265 afﬂigitur,
393 2228 482 2256 caedes
510 2233 678 2263 perpetratur
698 2228 817 2255 omnium
841 2227 1024 2259 acerbissima,

237 2275 356 2310 ploratus
379 2279 406 2302 ct
420 2273 535 2301 ululatus
561 2273 660 2300 multus
685 2277 764 2308 atque
788 2272 902 2308 ejulatus
916 2273 1024 2307 ubique.

237 2321 335 2348 \‘crum
349 2328 382 2347 ne
404 2320 519 2346 turberis
535 2327 542 2345 :
562 2319 631 2346 solet
644 2319 715 2345 enim
742 2326 789 2353 per
803 2318 937 2346 contraria
950 2325 1026 2346 (Bco-

237 2365 352 2393 nomiam
372 2373 448 2392 suam
471 2364 593 2398 implere,
610 2364 752 2390 maximam
774 2363 836 2391 inde
852 2363 956 2391 virtutis
970 2371 1027 2390 sua:

237 2411 314 2438 nobis
327 2410 448 2445 praebens
463 2404 730 2437 demonstrationem.
744 2409 788 2436 Sic
802 2409 948 2443 discipulos
963 2416 1027 2436 suos

237 2457 338 2484 induxit
353 2456 567 2492 atqueinstituit,
584 2460 612 2482 ut
625 2456 659 2482 ita
675 2455 762 2482 omnia
779 2460 947 2489 peragerent.
962 2463 1027 2482 con-

238 2503 318 2530 traria
340 2502 481 2530 contrariis
503 2502 672 2537 dispensans,
687 2509 741 2536 quo
764 2501 849 2536 majus
869 2502 1026 2529 miraculum

237 2550 365 2576 eluceret.
382 2547 519 2583 Flagellati
535 2548 623 2582 itaque
636 2548 684 2579 illi,
700 2552 727 2574 et
741 2548 819 2582 pulsi,
834 2552 859 2575 et
875 2548 1027 2574 innumeras

237 2596 369 2630 patientes
389 2602 531 2626 :rrumnas,
547 2594 586 2622 sic
604 2594 798 2629 flagellantihus
812 2599 891 2630 atque
904 2594 1027 2629 pellenti-

239 2642 286 2667 lius
301 2641 453 2674 superiores
466 2645 615 2667 evaserunt.
628 2641 669 2667 19.
682 2640 806 2676 Defuncto
819 2645 902 2666 alitem
914 2640 1026 2672 Herode,

238 2694 294 2712 (cve
312 2686 417 2720 angelus
444 2685 545 2712 Domini
564 2687 684 2720 apparuit
704 2686 729 2713 in
752 2687 845 2713 sonmt's
859 2685 964 2721 Joseplt,
980 2686 1024 2714 ΞΟ.

239 2732 323 2759 dicen:
341 2738 351 2759 :
379 2732 492 2767 Surgeus
518 2732 604 2767 accipe
626 2740 731 2767 puerum
751 2737 774 2759 et
793 2727 898 2759 mairem
917 2732 981 2765 ejus,
1004 2736 1027 2758 et

281 2863 318 2892 (al
328 2864 485 2895 Josepbusiu
497 2863 601 2889 Historia
614 2868 656 2887 sua
668 2861 769 2887 Herodis
784 2863 857 2887 vitam
869 2861 995 2887 describit.

611 145 640 172 δ.
659 142 798 172 JOANNIS
816 140 1049 171 CHRYSOSTOMI
1068 139 1227 168 ARCHIEP.
1248 139 1514 167 CONSTANTINOP.

1830 135 1880 165 ικο

1091 191 1154 220 unde
1177 192 1203 218 in
1226 196 1319 218 (errant
1343 191 1436 220 Israel.
1461 193 1519 220 Non
1537 193 1593 228 jam
1617 193 1691 225 dicit,
1715 193 1798 229 Fuge,
1823 196 1882 229 sed,

1097 237 1174 264 Vade.

1125 284 1152 310 4.
1175 283 1269 310 Viden‘
1285 291 1390 310 rursum
1412 283 1528 319 quietem
1545 289 1606 320 post
1621 285 1819 313 tentationcm?
1835 285 1883 313 de-

1091 328 1152 355 inde
1165 334 1223 364 post
1243 329 1359 364 quietem
1380 337 1473 357 rursus
1487 331 1654 365 periculum?
1667 330 1732 358 Nam
1755 337 1814 367 post
1828 332 1884 359 cxi-

1090 374 1153 402 lium
1176 375 1319 407 dimissus,
1333 379 1361 402 et
1377 375 1403 402 in
1428 383 1503 403 suam
1530 377 1666 411 regionem
1686 385 1810 405 reversus
1825 383 1864 406 est
1875 399 1882 409 ,

1090 420 1207 455 viditque
1232 429 1374 456 puerorum
1406 421 1604 450 interfectorem
1631 424 1811 456 exstinctum;
1839 425 1884 452 uhi

1090 474 1153 493 vero
1169 467 1195 493 in
1211 467 1323 502 patriam
1339 467 1475 502 pervertit,
1494 468 1620 503 reliquias
1634 468 1730 498 iterum
1756 470 1883 504 pristino-

1089 519 1149 540 rum
1164 513 1340 548 periculorum
1363 514 1473 548 reperit,
1490 513 1572 541 ﬁlium
1589 515 1693 550 tyranni
1709 515 1841 543 viventem
1856 520 1883 543 et

1089 563 1255 593 regnantem.
1272 560 1303 586 Et
1324 560 1458 594 quomodo
1480 560 1627 588 Archelaus
1648 562 1776 596 regnabat
1797 562 1822 589 in
1835 561 1884 590 Ju-

1089 604 1147 631 daea
1158 624 1166 637 ,
1180 612 1241 632 cum
1255 605 1364 632 Pontius
1380 606 1478 634 Pilatus
1493 614 1593 641 praeses
1608 607 1700 634 esset?
1717 608 1819 635 Recens
1831 608 1882 635 ad-

1090 650 1142 678 huc
1159 656 1218 679 erat
1237 659 1310 678 mors
1326 652 1454 686 Herodis,
1471 653 1584 681 necdum
1609 661 1718 689 regnum
1738 655 1764 681 in
1787 655 1883 682 multas

1090 702 1180 732 partes
1191 697 1305 725 divisum
1321 699 1405 725 fuerat
1420 708 1427 725 :
1443 699 1489 726 sed
1504 701 1568 735 quia
1579 707 1664 734 nuper
1677 700 1794 728 Herodes
1808 701 1882 728 obie-

1089 748 1141 776 rat,
1156 743 1261 771 interim
1284 744 1353 771 ﬁlius
1369 745 1483 772 Herodis
1501 745 1640 780 imperium
1659 746 1784 778 tenebat;
1800 747 1883 775 frater

1089 789 1187 824 quippe
1202 790 1325 816 Archelai
1351 790 1470 817 Herodes
1483 797 1509 818 et
1524 791 1581 825 ipse
1602 792 1784 826 appellabatur
1801 800 1806 818 :
1822 793 1884 820 ideo

1087 834 1189 862 addidit
1201 836 1363 871 evangelista
1374 856 1382 869 ,
1397 836 1444 863 22.
1455 836 1508 863 Pro
1523 836 1625 864 Herode
1637 843 1709 872 patre
1720 846 1775 865 auo.
1790 838 1843 866 Sed
1859 839 1882 866 si

1088 879 1207 908 Juda-am
1228 881 1300 908 adire
1315 882 1474 909 formidabat
1487 887 1595 918 propter
1609 883 1768 911 Archelaum
1781 905 1789 917 ,
1802 892 1882 919 opor-

1089 927 1160 954 teltat
1181 931 1208 954 et
1230 927 1365 954 Galilmam
1391 932 1511 956 metuere
1536 934 1644 964 propter
1667 929 1810 958 Herodem.
1827 931 1881 958 Sed

1088 973 1132 1000 ubi
1145 973 1232 1000 locum
1247 975 1368 1007 mutavit,
1377 981 1421 1002 res
1434 980 1525 1009 postea
1542 975 1568 1002 in
1584 976 1698 1003 obscuro
1714 977 1826 1004 mansit:
1839 982 1881 1004 to—

1087 1023 1130 1045 tus
1144 1019 1242 1054 quippe
1266 1018 1380 1054 impetus
1401 1024 1495 1047 contra
1511 1019 1666 1048 Bethlehem
1689 1026 1748 1049 erat
1769 1027 1796 1049 et
1814 1023 1881 1050 fines

1086 1066 1155 1100 ejus.
1169 1065 1249 1093 Ca'de
1264 1066 1352 1101 itaque
1365 1071 1478 1101 patrata,
1494 1067 1640 1095 Archelaus
1655 1067 1724 1095 ﬁlius
1737 1076 1791 1096 rem
1808 1077 1882 1104 pera-

1085 1115 1155 1138 ctam
1171 1111 1278 1145 putabat
1290 1131 1298 1144 ,
1317 1117 1398 1147 atque
1410 1119 1471 1139 eum
1484 1113 1530 1148 qui
1543 1113 1713 1147 quierebatur
1727 1114 1795 1142 inter
1810 1116 1880 1142 mul-

1085 1161 1127 1184 tos
1139 1158 1256 1184 occisum
1271 1157 1364 1186 fuisse.
1379 1158 1502 1193 Alioquin
1518 1166 1579 1186 cum
1595 1159 1704 1187 vidisset
1718 1165 1818 1195 patrem
1835 1161 1879 1189 tali

1085 1208 1171 1231 morte
1182 1204 1553 1238 consumptum,moderatior
1566 1205 1623 1238 fuit,
1636 1213 1714 1240 quam
1729 1211 1757 1234 ut
1770 1207 1880 1235 ulterius

1084 1249 1252 1284 procederet,
1264 1253 1292 1277 et
1301 1249 1335 1277 de
1350 1250 1488 1284 iniquitate
1501 1251 1686 1279 contenderet.
1699 1251 1777 1280 Vertit
1791 1253 1879 1288 itaque

1084 1296 1184 1332 Joseph
1199 1297 1320 1330 Nazarct,
1338 1303 1366 1324 ut
1391 1306 1442 1325 una
1458 1303 1484 1326 et
1498 1299 1643 1333 periculum
1658 1299 1762 1334 fugeret
1773 1321 1779 1331 .
1794 1306 1820 1328 et
1839 1301 1879 1327 ili-

1084 1341 1180 1369 lectam
1195 1343 1307 1377 patriam
1318 1343 1454 1371 incoleret.
1468 1343 1503 1371 Ut
1515 1344 1607 1379 majori
1622 1345 1798 1373 instrueretur
1812 1347 1876 1373 tidu.

1083 1387 1124 1414 cia
1138 1409 1145 1421 ,
1160 1388 1298 1415 oraculum
1319 1388 1353 1415 ab
1374 1389 1469 1424 angelo
1488 1389 1537 1416 hac
1558 1390 1592 1417 de
1606 1398 1635 1417 re
1648 1391 1751 1425 accepit
1766 1401 1773 1418 :
1786 1399 1876 1426 quam

1083 1441 1162 1468 quam
1193 1434 1277 1461 Lucas
1302 1442 1355 1462 non
1386 1435 1458 1462 dicat
1488 1435 1573 1469 ipsum
1600 1444 1648 1470 per
1671 1437 1806 1464 oraculum
1835 1440 1878 1463 illo

1083 1480 1203 1512 venisse;
1230 1480 1276 1507 Sed
1301 1481 1432 1515 completa
1454 1481 1639 1515 puriﬁcatione
1660 1483 1686 1510 in
1708 1483 1817 1510 Nazaret
1837 1493 1874 1510 rc—

1082 1533 1175 1553 versos
1198 1526 1258 1553 illos
1282 1534 1351 1554 esse.
1367 1527 1435 1560 Quid
1458 1527 1538 1562 igitur
1560 1528 1700 1556 dicendum
1725 1530 1788 1557 est?
1800 1531 1875 1564 Quod

1082 1572 1185 1600 scilicet
1204 1571 1289 1599 Lucas
1311 1572 1361 1599 hoc
1381 1573 1469 1604 dicat,
1487 1578 1591 1607 tempus
1611 1574 1764 1602 describens
1791 1576 1873 1607 illml_

1082 1617 1151 1652 quod
1164 1618 1298 1652 praecessit
1312 1618 1471 1645 desceusrim
1485 1619 1511 1645 in
1527 1618 1682 1655 Egyptuut.
1698 1620 1788 1655 Neque
1803 1622 1875 1648 enim

1081 1667 1144 1689 ante
1158 1663 1369 1697 puriﬁcationem
1381 1671 1427 1690 eos
1448 1664 1508 1691 illuc
1522 1664 1648 1698 deduxit,
1663 1674 1695 1693 ne
1709 1667 1770 1701 quiti
1782 1675 1874 1694 contra

1081 1707 1166 1744 legem
1180 1708 1374 1740 admitteretur,
1388 1710 1434 1736 scd
1446 1711 1608 1745 exspectavit
1628 1711 1713 1741 donec
1727 1715 1874 1748 plll‘llit‘nliu

1081 1755 1168 1787 fieret,
1183 1762 1215 1782 ac
1233 1755 1352 1782 redirent
1367 1755 1479 1784 Nazaret
1489 1777 1496 1788 ,
1512 1761 1627 1791 tuncque
1640 1758 1829 1787 descenderent
1849 1763 1873 1787 in

1081 1799 1236 1835 Egyptum.
1249 1800 1349 1828 Deinde
1361 1809 1395 1828 ex
1410 1801 1526 1837 Aﬂgypto
1541 1803 1754 1838 prol’ectosjubet
1764 1805 1871 1833 Nazan-t

1081 1845 1178 1873 redire.
1194 1846 1278 1873 Antea
1294 1854 1357 1874 vero
1372 1854 1423 1874 non
1439 1848 1531 1874 moniti
1546 1849 1652 1875 oraculo
1665 1849 1778 1884 fuerant,
1791 1857 1817 1877 ut
1831 1852 1873 1877 Ηιυ

1081 1891 1217 1927 ι’(ιᾱὶτειιῑ;
1235 1893 1281 1919 sed
1296 1901 1328 1919 ex
1346 1893 1481 1920 voluntate
1502 1895 1606 1928 propria
1629 1894 1654 1922 in
1680 1896 1802 1924 dilectam
1827 1906 1872 1932 pa-

1081 1938 1158 1965 triam
1169 1945 1198 1965 se
1211 1939 1389 1966 contulerant.
1405 1940 1470 1973 Quia
1486 1940 1557 1967 enim
1572 1949 1624 1968 non
1640 1942 1690 1969 nisi
1706 1950 1754 1977 pro
1774 1944 1872 1970 (lem-ri-

1081 1985 1172 2019 ptione
1186 1990 1213 2012 ct
1226 1993 1307 2012 censu
1329 1986 1375 2013 illo
1394 1992 1533 2019 venerant,
1550 1995 1599 2014 nec
1612 1987 1687 2015 locus
1700 1989 1733 2015 ibi
1749 1991 1872 2017 manendi

1079 2037 1152 2064 erat,
1176 2039 1206 2059 re
1231 2031 1365 2066 perfecta,
1381 2040 1428 2066 pro
1454 2040 1505 2067 qua
1527 2039 1663 2064 verterant,
1690 2036 1787 2062 reversi
1812 2044 1872 2063 sunt

1080 2076 1201 2103 Nazaret.
1226 2076 1288 2104 Ideo
1311 2077 1420 2112 angelus
1446 2078 1505 2104 illos
1528 2079 1635 2106 domum
1657 2080 1767 2112 reducit,
1786 2085 1814 2108 ut
1838 2082 1871 2108 ibi

1079 2127 1228 2153 manerent,
1245 2130 1331 2157 neque
1354 2123 1416 2150 illud
1436 2126 1492 2150 sine
1504 2131 1594 2156 causa,
1610 2125 1656 2151 sed
1677 2126 1745 2159 quod
1761 2127 1795 2152 ita
1810 2135 1857 2160 pro

1080 2169 1168 2204 phetia
1192 2169 1273 2196 ferret
1288 2178 1293 2195 :
1310 2177 1370 2196 nam
1387 2170 1441 2196 ait:
1458 2169 1503 2196 25.
1521 2169 1554 2197 Ut
1578 2170 1725 2205 impleretur
1742 2173 1808 2206 quod
1831 2173 1872 2199 di—

1079 2221 1147 2242 ctum
1160 2220 1196 2242 est
1209 2223 1252 2249 per
1261 2215 1527 2251 prophetas,quoniam
1536 2214 1678 2243 Nazarmus
1689 2219 1815 2244 vocabitur
1823 2218 1871 2252 (a).

1115 2260 1228 2287 Christus
1244 2269 1288 2287 cur
1302 2259 1442 2287 Nazartcus
1457 2266 1568 2290 vocatus.
1582 2277 1617 2281 —
1632 2262 1872 2298 Ecquispropheta

1080 2307 1130 2335 hoc
1143 2307 1207 2334 dixit
1222 2307 1233 2334 ?
1248 2307 1286 2335 Ne
1300 2307 1432 2335 curiosius
1447 2309 1564 2343 inquiras
1584 2309 1623 2336 vel
1649 2311 1783 2337 scruteris.
1800 2311 1873 2338 Multi

1079 2355 1149 2382 enim
1165 2354 1310 2389 prophetici
1332 2354 1393 2381 libri
1414 2355 1551 2389 perierunt
1568 2365 1574 2383 :
1592 2355 1616 2382 id
1630 2356 1699 2391 quod
1715 2364 1747 2384 ex
1763 2356 1872 2384 histOria

1079 2402 1299 2435 Paralipomenon
1321 2401 1411 2428 videre
1432 2406 1483 2428 est.
1499 2401 1564 2428 Nam
1580 2409 1675 2437 segnes
1699 2410 1758 2429 cum
1782 2408 1874 2431 essent

1079 2447 1174 2477 Judaei,
1188 2452 1213 2473 et
1228 2446 1380 2481 frequenter
1395 2447 1548 2474 deciderent
1569 2448 1594 2474 in
1609 2448 1771 2482 impietatem
1782 2470 1789 2481 ,
1805 2449 1873 2477 alios

1080 2495 1180 2522 incuria
1200 2495 1390 2529 perdiderunt,
1404 2495 1470 2521 alios
1485 2499 1512 2522 et
1536 2495 1584 2530 ipsi
1607 2496 1810 2523 cumhusserunt
1831 2497 1872 2524 vel

1080 2539 1238 2567 lacerarunt.
1249 2540 1348 2568 Horum
1357 2540 1468 2568 alterum
1479 2535 1609 2568 Jeremias
1622 2546 1711 2569 narrat
1726 2541 1798 2577 (Cap.
1810 2542 1856 2576 36)

1111 2627 1147 2658 ((ι)
1159 2627 1205 2660 _Hic
1218 2627 1251 2660 ait.
1262 2631 1367 2652 Joannes
1387 2627 1580 2660 Chrjsostomus,
1601 2629 1733 2660 prophetas
1751 2628 1813 2657 illos,
1832 2630 1873 2654 nht

1080 2658 1132 2682 haec
1143 2658 1259 2688 clausula,
1278 2663 1408 2683 Nazararus
1426 2658 1556 2688 iocabitur,
1575 2658 1720 2689 habebatur,
1737 2660 1874 2685 .Iuda‘orum

1080 2690 1172 2722 incuria
1189 2690 1289 2722 amissos
1298 2689 1384 2722 fuisse.
1397 2690 1444 2715 Alii
1455 2690 1546 2719 dicunt,
1568 2691 1620 2715 haec
1632 2697 1687 2722 non,
1698 2691 1756 2721 ipsis
1774 2692 1874 2722 qtmlem

1080 2720 1171 2753 verbis,
1185 2720 1228 2744 sed
1240 2721 1304 2751 quod
1316 2721 1345 2744 ad
1357 2727 1455 2753 sensum
1470 2722 1573 2753 reperiri
1587 2724 1610 2745 in
1623 2720 1757 2752 prophetis,
1770 2720 1811 2753 qui
1830 2723 1874 2746 ho-

1080 2751 1172 2782 dieque
1184 2755 1289 2783 exstant.
1303 2755 1350 2776 δερ
1359 2751 1448 2783 desunt
1461 2751 1506 2783 qui
1517 2751 1673 2781 existiment,
1682 2753 1735 2777 haec
1745 2751 1819 2777 verba
1833 2759 1874 2777 re-

1081 2782 1178 2812 spicere
1190 2782 1255 2806 bunc
1267 2782 1344 2807 locum
1361 2782 1430 2807 Isaia!
1440 2782 1481 2808 X1.
1494 2784 1515 2812 l,
1527 2784 1568 2807 ubi
1584 2784 1609 2808 in
1629 2783 1748 2808 Hebraioo
1770 2783 1872 2814 legitur,

1081 2820 1283 2854 appaream:
1295 2821 1368 2847 13:1,
1383 2819 1461 2854 etﬂos
1476 2819 1506 2845 de
1518 2820 1642 2854 radicibus
1652 2827 1704 2853 ejus
1716 2822 1871 2854 germinabil.

1084 2850 1129 2875 Ubi
1147 2850 1218 2880 illud,
1231 2857 1284 2880 πῃ
1293 2871 1300 2883 ,
1316 2857 1394 2881 neacr,
1407 2850 1546 2876 Mlarwum
1561 2850 1704 2882 expritnére
1715 2850 1870 2878 Existimant.
