2073 3127
155 159 201 187 IS!

155 218 264 244 alterum
286 215 309 242 is
327 215 375 249 qui
397 219 521 250 quartum
544 213 692 248 Regnorum
709 210 803 239 librum
820 212 950 246 (ϐαρ-9⁸2.)

156 263 253 292 edidit.
269 261 334 288 dum
350 262 403 292 ait,
421 266 481 295 post
502 260 611 287 mullum
636 259 764 293 temporis
784 259 826 285 vix
843 258 949 285 tandem

159 307 392 336 ltruteronomium
425 307 550 334 ellossum
581 306 661 332 fuisse
690 310 768 331 antea
804 304 948 340 perditum.

157 356 183 382 Si
200 362 277 390 porro
293 354 369 381 ttullo
394 355 509 380 instante
531 352 644 379 barbaro
660 351 698 378 sic
721 350 804 377 libros
824 350 949 386 prodide-

159 407 226 431 runt,
241 401 326 427 multo
340 400 426 434 magis
441 403 579 434 postquam
595 398 698 424 barbari
715 398 875 431 irruperant.
889 397 948 424 Ctea

158 452 242 474 terum
259 447 320 480 quia
342 445 368 472 id
388 446 522 480 prophetxc
536 443 729 478 praeleerant,
743 442 857 477 apostoli
878 449 950 476 saepe

158 493 228 519 illum
243 492 410 519 Nazarenam
425 495 531 517 vocant.
546 489 602 516 lloc
612 496 675 523 ergo
687 493 736 521 est,
749 488 864 522 inquies,
878 487 949 522 quod

158 540 320 574 prophetia-tu
345 538 379 565 de
402 536 556 564 Bcthlehem
578 535 717 562 obscuram
739 534 869 561 reddidit?
893 533 948 561 Ne-

158 593 287 620 quaquam
303 594 309 610 :
332 584 378 611 sed
402 583 468 610 illttd
489 583 573 617 ipsum
596 581 713 607 maxime
732 579 855 607 movebat
869 584 895 606 et
914 579 948 606 ad

157 632 316 665 exploranda
338 639 369 657 ea
392 638 452 664 qua:
468 629 500 656 de
523 629 567 655 illo
589 628 659 654 dicta
683 627 786 654 fuerant
801 625 947 653 excitabat.

157 679 200 705 Sic
219 683 247 706 et
268 676 415 704 Nathanael
434 675 467 702 ad
495 674 712 709 perquisilionem
734 673 768 700 de
787 672 833 699 illo
848 671 948 699 facien-

156 725 216 751 dam
241 724 311 750 venit
335 722 448 749 dicens:
465 720 507 747 E1:
533 719 643 746 Nazaret
666 723 744 754 potest
773 718 869 753 aliquid
890 717 948 744 boni

156 779 208 797 esse
221 770 317 806 (Joan.
333 769 358 796 Ι.
373 768 409 795 46
420 767 448 802 )?
463 767 527 794 Nam
541 766 644 792 viculus
659 769 716 792 erat
728 765 802 797 vilis;
817 764 870 791 imo
894 772 946 791 non

155 815 257 842 viculus
270 815 313 841 ille
328 818 428 841 tantum
439 833 446 846 ,
463 813 509 839 sed
530 816 583 838 tota
598 810 714 838 Galiltea:
729 810 810 844 regio.
824 810 886 837 Ideo
906 809 947 836 di-

156 862 251 890 cebant
266 861 391 888 Phariszei
409 869 416 887 :
433 859 578 893 Interroga,
594 862 616 884 et
629 857 701 889 vide,
715 857 833 892 quoniam
848 864 878 883 ea:
893 855 945 882 Ga-

156 909 222 935 lliam
236 906 357 942 propheta
369 914 420 932 non
434 905 543 932 surrexit
556 903 645 939 (Joan.
658 903 684 930 7.
696 903 752 937 59.).
766 902 890 929 Attamen
902 902 946 930 ille

155 963 187 982 ex
209 954 254 981 tali
278 953 360 988 patria
379 957 490 979 vocatus
512 958 564 978 non
584 949 736 981 erubescit,
752 949 896 976 ostendens
917 956 946 976 se

156 1000 225 1027 nulla
241 1007 271 1027 re
286 999 399 1026 hutnana
415 1005 494 1032 egere
509 1007 515 1023 :
532 995 729 1030 discipulosque
749 1002 811 1021 suos
826 1002 858 1021 cx
874 994 946 1020 Gali-

155 1046 202 1073 lma
216 1046 297 1080 eligit,
313 1044 430 1078 undique
445 1043 598 1070 occasiones
619 1045 646 1069 et
660 1041 785 1068 obtculus
804 1039 945 1067 succideus

155 1092 186 1119 iis
208 1092 252 1126 qui
278 1095 383 1124 torpere
408 1089 528 1121 vellent,
552 1087 747 1121 ostendensque
768 1093 817 1112 nos
835 1090 944 1113 externa

155 1137 224 1164 nulla
245 1144 274 1163 re
288 1144 366 1171 egere
377 1156 385 1167 ,
400 1135 422 1162 si
445 1135 569 1162 virtutem
582 1139 764 1160 exerceamus.
782 1132 896 1166 Ideoque
912 1139 945 1160 ne

154 1184 259 1211 domutn
274 1183 379 1217 quidem
391 1182 441 1208 sibi
453 1181 552 1216 delegit
565 1189 571 1206 :
584 1188 645 1207 nam
658 1179 713 1206 ait:
732 1178 815 1206 Filius
837 1179 944 1206 hominis

154 1239 202 1258 non
217 1230 289 1256 habet
304 1229 345 1256 ubi
359 1233 437 1263 caput
451 1228 552 1255 reclinet
565 1227 574 1263 (
587 1227 648 1253 Luc.
666 1226 691 1254 9.
708 1225 754 1261 58)
767 1235 775 1259 ;
790 1231 870 1260 atque
890 1225 944 1253 Ile-

154 1276 216 1303 rode
230 1275 369 1303 insidiante
385 1274 461 1309 fugit,
475 1274 501 1300 in
515 1273 644 1308 praesepio
656 1272 811 1303 collocatttr,
824 1275 851 1298 et
865 1271 890 1298 iu
903 1271 944 1298 di-

154 1322 270 1349 versorio
295 1325 404 1353 manet,
420 1325 584 1354 matremque
605 1319 678 1353 eligit
701 1318 805 1352 inopetn
819 1338 825 1347 ,
843 1321 872 1344 ιιι
895 1324 944 1344 nos

153 1368 254 1399 doceat,
271 1374 304 1394 ne
318 1367 453 1401 quidpiatn
469 1364 619 1400 hujusmodi
633 1370 709 1398 turpe
723 1371 782 1390 esse
798 1367 922 1398 putemus
933 1383 941 1395 ,

153 1414 214 1441 dum
230 1415 255 1440 itt
272 1413 426 1449 primordiis
447 1412 504 1447 ipse
526 1412 670 1438 humanum
692 1410 777 1438 calcat
790 1409 904 1443 fastum,
916 1414 944 1436 ct

153 1461 196 1488 uni
212 1460 302 1487 virtuti
318 1459 440 1486 addictos
452 1465 511 1486 esse
525 1457 611 1492 jubet.

185 1506 212 1533 5.
229 1505 340 1532 Sanctus
355 1504 453 1530 Paulus
472 1511 523 1530 non
542 1502 610 1530 dedit
632 1510 721 1529 ansam
747 1501 778 1528 de
797 1501 879 1536 patria
899 1504 943 1527 ant

152 1553 264 1587 patribus
283 1551 364 1578 altum
388 1550 514 1585 sapiendi.
538 1549 645 1576 Patrum
664 1548 780 1575 nobilitas
800 1556 850 1575 non
869 1548 943 1583 juvat

151 1598 285 1632 improbos,
298 1596 442 1632 ignobilitas
457 1603 507 1622 non
521 1599 592 1621 uocet
605 1594 698 1628 probis.
714 1609 749 1613 —-
763 1592 815 1620 Cur
825 1593 895 1621 cuitu
908 1593 943 1620 de

151 1643 233 1677 patria
245 1642 328 1669 altum
343 1642 426 1676 sapis,
437 1640 543 1675 quando
555 1647 616 1675 ego,
629 1639 723 1674 inquit,
732 1639 758 1666 in
770 1643 825 1666 toto
838 1639 903 1666 orbe
917 1643 942 1666 te

151 1688 319 1724 peregrinum
335 1694 394 1714 esse
404 1686 486 1722 jubeo
500 1686 511 1712 ’ἒ
523 1685 630 1720 quando
643 1685 704 1712 licet
718 1685 762 1711 tibi
779 1684 858 1712 talem
870 1691 940 1717 esse,

150 1740 180 1761 ut
194 1739 265 1761 totus
278 1733 393 1760 muttdus
416 1737 443 1761 te
464 1739 516 1759 non
540 1732 575 1758 sit
595 1730 710 1766 dignus?
725 1730 786 1757 [huc
808 1730 880 1757 enim
906 1730 942 1757 ita

151 1779 343 1808 contemnenda
358 1782 432 1811 sunt,
447 1782 474 1805 ut
487 1785 521 1805 ne
541 1785 556 1804 a
573 1776 736 1812 philosophis
748 1776 853 1811 quidem
867 1776 943 1804 (ἱππη-

150 1834 242 1853 eorum
263 1826 353 1860 aliquo
370 1825 396 1852 in
412 1824 497 1859 pretio
513 1824 675 1856 habeantur,
689 1823 736 1850 sed
751 1828 877 1850 extranea
892 1830 940 1850 vo-

151 1878 253 1906 centur,
269 1877 471 1907 extremumque
485 1871 571 1898 locum
585 1874 724 1905 occupent.
739 1870 820 1904 Atqui
843 1869 941 1897 Paulus

151 1921 207 1948 hac
219 1920 397 1955 amplectitur,
413 1918 527 1953 inquies,
539 1917 577 1945 sic
591 1917 703 1952 loquens
714 1925 721 1944 :
732 1916 877 1944 Secundum
888 1916 941 1943 ele-

150 1968 267 1999 ctionem,
280 1965 404 1993 carissimi
416 1986 424 1999 ,
439 1969 540 2000 propter
554 1969 637 1999 patres
652 1963 739 1998 (Rom.
754 1964 798 1991 Η.
813 1963 872 1995 28).
888 1962 941 1990 Sed

151 2013 203 2046 die,
216 2011 333 2048 quando,
349 2011 383 2039 de
397 2010 504 2046 quibus,
518 2014 545 2037 et
557 2017 623 2044 quos
636 2009 784 2044 alloquens.
799 2009 859 2043 Agit
869 2008 940 2036 enim

151 2067 209 2087 cum
223 2059 255 2086 iis
268 2058 313 2094 qui
327 2065 360 2085 ex
380 2057 504 2092 gentibus
518 2055 659 2088 conversi,
672 2055 707 2083 de
726 2055 778 2083 ﬁde
794 2055 876 2082 altum
896 2062 942 2082 sa-

152 2105 258 2140 piebant
271 2109 298 2131 et
313 2103 450 2130 tumebunt
460 2123 469 2136 ,
484 2107 576 2129 contra
590 2101 696 2129 Judreos
715 2100 902 2136 insurgebant,
915 2104 942 2128 et

152 2151 201 2178 hac
214 2150 249 2178 de
264 2156 345 2177 causa
361 2148 445 2183 magis
459 2147 519 2175 illos
533 2155 547 2174 a
566 2155 596 2175 se
617 2147 820 2182 sequestrabant
834 2155 840 2173 :
856 2146 942 2182 repri-

149 2204 225 2224 mens
245 2196 325 2231 igitur
345 2195 451 2222 illorunt
466 2198 595 2221 tumorem
606 2214 614 2225 ,
627 2192 676 2220 hos
689 2193 771 2220 allicit
784 2212 792 2224 ,
808 2197 835 2220 et
855 2192 888 2219 ad
902 2192 942 2219 id-

147 2243 235 2276 ipsum
249 2241 367 2268 studium
381 2239 488 2267 excitat.
501 2238 566 2266 Nam
582 2246 641 2266 cum
657 2238 690 2266 de
712 2238 813 2273 magnis
836 2237 889 2264 illis
910 2245 942 2265 ac

146 2287 265 2315 strenuis
278 2286 341 2313 viris
363 2285 479 2320 loquitur
492 2305 499 2317 ,
514 2284 575 2312 audi
595 2283 658 2319 quid
680 2283 751 2311 dicat
765 2293 771 2310 :
788 2283 838 2315 Qui
858 2288 942 2310 autent

147 2334 203 2360 haec
216 2333 312 2365 dicunt,
325 2332 471 2367 signiﬁcant
480 2339 506 2357 se
519 2330 629 2365 patriam
647 2330 783 2364 inquirere.
800 2329 834 2355 Et
847 2330 869 2356 si
887 2330 943 2364 qui-

146 2382 205 2406 dem
219 2378 288 2405 illius
296 2377 478 2408 meminissent,
489 2376 519 2403 de
531 2384 580 2410 qua
594 2375 714 2407 exierant,
725 2375 867 2402 habuissent
880 2380 942 2402 tent-

148 2434 198 2462 pus
210 2425 350 2452 revertendi
363 2432 373 2450 :
387 2431 453 2450 nunc
463 2428 547 2450 autem
557 2423 661 2449 alterunt
675 2421 801 2448 meliorem
820 2426 942 2456 appetunt

148 2472 241 2508 (Hebr.
256 2472 300 2498 ll.
315 2470 423 2503 ιιι-16).
439 2469 473 2496 Et
487 2476 591 2496 rursum
608 2477 614 2494 :
630 2468 776 2496 Secundum
787 2468 864 2502 ﬁdem
876 2476 943 2495 mor-

148 2518 186 2543 tui
205 2521 262 2544 sunt
286 2516 313 2542 hi
332 2523 435 2547 omnes,
451 2522 502 2541 non
518 2519 674 2549 reportanles
696 2514 883 2548 promissiones,
899 2514 943 2540 sed

149 2564 237 2600 procul
251 2564 321 2598 ipsas
335 2562 445 2589 videntes
459 2565 480 2588 et
493 2560 628 2587 salutantes
638 2559 717 2595 (Ibid.
727 2559 813 2595 v.15).
827 2559 943 2588 Joannes

149 2618 213 2638 vero
227 2610 259 2637 ad
274 2617 305 2637 se
319 2608 488 2636 venientibus
501 2607 623 2634 diccbat:
638 2606 679 2633 Ne
691 2607 770 2633 uelitis
781 2607 870 2639 dicere,
887 2606 943 2633 Ρα-

150 2662 212 2683 trrm
223 2656 343 2682 habemus
359 2654 489 2680 Abraham
505 2653 513 2688 (
526 2652 587 2678 Luc.
604 2653 630 2679 5.
645 2652 660 2679 8
674 2651 694 2687 ).
709 2651 859 2687 lterumquc
875 2653 943 2679 Pau-

150 2703 191 2729 lus
205 2711 211 2728 :
229 2701 288 2728 Non
302 2702 370 2728 enim
385 2707 474 2727 omnes
486 2699 528 2734 qui
541 2707 571 2726 ex
586 2698 677 2731 Israel,
692 2699 718 2724 hi
735 2703 792 2725 sunt
807 2698 942 2732 Israelita,

151 2757 228 2780 mque
241 2748 282 2782 qui
296 2747 345 2782 ﬁlii
363 2746 450 2773 carnis
464 2765 471 2777 ,
488 2745 513 2770 hi
533 2745 580 2779 [illi
595 2744 640 2771 Dei
657 2744 666 2779 (
683 2744 757 2771 Rom.
769 2744 795 2771 9.
811 2745 827 2772 6
841 2745 860 2778 ).
876 2744 944 2777 Quid

151 2796 230 2827 enim,
245 2802 346 2830 qumso,
371 2792 474 2828 profuit
491 2791 550 2818 ﬁliis
569 2791 698 2818 Samuelis
713 2792 794 2825 patris
809 2791 943 2824 nobilitas,

152 2841 225 2875 cujus
248 2849 298 2867 non
325 2840 437 2866 luerunt
456 2837 561 2864 virtutis
581 2836 711 2864 heredes?
724 2837 798 2870 Quod
813 2837 892 2864 etiam
907 2837 945 2863 lu-

153 2895 222 2914 crum
236 2888 296 2915 ﬁliis
316 2887 400 2914 Musis
420 2884 471 2912 fuit
484 2903 492 2917 ,
507 2883 578 2918 cujus
598 2883 758 2918 diligentiam
777 2887 804 2911 ct
819 2883 941 2911 virtutem

746 155 778 183 IN
797 155 999 184 MATTIL‘EUM
1019 155 1133 184 HOMIL.
1156 157 1200 184 IX.

1746 164 1797 192 18‘!

1003 220 1056 240 non
1072 219 1133 241 sunt
1148 214 1263 242 imitati?
1276 215 1366 251 Neque
1386 216 1526 252 imperium
1549 224 1609 255 post
1624 220 1696 248 illum
1718 229 1796 250 cxce—

1004 263 1101 294 peruttt
1113 267 1121 287 ε
1135 259 1181 287 sed
1201 260 1265 288 dum
1282 267 1383 296 patrem
1399 263 1485 298 ipsum
1502 265 1692 299 inscriberent,
1707 270 1795 301 populi

1003 303 1159 338 przelectura
1175 306 1208 333 ad
1224 307 1303 334 alium
1318 309 1457 341 transivit,
1472 309 1516 344 qui
1531 311 1629 338 virtute
1644 311 1712 338 lilius
1725 311 1796 340 illius

1002 355 1069 377 erat.
1083 350 1150 383 Quid
1164 357 1252 379 atttem
1267 353 1356 380 nocuit
1368 353 1519 388 Timotheo,
1533 356 1603 391 qttod
1616 361 1691 391 patre
1704 358 1795 392 gentili

1002 401 1080 423 natus
1094 398 1185 424 esset?
1198 398 1260 433 quid
1275 404 1367 427 contra
1381 399 1445 428 Note
1466 401 1536 429 ﬁlitts
1550 402 1583 429 de
1598 402 1694 430 virtute
1712 405 1794 438 patris

1002 442 1119 470 lucratus
1133 448 1184 476 est,
1197 445 1242 479 qui
1256 452 1348 473 servus
1361 446 1394 474 de
1409 447 1494 476 libero
1508 449 1591 476 lactus
1604 450 1665 477 est?
1677 450 1795 478 Vidistin'

1002 489 1137 523 quomodo
1152 491 1232 525 patris
1246 491 1370 520 nobilitas
1386 501 1438 520 non
1459 494 1523 521 satis
1539 494 1663 522 idoneum
1678 496 1713 523 sit
1728 496 1793 525 lilio-

1002 542 1060 561 rutn
1075 537 1273 570 patrocinium?
1286 538 1351 565 Nam
1368 540 1495 574 propositi
1510 541 1625 576 nequitia
1640 547 1741 570 natura:
1755 543 1795 571 le.-

1001 588 1048 616 gcs
1063 582 1125 610 vicit
1138 591 1145 616 ;
1162 591 1212 611 nec
1224 585 1304 612 modo
1317 586 1390 613 illum
1405 594 1437 614 ex
1453 587 1590 616 nobilitate
1602 593 1711 624 paterna
1724 609 1733 623 ,
1748 590 1795 618 sed

1001 628 1080 655 etiam
1107 636 1140 656 ex
1161 629 1285 659 libertate
1305 632 1412 667 dejecit.
1437 633 1530 660 Nonne
1550 638 1578 662 et
1601 634 1670 662 Esau
1688 643 1795 671 quoque

1001 673 1071 701 ﬁlius
1084 679 1142 702 crat
1157 674 1249 709 lsaaci,
1260 677 1305 712 qui
1320 678 1370 705 sibi
1381 679 1618 713 patrocinabatur?
1633 680 1736 708 Etenim
1749 689 1795 715 pa-

1001 724 1041 748 ter
1055 721 1113 755 ejus
1135 721 1160 749 id
1182 723 1311 755 curabat,
1329 724 1355 751 id
1376 725 1510 760 cupiebat,
1527 731 1554 753 ut
1575 726 1793 755 benetlietionum

1000 766 1133 801 particeps
1146 772 1233 801 esset,
1248 773 1274 795 et
1289 776 1338 803 pro
1359 770 1409 797 hac
1429 778 1458 798 re
1479 771 1537 806 ipse
1555 779 1614 806 qua:
1634 772 1796 807 jubebantur

1000 812 1088 838 omnia
1101 814 1305 847 exsequebatur.
1323 815 1446 843 Attamen
1460 817 1519 850 quia
1536 824 1632 851 pravus
1649 823 1717 852 erat,
1732 819 1793 846 nul—

1001 857 1053 884 lutn
1068 865 1100 885 ex
1117 858 1149 885 iis
1164 858 1276 886 fructum
1293 860 1412 895 percepit
1425 869 1433 893 ;
1449 861 1496 888 sed
1506 863 1555 888 etsi
1570 867 1631 889 natu
1645 863 1726 897 prior,
1743 864 1794 892 etsi

1000 909 1101 937 patrem
1118 903 1224 932 haberet
1239 905 1287 932 sibi
1302 906 1327 932 in
1339 906 1464 933 omnibtts
1478 906 1621 939 faventem,
1633 908 1694 943 quia
1708 909 1793 936 Deum

999 957 1051 976 non
1067 949 1157 977 habuit
1171 951 1343 985 opitulantem
1356 973 1363 984 ,
1385 952 1509 979 omnibus
1531 953 1644 980 excidit.
1657 953 1710 981 Sed
1729 954 1792 990 quid

999 990 1122 1020 homines
1136 1000 1318 1021 commemoro
1331 995 1341 1021 ‘3
1355 993 1414 1022 Filii
1428 995 1475 1023 Dei
1490 995 1564 1023 l'uere
1577 996 1672 1031 Judati,
1686 1001 1714 1024 ct
1727 998 1793 1024 nihil

998 1045 1031 1065 ex
1046 1039 1089 1066 tali
1106 1039 1244 1067 nobilitate
1259 1040 1353 1068 lttcrati
1368 1047 1440 1069 sunt.
1456 1041 1485 1069 Si
1496 1042 1575 1077 igitur
1586 1043 1645 1078 quis
1661 1044 1731 1072 [ilius
1745 1044 1792 1073 Dci

998 1083 1118 1118 eﬁ‘ectus,
1133 1085 1184 1113 nisi
1199 1086 1338 1114 nobilitate
1353 1087 1397 1115 illa
1410 1087 1516 1124 dignam
1527 1089 1652 1118 virtutem
1665 1091 1793 1119 exhibue-

998 1130 1042 1163 rit,
1058 1131 1159 1165 majore
1173 1131 1288 1160 allieitur
1300 1133 1430 1168 supplicio
1441 1155 1449 1167 ,
1462 1135 1525 1169 quid
1539 1135 1605 1163 mihi
1621 1136 1750 1171 majorum
1765 1142 1792 1165 et

997 1184 1107 1203 avorum
1122 1177 1286 1205 nobilitatem
1309 1179 1414 1213 profers
1428 1180 1455 1207 in
1476 1180 1611 1208 medium?
1625 1182 1682 1210 Hoc
1703 1187 1791 1211 autem

997 1230 1050 1249 non
1064 1223 1089 1249 in
1104 1223 1192 1250 Veteri
1214 1229 1326 1258 tantum,
1342 1225 1389 1253 sed
1402 1227 1482 1253 etiam
1495 1227 1522 1254 in
1534 1227 1609 1255 Novo
1622 1228 1792 1257 Testamento

996 1268 1140 1302 contigisse
1160 1269 1368 1304 deprehendas:
1389 1279 1449 1299 nam
1470 1272 1508 1299 ait
1530 1281 1537 1300 :
1561 1273 1686 1309 Quotquot
1707 1281 1792 1302 aulem

997 1319 1143 1348 receperunt
1156 1323 1231 1348 eum,
1248 1315 1318 1342 dedit
1336 1317 1372 1343 eis
1396 1321 1543 1351 potestate»:
1569 1318 1636 1352 ﬁlios
1658 1318 1707 1346 Dei
1735 1320 1792 1353 ﬁeri

996 1359 1092 1395 (Joan.
1108 1361 1134 1387 1.
1151 1361 1184 1388 12
1198 1360 1220 1397 ).
1235 1361 1358 1390 Attamen
1380 1363 1470 1390 multis
1492 1363 1641 1398 hujusmodi
1657 1365 1728 1398 ﬁliis,
1746 1373 1791 1400 pa-

997 1411 1063 1433 trem
1076 1406 1139 1434 nihil
1152 1407 1281 1442 profuisse
1288 1408 1352 1436 dicit
1364 1408 1463 1437 Paulus
1478 1419 1485 1437 :
1501 1409 1531 1437 Si
1544 1410 1610 1437 enim
1622 1411 1790 1439 circumcida-

995 1453 1068 1486 mini,
1084 1453 1184 1488 inquit,
1198 1453 1312 1481 Christus
1324 1454 1392 1482 vobis
1405 1455 1470 1482 nihil
1483 1455 1596 1490 proderit
1615 1455 1695 1492 (Gal.
1710 1458 1736 1485 5.
1749 1458 1788 1493 2).

995 1500 1023 1527 Si
1040 1508 1103 1527 vero
1117 1500 1239 1528 Christus
1255 1499 1319 1528 nihil
1333 1501 1442 1536 prodest
1455 1502 1488 1529 iis
1500 1502 1544 1537 qui
1560 1503 1610 1530 sibi
1633 1503 1728 1531 uolunt
1749 1510 1790 1532 at-

996 1547 1105 1574 tendere
1117 1567 1124 1580 ,
1137 1554 1190 1582 quo
1215 1552 1293 1582 pacto
1318 1547 1382 1582 ipsis
1404 1549 1614 1583 patrocinabitur
1634 1549 1735 1578 homo?
1750 1551 1790 1580 Ne

995 1593 1074 1628 igitur
1085 1593 1125 1620 vel
1137 1593 1169 1620 de
1176 1593 1324 1627 nobilitate,
1335 1594 1377 1621 vel
1385 1594 1419 1622 de
1432 1594 1530 1622 divitiis
1541 1596 1623 1623 altum
1634 1596 1768 1631 sapiamus
1780 1605 1788 1629 ;

995 1639 1049 1666 itno
1062 1646 1108 1666 eos
1121 1639 1165 1674 qui
1187 1639 1223 1666 ita
1242 1644 1305 1666 sunt
1329 1639 1416 1667 allecti
1431 1640 1610 1676 despiciamus
1626 1650 1633 1669 ε
1653 1649 1740 1677 neque
1754 1644 1790 1670 ob

994 1689 1176 1719 paupertatem
1191 1685 1364 1720 dejiciamur,
1378 1685 1425 1713 sed
1439 1686 1499 1714 illas
1509 1695 1659 1722 quaeramus
1671 1688 1788 1722 divitias,

994 1739 1053 1766 quae
1074 1731 1152 1759 bonis
1175 1731 1300 1766 operibus
1314 1736 1459 1760 constant:
1474 1733 1546 1761 illam
1568 1734 1700 1769 fugiamus
1722 1743 1789 1771 pau-

994 1782 1134 1812 pertatem,
1149 1785 1209 1813 quae
1230 1785 1279 1806 nos
1293 1778 1320 1805 in
1341 1778 1485 1814 nequitiam
1504 1779 1630 1814 conjicit,
1645 1788 1696 1816 qua
1712 1781 1787 1809 dives

994 1823 1050 1856 ille,
1065 1830 1166 1858 pauper
1181 1827 1257 1857 erat,
1271 1823 1315 1859 qui
1328 1831 1363 1852 ne
1383 1824 1481 1852 stillam
1495 1825 1602 1860 quidem
1616 1833 1692 1861 aquze
1705 1827 1789 1861 impe-

995 1869 1083 1901 travit,
1097 1869 1147 1896 etsi
1170 1869 1260 1897 multis
1280 1869 1407 1898 adhibitis
1420 1871 1543 1906 precibus
1557 1871 1568 1906 (
1581 1871 1644 1900 Luc.
1659 1872 1703 1901 l6.
1718 1873 1753 1900 24
1765 1872 1786 1909 ).

994 1914 1158 1950 Quamquam
1186 1916 1246 1951 quis
1269 1915 1338 1943 inter
1363 1923 1414 1944 nos
1440 1917 1476 1944 ita
1500 1924 1603 1953 pauper
1623 1923 1683 1949 est.
1699 1923 1729 1946 ut
1754 1927 1788 1947 ne

994 1968 1088 1995 aquam
1110 1960 1218 1996 quidem
1240 1961 1358 1990 habeat?
1373 1961 1457 1990 Nemo
1470 1970 1545 1991 sane.
1560 1962 1627 1991 Nam
1645 1963 1681 1991 illi
1706 1965 1787 1993 etiam

993 2007 1039 2042 qui
1060 2011 1178 2035 extrema
1195 2008 1264 2036 tame
1278 2009 1439 2042 tabescunt,
1462 2010 1541 2038 stillis
1559 2018 1635 2046 aqua:
1650 2011 1700 2039 frui
1724 2019 1787 2046 pos-

993 2057 1056 2080 sunt
1070 2061 1078 2087 ;
1092 2061 1141 2082 nec
1153 2054 1233 2082 stillis
1247 2061 1323 2089 aqua:
1337 2055 1423 2082 solum
1435 2075 1443 2089 ,
1459 2055 1506 2083 sed
1526 2056 1606 2084 etiam
1627 2057 1729 2092 majore
1741 2065 1787 2085 so-

994 2098 1068 2126 latio.
1082 2098 1167 2127 Secus
1179 2104 1268 2127 autem
1282 2099 1358 2128 dives
1371 2100 1415 2128 ille
1428 2121 1436 2134 ,
1450 2101 1495 2136 qui
1508 2101 1541 2129 ad
1555 2109 1613 2129 earn
1627 2109 1710 2138 uSque
1724 2111 1788 2138 patu-

993 2149 1124 2180 pertatem
1137 2145 1253 2176 devenit.
1269 2149 1298 2173 ut
1312 2145 1414 2174 nullum
1427 2152 1519 2181 posset
1533 2148 1652 2176 invenire
1674 2156 1788 2184 pauper-

995 2191 1056 2218 tatis
1074 2191 1209 2219 solatium.
1222 2190 1276 2219 Cur
1288 2191 1377 2227 itaque
1391 2192 1491 2220 divitiis
1504 2193 1648 2226 inhiamus,
1664 2202 1723 2229 quae
1737 2198 1787 2223 nos

995 2237 1021 2265 in
1036 2238 1129 2265 cretum
1152 2237 1278 2266 inducere
1292 2239 1448 2273 nequeunt?
1463 2239 1510 2267 Dic
1522 2240 1587 2268 mihi
1603 2249 1611 2268 :
1625 2241 1647 2268 si
1660 2241 1718 2276 quis
1739 2249 1787 2269 rex

995 2288 1117 2312 terrenus
1129 2283 1251 2317 diceret,
1265 2282 1368 2312 nullum
1383 2284 1490 2313 divitem
1513 2293 1591 2320 posse
1606 2286 1633 2313 in
1648 2287 1720 2322 regia
1737 2287 1787 2315 tul-

993 2337 1067 2365 gere,
1078 2334 1124 2357 aut
1143 2329 1246 2357 honore
1258 2329 1321 2363 frui,
1335 2337 1424 2358 annon
1437 2331 1525 2358 cuncti
1539 2331 1644 2359 divitias
1665 2332 1787 2367 despice-

994 2376 1058 2404 retis
1073 2380 1100 2404 et
1115 2376 1286 2411 abjiceretis?
1298 2376 1377 2412 Atqui
1390 2397 1399 2410 ,
1414 2377 1437 2405 si
1451 2385 1483 2405 ex
1499 2381 1612 2406 terrente
1627 2378 1696 2406 illius
1708 2379 1788 2413 regia:

995 2421 1097 2449 honore
1109 2429 1158 2449 nos
1170 2421 1308 2457 dejiciant,
1321 2424 1485 2458 contemptui
1499 2428 1578 2452 erunt
1591 2433 1598 2458 ;
1613 2425 1686 2460 Rege
1697 2429 1787 2453 autent

994 2467 1119 2495 caelorum
1135 2467 1255 2502 quotidie
1273 2468 1404 2496 clamante
1417 2476 1448 2496 ac
1470 2468 1574 2498 dicente
1585 2490 1593 2503 ,
1606 2470 1713 2498 dil‘licile
1728 2479 1788 2499 esse

995 2521 1056 2541 cum
1071 2513 1169 2541 divitiis
1182 2513 1208 2543 in
1224 2521 1299 2541 sacra
1313 2514 1357 2541 illa
1372 2515 1438 2542 atria
1451 2515 1552 2550 ingredi
1567 2537 1574 2548 ,
1589 2524 1677 2544 annon
1699 2519 1788 2545 omnia

994 2560 1166 2596 projiciemus
1177 2581 1184 2592 ,
1196 2567 1286 2588 annon
1309 2567 1374 2595 opes
1388 2561 1571 2590 amovebimus
1585 2584 1593 2596 ,
1608 2568 1637 2590 ut
1649 2564 1675 2591 in
1689 2565 1788 2600 regiam

995 2607 1066 2634 illam
1081 2606 1165 2634 libere
1179 2606 1381 2641 ingrediamur?

1030 2653 1057 2680 6.
1081 2653 1170 2688 Ecqua
1192 2660 1284 2680 sumus
1307 2653 1383 2680 venia
1406 2652 1496 2688 digni,
1516 2654 1560 2688 qui
1574 2661 1604 2681 ea
1628 2662 1688 2689 quae
1711 2655 1788 2683 nobis

996 2699 1095 2725 aditum
1112 2698 1185 2725 illum
1200 2698 1376 2733 praecludunt,
1389 2702 1462 2726 tanto
1476 2700 1564 2727 studio
1577 2701 1789 2735 complectimur,

996 2750 1023 2773 et
1038 2753 1089 2772 non
1105 2745 1189 2773 solum
1202 2747 1226 2773 in
1242 2746 1322 2779 arcis,
1339 2746 1384 2773 sed
1397 2746 1477 2774 etiam
1492 2747 1518 2774 itt
1531 2753 1598 2774 turra
1613 2749 1786 2782 oceultanuts,

996 2791 1059 2818 dum
1075 2791 1136 2818 licet
1145 2799 1177 2818 ea
1190 2791 1215 2817 in
1227 2791 1300 2818 caelis
1310 2791 1483 2819 custodienda
1496 2794 1617 2820 recontch
1626 2795 1657 2821 e?
1673 2795 1786 2829 ltlipsutn

997 2843 1068 2864 certe
1084 2845 1152 2864 mtuc
1166 2837 1239 2869 lacis,
1254 2844 1284 2863 ae
1295 2838 1316 2863 si
1329 2838 1387 2871 quis
1398 2838 1511 2872 agricola
1525 2845 1661 2874 acet-plum
1673 2841 1786 2868 l'rnmen~

1000 2888 1053 2911 tum
1067 2883 1094 2910 in
1109 2882 1187 2910 I'crtili
1202 2890 1265 2918 agro
1277 2883 1472 2916 seminaudmu,
1493 2884 1602 2912 dilillSSt)
1618 2893 1692 2919 agro,
1706 2886 1732 2913 in
1748 2885 1786 2913 la-
