2073 3127
252 192 303 221 183

252 257 312 277 cum
328 247 489 275 frumentum
503 247 584 270 omne
593 238 740 272 demergat,
754 237 876 267 utneque
887 229 934 256 illo
941 227 1045 254 fruatur

254 297 320 330 ipsc,
336 297 363 320 ct
386 291 547 319 frumentum
560 287 713 318 corruptum
725 282 825 315 pereat.
843 274 896 304 Sed
908 279 989 309 quam
1003 278 1047 330 ra;

717 326 723 330 _
793 324 801 330 ,
858 329 862 330 ν
896 319 1028 330 “Lm”

255 315 320 326 ..νη
338 315 363 320 η.
641 315 649 318 _

255 315 358 368 tionem
378 336 536 373 proferunt,
559 338 619 359 cum
641 329 702 356 illos
717 326 767 353 hac
785 324 820 351 de
837 329 868 349 re
892 315 1047 355 culpamus?

256 386 313 414 Non
333 365 442 420 paruvam
468 365 678 408 consolationem
697 373 723 401 id
745 371 832 402 affert,
848 366 919 404 quod
932 365 1048 393 sciamus

739 417 751 420 _
776 417 782 420 _
805 415 811 420 .
941 411 976 420 ,η
991 408 1048 420 ιη

257 433 315 459 inec
329 408 407 458 nobis
421 431 479 455 tuto
494 422 631 454 recondita
650 426 722 448 esse.
734 415 859 451 Quinimo
876 411 979 440 nescire
991 408 1050 436 haec

258 476 394 506 recondita
422 479 498 506 esse,
522 469 549 498 id
571 465 780 496 consolationem
800 460 917 488 atl'erret.
939 453 1051 484 Etiamsi

258 525 330 551 cnim
351 522 449 549 famem
463 526 516 546 non
530 516 635 546 timeas,
651 511 734 540 multa
749 509 799 536 alia
819 506 941 543 graviora
957 501 991 530 ob
1003 501 1050 528 de-

259 571 373 606 positum
382 568 435 595 tale
446 563 574 597 timenda,
585 566 667 593 mors,
680 557 788 588 bellum,
803 552 915 581 insidiae.
928 549 956 577 Si
971 548 1055 575 fames

759 601 765 606 ‘
894 601 929 606 7-4
948 595 1053 606 J-_n.._n

260 595 374 651 ingruat,
390 611 504 649 populus
517 617 532 636 a
546 611 640 635 ventre
661 601 814 638 compulsus
832 601 933 626 armata
946 595 1055 622 dextera

705 648 711 651 λ
788 646 794 651 ¹
865 644 870 649 “
917 641 936 651 ’κ
944 648 966 651 -Α
974 647 1011 651 --ι
1029 638 1055 651 ε-

262 638 371 689 ddhtum
386 638 458 686 truam
478 654 594 683 invadet.
615 651 670 678 lmo
695 648 759 676 dum
774 646 813 674 sic
831 644 901 679 agis,
917 641 1013 669 famem
1029 638 1057 665 in

264 709 344 736 urbes
360 704 467 734 invehis
476 724 483 737 ,
501 706 527 730 te
540 701 592 728 hoc
605 698 675 726 fame
689 694 796 731 gravius
810 689 958 728 periculum
970 688 997 714 in
1010 685 1059 713 do-

264 762 338 782 mum
361 756 434 779 tuam
456 747 569 777 inducis.
584 744 689 774 Etenim
710 741 786 768 famis
806 736 958 766 calamitate
970 731 1059 760 nullos

266 800 327 827 novi
343 796 431 826 statim
445 796 618 828 consumptos
631 798 637 817 :
653 788 734 817 multa
745 785 841 821 quippe
851 781 967 815 undique
979 784 1058 806 exco-

267 846 344 881 gitari
372 846 482 879 possunt
503 839 537 867 ad
559 823 626 865 ianti
647 833 711 863 mali
736 831 878 862 solatium;
893 827 927 855 ob
937 823 1062 861 pecunias

796 876 811 881 ..
864 874 870 881 .
991 868 1046 881 ,_,,

269 868 501 922 iiutemfdivitias,
516 890 614 919 resque
629 876 829 916 hujuscemodi,
846 873 974 910 plurimos
991 868 1062 898 indi-

269 945 332 966 care
343 935 453 972 p055im,
467 940 514 960 seu
525 915 604 962 clam,
618 915 671 956 seu
683 924 788 961 publice
798 923 983 954 interemptos.
997 915 1065 944 Mul-

746 970 752 972 _
885 969 891 972 ,
929 965 935 970 ,
951 971 956 972 γ
987 961 1063 972 ψη

272 985 306 1010 tis
328 961 409 1017 porro
423 961 576 1014 hujusmodi
587 961 715 1007 exemplis
728 970 814 1005 plena:
832 969 894 994 sunt
910 965 972 996 viae,
987 961 1066 997 plena

272 1007 411 1065 judibiaria
427 1007 569 1053 tribunalia
576 1026 603 1049 et
615 1020 682 1046 fora.
692 1015 793 1051 Ecquid
804 1014 864 1041 dico
875 1012 942 1042 vias,
953 1007 1067 1044 judicia-

274 1054 353 1065 ,ηνν

274 1076 313 1103 ria
329 1072 470 1102 tribunalia
486 1075 513 1098 et
528 1068 602 1096 fora?
627 1066 714 1100 Ipsum
735 1068 810 1090 mare
824 1057 927 1086 videbis
940 1054 1069 1089 sanguine

278 1122 397 1156 plenum.
414 1118 477 1145 llzec
490 1116 586 1150 quippe
610 1109 729 1147 tyrannis
743 1115 795 1135 non
811 1110 910 1133 terram
925 1101 1011 1129 solum
1025 1106 1070 1126 oc-

860 1151 877 1156 "
910 1149 920 1156 ¹¹
957 1155 962 1156 γ
989 1155 994 1156 γ
1009 1146 1057 1156 17--

276 1146 383 1201 cupavit
395 1185 401 1197 ,
417 1163 463 1190 sed
477 1146 560 1189 etiam
577 1158 603 1185 in
622 1146 725 1192 pelago
740 1160 800 1180 cum
815 1151 898 1179 tnulto
910 1149 998 1176 furore
1009 1146 1072 1173 bac-

277 1199 355 1240 chata
371 1214 422 1238 est.
446 1209 479 1236 Et
494 1207 561 1234 alius
576 1203 683 1240 quidem
706 1200 812 1233 navigat
833 1202 942 1233 propter
960 1199 1053 1220 aurum
1064 1211 1072 1224 ,

280 1259 349 1286 alius
362 1257 396 1284 ob
409 1256 460 1283 hoc
479 1254 564 1289 ipsum
577 1249 732 1285 jugulatur:
748 1244 896 1278 eademque
907 1242 963 1275 ipsa
984 1243 1074 1289 tyran-

282 1305 323 1332 nis
337 1304 409 1330 ltunc
433 1282 625 1329 mercatorem,
646 1295 721 1322 illum
744 1289 905 1319 homicidam
923 1285 993 1313 fecit.
1006 1282 1076 1317 Quid

282 1350 366 1385 magis
386 1347 496 1376 inﬁdum
520 1343 600 1372 fuerit
627 1348 706 1376 quam
724 1344 867 1368 mamona,
883 1340 944 1361 cum
968 1335 1077 1366 propter

282 1375 370 1432 ipsiim
395 1393 500 1429 plurimi
522 1375 740 1426 peregrinentur,
766 1382 949 1418 periclitentur
969 1381 995 1405 et
1008 1375 1079 1404 occi-

284 1421 369 1432 'I'"’"
396 1421 403 1429 ι
522 1421 529 1426 -
587 1421 598 1424 ν

284 1441 401 1470 dantur?
421 1438 473 1466 Sed
495 1436 557 1470 Quis
579 1432 751 1462 miserebitur,
771 1427 871 1463 inquit,
899 1421 1077 1454 incantatoris,

286 1468 360 1526 quem
381 1493 485 1520 serpens
498 1468 649 1510 fmamordit
673 1477 772 1514 (Ecclt'.
789 1474 833 1503 1‘2.
849 1471 898 1508 1'5)
911 1471 922 1498 ’ἶ
936 1468 1080 1526 Opprtebat

288 1514 359 1562 enim
387 1532 453 1559 dirte
481 1526 630 1565 tyrannidis
661 1529 758 1560 gnaros
793 1519 949 1547 servitutem
975 1514 1080 1549 fugere,

289 1579 452 1612 noxiumque
471 1580 590 1601 amorem
611 1568 799 1604 comprimere.
819 1565 853 1592 Et
874 1560 1026 1598 quontodo,
1042 1557 1082 1584 in-

289 1625 376 1661 quies,
393 1623 419 1650 id
431 1621 488 1649 ﬁeri
502 1617 605 1654 possit?
625 1616 654 1644 Si
668 1615 779 1641 alterum
794 1616 912 1638 amorem
927 1603 1062 1634 induxeris
1073 1623 1082 1636 ,

664 1660 668 1661 ⁷
788 1657 793 1661 ¹
827 1656 843 1661 ¹ν
948 1659 962 1661 ν.
988 1649 1068 1661 Ξ..-ΞᾸΑ

291 1649 387 1704 tiempe
402 1667 537 1695 cmlorum.
551 1663 615 1690 Nam
626 1660 671 1696 qui
683 1656 846 1692 concupiscit
857 1659 976 1689 regnum,
988 1649 1083 1677 irride-

291 1713 482 1744 bitararitiam
497 1720 504 1736 :
519 1709 564 1745 qui
585 1706 684 1736 Christi
705 1711 798 1732 servus
823 1700 933 1729 effectus
959 1697 1005 1730 sit,
1030 1702 1084 1722 non

293 1762 345 1790 erit
363 1765 493 1788 ntamome
507 1762 616 1787 servus,
632 1752 678 1781 sed
693 1755 721 1779 et
732 1751 791 1785 ejus
805 1748 857 1776 erit
867 1745 990 1774 dominus
1006 1748 1086 1769 :nam

295 1808 439 1842 fugientem
461 1801 564 1837 insequi
584 1799 664 1832 solet,
690 1801 717 1825 et
741 1797 944 1830 persequentem
973 1788 1086 1823 fugere:

295 1836 382 1888 neque
392 1852 427 1879 ita
442 1850 648 1885 persequentem
659 1844 781 1874 honorat,
798 1844 826 1868 ut
836 1847 865 1867 se
878 1836 1067 1872 despicientem
1079 1840 1087 1866 ;

297 1880 397 1928 nullum
412 1880 451 1925 ita
463 1880 576 1926 deridet,
600 1897 630 1920 ut
657 1890 697 1919 sui
719 1887 859 1923 cupidum;
885 1891 971 1919 neque
996 1880 1090 1909 irridet

296 1945 376 1974 modo
388 1965 396 1977 ,
414 1943 461 1971 sed
475 1939 622 1968 Innumeris
641 1934 799 1969 constringit
814 1931 935 1959 vinculis.
950 1927 1090 1956 Solvamus

298 1993 377 2028 igitur
388 1990 430 2017 vel
449 1995 510 2016 sero
532 1985 638 2013 tandem
657 1983 739 2010 hasce
762 1979 856 2007 noxias
881 1981 999 2004 catenas.
1021 1971 1091 2007 Quid

298 2035 484 2066 rationabilem
497 2033 614 2060 animam
626 2026 773 2057 irrationali
789 2024 918 2057 materiae,
937 2022 1092 2049 innumero-

624 182 652 210 S.
672 176 811 208 JOANNIS
829 166 1066 201 Clll’xYSOSTOMl
1086 162 1243 192 ARClllEl’.
1262 157 1526 187 CONSTANTINOP.

1834 150 1886 179 tss

1096 229 1156 251 rum
1179 218 1312 248 malorum
1337 215 1426 249 matri,
1448 213 1549 242 servire
1561 210 1651 246 cogis?
1666 209 1718 237 Sed
1737 216 1754 236 ο
1774 208 1829 235 risu
1844 207 1887 234 di-

1098 275 1178 304 gnam
1199 265 1274 294 rem!
1289 270 1338 291 nos
1361 262 1433 290 illam
1458 261 1645 295 impugnamus
1657 255 1746 282 verbis
1757 275 1765 287 ,
1779 254 1824 281 illa
1837 261 1888 281 nos

1099 299 1236 349 impugnat
1248 319 1277 339 re
1291 310 1359 345 ipsa,
1373 312 1400 336 et
1412 306 1528 341 undique
1543 304 1597 340 agit
1607 307 1635 331 et
1646 301 1800 330 circumfert
1813 299 1890 335 quasi

1099 344 1188 398 pretio
1209 344 1314 393 emptos
1332 359 1360 383 et
1374 353 1529 388 mastigiae;
1550 357 1602 386 quo
1623 348 1687 383 quid
1703 346 1814 381 turpius,
1829 344 1891 380 quid

1101 404 1256 441 indignius?
1269 403 1297 431 Si
1314 402 1385 430 enim
1409 397 1589 427 insensibilem
1605 393 1743 422 materiam
1769 399 1821 420 non
1845 398 1892 417 su-

1103 436 1242 488 peravmus,
1271 446 1405 484 quomodo
1417 446 1588 479 incorporeas
1601 443 1746 475 potestates
1768 436 1894 472 proﬂiga-

1104 484 1209 526 bimus?
1232 496 1253 523 si
1270 494 1349 522 vilem
1379 496 1482 519 terram
1521 493 1549 516 et
1571 487 1689 522 abjectos
1712 484 1814 520 lapides
1841 491 1894 510 non

1106 543 1278 578 despicimus,
1292 539 1427 575 quomodo
1436 535 1600 572 principatus
1614 539 1640 560 et
1654 535 1798 567 potestates
1811 529 1896 564 subji-

1106 588 1229 617 ciemus?
1251 584 1386 622 quomodo
1410 579 1612 617 temperantiam
1642 574 1845 605 exercebimus?
1868 573 1898 601 Si

1109 638 1247 669 argentum
1261 620 1373 665 fulgens
1387 635 1436 656 nos
1454 625 1575 663 percellit
1584 646 1591 656 .
1605 622 1741 659 quomodo
1756 620 1896 657 pulchram

1110 680 1204 708 faciem
1231 681 1438 714 prtetercurrere
1467 670 1632 708 poterimus?
1663 668 1767 696 Etenim
1790 666 1899 702 quidam

1111 725 1173 753 huic
1187 711 1318 760 tyrannidi
1332 727 1416 755 usque
1437 719 1506 746 adeo
1528 716 1611 745 dediti
1626 719 1705 748 sunt,
1730 717 1758 740 ut
1772 713 1844 747 ipsos
1858 711 1900 738 \‘cl

1112 770 1170 798 auri
1190 757 1312 804 aspectus
1331 766 1444 797 afliciat,
1464 767 1492 791 et
1514 762 1599 790 facete
1614 760 1787 793 hilariterque
1799 757 1900 788 dicant,

1113 816 1212 844 Oculos
1232 815 1306 850 juvat
1326 812 1456 840 numisma
1477 816 1588 837 aureum
1603 806 1732 835 oblatum.
1749 804 1847 831 Verum
1870 809 1904 829 ne

1116 865 1153 892 ita
1167 862 1253 894 ludas,
1267 861 1303 888 mi
1315 860 1412 890 homo;
1428 857 1493 885 nihil
1506 855 1577 883 enim
1593 854 1632 882 sic
1644 852 1717 881 laedit
1728 851 1830 882 ocul0s,
1848 848 1905 876 sive

1117 909 1238 943 corporis
1248 927 1256 940 ,
1272 906 1328 934 sive
1341 905 1437 932 animze
1449 924 1457 936 ,
1468 907 1498 930 ιιι
1507 901 1602 929 horum
1617 897 1843 932 concupiscentia.
1858 894 1907 922 Hic

1118 959 1192 983 certe
1212 952 1306 981 noxius
1325 958 1401 978 amor
1419 948 1550 983 virginum
1571 946 1676 973 illarum
1698 942 1833 978 lampades
1861 949 1909 968 cx-

1119 1001 1226 1033 stinxit.
1240 1000 1352 1034 illasque
1366 1005 1381 1024 a
1394 997 1483 1032 sponsi
1506 995 1621 1022 thalamo
1633 993 1754 1021 exclusit.
1768 992 1816 1019 llic
1830 997 1909 1026 aspe-

1121 1052 1180 1076 ctus
1189 1068 1196 1079 ,
1215 1053 1295 1082 quem
1304 1044 1372 1072 dicis
1381 1042 1473 1071 oculos
1485 1041 1596 1077 juvare,
1609 1039 1736 1067 miserum
1749 1037 1843 1065 .ludam
1857 1043 1910 1063 non

1122 1094 1242 1131 permisit
1258 1092 1350 1120 audire
1372 1090 1530 1118 dominicam
1551 1094 1656 1120 vocem,
1680 1085 1726 1113 sed
1748 1085 1775 1112 in
1787 1083 1912 1118 laqueum

1123 1141 1217 1173 duxit,
1240 1143 1320 1174 atque
1341 1137 1367 1165 id
1380 1135 1467 1164 eﬂ‘ecit
1480 1139 1510 1162 ut
1523 1134 1628 1162 tnedius
1647 1131 1796 1167 crepuerit,
1809 1137 1840 1156 ac
1853 1132 1913 1164 ροει

1125 1187 1183 1214 haec
1197 1185 1286 1213 omnia
1300 1184 1325 1211 in
1341 1183 1489 1218 gehennam
1509 1180 1591 1208 misit.
1613 1178 1682 1212 Quid
1700 1184 1763 1212 ergo
1778 1176 1828 1203 hac
1840 1178 1914 1210 peste

1125 1232 1241 1267 iniquius
1257 1229 1352 1258 fuerit?
1366 1228 1429 1264 quid
1442 1225 1613 1254 horribilius?
1626 1224 1685 1251 Non
1699 1222 1733 1250 de
1747 1221 1856 1249 materia
1867 1227 1914 1254 pe-

1127 1278 1265 1307 cuniarum
1279 1276 1383 1311 loquor,
1406 1273 1454 1301 sed
1468 1273 1502 1300 de
1519 1278 1611 1299 earum
1629 1268 1812 1303 intempestiva
1826 1271 1853 1294 et
1874 1265 1916 1292 fu-

1127 1325 1197 1353 riosa
1223 1322 1377 1358 cupiditate.
1405 1319 1470 1347 Nam
1489 1318 1606 1345 humano
1632 1315 1742 1343 distillat
1769 1313 1916 1348 sanguine,

1129 1375 1242 1399 cruento
1260 1372 1368 1404 aspectu
1379 1387 1387 1400 ,
1400 1371 1428 1394 et
1442 1365 1533 1401 quavis
1548 1364 1604 1391 fera
1618 1361 1758 1390 immanior
1769 1365 1826 1392 est,
1840 1364 1920 1393 atque

1131 1417 1223 1445 obvios
1236 1421 1356 1451 quosque
1368 1411 1505 1446 discerpit,
1530 1409 1655 1445 quodque
1676 1407 1760 1434 multo
1772 1405 1846 1440 pejus
1863 1409 1919 1437 est,

1132 1471 1167 1491 ne
1180 1462 1280 1490 sentire
1289 1459 1395 1495 quidem
1405 1457 1531 1486 laniatum
1542 1455 1615 1483 sinit.
1628 1453 1694 1480 Cum
1707 1455 1838 1486 oporteret
1849 1449 1921 1477 enim

1133 1516 1180 1537 eos
1192 1508 1236 1544 qui
1252 1507 1313 1535 talia
1336 1505 1480 1541 patiuntur,
1496 1501 1530 1529 ad
1544 1503 1734 1536 praetereuntes
1753 1503 1860 1525 manum
1873 1502 1923 1522 cx-

1134 1541 1244 1583 tendere
1254 1574 1261 1586 ,
1278 1557 1305 1580 et
1318 1551 1350 1579 ad
1363 1550 1488 1578 auxilium
1504 1554 1610 1580 vocare,
1628 1545 1665 1572 illi
1676 1549 1767 1572 contra
1782 1543 1816 1570 de
1830 1541 1925 1569 talibus

1136 1601 1267 1629 ulceribus
1277 1598 1376 1634 gratias
1386 1595 1483 1623 habent
1497 1603 1503 1621 :
1513 1601 1566 1628 quo
1576 1591 1639 1627 quid
1653 1588 1849 1618 miserabilius?
1865 1587 1926 1614 Haec

1136 1648 1225 1682 itaque
1241 1645 1330 1672 omnia
1344 1642 1500 1678 cogitantes,
1523 1637 1698 1667 insanabilem
1718 1635 1791 1663 illum
1805 1634 1927 1661 morbum

1137 1693 1278 1728 fugiamus,
1292 1690 1350 1724 ejus
1361 1694 1467 1716 morsus
1478 1691 1612 1716 curemus,
1627 1686 1655 1710 ct
1664 1689 1678 1709 a
1691 1681 1735 1708 tali
1752 1686 1826 1715 peste
1837 1678 1928 1714 procul

1139 1724 1280 1774 fugiamus.
1294 1740 1323 1762 ut
1337 1739 1364 1762 et
1381 1734 1407 1760 in
1420 1732 1545 1768 praesenti
1570 1733 1654 1756 tutam
1679 1731 1707 1755 et
1732 1724 1930 1761 perturbatione

1139 1790 1249 1812 vacuam
1264 1781 1345 1808 vitam
1362 1779 1501 1810 ducamus,
1517 1781 1544 1803 et
1555 1774 1660 1802 futuros
1674 1772 1859 1800 nanciscamur
1872 1769 1931 1796 the~

1141 1836 1233 1857 sauros
1250 1837 1256 1854 :
1269 1833 1337 1862 quos
1352 1824 1453 1852 utinam
1468 1828 1517 1849 nos
1539 1827 1633 1848 omnes
1649 1824 1833 1852 assequamur,
1847 1814 1931 1850 gratia

1142 1881 1169 1904 et
1193 1873 1358 1910 benignitate
1377 1869 1481 1898 Domini
1503 1866 1586 1895 nostri
1609 1865 1672 1894 Jesu
1684 1863 1802 1895 Christi,
1825 1862 1933 1897 quicum

1143 1920 1215 1948 Patri
1237 1908 1268 1947 et
1292 1916 1370 1945 simul
1396 1914 1505 1951 Spiritui
1531 1916 1623 1940 sancto
1649 1911 1749 1947 gloria,
1776 1908 1933 1943 imperium,

1143 1967 1246 1998 honor,
1271 1970 1342 1992 nunc
1369 1967 1396 1990 et
1420 1967 1542 1996 semper,
1570 1957 1639 1987 etin
1651 1955 1748 1984 saecula
1764 1954 1934 1983 saeculorum.

1146 2016 1243 2042 Amen.

299 2071 1936 2114 df—

997 2129 1172 2163 HOMILIA
1192 2126 1236 2157 Χ.

302 2221 366 2249 Car.
379 2220 406 2248 5.
417 2227 444 2247 v.
456 2219 482 2246 i.
494 2218 527 2244 In
541 2215 626 2243 diebus
638 2214 690 2240 illis
704 2211 769 2239 venit
779 2210 891 2237 Joannes
902 2206 1016 2240 Baptista
1030 2209 1095 2238 prte-

338 2268 426 2304 dicurts
439 2266 464 2292 in
475 2264 572 2291 deserto
593 2261 700 2292 Judww,
715 2258 742 2286 2.
758 2261 781 2284 et
794 2257 878 2283 dicens
893 2262 902 2281 :
919 2250 1097 2280 Pwnitenliam

339 2301 414 2348 agite,
426 2307 638 2345 appropinquavit
648 2306 715 2333 enim
727 2310 832 2339 regnum
847 2301 976 2327 ctclorum.

340 2341 368 2385 ιῖ
382 2341 468 2390 Quale.
490 2341 587 2388 terimus
614 2352 743 2386 designent
770 2348 823 2376 Itwc
852 2345 925 2373 verba
941 2343 989 2370 :ln
1002 2341 1097 2369 diebus

305 2403 367 2431 illis.
382 2402 433 2430 Cur
445 2386 559 2428 Christus
579 2398 684 2433 triginta
702 2401 828 2422 annorum
852 2391 1002 2426 baptizatur.
1016 2402 1051 2407 —
1061 2386 1100 2413 De

306 2449 464 2484 quibusnam
479 2445 573 2474 diebus
585 2443 660 2479 agit?
674 2442 730 2470 Non
741 2441 812 2468 enim
826 2446 878 2474 quo
896 2442 1015 2471 tempore
1034 2440 1100 2469 puer

308 2497 354 2523 ille
369 2499 438 2528 erat,
452 2500 479 2522 et
491 2494 602 2522 Nazarct
613 2491 695 2522 venit.
709 2489 756 2517 sed
771 2492 830 2523 post
842 2493 926 2513 annos
938 2483 1043 2518 triginta
1056 2487 1100 2507 ve-

310 2542 349 2569 nit
359 2526 494 2572 Juannes,
510 2544 538 2567 ut
555 2539 640 2566 Lucas
654 2535 819 2564 testiﬁcatur.
835 2532 887 2560 Cur
898 2538 962 2565 ergo
973 2528 1052 2560 dicit,
1069 2526 1101 2553 In

310 2587 397 2615 diebus
411 2586 484 2614 itus?
499 2585 555 2613 Mos
571 2588 612 2612 est
633 2583 776 2617 Scriptura:
800 2579 850 2606 hoc
879 2577 916 2605 uti
937 2574 1033 2606 modo;
1050 2579 1102 2600 non

313 2635 399 2663 solum
413 2640 474 2660 cum
493 2639 524 2659 ea
548 2634 648 2662 narrat,
673 2636 732 2663 qua:
744 2624 891 2661 Insequenti
909 2628 1028 2657 tempore
1040 2626 1101 2647 mox

313 2684 387 2715 gesta
407 2682 478 2712 sunt,
495 2677 542 2705 sed
556 2677 636 2705 etiam
654 2683 714 2703 cum
729 2674 773 2701 illa
784 2673 858 2704 dicit,
873 2678 933 2706 quae
952 2667 1043 2696 multis
1055 2673 1104 2702 po—

314 2731 370 2753 stea
394 2724 471 2752 annis
491 2722 659 2758 contigerint.
692 2720 737 2748 Sic
757 2719 836 2746 etiatn
862 2724 922 2744 cum
935 2715 968 2742 ad
989 2713 1063 2741 illum
1076 2711 1104 2738 in

314 2772 402 2800 Monte
421 2771 551 2798 olivarum
575 2768 712 2796 sedentem
733 2765 853 2800 discipuli
865 2763 1050 2792 accesserunt,
1078 2762 1106 2785 et

315 2818 349 2846 tle
361 2817 474 2846 adventu
490 2817 547 2851 ejus
561 2815 646 2851 deque
658 2813 761 2841 excidio
774 2811 999 2846 .lerosolymorum
1013 2806 1105 2834 scisci-

317 2864 362 2891 tati
375 2869 452 2896 sunt;
466 2863 539 2890 scitis
552 2865 640 2888 autem
651 2865 777 2895 quantum
789 2858 825 2885 sit
838 2858 906 2884 inter
917 2861 1028 2889 utraque
1039 2858 1107 2881 tem-

319 2918 383 2946 pora
399 2909 577 2938 intervallum.
592 2906 658 2935 Cum
669 2907 793 2942 loquutus
808 2909 879 2934 esset
900 2904 934 2932 de
955 2903 1067 2936 excidio,
1081 2906 1108 2929 et

1151 2208 1201 2235 hac
1213 2206 1247 2233 de
1258 2212 1288 2232 re
1304 2202 1409 2231 dicendi
1428 2201 1508 2229 ﬁnem
1522 2200 1642 2232 fecisset,
1665 2198 1699 2226 de
1711 2194 1940 2225 consummatione

1149 2255 1240 2288 postea
1250 2250 1417 2285 loquuturus,
1429 2246 1578 2281 subjunxit,
1591 2245 1661 2271 Tunc
1675 2244 1724 2271 ista
1735 2246 1813 2270 erunt
1827 2239 1939 2276 (Matth.

1150 2299 1186 2326 24
1198 2297 1207 2334 )
1224 2306 1231 2323 :
1247 2295 1360 2324 dicendo
1381 2298 1470 2321 autem
1484 2292 1564 2323 Tunc,
1586 2298 1638 2317 non
1650 2288 1787 2323 conjunxit
1801 2291 1920 2320 tempora
1932 2305 1940 2316 ,

1152 2332 1202 2372 sed
1213 2341 1278 2370 illud
1290 2339 1375 2369 solum
1392 2344 1496 2373 tempus
1511 2336 1652 2368 indicavit,
1673 2341 1727 2369 quo
1745 2332 1802 2360 haec
1815 2335 1942 2358 eventura

1152 2393 1238 2417 erant.
1255 2388 1370 2423 ldipsum
1393 2392 1462 2413 nunc
1477 2384 1539 2412 facit
1556 2390 1616 2410 cum
1635 2382 1692 2409 ait:
1708 2379 1741 2407 In
1769 2379 1854 2405 diebus
1880 2376 1942 2403 illis.

1152 2435 1211 2463 Non
1234 2422 1305 2461 enim
1325 2433 1496 2467 insequentes
1510 2429 1598 2457 statim
1619 2428 1676 2455 dies
1695 2425 1871 2461 signiﬁcavit;
1896 2422 1943 2450 scd

1154 2481 1214 2508 illos
1228 2480 1254 2507 in
1270 2479 1366 2514 quibus
1379 2477 1515 2511 contigere
1530 2483 1561 2502 ea
1574 2474 1607 2501 ad
1617 2481 1678 2509 quae
1687 2471 1818 2500 narranda
1835 2476 1940 2504 progre-

1154 2526 1235 2554 ditur.
1263 2525 1297 2552 Et
1322 2532 1387 2557 cur,
1412 2522 1525 2558 inquies,
1546 2525 1607 2556 post
1630 2519 1735 2555 triginta
1756 2525 1839 2544 annos
1851 2516 1884 2543 ad
1901 2515 1945 2542 ba-

1155 2573 1281 2608 ptismum
1298 2571 1370 2598 venit
1392 2569 1487 2598 Jesus?
1503 2569 1566 2596 Post
1590 2566 1661 2594 hunc
1686 2565 1844 2600 baptismum
1860 2563 1946 2597 legem

1156 2620 1292 2648 soluturus
1314 2621 1372 2646 erat
1395 2626 1402 2645 :
1427 2617 1487 2644 ideo
1501 2615 1534 2643 ad
1552 2615 1624 2643 illam
1645 2621 1729 2649 usque
1750 2616 1874 2644 aetatem,
1888 2618 1946 2645 quae

1157 2669 1245 2701 potest
1258 2668 1367 2700 peccata
1378 2663 1518 2690 admittere
1528 2661 1628 2693 omnia,
1643 2660 1669 2687 in
1685 2659 1751 2694 legis
1764 2658 1845 2685 totius
1855 2656 1948 2684 obser-

1157 2712 1262 2740 vatione
1272 2711 1386 2742 mansit;
1396 2718 1430 2738 ne
1441 2709 1500 2744 quis
1510 2708 1620 2740 diceret,
1631 2707 1716 2742 ipsum
1728 2706 1812 2740 legem
1824 2703 1947 2734 solvisse,

1159 2758 1228 2794 quod
1240 2765 1292 2785 non
1304 2760 1394 2792 posset
1405 2762 1464 2784 eam
1477 2754 1600 2789 implere.
1614 2753 1670 2780 Non
1687 2751 1757 2780 enim
1770 2757 1865 2777 omnes
1876 2747 1949 2783 pravi

1160 2804 1285 2838 affectus,
1302 2802 1390 2830 omnia
1412 2802 1474 2829 vitia
1495 2807 1602 2835 semper
1619 2799 1718 2825 instant
1741 2795 1818 2823 nobis
1831 2804 1837 2821 :
1850 2795 1896 2821 sed
1924 2793 1950 2820 in

1162 2853 1287 2888 primaeva
1316 2855 1393 2879 aetate
1426 2847 1602 2884 imprudentia
1635 2845 1705 2880 viget
1729 2847 1757 2871 et
1782 2841 1952 2870 imbecillitas

1162 2887 1243 2928 animi
1256 2908 1262 2933 ;
1279 2899 1305 2927 in
1320 2895 1441 2933 sequenti
1459 2893 1643 2923 vehementius
1658 2891 1739 2920 instat
1751 2888 1852 2923 libido;
1868 2887 1896 2915 in
1909 2894 1952 2922 ea,
