2073 3127
179 154 234 183 185
598 166 601 167 ν
620 164 632 166 '

181 219 242 246 qua:
255 210 332 238 hanc
350 210 462 246 excipit,
479 215 558 245 opum
586 206 725 243 cupiditas.
753 206 897 240 Propterea
921 203 990 230 hanc

182 262 268 284 totam
291 261 407 284 aetatem
421 262 547 284 emensus
556 275 565 288 ,
579 259 607 281 et
621 254 705 288 legem
728 251 779 278 hoc
792 255 848 278 toto
869 255 989 284 tempore

181 306 359 336 exsequutus
369 323 376 334 ,
399 302 440 329 sic
462 301 495 328 ad
509 300 667 335 baptismum
686 298 775 330 venit,
788 304 868 332 quem
883 301 989 331 postre-

181 354 258 373 mum
285 347 411 379 addidit,
437 351 576 381 postquam
602 345 654 372 alia
674 347 807 379 praecepta
822 343 988 377 impleverat.

182 393 262 426 Quod
277 393 358 421 enim
372 394 423 421 hoc
445 397 608 428 postremum
636 391 687 426 ipsi
711 390 790 418 fuerit
807 397 840 417 ex
864 389 989 424 operibus

181 439 340 474 legalibus,
366 440 429 467 audi
446 447 509 467 eum
531 439 664 466 dicentem
687 445 694 463 :
711 437 756 464 Sic
772 436 838 464 enim
857 435 926 463 decet
943 444 989 462 nos

181 485 296 519 implere
309 494 412 513 omnem
419 485 546 519 justitiam
558 484 568 519 (
579 483 673 510 Matth.
688 483 714 510 5.
731 482 793 517 15).
808 481 885 515 Quod
899 485 988 508 autem

181 531 260 564 dicit,
276 531 486 567 hujusmodiest
501 529 715 565 :Omnialegalia
734 528 989 563 implevimusznul-

181 576 238 604 lum
264 578 432 613 transgressi
450 585 541 604 sumus
565 575 727 603 mandatum.
749 574 815 609 Quia
837 574 916 609 igitur
938 574 988 602 hoc

181 630 270 650 unum
280 628 419 658 superest,
428 627 533 657 oportet
541 622 603 649 illud
613 629 718 656 quoque
725 620 832 652 addere,
840 621 930 655 sicque
936 628 988 647 om-

182 676 247 696 nem
268 669 405 703 justitiam
420 669 597 704 implebimus.
612 668 744 695 Justitiam
763 667 835 694 enitn
856 666 898 693 hic
911 671 988 693 vocat

181 715 316 743 omnium
332 716 518 743 mandatorum
536 715 759 743 observationem.
780 713 915 740 Christum
937 713 987 748 igi-

182 764 229 787 tur
244 760 299 787 hac
314 761 349 789 de
366 768 445 788 causa
460 760 491 788 ad
513 760 672 795 baptismum
686 760 791 786 venisse
804 759 865 786 ltinc
879 759 988 794 conspi-

182 812 268 832 euum
283 811 337 833 est.
352 806 409 840 Qua
424 806 458 833 de
478 813 557 833 causa
577 813 643 833 vero
666 805 717 832 hoc
739 800 869 839 baptisma
883 804 917 831 ab
929 804 987 839 ipso

183 852 374 886 excogitatum
397 852 457 879 est?
477 851 551 885 Quod
571 851 642 878 enim
658 850 794 878 Zachariae
814 851 884 877 titius
906 858 957 876 non
971 857 987 876 a

182 898 348 932 semetipso,
364 897 412 924 sed
427 897 481 924 Deo
495 900 619 924 movente
633 896 665 923 ad
681 896 731 923 hoc
742 896 854 929 venerit,
866 895 890 922 id
902 895 987 922 Lucas

181 943 314 971 declarat
329 944 437 975 dicens,
467 943 574 970 Verbum
589 942 692 970 Domini
706 943 803 977 factum
823 946 860 968 est
877 941 912 968 ad
929 949 987 968 eum

183 989 274 1023 (Luc.
290 990 318 1017 5.
338 989 373 1024 ‘2)
385 1011 393 1023 ,
410 990 436 1016 id
450 994 512 1022 est,
537 989 702 1017 mandatum.
720 989 779 1024 Ipse
799 996 904 1023 quoque
926 989 963 1015 ait
978 997 985 1015 :

185 1035 240 1068 Qui
262 1044 304 1062 me
323 1036 390 1063 misit
403 1035 531 1070 baptizare
549 1036 576 1062 in
588 1044 665 1071 aqua,
678 1035 722 1063 ille
733 1035 794 1062 mihi
803 1035 867 1062 dixit
878 1043 887 1061 .'
903 1034 987 1069 Super

183 1089 263 1116 quem
277 1082 370 1109 videris
385 1082 510 1118 Spiritum
525 1082 714 1109 descendentem
733 1082 805 1117 quasi
825 1081 966 1108 columbam
977 1102 984 1113 ,

183 1133 208 1155 et
225 1134 372 1156 manentem
390 1137 466 1164 super
485 1137 540 1156 eum
551 1150 558 1162 ,
575 1129 616 1155 Itic
630 1133 665 1155 est
676 1129 718 1163 qui
729 1128 838 1163 baptizat
848 1128 874 1154 in
885 1128 985 1163 Spiritu

183 1179 277 1200 sancto
302 1174 398 1209 (Joan.
420 1176 446 1202 1.
472 1174 537 1210 55).
560 1174 614 1201 Cur
634 1180 721 1202 autetn
742 1174 775 1201 ad
797 1173 984 1209 baptizandum

184 1219 289 1247 missus
309 1221 366 1248 est?
382 1220 439 1250 Hoc
462 1222 524 1248 item
547 1221 624 1248 nobis
637 1220 754 1248 declarat
775 1220 892 1254 Baptista
907 1227 915 1247 ς
928 1219 984 1255 Ego

184 1266 329 1293 nesciebam
346 1267 473 1299 eum;sed
492 1271 518 1294 ut
533 1266 736 1300 manifestaretur
755 1266 782 1293 in
806 1265 906 1299 Israel,
927 1266 984 1293 ideo

182 1311 244 1347 (ueni
268 1312 294 1338 in
319 1319 388 1346 aqua
410 1312 539 1347 baptizans
555 1312 642 1347 (Ibid.
656 1320 680 1339 υ.
697 1313 758 1347 5L).
773 1313 805 1339 Et
818 1312 840 1339 si
855 1312 912 1339 haec
926 1313 983 1340 sola

184 1364 270 1384 causa
284 1362 360 1391 erat,
379 1358 515 1393 quomodo
538 1359 576 1386 ait
598 1358 701 1390 Lucas,
729 1357 801 1385 Venit
813 1358 840 1384 in
858 1359 984 1393 regionem

184 1402 322 1438 Iordanis,
337 1405 480 1439 praedicans
494 1405 646 1439 baptismum.
656 1405 806 1439 ptenitentite
818 1405 844 1431 in
858 1405 984 1431 remissio-

185 1458 246 1477 nem
257 1455 414 1484 peccatorum
427 1451 437 1487 (
444 1450 508 1478 Luc.
519 1451 546 1479 3.
555 1451 588 1487 5)
599 1451 610 1478 ?
621 1451 785 1486 Quamquam
796 1451 981 1479 remissionem

186 1502 243 1522 non
259 1495 389 1527 habebat,
403 1495 451 1523 sed
467 1495 517 1523 hoc
530 1496 633 1527 donum,
645 1501 702 1524 erat
714 1497 838 1531 baptismi
851 1517 858 1530 ,
877 1497 921 1532 qui
937 1503 983 1531 po-

185 1545 246 1568 stea
257 1540 336 1568 datus
350 1546 410 1573 est;
433 1542 459 1569 in
483 1542 534 1570 hoc
553 1543 624 1570 enim
646 1543 794 1577 consepulti
819 1550 930 1576 sumus,
955 1547 983 1570 et

186 1591 265 1613 vetus
276 1586 356 1613 homo
370 1591 462 1614 noster
473 1591 535 1614 tuttc
556 1595 606 1614 uua
627 1588 769 1615 cruciﬁxus
789 1592 849 1621 est,
874 1592 901 1614 et
921 1593 982 1615 ante

186 1639 295 1658 crucem
308 1639 438 1666 nusquam
453 1632 575 1662 remissio
591 1633 659 1660 facta
679 1634 842 1667 comperitur
857 1642 865 1662 :
885 1634 982 1668 ubique

187 1678 260 1705 enim
280 1678 330 1705 hoc
343 1679 463 1713 sarguini
486 1679 543 1714 ejus
557 1679 707 1714 deputatur.
730 1680 827 1708 Paulus
841 1688 905 1708 vero
919 1681 957 1709 ait
972 1689 979 1709 :

187 1724 243 1751 Sed
256 1724 334 1751 abluti
344 1725 413 1757 estis,
430 1726 474 1752 sed
483 1726 633 1760 sancti/icati
644 1727 712 1760 estis,
726 1735 776 1754 non
791 1735 837 1761 per
850 1727 980 1762 baptisma

187 1771 312 1804 Joannis,
326 1773 384 1804 sed,
401 1773 428 1799 in
438 1773 538 1799 nomine
554 1773 656 1800 Domini
671 1774 751 1800 nostri
765 1773 826 1800 Jcsu
845 1773 948 1805 Christi,
958 1778 980 1802 et

187 1819 213 1845 in
229 1819 329 1853 Spiritu
348 1818 398 1846 Dei
409 1820 488 1846 nostri
504 1819 550 1855 (1.
569 1819 627 1847 Cor.
644 1820 670 1847 6.
698 1820 759 1854 il).
781 1820 815 1847 Et
840 1820 902 1848 alibi
925 1822 978 1852 ait,

187 1864 298 1892 Joannes
316 1865 417 1900 quidem
437 1866 581 1900 praedicavit
604 1865 755 1900 baptismum
778 1866 936 1901 paenitentiaz,
954 1871 980 1893 et

189 1918 241 1938 tton
253 1910 327 1944 dicit,
341 1911 515 1943 remissionis,
538 1915 565 1938 ut
587 1912 715 1939 crederent
730 1912 756 1938 in
774 1913 911 1939 venientem
924 1918 979 1947 post

189 1964 244 1983 cum
261 1957 336 1991 (Act.
352 1957 395 1984 l9.
408 1957 454 1991 4).
470 1956 537 1984 Cum
559 1957 629 1984 enim
654 1958 772 1985 nondum
797 1958 914 1985 oblatum
937 1965 979 1985 sa-

190 2002 314 2029 criﬁcium
330 2006 412 2036 esset,
427 2011 476 2030 nec
488 2003 603 2038 Spiritus
618 2004 798 2031 descendisset
809 2025 815 2036 ,
839 2011 888 2031 nec
913 2012 977 2038 pec—

190 2053 274 2075 catum
299 2049 414 2076 solutum
436 2054 521 2083 esset,
548 2058 598 2077 nec
625 2051 761 2078 inimicitia
781 2051 900 2084 sublata,
930 2059 978 2079 nec

191 2093 339 2122 maledictio
367 2095 468 2129 deleta,
502 2095 637 2131 quomodo
663 2096 785 2124 remissio
808 2101 977 2131 peccatorum

190 2139 256 2167 tacta
271 2140 360 2168 esset?

224 2185 252 2211 2.
266 2185 333 2219 Quid
349 2190 391 2213 est
405 2186 485 2221 igitur
498 2187 572 2219 illud,
585 2187 619 2214 In
632 2188 803 2216 remissionem
819 2193 978 2223 peccatorum

190 2231 292 2267 (Marc.
306 2233 332 2259 1.
348 2232 402 2268 4)?
419 2233 534 2267 improbi
556 2233 698 2261 admodum
723 2238 799 2261 erant
817 2234 911 2266 Judaﬁ,
928 2241 978 2262 ttcc

190 2285 311 2312 umquam
336 2279 362 2306 lll
381 2284 551 2313 peccatorum
575 2287 683 2307 suorum
706 2287 814 2307 sensum
838 2285 976 2312 venerant,

189 2324 233 2351 sed
248 2325 375 2352 extremis
391 2325 500 2352 obnoxii
514 2325 600 2357 malis,
617 2333 646 2353 se
661 2325 760 2361 ubique
778 2325 864 2360 justos
879 2326 977 2361 praedi-

188 2370 281 2398 cabant
296 2379 303 2398 :
317 2371 343 2398 id
363 2371 434 2406 quod
454 2372 601 2407 praesertim
626 2372 698 2406 ipsos
712 2372 836 2406 perdidit,
851 2377 878 2400 et
897 2380 911 2399 a
927 2372 978 2400 ﬁde

188 2416 304 2444 abduxit.
321 2417 376 2445 liae
395 2417 429 2445 de
451 2426 481 2445 re
501 2417 560 2445 illos
583 2418 681 2446 Paulus
704 2426 831 2446 accusans
852 2418 976 2446 dicebat:

188 2461 336 2497 Ignorantes
357 2462 405 2490 Dei
423 2464 550 2498 justitiam
569 2468 592 2490 et
613 2472 685 2491 suam
703 2469 838 2498 quwrenles
858 2468 976 2498 statuere,

187 2509 289 2541 iustitia:
302 2508 350 2536 Dei
362 2518 413 2536 non
426 2514 482 2536 sunt
495 2510 599 2542 subiecti
612 2510 699 2545 (Rom.
713 2511 755 2538 10.
771 2510 809 2546 5).
823 2511 856 2538 Et
868 2518 976 2538 rursus:

188 2554 253 2586 Quid
273 2563 333 2590 ergo
351 2555 484 2582 dicemus?
499 2555 572 2588 Quod
592 2561 676 2590 gentes
688 2564 744 2591 qua!
756 2564 806 2582 non
819 2557 978 2583 sectabantur

187 2600 317 2632 iustitiam,
337 2601 557 2635 apprehenderunt
569 2602 694 2636 justitiam
713 2609 723 2628 :
743 2601 826 2629 Israel
840 2607 925 2629 autem.
938 2611 978 2629 se-

187 2645 276 2672 ctanda
296 2645 377 2681 legem
394 2646 510 2680 jttstiticc,
533 2647 559 2672 in
583 2647 661 2681 legem
669 2647 779 2681 justitite
792 2655 842 2673 mm
855 2648 975 2680 pervenit.

188 2691 287 2723 Quare?
303 2692 371 2725 Quia
386 2700 437 2718 non
449 2700 480 2718 ea:
494 2693 553 2726 lida,
567 2694 610 2719 sed
625 2693 697 2727 quasi
712 2701 743 2719 ea:
760 2693 875 2728 operibus
888 2692 976 2728 (Ibid.

186 2737 210 2764 9.
224 2737 308 2765 30-52
321 2738 342 2771 ).
356 2737 426 2771 Quia
439 2738 517 2772 igitur
532 2738 588 2765 lucc
600 2746 678 2766 causa
692 2739 821 2766 malorum
843 2743 910 2772 erat,
927 2739 975 2766 ad-

185 2785 255 2812 venit
274 2785 405 2819 Joaunes,
430 2785 497 2812 nihil
518 2786 588 2812 aliud
612 2793 706 2820 agens,
728 2793 806 2820 quam
828 2790 857 2812 ut
871 2786 930 2813 illos
944 2786 977 2813 ad

184 2836 352 2865 peccatorum
366 2839 480 2858 suorum
493 2831 670 2866 cognitionem
686 2832 830 2860 deduceret
844 2840 850 2858 :
867 2831 892 2859 id
906 2832 977 2866 quod

183 2880 259 2907 etiam
274 2879 347 2907 illius
364 2879 472 2906 habitus
487 2878 652 2913 ostendebat,
669 2879 712 2914 qui
726 2879 816 2914 utiqttc
838 2879 870 2906 ad
891 2878 975 2913 paeni-

795 149 829 178 lN
846 147 1050 177 MATTHEUM
1069 148 1182 178 HOMIL.
1206 149 1240 178 Χ.

1782 153 1833 181 185

1046 204 1154 232 tentiam
1178 210 1205 232 et
1226 206 1420 234 confessionem
1442 207 1605 243 compositus
1628 212 1693 236 erat.
1711 209 1766 237 Hoc
1779 210 1834 244 ipsa

1043 257 1148 285 quoque
1173 252 1326 286 praedicatio
1349 253 1551 281 demonstravit.
1576 254 1645 281 Nihil
1667 256 1738 282 enim
1763 256 1833 283 aliud

1042 296 1156 329 diccbat,
1180 306 1270 332 quam,
1292 299 1319 326 8.
1341 299 1430 327 Facite
1452 301 1550 335 fructus
1573 301 1662 337 dignos
1684 303 1836 336 paenitentia:

1042 343 1117 378 (Luc.
1130 345 1158 372 ὅ.
1174 345 1212 380 8).
1227 345 1293 378 Quia
1310 345 1389 380 igitur
1399 347 1469 381 quod
1485 338 1592 381 peccata
1605 355 1653 375 sua
1667 356 1718 375 non
1732 349 1767 375 im
1774 356 1835 383 pro-

1041 389 1146 423 barent,
1160 395 1188 417 ut
1201 390 1298 418 Paulus
1312 392 1466 426 declaravit,
1487 393 1548 420 ideo
1569 401 1584 420 a
1604 393 1710 420 Christo
1728 394 1833 421 resilie-

1041 439 1103 462 ruut
1117 444 1125 463 :
1140 442 1247 470 peccata
1270 442 1358 464 autem
1384 438 1409 465 in
1426 444 1541 466 tuentem
1557 447 1692 471 revocare,
1709 440 1735 467 id
1752 440 1835 467 efﬁcit

1042 485 1070 508 ut
1081 482 1232 518 redemptor
1254 489 1398 518 quaeratur,
1419 490 1446 512 et
1464 486 1587 514 remissio
1600 485 1770 514 desideretur
1786 497 1791 514 :
1808 488 1834 514 id

1042 533 1237 563 praeparaturus
1258 530 1331 557 venit
1353 530 1479 565 Joannes,
1506 536 1533 559 ct
1553 531 1706 562 hortaturus
1727 533 1786 563 illos
1806 538 1835 560 ut

1042 574 1224 608 pmnitentiam
1238 581 1363 610 agerent:
1385 585 1438 604 non
1452 582 1480 604 ut
1493 578 1663 612 punirentur;
1681 578 1728 605 sed
1743 583 1771 605 ιιι
1787 587 1836 613 per

1042 620 1224 654 paenitentiam
1249 621 1404 650 humiliores
1428 623 1525 656 ell'ccti,
1551 631 1583 651 ac
1606 632 1666 652 sese
1693 625 1764 659 ipsos
1785 625 1835 651 da-

1041 670 1172 697 muantes,
1191 666 1224 693 ad
1237 667 1421 695 remissionem
1438 669 1631 703 impetrandam
1651 675 1834 697 occurrerent.

1041 710 1107 738 Vide
1128 711 1206 746 igitur
1227 720 1305 748 quam
1330 713 1388 741 htec
1409 714 1550 749 diligenter
1573 717 1744 750 expresserit.
1767 717 1834 743 Cum

1039 757 1241 791 dixissetcnim.
1263 759 1335 787 Venit
1353 761 1493 795 prwdictms
1514 763 1665 797 baptismum
1681 764 1835 798 paenitentiae

1039 804 1066 830 in
1080 804 1178 831 deserto
1192 804 1301 840 Judtm',
1318 806 1427 838 addidit,
1449 807 1482 834 In
1502 809 1671 836 remissionem
1686 809 1787 845 (Marc.
1806 812 1831 836 1.

1039 849 1077 886 4);
1093 858 1125 878 ac
1137 851 1159 878 si
1170 851 1272 879 diceret
1287 861 1292 878 :
1310 852 1370 880 Ideo
1391 853 1450 880 illos
1465 853 1586 881 hortatus
1613 858 1654 882 est
1675 860 1702 882 ut
1717 856 1830 882 conﬁtc-

1039 902 1132 924 rentur
1147 903 1173 924 et
1196 899 1378 932 pmnitentiam
1401 905 1519 934 agerent,
1538 908 1592 928 tton
1612 905 1640 927 ut
1660 901 1829 936 punirentur,

1038 943 1084 970 sed
1109 948 1137 970 tit
1159 943 1264 971 facilius
1287 950 1378 979 postea
1394 946 1580 973 remissionem
1600 947 1762 981 accipereut.
1777 947 1831 974 Nisi

1038 988 1110 1015 enim
1133 989 1238 1023 seipsos
1260 990 1442 1023 damnassent,
1467 991 1578 1026 gratiam
1601 1000 1654 1019 non
1681 993 1830 1027 petiissent,

1038 1041 1090 1060 non
1107 1040 1257 1069 quaerentes
1270 1043 1334 1063 vero
1343 1037 1467 1071 gratiam,
1482 1045 1570 1072 neque
1583 1038 1769 1067 remissionem
1787 1047 1832 1066 as-

1037 1080 1140 1114 sequuti
1155 1086 1254 1107 essent.
1268 1081 1359 1116 itaque
1373 1081 1423 1108 hoc
1436 1082 1567 1117 baptisma
1580 1083 1613 1110 ad
1629 1083 1694 1111 illud
1707 1084 1832 1119 viampa-

1037 1131 1077 1152 rat
1094 1135 1100 1151 :
1117 1126 1175 1154 ideo
1194 1127 1308 1160 dicebat,
1336 1127 1371 1155 Ut
1392 1128 1495 1164 credant
1516 1129 1544 1156 iu
1566 1137 1623 1156 eum
1637 1131 1680 1164 qui
1696 1131 1760 1157 venit
1776 1135 1832 1165 post

1036 1173 1119 1208 ipsum
1132 1174 1198 1209 (Act.
1215 1174 1258 1202 l9.
1273 1175 1316 1210 4);
1332 1180 1429 1210 prazter
1442 1183 1502 1204 eam
1523 1184 1602 1211 quam
1617 1176 1745 1209 diximus,
1763 1178 1832 1204 hanc

1035 1226 1143 1254 quoque
1165 1219 1244 1247 aliant
1266 1221 1433 1255 baptismatis
1454 1229 1562 1249 causam
1586 1223 1724 1257 adjicicns.
1740 1223 1831 1258 Neque

1036 1265 1106 1292 enim
1120 1266 1231 1300 perinde
1244 1266 1347 1299 fuisset,
1363 1268 1384 1294 si
1402 1267 1496 1294 domos
1509 1268 1696 1301 circuntiisset,
1713 1273 1740 1296 et
1752 1269 1830 1296 Chri-

1035 1314 1105 1337 stum
1127 1318 1207 1337 mauu
1229 1311 1389 1345 prehensum
1405 1312 1638 1346 circumduxissct,
1654 1313 1828 1348 dixissetque,

1024 1357 1064 1384 'lu
1080 1356 1150 1384 lutnc
1174 1357 1290 1391 credite;
1306 1363 1386 1392 atque
1408 1358 1531 1385 omnibus
1548 1358 1722 1393 prmsentibus
1743 1368 1775 1387 ac
1790 1360 1829 1387 vi-

1034 1403 1169 1437 dentibus,
1195 1403 1299 1431 beatam
1323 1404 1394 1431 illaut
1420 1405 1508 1432 cil'erri
1536 1413 1640 1438 vocem,
1669 1411 1749 1441 atque
1777 1407 1829 1434 alia

1034 1449 1123 1476 omnia
1139 1449 1239 1483 perﬁci.
1257 1449 1319 1477 ldeo
1333 1450 1404 1477 venit
1418 1451 1450 1477 ad
1466 1451 1607 1485 baptisma.
1623 1452 1689 1480 Nam
1700 1458 1726 1479 et
1741 1452 1827 1486 bapti-

1034 1494 1119 1521 zantis
1130 1494 1291 1522 existimatio
1305 1500 1333 1523 et
1347 1496 1384 1523 rei
1399 1496 1482 1530 ipsius
1496 1496 1624 1530 conditio,
1638 1497 1772 1527 civitatem
1789 1503 1828 1525 to-

1035 1544 1087 1566 tam
1102 1540 1262 1575 attraltebat,
1284 1545 1311 1568 et
1330 1541 1363 1568 ad
1376 1541 1519 1570 Jortlanem
1535 1543 1672 1575 evocabat,
1686 1551 1827 1579 maguum-

1033 1593 1085 1620 que
1109 1585 1160 1612 l‘uit
1187 1585 1330 1613 theatrum.
1357 1587 1472 1622 ideoque
1503 1596 1549 1615 eos
1576 1589 1621 1624 qui
1651 1589 1826 1622 advenerant,

1033 1631 1164 1666 reprimit,
1194 1633 1341 1668 suadetque
1367 1642 1402 1661 ne
1427 1642 1552 1670 maguum
1579 1635 1714 1670 quidpiam
1740 1636 1775 1664 de
1797 1645 1827 1664 se

1033 1679 1287 1712 comminiscuntur,
1313 1680 1458 1708 ostendens
1485 1689 1532 1708 eos
1560 1686 1740 1709 extremorum
1766 1691 1826 1711 rccs

1032 1724 1174 1757 malorum,
1190 1724 1239 1751 nisi
1254 1725 1437 1759 pceuiteutiam
1451 1727 1563 1761 egerint,
1580 1727 1722 1762 missisque
1740 1729 1826 1762 majo-

1032 1770 1105 1797 ribus
1124 1770 1189 1803 suis,
1211 1770 1373 1805 depulsaque
1394 1772 1450 1804 illa,
1464 1780 1543 1807 quam
1562 1772 1623 1800 inde
1636 1779 1824 1808 conceperant,

1031 1815 1168 1850 iactantia,
1182 1824 1241 1843 eutn
1258 1818 1300 1851 qui
1315 1817 1468 1851 advenerat,
1484 1819 1643 1853 receperint.
1661 1819 1764 1846 Etenim
1778 1819 1826 1846 0b-

1031 1866 1135 1888 scurata
1156 1862 1260 1889 fuerant
1284 1862 1388 1889 interim
1403 1871 1435 1891 ea
1455 1871 1514 1898 quze
1528 1864 1560 1891 ad
1575 1864 1708 1892 Christum
1722 1870 1826 1899 specta»

1031 1906 1104 1940 bant,
1128 1912 1154 1934 ct
1175 1907 1245 1941 apud
1269 1908 1367 1935 multos
1389 1909 1519 1936 exstincta
1542 1909 1699 1937 videbantur
1716 1918 1776 1938 esse
1790 1911 1825 1938 ob

1030 1953 1130 1980 caedem
1146 1953 1172 1980 in
1186 1954 1341 1981 Bethlehem
1356 1960 1543 1990 perpetratum.
1560 1956 1668 1983 Etiamsi
1682 1957 1751 1984 enim
1764 1966 1824 1984 cum

1031 1999 1171 2026 duodecim
1187 2007 1316 2027 annorum
1330 2004 1401 2028 esset
1422 2008 1482 2028 sese
1497 2001 1657 2034 exhibuerit,
1681 2007 1708 2031 at
1730 2003 1783 2029 cito
1799 2004 1824 2029 iu

1031 2045 1147 2079 priorctn
1162 2052 1221 2072 sese
1236 2046 1424 2073 obscuritatem
1436 2046 1546 2075 deduxit
1559 2056 1565 2074 :
1582 2048 1694 2082 ideoque
1708 2049 1825 2083 splendi-

1030 2093 1071 2120 dis
1094 2092 1211 2120 cxordiis
1235 2098 1262 2120 et
1283 2093 1439 2121 sublimiore
1460 2094 1591 2129 principio
1614 2102 1680 2129 opus
1699 2095 1823 2122 habebat.

1031 2140 1172 2175 Propterea
1188 2145 1249 2167 tunc
1265 2141 1379 2175 primum
1394 2148 1435 2172 ea,
1452 2148 1511 2175 quae
1529 2148 1671 2175 numquam
1685 2141 1825 2168 audierant

1030 2187 1125 2220 Judazi,
1140 2187 1181 2214 vel
1196 2194 1210 2214 a
1230 2187 1377 2222 prophetis,
1394 2188 1435 2214 vel
1450 2187 1483 2214 ab
1498 2187 1558 2214 aliis
1577 2187 1747 2222 quibuslibet,
1765 2188 1822 2220 illa,

1031 2233 1150 2267 inquam,
1175 2233 1319 2267 conspicua
1340 2240 1406 2260 voce
1429 2232 1565 2267 praedicat,
1586 2233 1666 2260 caelos
1677 2237 1823 2267 ctregnuut

1030 2279 1157 2305 caalorum
1177 2285 1403 2311 commentoraus,
1428 2278 1545 2312 nihilque
1560 2277 1593 2305 de
1613 2281 1682 2306 terra
1699 2279 1821 2313 loquens.

1031 2323 1152 2358 llegnum
1167 2327 1255 2350 autent
1280 2323 1323 2350 hic
1337 2323 1401 2350 dicit
1414 2323 1556 2350 adventum
1572 2322 1638 2357 ejus,
1654 2327 1680 2350 et
1696 2324 1822 2358 priorem,

1031 2374 1057 2396 ct
1073 2370 1259 2404 posteriorem.
1282 2369 1314 2395 Et
1327 2369 1389 2403 quid
1405 2369 1454 2395 hoc
1468 2369 1501 2395 ad
1516 2368 1631 2400 .Iudzcos,
1648 2369 1762 2403 inquies,
1779 2370 1824 2404 qui

1030 2414 1186 2442 nesciebant
1200 2414 1261 2449 quid
1275 2414 1394 2442 diceret?
1408 2414 1470 2441 ideo
1482 2415 1521 2442 sic
1535 2414 1640 2449 loquor.
1657 2415 1758 2450 inquiet
1769 2416 1822 2448 illc,

1031 2465 1060 2488 ut
1072 2460 1203 2487 dictorum
1219 2460 1381 2488 obscuritate
1404 2461 1521 2493 excitati,
1545 2461 1652 2488 veniant
1668 2461 1699 2488 ad
1717 2463 1824 2496 perqui-

1031 2506 1143 2533 rendum
1167 2506 1241 2533 illutn
1263 2506 1306 2540 qui
1323 2505 1498 2540 prmdicatur;
1521 2506 1556 2532 ita
1570 2510 1599 2533 ut
1612 2511 1638 2533 et
1650 2507 1782 2541 publicani
1797 2512 1825 2535 et

1031 2553 1129 2580 milites
1143 2553 1316 2587 interrogent,
1330 2552 1391 2586 quid
1412 2551 1574 2583 iaciendum,
1594 2556 1621 2579 et
1634 2552 1768 2586 quomodo
1783 2552 1825 2578 in-

1030 2598 1164 2625 stituenda
1187 2598 1239 2624 vita
1262 2598 1296 2624 sit
1312 2608 1318 2624 :
1332 2597 1402 2632 quod
1423 2597 1527 2632 signum
1550 2602 1607 2625 erat
1631 2598 1713 2632 ipsos,
1735 2598 1824 2625 missis

1030 2645 1202 2672 stccularibus
1224 2644 1314 2676 rebus,
1330 2644 1381 2670 alia
1396 2644 1498 2679 majora
1518 2645 1662 2679 respicere,
1686 2649 1713 2671 et
1735 2643 1823 2671 futura

1029 2691 1105 2726 quasi
1127 2698 1173 2725 per
1194 2691 1326 2718 somnium
1349 2690 1497 2725 imaginari.
1520 2691 1626 2718 Etenim
1645 2696 1740 2719 cuncta
1763 2699 1822 2726 quae

1030 2737 1156 2764 videbant
1179 2741 1205 2764 et
1219 2736 1371 2770 audiebant,
1388 2736 1420 2763 ad
1439 2736 1591 2764 sublimium
1610 2745 1699 2764 rerum
1714 2745 1822 2765 sensum

1031 2783 1167 2818 crigcbaut
1181 2783 1250 2809 illos.

1066 2831 1092 2858 5.
1111 2830 1223 2857 Joannes
1239 2829 1355 2864 Baptista
1374 2837 1388 2856 e
1405 2830 1502 2857 deserto
1515 2830 1644 2865 egrediens
1658 2837 1734 2864 quam
1748 2837 1823 2856 vene-

1032 2880 1136 2906 randus.
1160 2877 1245 2912 Ipsius
1268 2885 1324 2904 cum
1347 2876 1417 2904 Isaia
1436 2878 1575 2904 consensio.
1591 2892 1625 2897 —
1640 2877 1731 2911 Cogita
1746 2876 1822 2911 igitur
