2073 3127
236 179 287 206 987

235 241 362 270 quantum
378 235 403 263 id
416 240 487 263 esset
502 235 637 263 hominem
647 234 739 262 videre
751 238 812 270 post
820 239 906 260 annos
919 230 1026 266 triginta

235 290 266 310 ex
281 282 387 310 deserto
408 282 570 314 venientem,
594 281 720 317 principis
737 279 905 308 sacerdotum
927 277 1026 308 lilium,

235 328 278 362 qui
304 327 376 355 nulla
399 335 523 362 umquam
545 334 634 355 rerum
658 332 824 354 terrenarum
852 328 977 358 eguerat;
1002 326 1029 350 et

234 376 307 402 omni
321 382 355 401 ex
372 378 446 409 parte
464 372 654 404 venerandum,
678 372 723 407 qui
736 371 829 398 Isaiam
843 377 933 397 secum
949 367 1029 395 habe-

235 420 290 447 hat.
304 419 403 447 Aderat
415 419 513 454 quippe
531 419 581 453 ipsi
604 418 751 453 prmdicans
764 422 791 444 et
803 415 894 443 dicens
911 424 916 441 :
930 414 976 441 llic
989 417 1030 440 est

236 473 316 501 quem
328 465 504 493 adventuram
518 472 578 493 esse
590 464 700 499 priedixi
713 464 884 493 clamantem,
905 466 933 488 et
944 461 971 487 in
983 459 1031 487 de-

234 516 308 540 serto
322 511 393 539 clam
407 518 473 539 voce
487 511 576 538 omnia
597 509 797 546 prtedicantein.
823 507 937 535 Tantum
958 506 1030 533 enim

237 562 295 587 I'rat
314 557 503 594 prophetarum
527 556 598 584 circa
620 564 664 583 res
684 555 748 582 istas
773 554 900 585 studium,
927 557 956 579 ut
977 559 1030 579 non

237 604 317 632 modo
333 604 473 631 Dominum
488 611 578 637 suum,
602 602 649 630 sed
663 602 744 629 etiam
767 607 828 628 eum
847 599 891 634 qni
910 598 960 633 ipsi
981 598 1032 625 mi-

240 651 400 678 nistraturus
424 655 491 682 erat,
514 654 577 677 ante
601 649 714 676 multum
732 646 860 682 temporis
872 645 1032 680 praenuntia-

240 702 302 725 rent
316 706 323 723 :
338 704 387 724 nec
402 696 475 723 illuni
494 695 584 728 modo,
595 694 643 723 sed
655 694 734 722 etiam
746 694 832 732 locum
846 691 1031 728 praidicerent,

239 743 264 769 in
280 749 333 777 quo
344 746 499 769 versaturus
509 746 580 774 erat,
592 748 697 768 necnon
715 739 911 776 praedicationis
924 737 1033 765 modum

236 795 291 821 quo
303 787 336 814 ad
350 786 500 814 docendum
523 794 618 814 usurus
637 790 706 820 erat,
729 791 756 814 et
776 793 855 821 quam
875 784 1031 820 prmclarum

238 832 301 861 hinc
313 840 380 868 opus
403 839 571 859 emersurum
591 836 673 859 esset.
696 830 763 858 Vide
774 838 838 866 ergo
851 829 986 865 quomodo
999 829 1032 856 ad

239 879 363 906 eumdem
385 886 492 907 senSnm
517 879 597 907 ambo
618 878 758 914 prodeant,
774 878 836 905 licet
858 884 910 905 non
937 875 1032 904 iisdem

239 925 329 953 verbis
343 929 461 958 utantur,
476 924 607 960 propheta
620 932 715 959 nempe
729 929 809 959 atque
820 923 950 958 Baptista.
965 922 1033 950 Pro—

239 972 318 1007 pheta
344 979 458 1007 namque
482 972 568 1006 ipsum
591 970 743 999 adfuturum
769 977 830 998 esse
854 970 974 1005 pnedieit
992 969 1034 997 his

240 1018 328 1046 verbis
346 1024 354 1045 :
375 1019 401 1047 5.
431 1017 523 1045 Parate
536 1018 603 1044 viam
614 1016 727 1049 Domini,
748 1021 830 1044 recta;
840 1017 914 1052 facile
932 1017 1035 1043 semitas

239 1064 295 1097 eius
307 1063 383 1099 (ικαὶ.
393 1064 438 1092 40.
448 1064 486 1098 5).
498 1063 543 1091 llle
558 1071 622 1090 vero
633 1068 771 1098 postquam
787 1062 903 1092 advenit.
912 1062 1034 1090 dicebat:

241 1108 331 1136 Facite
344 1110 441 1144 {ructus
454 1109 544 1144 dignos
557 1109 709 1143 pwnitentiw
721 1108 835 1144 (Matth.
851 1109 877 1137 ὅ.
892 1108 927 1143 8)
942 1116 949 1135 :
963 1107 1034 1143 quod

242 1154 312 1183 idem
326 1155 458 1190 significat
471 1160 552 1189 atque
565 1154 640 1187 illud,
661 1153 756 1181 Parate
773 1154 839 1181 aiant
859 1153 973 1181 Domini.
992 1153 1036 1180 Vi-

240 1201 302 1229 den‘
323 1206 351 1229 et
368 1209 416 1236 per
434 1209 466 1229 ea
487 1209 547 1236 qua:
570 1200 700 1236 propheta
717 1200 802 1234 dixit,
822 1205 860 1227 et-
872 1207 919 1235 per
933 1207 963 1227 ea
977 1207 1036 1235 quin

241 1248 299 1282 ipse
317 1246 481 1282 pricdicavit,
505 1254 586 1274 unum
601 1245 756 1281 signiﬁcari,
775 1245 863 1280 ipsum
880 1246 992 1278 scilicet,
1009 1249 1037 1272 et

243 1298 272 1321 ut
295 1293 412 1329 praeiret,
436 1298 463 1320 et
490 1297 518 1319 ut
539 1292 608 1319 riam
632 1297 748 1327 pararet,
767 1291 918 1324 advenisse,
942 1298 994 1318 non
1010 1296 1038 1318 ut

240 1341 342 1368 donum
355 1340 509 1375 largiretur.
523 1339 627 1367 scilicet
640 1338 837 1371 remissionem,
860 1337 908 1366 sed
923 1342 952 1365 ut
967 1345 1037 1373 prie-

242 1391 350 1422 pararet
364 1387 467 1414 animas
480 1393 584 1418 eorum,
600 1385 646 1420 qui
660 1385 846 1412 universorum
864 1385 947 1413 Deum
961 1392 1035 1412 rece-

245 1433 314 1466 pturi
338 1432 435 1459 erant?
455 1432 540 1458 Lucas
559 1438 623 1458 vero
644 1431 758 1465 amplius
773 1430 836 1465 quid
850 1431 965 1466 adjecit;
988 1439 1039 1458 nec

242 1478 309 1504 satis
325 1477 417 1504 habuit
430 1476 588 1511 principium
602 1475 740 1503 dumtaxat
752 1476 858 1509 afferre,
887 1476 934 1504 sed
954 1481 1037 1504 totam

242 1524 320 1551 alfcrt
332 1523 518 1559 prophetiam;
536 1530 596 1550 nam
612 1523 649 1550 ait
665 1532 672 1550 :
688 1522 777 1551 Omnis
791 1523 866 1551 uallis
882 1523 1037 1559 iniplebitur,

241 1574 265 1596 et
279 1570 359 1597 omnia
374 1577 446 1597 mons
460 1574 486 1597 et
501 1569 573 1596 collis
589 1568 762 1596 ltumiliabitur
778 1576 787 1596 :
800 1574 823 1596 et
836 1574 908 1596 erunt
921 1577 1000 1605 prava
1012 1570 1039 1596 in

243 1615 348 1648 directa,
370 1619 393 1641 et
412 1622 503 1649 aspera
517 1614 544 1641 in
556 1614 609 1641 uias
624 1614 714 1649 planas
725 1622 734 1641 :
744 1619 767 1641 et
778 1614 868 1641 uidebit
882 1615 966 1642 omnis
979 1623 1039 1641 caro

242 1661 353 1688 salutare
379 1660 428 1688 Dei
451 1660 527 1696 (Luc.
539 1660 566 1687 5.
591 1661 617 1688 5.
638 1659 664 1688 6.
687 1659 753 1687 lrai.
779 1660 825 1689 40.
841 1661 867 1688 4.
880 1661 920 1696 5).
945 1661 1039 1689 Viden'

243 1705 378 1742 quomodo
390 1706 446 1741 jam
461 1706 525 1733 olim
539 1706 669 1741 propheta
691 1706 780 1733 omnia
800 1706 876 1740 dixit,
903 1711 931 1734 et
949 1707 1039 1742 populi

243 1759 415 1784 concursum,
436 1757 464 1779 et
477 1759 566 1780 rerum
580 1752 607 1779 in
620 1751 717 1779 melius
732 1752 917 1786 mutationem,
932 1760 960 1781 et
972 1761 1040 1788 prte-

242 1798 384 1825 dicationis
405 1797 562 1825 facilitatem
578 1801 606 1825 et
626 1805 715 1825 rerum
731 1797 909 1833 gerendarum
920 1800 1039 1826 omnium

242 1851 361 1877 causam,
374 1844 424 1871 etsi
438 1844 521 1878 tropis
537 1844 594 1871 haec
607 1844 783 1878 resperserit?
792 1844 856 1871 Erat
865 1844 963 1880 quippe
975 1852 1039 1879 pro-

245 1890 335 1927 phetia
358 1890 517 1917 futurorum.
541 1889 610 1917 Cum
631 1890 703 1917 enim
717 1890 755 1917 ait
770 1899 778 1917 :
795 1889 883 1917 Omnis
895 1891 968 1918 vallis
988 1891 1038 1917 im-

243 1935 364 1977 plebitur,
382 1940 406 1963 et
424 1936 507 1963 omnis
521 1943 592 1963 mam
602 1940 625 1962 et
640 1936 713 1963 collis
726 1935 900 1963 humiliabitur
913 1944 922 1963 :
935 1941 957 1963 et
967 1942 1039 1963 erunt

243 1990 336 2017 aspera
349 1982 375 2008 in
385 1982 438 2008 eius
455 1981 548 2017 planas
564 1989 574 2009 :
590 1981 704 2009 humiles
724 1981 891 2016 exaltandos,
914 1987 941 2010 et
965 1991 1040 2010 arro-

242 2022 336 2062 gantes
348 2027 528 2056 humiliandos
539 2035 599 2056 esse
614 2029 789 2064 prmnuntiat,
813 2034 893 2064 atque
906 2029 973 2065 legis
986 2029 1039 2057 dif-

244 2074 391 2102 ticultatem
411 2074 436 2101 in
453 2074 514 2102 ﬁdei
530 2074 686 2102 facilitatem
709 2082 769 2103 esse
789 2075 954 2103 mutandam.
979 2076 1038 2104 Non

244 2120 324 2152 ultra,
339 2120 434 2155 inquit,
450 2120 561 2148 sudores
576 2125 603 2148 et
618 2121 742 2154 labores;
758 2122 805 2149 sed
824 2123 907 2157 gratia
922 2127 950 2151 et
963 2123 1038 2151 venia

242 2166 412 2197 delictorum.
435 2174 495 2201 qua:
514 2165 668 2194 facillimam
681 2167 714 2194 ad
727 2167 842 2195 salutem
860 2168 930 2195 viam
952 2174 1037 2203 paret.

244 2212 345 2240 Deinde
359 2213 454 2240 h0rum
469 2220 578 2241 causam
592 2214 703 2248 apponit
715 2213 808 2242 dicens
823 2223 830 2241 :
846 2213 944 2242 Videbit
957 2216 1039 2243 omnis

242 2266 304 2286 caro
318 2258 430 2286 salutare
446 2258 494 2286 Dei
515 2267 525 2286 :
547 2266 611 2293 non,
628 2264 656 2287 ut
669 2260 745 2294 olim,
771 2259 855 2288 Judaei
869 2265 896 2289 et
908 2261 1039 2297 proselyti

242 2310 368 2340 tantum,
389 2305 437 2334 sed
458 2310 485 2334 et
505 2306 594 2334 omnis
615 2314 679 2334 caro
700 2311 727 2334 et
748 2314 839 2340 mare,
863 2308 1039 2343 universaque

243 2351 382 2379 hominum
398 2357 503 2379 natura.
519 2352 572 2380 Per
584 2359 666 2387 prava
679 2353 750 2380 enim
763 2358 791 2380 et
806 2358 936 2387 tortuosa,
958 2355 1038 2382 vitam

241 2397 389 2431 quamlibet
401 2403 554 2433 corruptam
574 2397 751 2425 subindicavit
767 2408 773 2426 :
793 2399 958 2433 publicanos,
984 2400 1039 2428 for-

243 2443 388 2477 nicatores,
411 2444 541 2476 latrones,
564 2451 670 2479 magos,
691 2445 736 2479 qui
752 2452 812 2471 cum
832 2446 948 2480 perversi
966 2446 1039 2481 prius

243 2493 346 2522 essent,
362 2494 434 2517 recta
455 2489 553 2517 deinde
575 2490 618 2516 via
639 2496 827 2525 processerunt
844 2499 850 2517 :
866 2491 937 2526 quod
958 2492 1038 2519 etiam

244 2534 303 2570 ipse
315 2534 422 2562 dicebat
436 2542 443 2562 :
461 2533 599 2562 Publiceni
612 2540 634 2562 et
649 2541 789 2570 peccatores
805 2537 945 2572 precedent
960 2546 1002 2565 vos
1013 2539 1039 2566 in

242 2588 322 2616 regno
343 2580 391 2607 Dei
413 2579 530 2611 (Matth.
544 2581 590 2609 2|.
605 2580 673 2616 51),
701 2582 763 2617 quia
788 2583 968 2611 crediderunt.
987 2583 1039 2611 ldi-

244 2634 322 2662 psum
345 2626 406 2654 aliis
426 2626 515 2654 verbis
534 2627 574 2654 sic
596 2626 722 2654 indicavit
734 2627 862 2662 propheta
879 2637 886 2656 :
901 2628 971 2656 Tunc
984 2630 1039 2664 lupi

243 2676 268 2698 et
281 2670 344 2707 agni
357 2671 434 2698 simul
450 2676 585 2706 pascentur
599 2671 676 2706 (ltai.
689 2672 734 2700 65.
750 2673 807 2709 25).
823 2674 899 2701 Sicut
912 2675 984 2702 enim
1001 2675 1037 2702 ibi

242 2725 292 2753 per
303 2718 387 2746 colles
402 2723 429 2746 et
442 2718 524 2746 valles
546 2720 754 2755 inaequalitatem
775 2729 879 2749 morum
903 2722 929 2750 in
956 2731 1036 2752 unam

243 2764 420 2800 philosophia:
438 2765 617 2800 aequalitatem
641 2767 808 2795 commisceri
831 2768 897 2796 dixit
921 2778 928 2796 :
954 2769 989 2797 ita
1010 2775 1038 2798 et

244 2810 288 2838 hic
302 2817 423 2846 quoque,
446 2818 494 2846 per
514 2811 652 2839 brutorum
666 2812 797 2840 diversam
812 2818 934 2842 naturam
948 2816 1038 2844 varios

242 2856 381 2890 hominum
403 2865 491 2886 mores
506 2857 638 2892 indicans,
660 2867 766 2887 rursum
784 2867 831 2887 eos
844 2860 869 2886 in
886 2869 965 2888 ununi
978 2862 1036 2896 pie-

245 2904 309 2937 tatis
317 2910 476 2938 concentum
487 2905 560 2942 jungi
575 2905 720 2936 declaravit
735 2915 741 2933 :
756 2911 782 2934 ct
796 2906 838 2934 hic
849 2914 955 2935 rursum
971 2914 1033 2935 cau-

570 177 599 205 S.
620 176 759 205 JOANNIS
776 172 1013 204 CllltYSOSTOMl
1032 171 1181 201 ARClllEP
1210 170 1476 201 CONSTANTINOP.

1822 175 1873 203 188

1080 238 1137 258 sam
1150 230 1278 266 adjiciens
1300 231 1337 259 ait
1354 240 1361 258 :
1379 231 1436 259 Erit
1448 232 1492 267 qui
1503 236 1637 267 consurget
1651 231 1778 267 imperare
1792 236 1876 267 genti-

1081 277 1137 310 bus,
1153 281 1177 304 et
1190 277 1216 304 in
1234 277 1317 312 ipsum
1331 282 1415 314 gentes
1429 276 1564 312 sperabunt
1578 277 1654 313 (luti.
1668 277 1710 305 11.
1728 277 1773 314 10)
1798 277 1876 312 Quod

1081 323 1169 358 ipsum
1183 323 1217 351 ibi
1235 331 1340 359 quoque
1358 324 1425 351 dixit
1441 333 1448 351 :
1465 323 1562 351 Videbit
1584 324 1665 350 omnis
1685 332 1746 350 caro
1766 324 1877 351 salutare

1082 369 1130 396 Dei
1153 377 1163 396 :
1183 369 1282 405 ubique
1305 369 1449 397 ostendens
1472 369 1675 404 evangeliorum
1694 369 1819 397 virtutem
1841 377 1873 397 ac

1083 415 1203 442 notitiam
1218 416 1252 443 ad
1267 423 1351 451 usque
1362 415 1428 443 lines
1441 419 1518 442 terrae
1527 414 1725 442 dill'undendam
1736 423 1805 448 esse,
1817 424 1878 450 qua:

1082 468 1097 488 a
1113 461 1204 489 ferinis
1219 461 1336 489 moribus
1346 461 1495 496 animisque
1507 461 1619 495 asperis,
1630 461 1658 489 in
1671 466 1838 488 mansuetam
1850 465 1879 488 et

1083 508 1174 536 mitem
1186 508 1301 535 indolem
1315 514 1398 543 genus
1412 507 1550 535 hominum
1566 508 1763 535 transmutabit.
1782 508 1811 535 ι.
1825 507 1877 534 Hie

1083 558 1168 580 autem
1184 552 1297 581 Joannes
1318 553 1424 581 habebat
1438 554 1611 581 vestimentum
1623 562 1696 581 suum
1709 554 1740 582 de
1753 554 1812 588 pilis
1828 562 1875 581 ca-

1084 600 1152 633 meli,
1168 605 1191 627 et
1204 608 1294 627 zonam
1307 600 1439 635 pelliceam
1450 601 1518 627 circa
1528 600 1624 627 lumbos
1637 609 1706 628 suos.
1721 600 1815 628 Vidcn'
1827 601 1878 628 alia

1085 645 1229 680 prophetas
1254 646 1428 681 prmdixisse,
1464 645 1515 672 alia
1541 646 1712 681 evangelistis
1738 646 1879 680 reliquisse

1085 691 1234 719 narranda?
1247 692 1414 727 Quapropter
1426 691 1566 719 Mattlimus
1579 696 1606 719 et
1621 691 1773 726 proplielias
1785 691 1878 725 all‘ert,

1086 743 1112 766 et
1130 746 1178 766 sua
1202 738 1294 772 adjicit
1309 747 1316 766 :
1331 746 1419 774 neque
1431 744 1507 766 extra
1521 746 1577 767 rem
1590 739 1694 775 putavit
1706 739 1740 767 de
1750 739 1816 774 justi
1831 747 1873 767 ve-

1086 784 1172 812 stibus
1194 785 1277 820 loqui.

1122 830 1149 858 4.
1168 829 1277 858 Joannis
1291 829 1413 866 Baptism
1426 830 1524 857 vivendi
1537 838 1626 866 genus.
1641 845 1677 851 --
1699 830 1764 858 Erat
1782 830 1881 866 quippe

1086 884 1130 905 res
1144 876 1211 904 mira
1231 880 1258 903 et
1271 876 1403 911 stupenda
1421 877 1447 904 in
1464 876 1580 904 humano
1594 884 1707 912 corpore
1720 882 1821 904 tantam
1840 877 1880 904 vi-

1085 922 1151 951 dere
1172 921 1339 951 tolerantiam
1356 930 1362 949 :
1380 923 1450 958 quod
1471 928 1546 950 certe
1568 922 1676 950 Judaeos
1696 922 1781 958 magis
1798 927 1880 950 attra-

1087 968 1177 1002 hebat,
1204 969 1248 1005 qui
1271 975 1396 1005 magmim
1419 968 1505 996 Eliam
1520 969 1546 996 in
1567 969 1625 1003 ipso
1642 969 1830 1004 respiciebant,
1854 973 1882 996 et

1087 1022 1120 1043 ex
1143 1016 1176 1043 iis
1197 1023 1257 1051 quae
1273 1020 1337 1044 tunc
1357 1015 1527 1047 videbantur,
1547 1015 1617 1043 beati
1631 1015 1702 1043 illius
1715 1016 1765 1043 viri
1781 1023 1882 1043 memo-

1087 1061 1154 1089 riam
1178 1061 1358 1094 revocabant;
1375 1062 1429 1090 iino
1447 1062 1473 1089 in
1494 1062 1622 1097 majorem
1646 1062 1818 1096 rapiebantur
1835 1062 1883 1089 ad-

1088 1107 1267 1135 mirationem.
1292 1107 1339 1135 llle
1363 1115 1479 1143 namque
1499 1109 1523 1134 in
1544 1108 1653 1135 urbibus
1676 1107 1745 1134 etin
1759 1107 1883 1135 domibus

1088 1153 1217 1185 alebatur,
1241 1152 1284 1180 hic
1305 1157 1393 1180 autem
1409 1153 1443 1180 ab
1465 1154 1631 1180 incunabulis
1646 1156 1702 1181 toto
1723 1158 1842 1188 tempore
1855 1153 1882 1180 in

1088 1197 1196 1226 deserto
1218 1203 1341 1227 versatus
1363 1205 1414 1227 est.
1440 1199 1586 1234 Oportebat
1600 1201 1672 1227 enim
1689 1206 1883 1235 praecursorem

1090 1244 1170 1277 illius,
1186 1244 1231 1280 qui
1244 1250 1334 1273 vetera
1346 1246 1435 1272 omnia
1450 1245 1585 1273 soluturus
1603 1250 1670 1280 erat,
1694 1254 1789 1280 nempe
1808 1245 1882 1273 laboo

1090 1298 1157 1323 rem,
1173 1290 1399 1324 maledictionem,
1420 1291 1539 1319 dolorem
1554 1297 1635 1327 atque
1648 1292 1783 1323 sudorem,
1807 1300 1882 1326 qua:-

1090 1336 1151 1364 dam
1174 1336 1274 1365 habere
1294 1337 1414 1374 symbola
1428 1337 1612 1372 hujuscemodi
1631 1338 1706 1370 doni,
1729 1343 1756 1366 et
1773 1338 1885 1366 damna-

1090 1382 1164 1409 tione
1176 1381 1220 1411 illa
1235 1384 1401 1418 superiorem
1415 1391 1485 1412 esse.
1510 1383 1600 1419 Itaque
1614 1392 1663 1412 nec
1677 1389 1775 1411 terram
1788 1385 1882 1416 aravit,

1091 1436 1178 1463 neque
1192 1428 1281 1456 sulcos
1294 1428 1441 1462 dissecuit,
1466 1438 1518 1457 non
1535 1431 1560 1458 in
1575 1430 1672 1458 sudore
1686 1431 1773 1458 vultus
1788 1439 1882 1466 panem

1091 1474 1225 1508 cinniedit,
1246 1475 1293 1502 sed
1313 1475 1390 1503 facile
1412 1477 1538 1511 parabilis
1557 1482 1616 1504 erat
1637 1485 1729 1505 mensa
1753 1478 1827 1513 ejus,
1856 1483 1884 1505 et

1092 1527 1184 1549 mensa
1198 1520 1300 1548 facilior
1321 1522 1444 1555 amictus,
1466 1527 1494 1549 et
1507 1522 1689 1550 habitaculum
1702 1523 1806 1551 facilius
1814 1524 1883 1550 ami-

1091 1571 1146 1594 ctu.
1172 1566 1264 1603 Neque
1283 1568 1354 1595 enim
1379 1572 1461 1601 tecto,
1486 1568 1528 1596 vel
1549 1569 1629 1602 lecto,
1645 1570 1686 1597 vel
1710 1577 1812 1602 mensa,
1841 1569 1884 1596 vel

1091 1612 1181 1648 aliquo
1195 1612 1275 1640 simili
1289 1620 1357 1648 opus
1371 1613 1482 1646 habuit;
1507 1613 1554 1641 sed
1574 1614 1722 1649 angelicam
1742 1614 1885 1649 quamdam

1091 1658 1173 1685 vitam
1189 1658 1215 1685 in
1229 1658 1279 1686 hac
1293 1666 1376 1686 carne
1388 1659 1521 1687 exhibuit.
1532 1659 1594 1687 ldco
1607 1665 1791 1687 vestnnenium
1803 1660 1885 1694 ipsius

1092 1711 1126 1731 ex
1148 1704 1208 1739 pilis
1221 1705 1385 1732 camelorum
1396 1705 1585 1733 concinnatum
1615 1710 1683 1738 erat,
1704 1710 1735 1733 ut
1748 1713 1780 1733 ex
1794 1705 1885 1733 habitu

1092 1759 1143 1779 nos
1166 1752 1330 1782 institueret.
1346 1757 1376 1779 ut
1389 1752 1425 1780 ab
1436 1752 1561 1780 humanis
1579 1751 1784 1784 absisteremus,
1800 1760 1831 1779 ac
1846 1753 1884 1780 ni-

1093 1798 1130 1825 hil
1142 1805 1203 1825 cum
1217 1802 1287 1826 terra
1300 1806 1443 1827 commune
1454 1799 1630 1833 haberemus;
1640 1800 1687 1827 sed
1700 1800 1733 1827 ad
1747 1800 1885 1835 pristinam

1093 1842 1259 1872 nobilitatem
1282 1849 1495 1879 reverteremur,
1519 1845 1545 1872 in
1570 1853 1621 1881 qua
1646 1845 1761 1881 degebat
1783 1846 1884 1878 Adam,

1092 1894 1234 1925 antequam
1248 1891 1417 1918 vestimentis
1430 1895 1457 1918 et
1472 1891 1572 1918 amictu
1585 1896 1687 1927 egeret.
1711 1891 1756 1919 Sic
1770 1897 1797 1920 et
1811 1892 1885 1927 regni

1091 1942 1119 1963 et
1134 1936 1300 1971 paenitentia:
1317 1937 1401 1964 vestis
1428 1936 1580 1971 hujusmodi
1605 1938 1755 1973 symbolum
1778 1945 1834 1973 pne
1856 1945 1886 1965 se

1092 1982 1205 2010 ferebat.
1231 1982 1286 2010 Nec
1306 1983 1370 2010 mihi
1392 1983 1485 2010 dicas:
1501 1982 1580 2011 Unde
1591 1983 1628 2011 illi
1643 1984 1749 2011 cilicina
1760 1984 1840 2011 vestis
1859 1988 1886 2011 et

1091 2037 1171 2063 zona,
1193 2029 1219 2056 in
1234 2029 1342 2057 deserto
1358 2029 1507 2056 habitanti?
1529 2029 1597 2057 Nam
1619 2030 1642 2057 si
1664 2037 1694 2057 ea
1717 2029 1751 2057 de
1772 2038 1802 2057 re
1812 2038 1884 2065 qua:-

1092 2076 1207 2104 stionetn
1221 2084 1341 2109 moveas,
1357 2077 1407 2103 alia
1422 2084 1528 2111 quoque
1541 2077 1622 2104 multa
1636 2084 1757 2112 qumrere
1771 2077 1884 2111 poteris:

1091 2123 1226 2158 quomodo
1240 2123 1267 2150 in
1286 2122 1385 2155 hieme,
1408 2123 1542 2158 quomodo
1565 2123 1590 2150 in
1608 2128 1674 2151 aestu
1693 2124 1718 2150 in
1743 2124 1886 2152 solitudine

1091 2169 1260 2203 versabatur,
1275 2169 1393 2197 maxime
1409 2171 1435 2195 in
1450 2173 1542 2196 tenero
1566 2177 1678 2204 corpore
1695 2174 1723 2198 et
1744 2170 1885 2197 immatura

1092 2219 1171 2243 :ctate
1194 2224 1202 2243 :
1226 2215 1360 2250 quomodo
1382 2215 1466 2250 potuit
1487 2215 1595 2250 puerilis
1607 2215 1696 2243 carnis
1719 2220 1812 2243 natura
1827 2224 1886 2244 ver-

1092 2261 1146 2289 sari
1168 2262 1194 2289 in
1215 2266 1288 2289 tanta
1312 2262 1384 2289 aeris
1399 2262 1579 2296 intequalitate
1590 2283 1596 2294 ,
1612 2270 1673 2290 cum
1691 2267 1743 2290 tam
1757 2263 1886 2299 singulari

1092 2315 1195 2340 mensa,
1219 2312 1247 2334 et
1264 2307 1370 2334 caneris
1392 2312 1476 2335 vasta:
1500 2308 1653 2336 solitudinis
1676 2309 1805 2337 miseriis.
1835 2309 1885 2338 Ubi

1093 2361 1163 2381 nunc
1177 2357 1240 2381 sunt
1254 2353 1409 2381 Griccorum
1426 2354 1588 2390 philosophi,
1613 2356 1657 2391 qui
1683 2355 1782 2384 frustra
1807 2357 1887 2393 Cyni-

1092 2407 1150 2427 cam
1167 2399 1358 2435 iiiipudentiam
1374 2401 1468 2428 sectati
1483 2401 1566 2428 sunt?
1580 2401 1654 2436 (quid
1666 2403 1737 2429 enim
1747 2410 1815 2437 opus
1830 2408 1888 2430 erat

1093 2454 1155 2474 sese
1171 2447 1197 2474 in
1213 2447 1285 2474 dolio
1305 2447 1455 2480 includere,
1468 2453 1495 2476 et
1514 2448 1559 2476 tali
1572 2448 1669 2477 deinde
1684 2449 1790 2477 lascivia
1808 2450 1865 2477 uti?
1879 2451 1886 2485 )

1091 2493 1138 2529 qui
1159 2493 1276 2525 annulis.
1304 2494 1410 2529 phialis,
1445 2495 1565 2528 famulis,
1591 2496 1708 2529 ancillis,
1733 2502 1760 2524 et
1783 2497 1886 2532 reliqua

1092 2548 1188 2575 pompa
1210 2540 1334 2568 instructi
1358 2546 1452 2574 erant,
1476 2546 1504 2569 et
1526 2542 1552 2570 in
1574 2547 1719 2578 utrumque
1745 2551 1884 2572 excessum

1092 2586 1208 2621 prolapsi
1227 2586 1311 2613 sunt?
1323 2587 1358 2613 At
1372 2586 1416 2614 hic
1434 2587 1494 2615 talis
1509 2594 1562 2615 non
1578 2593 1652 2622 erat;
1677 2589 1724 2616 sed
1748 2589 1886 2618 desertum

1092 2632 1168 2667 quasi
1191 2632 1286 2659 czelum
1310 2632 1448 2666 habitavit,
1470 2639 1594 2661 accurate
1608 2634 1807 2669 philosophiam
1829 2644 1887 2662 oin-

1092 2685 1153 2705 nem
1166 2677 1294 2706 exhibens
1310 2688 1315 2705 :
1333 2678 1447 2714 indeque
1461 2686 1510 2706 ceu
1523 2680 1584 2714 quis
1594 2680 1703 2715 angelus
1724 2680 1757 2708 de
1779 2681 1846 2708 cmlo
1861 2683 1886 2709 in

1092 2723 1174 2751 urbes
1185 2723 1335 2756 dcsCendit,
1350 2724 1452 2752 athleta
1474 2725 1593 2760 pietatis,
1615 2731 1759 2753 coronatus
1771 2726 1797 2753 in
1809 2727 1885 2760 orbe.
1917 2721 1920 2724 ’

1092 2775 1119 2797 et
1135 2769 1310 2805 philosophus
1329 2770 1373 2797 illa
1400 2770 1571 2806 philosophia
1592 2779 1652 2806 quae
1666 2772 1738 2799 ca'lis
1749 2772 1827 2807 digna
1841 2781 1886 2800 es-

1091 2820 1143 2844 set.
1165 2816 1228 2843 Ιῐωο
1241 2824 1321 2851 porro
1335 2821 1429 2849 erant,
1455 2824 1515 2844 cum
1532 2817 1648 2844 nondum
1662 2818 1778 2846 solutum
1794 2826 1885 2853 pecca-

1091 2867 1146 2889 tum
1159 2866 1241 2894 esset,
1255 2869 1316 2889 cum
1330 2862 1446 2889 nondum
1462 2862 1503 2889 lex
1518 2867 1646 2896 cessaret,
1663 2869 1749 2891 morte
1764 2865 1882 2892 nondum

1093 2908 1190 2940 vincta,
1213 2908 1298 2943 portis
1312 2908 1390 2936 :crcis
1404 2907 1522 2936 nondum
1537 2908 1692 2944 confractis,
1718 2909 1764 2938 sed
1780 2910 1886 2946 vigente
