2073 3127
184 159 232 187 189

179 217 265 244 adhuc
286 216 371 243 veleri
393 216 499 244 vivendi
521 223 628 251 genere.
650 214 721 242 Talis
739 215 829 249 tttique
843 213 973 241 estfortis

181 263 294 297 rigilque
315 263 425 291 animus
448 272 455 290 :
481 271 541 290 nattt
566 263 664 296 ubique
687 261 801 296 prosilit,
823 261 976 296 pesitasquc

182 314 265 336 tnetas
280 309 461 336 transcurrit?
483 308 706 344 quemadmodum
722 313 747 335 et
760 307 855 334 Paulus
871 307 896 334 itt
911 307 975 333 Νυνὶ

182 355 345 382 Τωιζιιιιυιιιὶ
366 355 555 382 observatione
570 354 692 381 faciebat.
717 353 768 381 Sed
789 361 846 385 cur,
861 353 975 388 inquies,

182 409 241 428 cum
255 400 417 428 vestimento
429 401 508 428 etiam
521 408 587 427 zona
603 400 741 427 utebatur?
756 399 783 426 ld
795 399 820 426 in
835 407 909 426 more
920 403 978 426 erat

185 447 251 481 apud
271 451 386 479 veteres,
410 447 564 481 priusquam
580 446 660 474 molle
680 446 730 473 hoc
750 451 776 473 et
791 445 914 473 diflhtens
929 453 976 472 ve-

185 493 300 520 stimenti
316 500 400 527 genus
414 492 594 520 induceretur.
615 491 660 519 Sic
681 492 769 526 itaque
788 496 815 518 et
834 491 928 519 Petrus
951 492 989 518 et"

187 538 282 566 l‘aulus
297 538 377 565 cincti
392 538 582 565 inveniuntur:
597 545 670 570 nam,
686 537 783 570 Virmn,
796 537 889 571 inquit,
904 537 977 571 cujus

188 586 238 611 Ima
250 592 314 611 zona
328 588 363 610 est
386 584 452 618 (Act.
470 583 514 610 21.
531 583 588 618 11).
613 582 684 610 Elias
697 590 802 618 quoque
816 582 855 610 sic
868 583 978 609 vestittts

188 635 254 663 crat,
276 630 316 657 sic
334 635 487 656 sanctorum
510 628 616 664 singuli,
633 627 703 663 qttod
721 628 776 655 sive
789 628 815 655 itt
828 627 883 663 jugi
897 635 978 663 opere

187 680 365 707 versarentur,
390 674 447 701 sive
469 675 520 701 iter
542 678 661 708 agerent,
685 673 741 700 sive
758 673 838 700 aliam
858 673 979 708 quamvis

188 729 243 748 rem
266 721 442 748 necessariam
464 728 523 747 eum
546 720 637 747 labore
656 723 799 752 curarent;
825 726 873 746 nec
893 726 924 746 ea
946 718 980 745 de

189 774 267 795 causa
292 771 405 799 tantunt,
425 766 471 794 sed
484 766 555 801 quod
570 766 649 793 etiam
665 771 790 793 ornatum
804 773 910 793 omnem
925 766 979 792 cal-

189 817 296 846 carent,
319 818 346 840 et
369 817 483 840 austera:
509 812 570 840 vita;
596 811 690 839 rationi
713 811 852 840 eluderent.
876 821 882 839 :
909 812 979 847 quod

190 859 274 894 ipsutu
289 866 415 893 magnum
438 858 545 885 virtutis
564 858 715 885 encomium
729 865 790 885 esse
803 857 925 885 Christus
937 858 979 885 di-

189 907 223 933 cit
235 905 277 933 his
289 905 378 932 verbis
395 915 402 932 :
418 905 485 937 Quid
497 905 582 932 existis
595 905 700 932 videre?
719 905 845 931 hominem
863 904 980 932 mollibus

189 952 323 979 cantum?
339 951 404 978 Ecce
417 952 460 985 qui
476 951 591 979 mollibus
601 951 748 985 vestiuntur,
773 951 800 978 in
812 951 927 978 dantibus
939 959 980 978 re-

190 1006 247 1034 gum
259 1002 315 1025 sunt
330 992 410 1033 (Luc.
430 998 456 1024 7.
472 997 536 1032 25).

224 1044 250 1071 5.
263 1044 289 1071 Si
300 1051 381 1079 porro
396 1044 441 1071 ille
455 1044 490 1070 ita
506 1051 597 1078 purus,
614 1048 641 1071 et
655 1043 722 1071 cazlo
732 1043 790 1078 ipso
804 1042 979 1079 splendidior,

191 1091 324 1126 prophetis
339 1090 463 1118 omnibus
478 1089 592 1125 dignior,
603 1097 656 1124 quo
669 1089 755 1124 major
768 1089 819 1116 fuit
832 1097 921 1121 nemo,
935 1089 981 1124 qui

191 1141 288 1164 tantam
310 1136 402 1163 habuit
421 1135 553 1168 fiduciam,
574 1139 628 1163 tam
650 1143 744 1170 aspere
760 1135 835 1169 vixit,
860 1135 982 1162 diffluen'

191 1189 243 1211 tem
265 1183 428 1218 voluptatem
450 1187 589 1218 tantopere
613 1182 782 1216 despiciens,
812 1186 865 1208 tam
886 1181 980 1208 durant

190 1236 269 1264 agens
289 1229 371 1255 vitam
388 1236 491 1263 :quam
515 1228 714 1256 excusationem
735 1227 910 1260 habebimus,
936 1227 981 1261 qui

191 1281 248 1310 post
268 1280 341 1302 tanta
357 1274 496 1308 beneﬁcia,
522 1273 655 1302 sexcentis
679 1278 848 1308 peccatorum
869 1273 982 1300 sarcinis

190 1322 288 1354 onusti,
312 1329 347 1348 ne
367 1321 505 1348 minimam
524 1320 630 1356 quidem
653 1325 754 1355 partem
771 1320 934 1355 paenitentiae
952 1320 982 1346 il-

191 1369 240 1395 lius
252 1367 436 1401 exhibeamus,
461 1367 508 1394 sed
520 1366 643 1394 ebrietati
656 1372 683 1393 et
693 1366 778 1393 ventri
791 1366 872 1393 dediti
887 1366 980 1398 simus,

193 1414 333 1449 unguentis
360 1414 519 1448 fragrantes,
543 1420 592 1440 nec
606 1412 731 1439 meliores
743 1411 917 1438 theatralibus
932 1411 983 1438 illis

192 1459 385 1492 meretricibus,
412 1459 529 1494 undique
551 1457 672 1486 mollitiei
691 1465 740 1484 ttos
766 1457 904 1490 dedentes,
927 1457 984 1484 dia-

192 1507 252 1534 bolo
272 1511 351 1542 captu
369 1505 458 1532 faciles
480 1513 529 1532 nos
549 1504 736 1540 praebeamus?
759 1504 783 1532 5.
808 1503 878 1530 Tunc
900 1503 984 1530 exibat

193 1552 227 1579 ad
249 1560 306 1579 eum
329 1551 412 1578 omnis
433 1550 536 1583 Iudam,
557 1555 580 1577 et
602 1550 772 1585 Jerosolynta,
784 1554 806 1575 et
819 1549 899 1576 omnis
914 1549 983 1584 regio

193 1598 323 1631 Iordanis,
344 1598 371 1626 6.
388 1604 411 1625 et
428 1598 621 1631 baptizabantur
633 1596 665 1624 ab
677 1605 705 1624 eo
722 1597 748 1623 in
760 1595 883 1628 Iordane,
904 1596 984 1629 confi-

195 1651 269 1674 tentes
284 1651 386 1681 peccata
399 1653 456 1672 sua.
473 1644 564 1671 Vidcn'
575 1649 701 1679 quantum
719 1642 852 1678 prophette
866 1650 984 1677 praesen-

196 1693 228 1719 tia
243 1691 343 1718 valuit?
357 1691 491 1725 quomodo
501 1695 585 1717 totum
602 1689 728 1724 populum
745 1688 896 1716 excitavit?
919 1696 985 1723 quo-

194 1738 272 1766 modo
292 1738 379 1765 effecit
402 1741 430 1764 ut
454 1742 562 1772 peccata
586 1737 611 1763 itt
636 1736 790 1763 memoriam
808 1734 984 1764 remearent?

196 1784 258 1811 Nam
281 1783 456 1810 admiratione
481 1783 587 1817 dignum
608 1786 673 1814 erat,
694 1782 784 1808 videre
801 1780 874 1808 illtttu
891 1781 916 1807 itt
935 1781 984 1807 ltu-

196 1839 272 1858 mano
286 1830 376 1863 habitu
393 1830 454 1857 talia
467 1829 646 1859 exhibentem,
671 1832 698 1855 et
717 1832 788 1854 tanta
806 1831 924 1854 utentem
942 1827 984 1853 di-

197 1876 270 1904 cendi
293 1876 425 1908 libertate,
444 1880 522 1909 atqtte
539 1874 666 1901 adversus
688 1881 781 1900 omnes
800 1873 876 1908 quasi
893 1877 985 1900 contra

198 1929 291 1958 pueros
315 1922 508 1957 insurgentem,
533 1921 668 1956 multaque
689 1922 716 1948 in
740 1921 812 1948 vultu
831 1921 914 1956 gratia
935 1920 986 1947 ful-

197 1974 311 2003 gentem.
337 1968 378 1995 Ad
391 1972 527 2002 stttporem
542 1966 696 1994 cenferebat
708 1965 778 2001 quod
796 1970 855 2000 post
871 1966 985 1993 inultum

203 2015 329 2049 temporis
348 2016 474 2051 propheta
487 2017 641 2049 appareret;
657 2021 717 2041 nam
740 2013 799 2040 haec
811 2012 897 2047 gratia
912 2011 983 2046 apud

205 2059 262 2087 illos
285 2060 427 2092 defecerat,
443 2067 470 2086 et
492 2064 552 2094 post
577 2058 729 2084 diuturnum
751 2060 855 2090 tempus
879 2063 986 2083 reversa

205 2111 254 2134 est.
271 2106 468 2134 Prtedicationis
482 2111 569 2131 atttem
585 2103 690 2136 modus,
707 2110 792 2129 novus
807 2107 833 2129 et
846 2102 988 2135 singularis

206 2157 271 2178 erat.
295 2151 364 2178 Nihil
388 2151 486 2185 quippe
507 2152 694 2176 ronsuetorttm
721 2148 878 2179 audiebant;
903 2146 990 2173 futura

207 2203 302 2231 nempe
327 2196 396 2223 bella
411 2200 436 2223 et
451 2195 541 2230 praelia
563 2193 740 2227 victoriasqne
762 2197 893 2224 terrenas,
909 2192 991 2218 fames

207 2249 232 2271 et
246 2246 344 2276 pestes,
356 2240 527 2276 Babylonios,
542 2240 646 2271 Persas,
659 2238 733 2265 urbis
743 2238 886 2269 excidium,
898 2242 924 2263 et
937 2237 988 2264 alia

207 2295 264 2321 qua:
278 2287 416 2318 solebant;
432 2286 478 2313 sed
494 2285 578 2312 cmlos
591 2288 617 2310 et
630 2284 740 2311 caeleste
753 2290 874 2316 regnum.
891 2283 991 2317 gehen-

209 2342 299 2369 uzeque
309 2334 480 2367 supplicium.
494 2332 639 2365 Pmpterea
651 2337 811 2365 quamquam
825 2328 940 2356 rebelles
952 2327 991 2354 illi

208 2380 251 2415 qui
273 2388 332 2407 etttn
358 2379 426 2406 Juda
450 2382 478 2405 et
495 2377 603 2404 Thenda
626 2377 652 2402 itt
677 2375 783 2401 deserto
807 2373 923 2405 fuerant,
940 2380 993 2399 tton

211 2426 291 2454 tuulto
322 2429 384 2452 ante
417 2430 536 2458 tempore
565 2422 688 2451 trucidati
716 2421 836 2454 fuissent,
862 2428 913 2447 non
935 2419 995 2447 ideo

209 2472 314 2507 segnius
327 2478 360 2498 eo
375 2477 405 2497 se
423 2470 604 2497 contulerunt.
621 2468 677 2495 Non
693 2467 763 2494 enim
780 2467 813 2494 ad
830 2465 937 2493 easdem
953 2472 996 2492 res

212 2516 400 2552 perpetrandas
419 2515 493 2549 ipsos
518 2513 690 2544 convocabat,
705 2512 738 2539 ad
763 2511 929 2547 tyrannidem
944 2510 997 2537 sei-

211 2563 281 2594 l'ieet.
295 2563 328 2589 ad
351 2562 539 2591 defectionem,
553 2559 589 2586 ad
613 2566 656 2586 res
680 2558 829 2589 novandas;
845 2557 891 2583 sed
911 2561 940 2583 ut
962 2555 995 2582 ad

211 2616 352 2642 supernum
369 2614 482 2642 regnum
505 2606 657 2632 deduceret.
674 2604 789 2637 Ideoque
808 2610 862 2629 non
884 2601 997 2629 detinuit

213 2664 298 2684 secum
314 2657 340 2683 in
362 2656 482 2686 deserto,
500 2661 584 2687 neque
609 2651 794 2683 circumduxit,
811 2649 858 2677 sed
881 2649 968 2683 baptiz
985 2663 998 2668 -

214 2708 253 2729 tos
270 2706 296 2729 et
315 2699 494 2735 philosophia:
515 2697 686 2725 sermonibus
710 2697 853 2722 instructos
877 2693 997 2720 dimisit:

215 2756 260 2782 per
280 2747 369 2774 omnia
392 2746 495 2773 docens
521 2749 626 2771 terrena
646 2742 794 2775 despicere,
808 2744 836 2768 et
854 2739 888 2766 ad
909 2738 996 2765 futura

216 2781 329 2826 tet-dere,
341 2801 373 2820 ac
389 2790 513 2826 quotidie
522 2797 581 2817 sese
592 2790 736 2816 concitare.
752 2788 827 2815 Hunc
838 2790 865 2814 et
880 2792 928 2813 nos
940 2784 999 2812 imi-

217 2848 304 2874 tenmr,
326 2849 358 2869 ac
383 2840 455 2868 cibis
481 2839 662 2871 ehrietateqtte
687 2835 815 2866 dimissis,
840 2834 874 2861 ad
899 2837 999 2859 arctam

217 2889 289 2915 vitam
311 2896 363 2916 nos
391 2884 597 2914 transferamus.
612 2883 676 2910 Nam
700 2881 875 2911 confessionis
897 2884 1001 2914 tempus

750 158 781 186 lN
802 154 1006 185 ΜΑΤΤΗᾸΕΙῘΜ
1029 155 1147 185 HOMIL.
1171 157 1206 186 X.

1764 159 1818 187 190

1029 220 1071 243 cst
1081 223 1135 242 non
1148 215 1259 242 initiatis
1266 219 1293 242 ct
1300 214 1457 250 baptizatis:
1470 214 1513 242 his
1524 215 1642 250 quidem,
1654 219 1683 242 ut
1692 221 1751 250 post
1759 224 1815 250 pa:-

1029 260 1170 287 nitctttiant
1183 267 1317 295 peractam
1331 261 1365 288 ad
1378 269 1455 288 sacra
1471 262 1579 288 veniant
1593 262 1719 296 mysteria
1733 270 1740 294 ;
1758 262 1812 289 illis

1029 313 1104 337 vero,
1115 306 1250 334 utablutis
1258 313 1324 340 quas
1336 311 1396 340 post
1411 307 1573 341 baptismum
1588 312 1747 334 contraxere
1758 315 1815 334 ma-

1028 351 1107 384 culis,
1116 360 1182 385 pura
1192 353 1354 380 conscientia
1364 354 1396 380 ad
1406 362 1525 381 tttettsatn
1534 354 1812 382 accedattt.Abscetla-

1028 405 1089 424 mus
1099 398 1218 432 igiturab
1226 398 1275 425 bac
1285 399 1358 425 molli
1366 399 1550 434 dissolutaque
1562 399 1624 428 vita.
1635 400 1692 428 Non
1701 407 1815 435 possunt

1027 443 1179 476 enim,fnon
1195 449 1309 478 possunt
1322 445 1414 479 utique
1431 453 1483 472 una
1495 445 1814 474 subsistereconfessioet

1027 489 1148 517 deliciae:
1174 494 1201 518 et
1215 492 1272 517 haec
1283 498 1330 517 vos
1342 491 1437 518 doceat
1451 491 1569 518 Joannes
1584 500 1599 518 a
1615 494 1784 523 vestimento.
1798 503 1812 520 a

1030 534 1100 565 cibo,
1127 542 1141 560 a
1163 535 1254 562 dotno.
1282 536 1350 569 Quid
1369 537 1467 572 igitur?
1496 539 1619 573 inquies:
1637 539 1707 567 itane
1720 545 1820 568 arctam

1028 578 1106 613 jttbcs
1121 587 1169 606 nos
1191 580 1289 608 ducere
1303 582 1404 610 vitam?
1424 583 1482 610 Non
1502 584 1592 618 jubeo,
1614 585 1662 613 sed
1682 586 1781 614 suadeo
1796 591 1823 614 et

1031 624 1134 652 hortor.
1151 626 1226 659 Quod
1239 627 1261 653 si
1278 627 1304 654 id
1320 628 1406 656 facere
1419 636 1471 656 non
1487 630 1607 664 potestis,
1629 631 1722 659 saltem
1743 632 1769 659 itt
1785 633 1824 660 ci-

1031 671 1157 699 vitatibus
1179 672 1305 707 degentes
1336 675 1519 708 paenitentiam
1548 677 1738 710 exbibeamus;
1762 686 1824 705 ttatn

1028 716 1157 752 judicium
1171 724 1211 745 est
1228 719 1253 746 itt
1266 720 1354 753 januis
1372 731 1377 747 :
1400 722 1504 749 etiatttsi
1519 730 1581 750 vero
1601 725 1726 751 remotius
1740 730 1823 756 esset,

1033 772 1065 791 ue
1080 765 1119 791 sic
1137 765 1244 799 quidem
1270 768 1391 794 securius
1408 776 1487 803 agerc
1509 773 1654 804 oporteret.
1675 770 1740 797 Nam
1765 771 1825 797 finis

1033 811 1093 838 vita:
1108 812 1271 846 singulorum
1286 813 1406 840 eamdem
1424 815 1474 842 vint
1489 823 1551 850 erga
1571 825 1702 851 quemque
1729 817 1824 850 habet,

1032 865 1111 891 quam
1126 859 1321 885 consummatio
1334 861 1436 886 szcculi.
1450 860 1526 894 Quod
1539 865 1626 888 autem
1642 863 1667 889 in
1681 862 1769 897 janu's
1780 863 1824 895 sit,

1032 904 1092 931 audi
1111 905 1219 931 Paulum
1245 905 1378 933 dicentem
1395 916 1401 932 :
1418 906 1479 933 Non:
1500 909 1635 942 pracessil,
1660 909 1713 936 dies
1743 901 1825 936 autem

1032 952 1261 986 approqninqnavit
1279 953 1366 988 (Rom.
1393 953 1435 980 15.
1456 953 1499 987 12)
1517 963 1523 981 ;
1540 962 1571 981 ac
1585 963 1685 987 rursus,
1701 955 1752 989 Qui
1768 964 1816 983 ven

1034 1002 1104 1024 turus
1121 1004 1166 1030 est,
1190 1000 1268 1026 veniet
1280 1020 1287 1031 ,
1307 1005 1328 1025 et
1344 1008 1393 1026 nntt
1410 1001 1517 1027 tardabit
1537 1001 1614 1036 (lch.
1633 1002 1741 1037 10.57).
1764 1004 1825 1030 Etc-

1034 1043 1088 1070 nim
1114 1045 1188 1079 signa
1200 1045 1253 1079 jam
1272 1045 1380 1079 impleta
1400 1051 1462 1073 sunt
1476 1055 1506 1073 ea
1521 1055 1579 1082 qua:
1594 1047 1663 1074 diem
1678 1049 1748 1075 ilhttu
1763 1057 1824 1076 evo-

1033 1094 1103 1116 cant.
1121 1090 1185 1116 Nam
1207 1091 1244 1117 ait
1260 1100 1266 1117 :
1283 1091 1465 1118 l’ra-dimbilnr
1487 1093 1534 1119 ltoc
1549 1094 1704 1128 evangelium
1717 1096 1786 1130 regni
1801 1096 1826 1123 in

1033 1136 1149 1162 universo
1171 1136 1264 1163 mundo
1282 1138 1308 1163 in
1324 1137 1492 1164 testimonium
1516 1139 1629 1166 omnibus
1648 1141 1761 1175 gentibus
1778 1148 1787 1168 .'
1803 1145 1828 1168 et

1033 1185 1092 1208 tunc
1118 1181 1197 1208 ueniet
1219 1183 1400 1209 consummatio
1416 1183 1520 1218 (Matt/1.
1536 1183 1582 1211 2L
1596 1185 1650 1219 14).

1069 1227 1095 1254 6.
1112 1227 1271 1254 Audientinm
1287 1231 1407 1262 [crvorem
1421 1230 1541 1263 stimulat,
1555 1239 1612 1257 cum
1627 1232 1751 1266 terrendo,
1775 1237 1827 1260 tum

1035 1273 1201 1300 exhortando.
1216 1289 1250 1293 ——
1268 1274 1348 1301 Dii-tis
1361 1275 1501 1309 diligenter
1515 1277 1653 1304 attendite.
1669 1277 1727 1304 Non
1742 1278 1827 1311 dixit,

1035 1319 1099 1346 Cum
1119 1320 1249 1347 creditmn
1271 1321 1349 1348 fttcrit
1368 1321 1401 1348 ab
1424 1321 1566 1355 omnibus;
1585 1323 1643 1356 sed,
1667 1323 1734 1351 Cum
1751 1326 1826 1352 fuerit

1034 1365 1103 1400 apud
1117 1374 1210 1393 ontnes
1226 1367 1407 1400 pnudicatttm.
1428 1367 1570 1403 Propterea
1585 1369 1699 1402 dicebat,
1714 1369 1745 1397 In
1761 1372 1828 1398 tesli~

1035 1412 1147 1438 monium
1160 1412 1283 1446 gentibus,
1299 1413 1437 1440 declarans
1445 1421 1474 1441 se
1489 1422 1540 1441 non
1550 1420 1764 1449 exspectaturum
1778 1416 1828 1444 do-

1036 1466 1085 1485 nec
1099 1466 1193 1486 omnes
1213 1459 1333 1492 credant,
1348 1465 1375 1485 ttt
1390 1465 1481 1494 postea
1496 1461 1594 1488 veniat.
1611 1461 1677 1488 lllud
1691 1463 1773 1494 enim.
1795 1463 1829 1491 In

1036 1505 1217 1536 testimonium,
1235 1505 1284 1531 hoc
1298 1511 1348 1536 est,
1365 1506 1391 1532 itt
1411 1506 1619 1539 accusationem,
1642 1508 1667 1534 in
1682 1508 1828 1536 convictio-

1037 1558 1107 1582 nem,
1124 1551 1148 1577 in
1163 1551 1413 1578 condemnationem
1425 1559 1516 1578 eorum
1530 1553 1573 1586 qtti
1589 1561 1641 1579 nott
1658 1554 1828 1581 crediderint.

1037 1599 1071 1624 At
1092 1605 1151 1630 nos,
1173 1598 1217 1632 qtti
1238 1597 1294 1624 ha:c
1313 1597 1435 1625 attditntts
1455 1603 1483 1625 et
1497 1598 1628 1630 videmus,
1643 1599 1829 1633 dormitatntts,

1037 1644 1261 1678 sonmiamusque,
1275 1648 1301 1671 et
1311 1644 1384 1678 quasi
1398 1644 1423 1670 in
1437 1644 1640 1678 protitndissinta
1655 1649 1731 1673 nocte
1745 1646 1830 1673 ebrie-

1038 1694 1090 1716 tate
1115 1697 1264 1724 gravatnttr.
1293 1690 1396 1716 Etenim
1424 1698 1467 1717 res
1493 1695 1638 1725 praesentes
1665 1692 1747 1718 nihilo
1768 1697 1831 1719 sunt

1037 1735 1147 1762 sututtiis
1161 1735 1299 1768 meliores,
1314 1735 1370 1762 sive
1388 1735 1438 1762 illa:
1452 1735 1528 1762 bona:
1548 1736 1603 1764 sive
1627 1737 1745 1764 molestae
1765 1738 1827 1765 sittt.

1037 1781 1192 1815 Promerea,
1207 1781 1329 1814 obsecro,
1344 1781 1398 1816 jattt
1411 1783 1641 1817 expergiscumini,
1659 1789 1686 1810 et
1696 1784 1727 1810 ad
1740 1784 1829 1812 Solent

1035 1826 1143 1861 justititu
1157 1827 1313 1861 respiciatis.
1327 1827 1411 1854 Nemo
1425 1829 1522 1862 quippe
1533 1829 1667 1856 dormiens
1682 1830 1765 1857 solem
1783 1839 1831 1865 po-

1038 1876 1090 1899 test
1103 1872 1203 1906 videre,
1227 1880 1312 1907 neque
1327 1873 1523 1907 pulchritudine
1544 1874 1678 1902 radiorum
1694 1876 1752 1910 ejus
1764 1883 1828 1902 orn-

1038 1919 1078 1946 los
1092 1918 1243 1950 delectare;
1259 1920 1304 1946 sed
1319 1920 1340 1946 si
1357 1927 1407 1954 qua
1421 1920 1502 1953 videt,
1517 1921 1593 1955 quasi
1610 1922 1635 1948 itt
1650 1922 1754 1948 somnio
1771 1931 1832 1949 utu-

1039 1965 1081 1991 nia
1102 1965 1183 1992 videt.
1208 1965 1270 1992 Ideo
1290 1966 1371 1992 multa
1398 1965 1475 1993 nobis
1497 1974 1565 2001 opus
1589 1971 1630 1994 est
1648 1967 1833 2004 confessione,

1035 2013 1125 2041 multis
1140 2014 1273 2049 lacrymis,
1290 2019 1346 2042 tum
1367 2015 1427 2048 quia
1450 2015 1509 2042 sine
1530 2013 1587 2042 ullo
1605 2024 1685 2045 sensu
1701 2017 1826 2052 jacemus

1039 2059 1108 2085 mala
1123 2064 1321 2093 perpetrantes;
1338 2065 1391 2086 lum
1407 2061 1468 2094 quia
1490 2068 1585 2095 magna
1598 2066 1661 2088 sunt
1675 2068 1781 2096 peccata
1797 2069 1825 2091 et

1039 2105 1115 2131 venia
1138 2104 1256 2140 indigna.
1276 2104 1350 2137 Quod
1371 2112 1435 2132 vero
1451 2113 1502 2132 non
1526 2106 1651 2138 mentiar,
1666 2112 1747 2134 testes
1763 2113 1827 2136 sttttt

1041 2150 1148 2184 plurimi
1165 2158 1195 2176 ex
1210 2151 1396 2184 praesentibus.
1416 2151 1537 2178 Altamen
1550 2151 1611 2178 licet
1626 2152 1700 2178 venia
1716 2151 1833 2186 indigum

1042 2201 1054 2221 s
1067 2199 1106 2226 ut,
1122 2197 1306 2229 pmnttentiam
1328 2203 1449 2230 agamus,
1464 2201 1491 2222 et
1505 2197 1611 2224 coronis
1625 2196 1753 2223 fruemur.
1771 2197 1830 2224 Pat-

1042 2241 1180 2268 niteutiam
1197 2247 1284 2268 autem
1301 2249 1376 2274 voco,
1387 2250 1438 2268 non
1454 2251 1465 2268 a
1481 2242 1613 2277 prioribus
1625 2243 1758 2269 abstinere
1773 2252 1829 2269 ma-

1050 2290 1083 2316 lis
1098 2292 1213 2321 tantum,
1225 2287 1272 2315 sed
1289 2287 1370 2314 etiatn
1387 2286 1489 2320 majora
1518 2286 1588 2313 bona
1613 2286 1738 2319 operari:
1771 2292 1833 2311 uatn

1051 2336 1087 2362 ait
1100 2332 1127 2360 8.
1151 2334 1245 2361 Facite
1272 2333 1374 2368 fructus
1397 2329 1666 2366 ιίίῃηοερωηίιιιηιὶω.
1689 2330 1839 2367 Quomodo-

1044 2376 1190 2403 faciemus?
1206 2376 1235 2403 Si
1259 2376 1391 2403 contraria
1416 2375 1544 2402 faciamus
1565 2383 1572 2401 :
1593 2375 1709 2409 exempli
1733 2382 1834 2403 causa:

1047 2422 1158 2456 rapuisti
1171 2421 1274 2449 aliena?
1288 2421 1346 2449 Jam
1360 2426 1402 2448 tua
1419 2421 1523 2455 largire.
1542 2421 1632 2456 Longo
1644 2425 1764 2454 tempore
1777 2420 1835 2447 for-

1047 2469 1152 2494 nicatus
1174 2467 1223 2494 es?
1238 2469 1278 2493 Ab
1304 2473 1386 2493 uxore
1407 2466 1512 2493 abstine
1535 2466 1611 2492 statis
1633 2466 1740 2498 diebus,
1750 2467 1836 2493 conti-

1047 2513 1163 2540 nentiam
1179 2520 1284 2539 excrce.
1306 2511 1499 2538 Contumeliam
1524 2511 1646 2543 intulisti,
1665 2511 1704 2538 vel
1721 2517 1833 2546 praeter-

1046 2565 1140 2586 euntes
1162 2558 1334 2592 petcussisti?
1349 2557 1543 2585 Contumeliam
1570 2557 1742 2584 inferentibus
1755 2557 1836 2584 deiu-

1048 2612 1111 2637 crps
1127 2603 1249 2634 bettedic,
1262 2607 1289 2630 et
1312 2602 1520 2636 percutientibus
1536 2607 1561 2628 Ic
1576 2601 1705 2628 beneficia
1727 2601 1831 2628 confer.

1050 2649 1141 2683 Neque
1155 2649 1225 2675 enim
1239 2649 1303 2675 satis
1316 2653 1358 2675 est
1371 2648 1404 2674 ad
1419 2648 1569 2677 sanitatem,
1583 2647 1605 2673 si
1617 2646 1699 2673 telum
1712 2646 1839 2673 extraha-

1051 2702 1124 2725 ntus;
1138 2695 1183 2720 sed
1197 2694 1298 2720 vultu-ri
1310 2694 1388 2719 etiam
1401 2692 1515 2718 remedia
1528 2691 1688 2718 adhibenda.
1702 2691 1838 2718 Convivis

1048 2742 1075 2764 et
1088 2736 1210 2764 ebrietati
1231 2743 1337 2770 operam
1353 2735 1448 2762 dedisti
1465 2735 1596 2763 antehac?
1610 2735 1703 2769 chuna
1718 2740 1743 2762 et
1762 2742 1839 2769 aqua:

1031 2795 1037 2800 η
1049 2788 1140 2818 potum
1153 2782 1257 2809 adhibe.
1272 2781 1386 2808 Attende
1399 2785 1427 2807 ut
1442 2781 1502 2808 inde
1511 2785 1595 2808 ortattt
1608 2781 1752 2816 perniciem
1766 2788 1841 2806 amo-

1048 2838 1120 2857 veas.
1138 2829 1231 2856 Vidisti
1254 2828 1395 2863 impudicis
1413 2828 1497 2855 oculis
1521 2828 1634 2855 alienam
1660 2827 1788 2854 fortnam?
1804 2827 1841 2854 Ne

1050 2877 1188 2905 tuulicrcm
1210 2875 1315 2912 quidem
1339 2875 1418 2903 ullam
1443 2875 1470 2903 iu
1495 2880 1628 2910 posterum
1652 2875 1787 2909 respicias,
1814 2880 1840 2900 ιιι
