2073 3127
222 144 270 173 191

230 202 314 237 magis
334 204 391 229 tuto
404 199 529 228 verseris.
552 198 666 230 Declina,
692 197 787 232 inquit,
807 204 824 223 a
845 196 922 227 malo.
942 199 966 222 et
980 195 1023 229 fac

228 249 322 276 bonum
338 247 424 283 (Psal.
440 247 484 274 36.
500 246 563 281 27);
585 252 616 272 ac
637 251 742 272 rursum
758 253 764 270 :
781 242 891 270 Prohibe
909 242 1021 277 linguam

227 298 297 320 tuam
319 301 335 320 a
349 293 427 325 malo,
442 297 464 318 et
475 291 541 318 labia
561 296 604 318 tua
623 298 655 317 ne
669 290 804 325 loquantur
824 288 911 315 dolum
933 286 1020 322 (Psal.

227 339 273 367 35.
288 337 344 374 14).
360 337 412 366 Sed
426 338 524 364 bonum
539 343 645 371 quoque
659 335 740 362 dicito
753 333 818 361 mihi
834 342 841 360 :
857 331 962 368 Inquire
976 341 1023 367 pa-

229 394 292 419 cem,
313 389 336 412 et
357 391 503 419 persequere
523 391 578 410 eam
593 381 672 419 (lbid.
688 389 712 408 ν.
727 380 789 414 15);
804 387 856 406 non
880 387 939 406 eam
963 386 1021 413 quae

229 439 289 459 cum
305 430 457 458 hominibus
470 433 582 461 tantum,
599 428 645 455 sed
657 434 718 455 eam
727 426 806 453 etiam
820 433 878 460 qua:
891 432 951 452 cum
965 424 1022 452 Deo

229 477 351 504 habetur.
369 475 483 503 Pulchre
504 479 592 502 autem
608 473 688 505 dixit,
706 472 859 506 Persequere
873 479 882 498 :
897 478 959 498 nam
972 478 1021 498 ex-

229 522 304 557 pulsa
318 521 361 548 illa
374 525 402 548 et
417 519 553 555 proﬂigata
567 523 618 552 est,
634 526 665 545 ac
679 518 772 545 relicta
789 521 870 549 terra,
885 516 911 543 in
926 516 1021 544 caelum

228 568 303 596 abiit.
318 567 372 595 Sed
394 573 536 602 possumus
557 565 628 592 illam
646 564 784 596 reducere,
802 564 825 591 si
840 564 962 597 velimus,
977 571 1022 591 ar-

229 614 389 650 rogantiam,
414 613 565 647 superbiam
585 616 612 640 et
624 612 713 639 omnia
728 610 918 646 impedimenta
931 619 1022 638 remo~

229 667 292 686 vere
301 679 309 692 ,
326 666 358 686 ac
371 666 464 694 puram
479 661 725 693 Iemperantemque
737 656 834 684 sectari
848 656 938 683 vitam.
952 656 1021 683 Nihil

235 705 306 732 cnim
320 705 358 731 ira
369 704 520 738 ferociaque
529 703 656 730 deterius.
669 703 730 730 Haec
743 703 815 730 enim
828 703 932 730 inﬂatos
943 702 1022 730 simul

227 756 255 778 et
269 751 379 778 serviles
391 750 494 777 animos
509 749 600 783 efficit,
614 749 677 777 hinc
687 749 823 781 ridiculos,
838 749 899 777 inde
913 748 1022 777 odiosus

229 795 357 828 reddens,
369 800 396 823 et
406 795 454 822 sibi
465 794 599 823 contraria
613 795 741 822 inducens
751 795 831 828 mala,
843 795 1022 830 arrogantiam

231 848 328 876 nempe
340 845 367 869 et
380 840 570 868 adulationem.
586 839 639 868 Sed
654 841 676 868 si
694 840 805 868 affectus
821 841 1022 868 immoderatio—

228 894 291 914 nem
304 886 501 919 exsciudamus,
517 891 544 914 et
558 885 679 914 modeste
692 886 816 919 humiles,
832 890 859 913 et
871 891 927 914 tuto
941 886 1024 913 subli-

230 939 287 959 mes
301 931 410 959 erimus.
423 931 489 958 Nam
505 931 530 959 iu
545 931 702 966 corporibus
715 931 795 958 etiam
810 931 909 959 nostris
928 938 961 959 ex
981 939 1024 958 re-

230 977 374 1005 dundantia
395 979 472 1006 malae
492 978 634 1006 humorum
655 978 860 1006 commixtiones
879 978 1021 1005 oriuntur:

230 1025 360 1053 elementa
378 1032 483 1060 quoque
496 1032 557 1052 cum
580 1024 702 1059 proprios
721 1024 772 1051 sibi
787 1023 915 1051 terminos
927 1023 1023 1051 transi-

230 1071 306 1104 liunt,
322 1075 348 1098 et
364 1070 516 1098 innumeros
527 1070 646 1102 morbos,
657 1074 684 1097 et
696 1068 789 1097 funera
799 1069 889 1104 gravia
902 1068 1022 1104 pariunt;

230 1116 258 1144 id
272 1116 343 1151 quod
357 1116 436 1143 etiam
451 1115 478 1142 in
493 1116 580 1142 anima
595 1115 717 1143 accidere
731 1114 863 1143 videmus.

266 1163 293 1190 7.
315 1162 566 1190 lmmoderationem
586 1161 674 1196 itaque
693 1160 891 1194 abscindamus,
911 1164 939 1188 et
952 1161 1023 1188 salu-

233 1209 292 1232 tare
309 1206 504 1234 moderationis
518 1207 697 1241 pharmacum
711 1210 846 1241 potantes,
866 1206 893 1233 in
911 1210 1015 1241 tempe-

233 1251 321 1278 rantia
332 1253 491 1287 congruenti
504 1260 674 1286 maneamus,
683 1252 866 1288 precibusque
874 1252 1018 1287 diligenter

234 1297 434 1326 incumbamus.
449 1297 477 1326 Si
503 1299 669 1334 postulatum
693 1307 747 1327 non
762 1299 939 1334 accipiamus,
954 1306 1018 1333 per-

233 1349 398 1375 severemus,
425 1347 454 1369 ut
476 1342 663 1377 accipiamus;
694 1343 717 1370 si
737 1345 931 1378 acceperimus,
956 1345 1016 1372 ideo

233 1396 438 1424 perseveremus
467 1390 531 1424 quia
557 1389 721 1424 accepimus.
751 1389 843 1424 Neque
862 1391 935 1418 enim
962 1391 1019 1418 vult

233 1435 279 1463 ille
303 1436 469 1471 postulatum
489 1435 590 1463 donum
610 1435 731 1469 differri;
764 1437 812 1464 sed
846 1437 1017 1465 cunctatione

233 1482 420 1510 assiduitatem
444 1483 578 1518 sagaciter
602 1483 683 1517 parit.
718 1482 780 1510 Ideo
805 1482 895 1511 differt
923 1488 1017 1518 postu-

234 1529 289 1556 lata
304 1528 461 1561 concedere,
481 1536 514 1556 ac
528 1536 599 1563 saepe
621 1529 796 1556 tentationem
815 1529 933 1556 incidere
956 1537 1017 1564 per-

232 1571 323 1605 mittit,
340 1577 368 1598 ut
382 1571 533 1606 frequenter
545 1572 578 1599 ad
591 1579 653 1599 eum
666 1571 860 1607 confugiamus,
872 1576 899 1599 et
912 1572 951 1600 sic
964 1580 1026 1607 per-

232 1623 395 1645 severemus.
411 1617 455 1644 Sic
467 1625 572 1652 quoque
585 1617 684 1645 faciunt
695 1622 782 1652 patres
792 1622 819 1645 et
833 1623 931 1646 matres
943 1618 1026 1654 prolis

233 1666 367 1690 amantes:
379 1670 440 1690 cum
452 1663 575 1697 parvulos
588 1670 651 1690 suos
663 1663 775 1690 viderint
789 1663 823 1690 ab
835 1670 864 1691 se
877 1663 1024 1697 discedere,

235 1712 265 1735 ut
275 1715 337 1735 cum
350 1708 495 1743 requalibus
508 1709 563 1735 suis
577 1708 683 1741 ludant,
699 1709 724 1736 id
739 1713 834 1736 curant
847 1714 875 1736 ut
886 1710 1024 1737 domestici

237 1753 362 1781 terricula
381 1754 463 1781 multa
488 1754 623 1787 simulent,
647 1759 677 1781 ut
700 1762 755 1789 prae
780 1755 875 1782 timore
897 1759 1026 1791 cogantur

233 1800 337 1836 pueruli
356 1800 389 1827 ad
409 1806 557 1828 maternum
579 1800 666 1828 sinum
680 1801 832 1836 confugere.
855 1801 899 1829 Sic
916 1806 943 1828 et
956 1801 1026 1828 Deus

233 1854 305 1881 saepe
318 1847 404 1874 minas
419 1847 539 1880 intentat,
556 1854 609 1874 non
631 1851 661 1874 ut
680 1847 749 1874 mala
763 1846 874 1882 inﬂigat,
890 1847 937 1875 sed
952 1852 981 1874 ut
992 1847 1024 1875 ad

232 1899 262 1920 se
277 1892 420 1928 pertrabat.
434 1892 500 1920 Cum
511 1897 599 1920 autem
614 1892 646 1920 ad
661 1893 734 1920 illum
746 1893 924 1928 confugimus,
935 1894 1024 1921 statim

233 1943 332 1965 utetutu
347 1939 444 1965 solvit:
456 1939 526 1973 quod
538 1939 561 1966 si
575 1939 641 1965 tales
654 1944 774 1965 essemus
786 1937 813 1964 in
824 1938 1022 1970 tentationibus,

234 1984 326 2019 quales
336 1985 363 2012 in
379 1984 578 2019 tranquillitate,
594 1991 648 2011 non
661 1990 801 2019 egeremus
814 1983 1025 2012 tentatione.Ec—

608 143 636 170 5.
656 140 792 170 JOANNIS
809 137 1043 168 CHRYSOSTOMI
1061 137 1220 166 ARCHIEP.
1239 138 1505 168 OONSTANTINOP.

1805 142 1858 170 192

1068 188 1131 223 quid
1146 189 1179 216 de
1191 188 1268 217 nobis
1281 188 1375 224 loquor
1390 189 1416 215 ‘?
1426 188 1493 216 Nam
1506 188 1605 216 sanctis
1617 196 1723 225 quoque
1737 189 1789 218 illis
1805 198 1860 217 ma«

1068 242 1119 269 gna
1133 234 1195 262 hinc
1208 234 1379 270 proveniebat
1393 235 1576 268 temperantiae
1590 235 1705 263 occasio.
1721 234 1784 262 Ideo
1798 235 1862 263 dicit

1069 279 1199 315 propheta
1213 288 1220 306 :
1235 278 1334 306 Bonum
1344 279 1406 306 mihi
1419 279 1478 314 quia
1491 279 1630 307 humiliatin
1644 288 1684 307 me
1698 280 1785 315 (Psal.
1797 281 1859 308 “8.

1070 326 1126 362 7|).
1146 325 1259 361 Ipseque
1273 325 1400 360 apostolis
1414 325 1519 352 dicebat
1532 334 1538 352 :
1554 325 1588 353 In
1603 326 1696 352 mundo
1718 326 1861 354 tribulatio-

1070 380 1128 400 nem
1140 372 1261 400 habebitis
1275 372 1364 407 (Joan.
1378 371 1421 399 l6.
1433 371 1489 408 55).
1505 371 1559 399 Hoc
1570 379 1649 407 porro
1662 372 1758 400 Paulus
1770 373 1862 401 subiu-

1072 418 1157 452 dicat,
1173 426 1233 446 cum
1247 419 1285 446 ait
1298 427 1305 446 :
1322 417 1404 445 Datus
1418 423 1454 445 est
1468 418 1530 445 mihi
1543 418 1660 446 stimulus
1674 420 1767 451 carnis,
1783 428 1862 455 ange-

1071 465 1110 492 lus
1133 470 1240 498 tutante,
1262 465 1305 500 qui
1325 473 1365 492 me
1384 465 1524 499 colaphizet
1539 464 1578 499 (2.
1601 464 1659 492 Cor.
1681 464 1725 492 l2.
1741 465 1778 501 7).
1800 465 1862 493 Ideo

1070 517 1196 547 precatus
1210 516 1239 539 ut
1252 520 1267 539 a
1282 511 1428 539 tentatione
1442 511 1610 544 liberaretur,
1625 510 1651 538 id
1666 517 1719 538 non
1733 511 1862 546 impetra-

1070 559 1118 591 vit,
1133 559 1194 594 quia
1215 558 1277 586 iude
1292 566 1415 593 magnam
1436 558 1563 593 carpebat
1577 558 1728 586 utilitatem.
1743 558 1771 586 Si
1798 567 1862 587 vero

1071 609 1153 632 totam
1176 604 1281 631 Davidis
1303 605 1384 631 vitam
1409 603 1588 639 exploremus,
1609 604 1773 632 inveniemus
1787 605 1861 633 illum

1070 650 1140 677 inter
1164 650 1281 684 pericula
1304 650 1455 682 clariorem,
1476 657 1562 685 neque
1583 649 1656 677 illum
1678 654 1791 685 tantum,
1814 652 1862 679 sed

1070 695 1150 723 etiam
1163 695 1229 723 alios
1241 702 1334 722 omnes
1347 695 1397 729 ipsi
1409 695 1520 723 similes.
1538 696 1642 723 Etenim
1657 695 1708 724 Job
1722 695 1773 723 hoc
1786 701 1863 732 pacto

1070 741 1154 775 magis
1175 740 1288 772 refulsit,
1308 739 1409 775 Joseph
1423 741 1462 768 sic
1483 740 1566 776 magis
1585 741 1723 776 magisque
1740 742 1860 769 claruit:

1070 786 1153 815 Jacob
1168 785 1230 815 item
1246 791 1273 814 et
1283 791 1359 821 pater
1373 787 1469 822 ipsius,
1488 791 1515 814 et
1528 794 1602 819 avus,
1616 793 1644 815 et
1656 792 1786 824 quotquot
1798 796 1863 816 con-

1071 833 1154 868 spicui
1175 832 1291 867 fuerunt,
1314 832 1594 868 splendidioribusque
1611 834 1718 861 coronis
1737 839 1798 862 sunt
1818 842 1863 862 or-

1071 879 1137 913 nati,
1153 887 1185 907 ex
1205 880 1332 907 aerumnis
1351 883 1431 915 atque
1451 880 1642 908 tentationibus
1663 885 1690 908 et
1703 882 1823 909 coronati
1836 887 1864 909 et

1071 925 1226 961 proclamati
1238 929 1310 952 sunt.
1321 924 1384 952 Haec
1397 932 1457 952 cum
1474 926 1588 953 sciamus
1603 926 1703 960 omnia,
1718 927 1863 955 secundum

1071 971 1217 1006 sapientem
1239 971 1313 999 illum
1333 979 1495 1004 sermonem,
1513 971 1556 999 Ne
1568 973 1713 1008 festinemus
1726 973 1753 1000 in
1767 973 1808 1000 die
1822 974 1863 1000 in-

1071 1019 1180 1046 uasionis
1188 1017 1280 1053 (Eccti.
1291 1018 1318 1045 2.
1329 1018 1370 1054 2),
1381 1019 1428 1046 sed
1439 1018 1472 1046 ad
1486 1026 1566 1046 unum
1578 1023 1678 1047 tantum
1687 1027 1736 1047 nos
1747 1020 1864 1047 institua-

1071 1072 1140 1098 mus,
1150 1068 1178 1092 ut
1187 1065 1275 1092 omnia
1284 1064 1388 1093 fortiter
1398 1065 1522 1098 feramus,
1532 1073 1581 1093 nec
1590 1066 1863 1102 curioseinquiramus

1071 1110 1113 1138 vel
1121 1114 1270 1138 scrutemur
1277 1118 1308 1138 ea
1315 1118 1374 1145 qua:
1382 1111 1513 1138 accidunt.
1521 1110 1586 1138 Nam
1595 1112 1673 1144 scire,
1683 1119 1735 1147 quo
1746 1117 1864 1148 tempore

1071 1156 1195 1184 desitum
1204 1156 1258 1184 sint
1269 1163 1405 1188 aerumnae,
1417 1156 1463 1184 Dei
1474 1161 1525 1190 est,
1538 1157 1582 1191 qui
1594 1157 1713 1192 permisit
1728 1158 1786 1186 illas
1796 1159 1864 1186 acci-

1071 1202 1152 1235 dere;
1174 1203 1260 1230 illatas
1276 1209 1341 1230 vero
1361 1210 1420 1230 cum
1441 1203 1587 1238 gratiarum
1611 1204 1716 1231 actione
1735 1204 1816 1237 ferre,
1837 1205 1864 1232 id

1072 1248 1211 1284 probitatis
1220 1252 1318 1276 nostrae
1328 1253 1371 1276 est
1382 1255 1458 1283 opus.
1468 1248 1545 1283 Quod
1557 1249 1579 1276 si
1591 1249 1645 1282 list,
1655 1250 1743 1277 omnia
1753 1258 1865 1285 sequen-

1073 1299 1117 1322 tur
1127 1294 1213 1328 bona;
1232 1299 1262 1322 ut
1276 1301 1342 1322 vero
1358 1300 1513 1330 sequantur,
1529 1300 1611 1330 utque
1631 1295 1675 1323 hic
1688 1296 1864 1331 probatiores,

1072 1340 1126 1368 illic
1139 1347 1204 1368 vero
1218 1340 1415 1375 splendidiores
1429 1340 1590 1375 efficiamur,
1605 1341 1792 1377 quodcumque
1806 1343 1864 1370 illa-

1072 1390 1128 1414 tum
1141 1385 1222 1414 fuerit
1240 1386 1413 1421 excipiamus,
1427 1386 1526 1422 gratias
1543 1386 1577 1414 de
1594 1387 1717 1415 omnibus
1737 1387 1865 1415 habentes

1071 1432 1108 1465 ei,
1122 1431 1167 1466 qui
1186 1430 1282 1459 melius
1301 1432 1374 1459 novit
1391 1439 1471 1467 quam
1485 1439 1536 1460 nos
1552 1432 1603 1468 ipsi
1616 1432 1679 1468 quid
1694 1433 1771 1460 nobis
1785 1441 1864 1470 expe-

1071 1478 1136 1512 diat,
1158 1477 1257 1515 quique
1275 1482 1415 1513 parentum
1427 1486 1490 1514 erga
1511 1486 1562 1506 nos
1582 1479 1664 1506 vincit
1685 1487 1824 1507 amorem:
1839 1485 1866 1508 et

1072 1523 1124 1552 hoc
1146 1529 1287 1560 utrumque
1310 1525 1479 1553 ratiocinium
1502 1526 1529 1553 in
1553 1525 1715 1561 quibuslibet
1739 1527 1866 1554 mrumnis

1072 1572 1149 1600 nobis
1167 1572 1233 1608 ipsis
1251 1576 1428 1606 recantautes,
1442 1572 1650 1607 comprimamus
1667 1580 1822 1607 mcerorem,
1839 1579 1866 1601 et

1071 1618 1183 1654 gloriam
1197 1617 1343 1645 referamus
1356 1618 1421 1651 Deo,
1435 1618 1480 1653 qui
1494 1618 1520 1645 in
1531 1618 1654 1645 omnibus
1667 1619 1756 1646 omnia
1768 1618 1802 1646 ad
1816 1627 1865 1647 no—

1072 1668 1155 1691 stram
1178 1664 1320 1692 utilitatem
1340 1663 1486 1700 dispensat.
1508 1663 1553 1692 Sic
1566 1665 1637 1692 enim
1651 1669 1678 1692 et
1694 1664 1803 1693 insidias
1824 1665 1864 1693 fa-

1072 1710 1123 1752 cile
1142 1709 1317 1745 depellemus,
1341 1714 1369 1737 et
1385 1710 1620 1738 immarcescibiles
1637 1717 1751 1738 coronas
1769 1718 1864 1739 consc-

1072 1763 1185 1790 quemur
1198 1765 1205 1783 :
1220 1763 1286 1792 quas
1300 1763 1350 1783 nos
1362 1762 1455 1783 omnes
1470 1755 1575 1790 assequi
1590 1757 1725 1791 contingat
1737 1757 1821 1791 gratia
1835 1762 1861 1784 et

1072 1801 1352 1844 benignitategomini
1365 1801 1449 1828 nostri
1467 1801 1529 1829 Jesu
1542 1800 1651 1835 Christi,
1670 1802 1777 1837 quicum
1793 1802 1863 1830 Patri

1078 1848 1172 1883 gloria,
1188 1847 1339 1882 imperium,
1360 1847 1456 1880 honor,
1476 1854 1537 1874 cum
1551 1852 1645 1875 sancto
1661 1844 1772 1883 Spiritu,
1794 1855 1864 1886 nunc

1072 1898 1101 1921 et
1113 1900 1229 1928 semper,
1244 1898 1271 1920 et
1284 1892 1310 1920 in
1322 1893 1418 1920 stccula
1430 1892 1598 1920 saeculorum.
1609 1893 1706 1921 Amen.

1105 1953 1112 1969 |
1131 1951 1169 1975 sic
1179 1953 1247 1982 recte
1256 1949 1326 1975 Savil.
1334 1953 1361 1975 et
1371 1949 1463 1982 aliquot
1478 1950 1641 1982 Manyscripti.
1653 1949 1696 1975 Alii
1708 1956 1768 1976 vero
1778 1954 1804 1976 et
1815 1954 1862 1976 Ilo-

1072 1983 1130 2014 reL,
1143 1984 1172 2007 Et
1182 1980 1241 2013 quid
1251 1982 1281 2007 de
1290 1980 1419 2006 tentatione
1436 1981 1518 2013 loquor
1527 1980 1540 2006 Ρ

236 2127 1345 2143 _—————-—_———-———‘—-———————-—'——

923 2226 1098 2259 HOMILIA
1116 2225 1174 2257 XI.

232 2310 295 2339 (ῗΛιι.
303 2310 330 2338 ἦ.
340 2310 401 2338 v.7.
410 2309 501 2337 Videris
510 2315 592 2337 autent
604 2311 695 2337 multos
704 2310 903 2338 Sadduca'orum
916 2315 939 2336 et
955 2302 1026 2336 Plui-

269 2357 396 2384 risa'orum
414 2357 536 2384 uenientes
550 2357 583 2382 ad
603 2356 753 2391 baptismum
773 2364 858 2388 suum,
881 2356 944 2383 dixit
967 2356 1001 2382 eis
1014 2363 1024 2383 :

268 2401 401 2430 Genimiua
418 2403 571 2437 viperarum,
589 2403 645 2438 quis
660 2402 837 2430 demonstravit
858 2402 926 2430 vobis
939 2404 1026 2438 fugere

268 2455 285 2475 ιι
298 2452 402 2475 uentura
414 2447 469 2476 ira?

268 2524 295 2552 1.
311 2523 365 2553 Cur
383 2532 448 2560 ergo
461 2526 497 2553 ait
507 2525 642 2559 Christus,
658 2533 706 2554 eos
717 2533 769 2554 non
783 2526 929 2554 credidisse
944 2526 1025 2554 Joan-

233 2570 278 2597 ni?
298 2570 364 2604 Quia
385 2578 437 2597 non
450 2575 508 2598 erat
530 2571 594 2599 illud
616 2571 736 2605 credere,
755 2579 814 2598 cum
840 2579 901 2599 eum
924 2572 968 2607 qui
991 2572 1025 2599 ab

234 2615 290 2650 ipso
304 2615 506 2650 prmdicabatur,
523 2623 575 2643 non
593 2617 753 2651 accipereut.
768 2617 834 2644 Nam
845 2621 873 2645 et
887 2618 1024 2652 prophetis

232 2665 259 2687 et
283 2660 426 2694 legislatori
440 2661 578 2689 attendere
601 2662 758 2690 videbantur
778 2673 784 2689 :
806 2668 833 2691 et
852 2668 939 2691 tamen
959 2663 1025 2691 dixit

232 2705 277 2732 ille
297 2713 350 2733 non
369 2705 525 2738 attendisse,
538 2708 599 2742 quia
615 2715 675 2735 eum
690 2709 735 2743 qui
748 2709 782 2737 ab
797 2709 848 2737 illis
863 2709 1025 2744 praedicaba-

233 2755 275 2778 tur
290 2758 343 2779 non
359 2756 517 2786 receperunt
531 2760 538 2778 :
552 2752 582 2779 Si
595 2755 661 2780 enim
674 2755 805 2782 crederetis
821 2754 914 2790 Moysi,
928 2756 1022 2790 inquit,

231 2796 363 2824 crederetis
375 2797 459 2832 utique
470 2801 494 2824 et
507 2797 569 2824 mihi
579 2797 668 2832 (Joan.
683 2799 709 2826 5.
721 2799 778 2834 46).
794 2799 827 2827 Et
839 2805 930 2834 postea
942 2801 1023 2828 inter-

233 2842 317 2879 rogati
326 2850 342 2871 ι
351 2842 465 2877 Christo,
477 2843 609 2880 Baptism
618 2843 726 2873 Joannis
737 2846 804 2873 unde
816 2847 871 2874 est?
883 2846 1021 2875 dicebant:

1078 2306 1110 2334 Si
1122 2306 1270 2339 dixerimus,
1285 2305 1323 2332 De
1332 2309 1408 2337 terra,
1422 2305 1535 2332 timemus
1549 2304 1647 2332 turbam
1658 2314 1668 2337 ;
1691 2306 1712 2332 si
1727 2313 1784 2333 vero
1797 2306 1869 2334 dixe-

1077 2353 1170 2384 rimus,
1184 2351 1223 2379 De
1236 2352 1309 2384 caelo,
1323 2351 1388 2378 dicet
1400 2351 1482 2382 nobis,
1497 2350 1582 2384 Quare
1594 2359 1653 2386 ergo
1666 2360 1715 2378 non
1729 2352 1870 2379 credidistis

1077 2398 1100 2424 ei
1113 2397 1222 2433 (Matth.
1236 2397 1280 2424 2i.
1295 2396 1340 2424 25.
1365 2396 1431 2431 26)?
1445 2396 1483 2423 Ex
1499 2396 1540 2423 his
1561 2404 1625 2431 ergo
1644 2397 1767 2424 omnibus
1781 2398 1869 2432 palam

1076 2448 1118 2471 est
1131 2444 1203 2480 ipsos
1217 2443 1323 2471 venisse
1335 2448 1361 2470 et
1372 2443 1518 2478 baptizatos
1531 2442 1622 2475 fuisse,
1638 2443 1685 2470 sed
1696 2443 1721 2470 in
1736 2443 1788 2471 [ide
1802 2452 1869 2478 prte-

1076 2489 1217 2517 dicationis
1231 2497 1284 2516 non
1295 2489 1436 2516 mansisse.
1452 2488 1557 2516 Etenim
1571 2488 1689 2517 Joannes
1705 2489 1809 2517 illorum
1822 2498 1868 2518 ne-

1075 2536 1186 2571 quitiam
1205 2536 1332 2569 ostendit,
1355 2535 1460 2571 quando
1474 2536 1511 2562 illi
1529 2535 1561 2563 ad
1577 2535 1721 2570 Baptistam
1739 2537 1869 2565 miserunt

1075 2582 1194 2610 dicentes
1207 2590 1213 2609 :
1228 2582 1259 2610 Si
1272 2587 1298 2609 tu
1310 2591 1335 2610 es
1346 2582 1428 2614 Elius,
1440 2583 1461 2609 si
1470 2587 1498 2608 tu
1510 2590 1535 2609 es
1550 2581 1664 2610 Christus
1677 2582 1755 2618 (Joau
1767 2583 1792 2610 Ι.
1809 2582 1866 2619 2i);

1075 2628 1248 2663 quantobrem
1263 2629 1367 2662 intulit,
1385 2628 1434 2661 Qui
1447 2634 1531 2655 autem
1544 2629 1613 2655 missi
1627 2630 1738 2664 fuerant,
1753 2636 1825 2656 erant
1838 2637 1869 2656 ea:

1075 2673 1213 2702 Pharisteis
1228 2674 1308 2711 (Ibid.
1324 2683 1347 2702 υ.
1359 2675 1417 2711 24).
1427 2675 1495 2708 Quid
1507 2675 1602 2710 igitur“!
1616 2683 1704 2702 annon
1719 2676 1803 2703 turba:
1817 2683 1867 2710 po-

1074 2720 1129 2755 puli
1144 2720 1256 2755 idipsum
1272 2721 1419 2756 putabant?
1439 2721 1522 2748 Etiam
1535 2728 1542 2748 :
1556 2729 1647 2748 verum
1662 2721 1735 2756 plebs
1752 2721 1867 2756 simplici

1076 2770 1165 2793 mente
1189 2765 1246 2793 haec
1270 2766 1469 2801 suspicabatur;
1491 2765 1620 2793 Pharisaei
1639 2773 1704 2793 vero
1729 2766 1814 2800 ipsum
1838 2766 1866 2794 in

1074 2818 1198 2839 sermone
1209 2818 1306 2846 capere
1319 2811 1454 2839 volebant.
1468 2811 1533 2844 Quia
1546 2811 1618 2838 enim
1633 2811 1659 2838 in
1673 2811 1798 2839 confesso
1808 2817 1864 2840 erat

1073 2856 1209 2886 Christum
1228 2864 1289 2886 esse
1310 2861 1449 2886 venturum
1468 2864 1501 2885 ex
1521 2857 1580 2886 vico
1599 2856 1716 2892 Davidis,
1735 2857 1780 2886 hic
1800 2864 1865 2885 vero
