2073 3127
240 116 289 144 I91

235 173 349 209 χρόνον;
372 174 500 210 Λπόσχου
518 175 564 201 καὶ
576 173 624 208 τῆς
639 172 765 207 γυναικὸς
777 173 826 208 τῆς
842 172 892 207 σῆς
907 172 1026 208 ὡρισμέ-

234 223 282 246 νας
292 215 416 250 ἡμέρας·
436 215 596 251 ἐγκράτειαν
610 214 739 250 ἀσκησον.
756 214 890 249 ’Ύϐρισας
908 214 955 241 καὶ
968 213 1028 240 ἐτύ-

235 265 342 292 πτησας
356 258 383 274 ⁸³
402 258 565 294 παριόντας;
586 256 698 291 Εὑλόγει
724 256 816 283 λοιπὸν
829 256 892 288 τοὺς
905 256 1027 291 ὑϐρίζον-

236 306 292 328 τας.
310 298 362 325 καὶ
386 299 526 334 εὐεργέτει
547 298 610 330 τοὺς
634 298 809 333 πλήττοντας.
825 298 862 325 Οὐ
878 297 933 333 γὰρ
948 297 1028 332 ἀρκεῖ

233 340 273 370 εἰς
282 339 384 373 ὑγείαν
402 341 468 376 ἡμῖν
483 340 513 367 τὸ
530 340 606 376 βέλος
623 340 724 373 ἐξελεῖν
745 340 835 375 μόνον,
854 338 922 365 ἀλλά
935 339 962 354 ⁸⁸
980 339 1027 365 καὶ

233 381 270 416 τῷ
292 382 436 417 τραύματι
456 382 591 418 φάρμακα
612 381 756 409 ἐπιθεῖναι.
784 380 955 416 Ἐτρύφησας
980 380 1027 407 καὶ

231 422 395 459 ἐμεθύσθης
402 424 447 451 τὸν
458 423 612 459 ἔμπροσθεν
622 423 716 459 χρόνον
728 431 735 456 ;
750 423 873 459 Νήστευε
889 423 936 449 καὶ
950 422 1026 458 ὑδρο-

231 465 316 500 ποσίᾳ
330 466 451 501 πρόσεχε
462 466 496 495 ⁸³.
513 466 556 492 ἵνα
567 465 616 500 τὴν
627 464 731 492 ἐκεῖθεν
744 464 924 499 ἐγγενομένην
938 463 1026 499 λύμην

231 506 341 542 ἀνέλῃς.
352 505 431 538 Εἶδες
441 507 598 538 ἀκολάστοις
606 505 752 541 ὀφθαλμοῖς
759 505 856 537 κάλλος
869 505 1007 540 ἀλλότριον
1016 513 1024 537 ;

231 548 310 582 Μηδέ
326 547 400 580 ὅλως
423 548 481 583 ἴδῃς
506 549 623 582 γυναῖκα
644 547 748 579 λοιπὸν,
772 546 806 574 ἵν’
822 547 869 573 ἐπὶ
884 547 908 563 ⁵⁸
923 546 1026 573 πλείονι

231 591 376 624 καταστῇς
385 589 529 624 ἀσφαλείᾳ.
545 587 708 616 Ἔκκλινον
718 588 783 624 γὰρ,
794 587 885 623 φησὶν,
900 587 959 615 ἀπὸ
971 596 1025 614 κα-

231 631 300 663 κοῦ,
318 630 371 657 καὶ
387 631 516 664 ποίησον
529 630 650 666 ἀγαθόν·
665 630 712 656 καὶ
728 629 817 656 πάλιν·
832 629 956 656 Παῦσον
968 628 1026 662 τὴν

231 671 385 706 γλῶσσάν
412 679 471 699 σου
493 670 552 699 ἀπὸ
571 670 677 701 κακοῦ,
697 670 747 698 καὶ
773 671 859 705 χείλη
892 678 950 697 σου
971 670 1025 697 τοῦ

230 713 273 748 μὴ
288 713 432 748 λαλῆσαι
450 713 552 741 δόλον.
573 712 642 739 Ἀλλ’
659 713 720 739 εἰπέ
740 712 844 748 μοικαὶ
862 711 893 739 τὸ
911 712 1023 745 ἀγαθόν.

230 756 379 788 Ζὴτησογ
397 755 531 789 εἰρήνην,
548 754 598 781 καὶ
615 754 724 786 δίωξον
733 753 839 788 αὐτήνι
851 754 882 780 οὺ
895 753 944 789 τὴν
957 753 1025 789 πρὸς

230 796 398 831 ἀνθρώπους
409 796 479 830 λέγω
498 796 588 831 μόνον,
597 796 665 823 ἀλλά
677 796 722 823 καὶ¹
732 796 782 832 τὴν
800 796 868 831 προς
882 796 927 823 τὸν
945 796 1021 822 Θεόν.

231 837 289 865 Kal
304 838 398 870 καλῶς
408 836 479 871 εἷπε,
491 838 613 871 Δίωξον·
629 838 796 873 ἀπελήλαται
809 838 863 874 γὰρ
883 838 930 864 καὶ
944 837 1024 864 ἐκϐέ-

231 880 344 915 ϐληται,
357 880 405 907 καὶ
414 881 463 916 τὴν
475 881 528 915 γῆν
539 881 638 914 ἀφεῖσα
649 880 689 911 είς
703 879 748 906 τὸν
760 879 872 916 οὐρανὸν
887 879 1024 915 ἀπεδήμη-

232 930 290 949 σεν.
315 921 398 948 Ἀλλά
414 921 584 957 δυνησόμεθα
599 921 622 937 ⁸⁷
636 920 720 956 αὐτὴν
732 921 812 948 πάλιν
831 921 1022 955 ἐπαναγαγεῖν,

232 963 280 990 ἐὰν
300 963 434 999 θέλωμεν,
451 964 578 991 ἀπόνοιαν
593 963 640 990 καὶ
653 962 810 995 ἀλαζονείαν
825 963 872 990 καὶ
886 963 975 990 πάντα
989 962 1024 989 τὰ

232 1004 386 1040 κωλύματα
414 1005 499 1040 αὐτῆς
517 1004 686 1037 ἐκϐαλόντες,
712 1004 758 1031 τὸν
784 1003 909 1040 σώφρονα
931 1003 1024 1031 τοῦτον

233 1047 281 1073 καὶ
292 1047 368 1074 λιτὸν
381 1047 490 1074 διώκειν
503 1046 569 1081 βίον.
586 1046 668 1073 Οὐδὲν
681 1046 735 1082 γὰρ
744 1045 828 1082 ὀργῇς
838 1045 1024 1081 χαλεπώτερον

231 1089 281 1115 καὶ
300 1088 479 1125 θρασύτητος.
492 1088 566 1124 Αὕτη
580 1087 604 1104 ⁸⁸
624 1088 671 1114 καὶ
684 1088 891 1123 τετυφωμένους
907 1087 954 1114 καλ⁵
968 1087 1025 1114 δου‹

231 1130 381 1166 λοπρεπεῖς
390 1129 546 1166 ἐργάζεται,
562 1130 594 1156 δι’
608 1129 713 1156 ἐκείνου
731 1129 779 1165 μὲν
794 1129 1022 1163 καταγελάστους,

231 1171 277 1198 διὰ
299 1170 395 1198 τούτου
410 1171 440 1197 δέ
462 1171 591 1206 μισ-ητοὺς
621 1170 746 1204 ποιοῦσα,
758 1170 805 1197 καὶ
825 1170 950 1202 ἐναντίας
968 1171 1024 1197 εισ-

235 1213 343 1247 ἀγουσα
351 1214 459 1247 κακίας,
473 1213 601 1241 ἀπόνοιαν
614 1222 644 1240 τε
658 1213 724 1248 ὁμοῦ
738 1214 785 1240 καὶ
794 1212 945 1240 κολακείαν.
953 1213 1023 1239 Ἀλλ’

233 1254 281 1281 ἐὰν
293 1254 345 1291 τὴν
358 1255 513 1288 πλεονεξίαν
525 1255 572 1282 τοῦ
586 1254 689 1288 πάθους
700 1255 901 1291 περικόψωμεν,
914 1255 961 1282 καὶ
976 1263 1024 1282 τα-

233 1296 322 1323 πεινοὶ
336 1296 406 1331 μετά
430 1296 581 1333 ἀκριϐείας,
602 1297 648 1324 καὶ
668 1297 766 1333 ὑψηλοὶ
785 1297 854 1333 μετὰ
876 1297 1023 1333 ἀσφαλείας

234 1337 365 1373 ἐσόμεθα.
380 1339 436 1365 Kal
450 1338 504 1374 γὰρ
516 1339 563 1366 καὶ
576 1340 605 1366 ἐν
620 1340 675 1371 τοῖς
688 1338 795 1375 σώμασι
809 1340 866 1371 τοῖς
879 1339 1024 1375 ἡμετέροις

234 1380 290 1407 ἀπὸ
306 1380 462 1414 πλεονεξίας
473 1382 500 1407 αί
515 1380 678 1416 δυσκρασίαι
693 1381 822 1415 γίνονται·
839 1381 887 1409 καὶ
907 1381 950 1408 ὅτε
960 1381 1023 1413 τοὺς

234 1423 353 1454 οἰκείους
365 1423 444 1458 ὄρους
455 1423 601 1457 ἀφέντατά
616 1424 735 1458 στοιχεῖα
749 1424 789 1455 είς
803 1423 936 1458 ἀμετρίαν
948 1422 1023 1454 ἐξέλ-

236 1463 281 1500 θῃ,
293 1464 353 1490 τότε
365 1465 393 1490 αἱ
405 1464 501 1500 μυρίαι
513 1464 586 1491 νόσοι
597 1465 645 1491 καὶ
656 1466 681 1491 οἱ
700 1465 813 1500 χαλεποὶ
826 1465 964 1492 τίκτονται
976 1464 1024 1490 θά-

236 1514 321 1533 νατοι·
335 1507 404 1541 ὅπερ
420 1506 467 1533 καὶ
484 1506 530 1533 ἐπὶ
544 1506 593 1541 τῆς
605 1506 693 1542 ψυχῆς
705 1506 852 1541 συμϐαῖνον
869 1506 917 1533 ῐδοι
927 1514 968 1537 τις
979 1506 1021 1533 ἀν.

271 1547 305 1580 ζ’.
316 1547 512 1583 Περικὸψωμεν
521 1548 611 1575 τοίνυν
619 1548 667 1584 τὴν
678 1548 822 1583 ἀμετρίαν,
831 1548 878 1574 καὶ
894 1547 923 1574 τὺ
935 1547 1022 1582 σωτή-

238 1597 296 1624 ριον
307 1590 358 1624 τῆς
370 1590 539 1625 συμμετρίας
554 1590 678 1622 πίνοντες
695 1591 717 1607 ⁸³
732 1590 887 1626 φάρμακον,
899 1589 1023 1625 μένωμεν

238 1632 285 1657 ἐπὶ
297 1631 346 1666 τῆς
362 1631 509 1667 εὐκρασίας
521 1632 570 1667 τῆς
582 1631 784 1667 προσηκούσης,
795 1632 841 1658 καὶ
849 1632 909 1663 ταῖς
930 1631 1023 1665 εὐχαῖς

239 1672 309 1708 μετά
323 1673 466 1709 ἀκριϐείας
483 1673 669 1709 προσέχωμεν.
685 1673 744 1700 Κᾶν
765 1673 802 1708 μὴ
820 1672 957 1708 λάϐωμεν,
969 1681 1022 1699 πα-

239 1715 421 1751 ραμείνωμεν,
434 1715 477 1742 ἴνα
490 1715 628 1751 λάϐωμεν·
644 1715 695 1742 κᾶν
709 1715 846 1750 λάϐωμεν,
859 1714 952 1749 ἐπειδὴ
962 1713 1023 1741 ἐλά-

238 1757 321 1792 ϐομεν
338 1757 370 1783 ⁶⁰.
384 1757 451 1784 οὐδὲ
461 1756 515 1793 γὰρ
526 1757 606 1788 αὐτὸς
624 1756 747 1792 βούλεται
762 1756 958 1783 ἀναϐάλλεσθαι
973 1756 1023 1791 τὴν

237 1797 394 1831 ὃόσιν,ἀλλά
404 1800 437 1834 τῇ
447 1798 574 1834 μελλήσει
585 1799 634 1833 τὴν
649 1797 827 1834 προσεδρείαν
839 1798 904 1833 ἡμῖν
915 1797 936 1813 ⁶¹
947 1797 1023 1831 σοφί-

238 1840 323 1872 ζεται.
335 1840 385 1868 Διὰ
404 1840 482 1867 τοῦτο
503 1840 550 1867 καὶ
570 1840 742 1876 ὑπερτίθεται
762 1839 811 1875 τὴν
833 1839 940 1875 αῐτησιν
952 1858 959 1870 ,
977 1839 1023 1865 καὶ

238 1881 388 1917 ¹πειρασμὸν
405 1882 542 1917 συγχωρεῖ
553 1881 682 1913 πολλάκις
695 1880 827 1912 ἐπελθεῖν,
846 1880 889 1907 [va
904 1879 1022 1915 συνεχῶς

239 1923 308 1958 πρὸς
320 1923 401 1950 αὐτὸν
415 1923 642 1959 καταφεύγωμεν,
657 1923 704 1950 καὶ
717 1922 921 1958 καταφυγόντες
932 1923 954 1938 ⁶¹
975 1921 1023 1957 μέ-

240 1973 338 1999 νωμεν.
352 1964 430 1991 Οὕτω
444 1965 490 1991 καὶ
505 1964 623 2000 πατέρες
646 1965 816 1999 φιλόστοργοι
833 1963 956 1996 ποιοῦσι,
975 1963 1022 1990 καὶ

243 2006 355 2042 μητέρες
377 2006 533 2040 φιλόπαιδες
543 2014 550 2021 ·
570 2006 679 2033 ἐπειδὰν
687 2007 710 2022 ⁸³
724 2006 798 2032 ἴδωσι
815 2005 849 2033 τὰ
863 2005 957 2032 παιδία
972 2004 1022 2041 τὴν

242 2047 307 2082 πρὸς
324 2047 422 2079 αὐτοὺς
437 2047 578 2074 συνουσίαν
595 2047 697 2082 ἀφέντα
711 2047 759 2074 καὶ
779 2047 846 2083 μετά
855 2047 909 2074 τῶν
923 2046 1019 2083 ὁμηλί-

241 2096 294 2115 κων
317 2088 455 2122 παίζοντα,
477 2089 561 2116 πολλὰ
578 2090 639 2122 τοὺς
656 2089 763 2122 οἰκέτας
784 2089 981 2126 ὑποκρίνασθαι
997 2089 1020 2105 ⁸⁸

811 114 845 142 ΙΝ
864 113 1072 142 MATTHIEUM
1092 113 1209 143 HOMIL.
1228 115 1276 143 XI.

1810 121 1862 150 192

1080 174 1316 207 παρασκευάζωσι
1335 175 1448 212 φοϐερὰ,
1467 176 1538 204 ὥστε
1561 177 1613 205 ὑπὸ
1627 178 1675 205 τοῦ
1696 178 1774 211 δέους
1793 189 1861 207 κατ-

1079 215 1285 251 αναγκασθῆναι
1300 217 1368 252 πρὸς
1380 217 1426 245 τὸν
1439 218 1570 254 μητρικδν
1578 219 1675 246 κόλπον
1684 223 1862 256 καταφυγεῖν..

1079 255 1157 298 ρῦτω
1175 258 1221 284 καὶ
1236 258 1326 291 ὁΘεὺς
1347 260 1513 287 ἀνατείνεται
1528 261 1655 293 πολλάκις
1673 261 1796 297 ἀπειλὴν.
1812 263 1862 298 οὐχ

1080 296 1127 338 ἵνα
1137 298 1273 336 ἐπαγάγῃ,
1287 300 1395 327 ἀλλ’ἵνα
1407 301 1475 337 πρὸς
1488 302 1568 329 αὑτὸν
1583 296 1861 338 ἐφελκύσηταιζὌταν

1079 336 1144 370 γοῦν
1159 338 1349 375 ἐπανέλθωμεν
1358 336 1527 376 πρδςναὺτδν,
1542 341 1598 369 λύει
1605 336 1650 369 τὸν
1658 336 1739 377 φόϐον
1749 342 1860 374 εὐθέως·

1078 377 1116 409 ὡς
1141 378 1198 412 είγε
1224 380 1310 415 ὅμοιοι
1330 379 1401 418 ἦμεν
1428 384 1458 410 ἐν
1477 386 1639 419 πειρασμοῖς
1651 384 1698 411 καὶ
1715 384 1744 410 ἐν
1759 383 1860 416 ἀνέσει,

1078 420 1135 462 οὺδξγ
1151 420 1183 447 ἂν
1200 422 1294 458 ἐδέησε
1319 425 1492 460 πειρασμῶν.
1507 425 1583 462 [148]
1598 425 1654 453 Καὶ
1669 424 1696 451 τί
1713 425 1784 460 λέγω
1798 425 1862 460 περὶ

1078 461 1174 496 ἡμῶν;
1191 463 1246 490 Kal
1263 464 1318 500 γάρ
1333 467 1390 497 τοῖς
1406 466 1494 501 ἀγίοις
1508 461 1622 498 ἐκείνοις
1641 467 1723 498 πολὺς
1738 466 1861 493 ἐντεῦθεν

1077 503 1091 543 6
1107 505 1294 540 σωφρονισμὺς
1309 504 1352 542 ἦν.
1370 507 1419 534 Διά
1430 508 1509 535 τοῦτο
1521 509 1568 535 καὶ
1586 508 1600 534 6
1612 508 1756 543 Προφήτης
1770 507 1843 541 λέγει
1853 514 1859 522 ¹

1084 542 1112 570 Ἀ
1117 545 1209 578 γαθόν
1223 555 1274 580 μοι
1284 547 1329 574 ὅτι
1339 548 1542 582 ἐταπείνωσάς
1552 557 1599 583 με.
1609 542 1662 576 Καὶ
1674 542 1753 580 αὑτὸς
1763 548 1792 575 δὲ
1805 548 1861 579 τοῖς

1077 583 1247 619 Ἀποστόλοις
1259 588 1366 623 ἐλεγεν·
1396 590 1445 618 Ἐν
1462 590 1503 623 τῷ
1521 591 1624 625 κόσμῳ
1644 590 1748 624 θλῖψιν
1766 589 1859 622 ἕξετε.

1077 627 1132 653 Καὶ
1146 627 1161 653 6
1182 629 1286 662 Παῦλος
1311 631 1389 658 τοῦτο
1412 632 1478 658 αὐτὸ
1501 632 1646 659 αἰνίττεται
1659 651 1667 664 ,
1693 632 1757 658 ὅταν
1774 631 1859 667 λέγῃ·

1084 667 1183 703 Ἐδόθη
1191 679 1243 703 μοι
1256 672 1378 706 σκόλοψ
1387 672 1425 707 τῇ
1440 674 1540 707 σαρκὶ,
1554 673 1680 708 ἄγγελος
1693 671 1862 704 Σατᾶννῖνα

1073 716 1112 742 με
1126 711 1278 746 κολαφίζῃ.
1297 713 1343 739 Διὸ
1356 714 1402 741 καὶ
1417 714 1522 750 δεηθεὶς
1537 714 1726 749 ἀπαλλαγῆναι
1739 713 1785 740 τοῦ
1801 721 1862 739 πει·
1880 724 1910 730 -σ

1079 751 1193 792 ρασμοῦ,
1212 752 1261 779 οὐκ
1274 754 1398 790 ἐπέτυχε,
1421 755 1464 783 διὰ
1491 756 1522 783 τὸ
1542 756 1641 792 πολλὴν
1662 755 1692 787 ἐξ
1712 754 1794 782 αὐτοῦ
1811 754 1861 790 τὴν

1076 791 1208 826 ὠφέλειαν
1235 795 1387 829 ἐγγίνεσθαι
1398 797 1429 823 ⁵³.
1448 797 1510 824 Ἐὰν
1524 798 1552 824 δέ
1573 797 1620 824 καὶ
1642 797 1689 824 τοῦ
1713 797 1793 824 Δαυτδ
1815 796 1891 823 τὸν...

1076 832 1134 867 βίον
1161 836 1318 872 ἐπέλθωμεν
1344 838 1460 869 ἅπαντα.
1483 839 1635 874 εὑρήσομεν
1656 839 1736 865 αὑτὸν
1751 839 1780 865 ἐν
1803 839 1861 869 τοῖς

1076 876 1207 910 κινδύνοις
1222 878 1409 916 λαμπρότερον
1436 880 1511 914 ὄντα,
1534 882 1584 908 καὶ
1607 881 1697 913 αὐτὸν,
1724 881 1771 908 καλ⁵
1798 880 1859 912 τοὺς

1076 918 1171 951 ἄλλους
1191 919 1313 953 ἅπαντας
1337 922 1399 953 τοὺς
1415 922 1473 949 κατ’
1487 923 1600 949 ἐκεῖνον.
1614 923 1669 949 Καὶ
1691 922 1746 958 γὰρ
1768 922 1783 948 6
1800 920 1860 948 Ἰὼϐ

1076 960 1136 989 τότε
1152 961 1281 996 μειζόνως
1291 963 1406 998 ἔλαμψε,
1421 965 1467 990 καὶ
1481 964 1496 991 ό
1517 963 1613 1000 Ἰωσὴφ
1628 964 1657 991 δὲ
1667 964 1690 980 ⁸⁸
1706 963 1794 995 οὕτως
1813 963 1860 990 ἐπὶ⁵

1075 1004 1156 1031 πλέον
1169 1004 1340 1040 εὐδοκίμησε,
1357 1007 1404 1032 καὶ
1417 1007 1431 1033 6
1448 1005 1544 1033 Ἰακὼϐ
1557 1006 1596 1038 δὲ,
1613 1006 1660 1033 καὶ
1673 1006 1688 1032 6
1700 1005 1794 1032 τούτου
1810 1013 1861 1032 παι

1075 1048 1137 1082 τὴρ,
1150 1047 1198 1073 καὶ
1213 1048 1227 1073 6
1241 1047 1357 1080 ἐκείνου,
1371 1048 1417 1074 καὶ
1433 1049 1533 1080 πάντες
1547 1048 1603 1075 ὅσοι
1622 1047 1731 1074 πώποτε
1741 1048 1762 1063 ⁸⁷
1785 1046 1861 1082 λαμ-

1076 1087 1224 1123 προτέρους
1239 1088 1401 1124 ἀνεδήσαντο
1417 1089 1565 1123 στεφάνους
1576 1109 1584 1121 ,
1600 1089 1653 1116 ἀπὺ
1669 1088 1783 1123 θλίψεων
1812 1087 1860 1114 καὶ

1075 1129 1236 1165 πειρασμῶν
1249 1130 1297 1156 καὶ
1312 1127 1548 1166 ἐστεφανώθησαν,
1563 1131 1609 1157 καὶ
1623 1129 1858 1166 ἀνεκηρύχθησαν.

1076 1170 1165 1206 Ἀπερ
1179 1171 1266 1197 πάντα
1278 1172 1436 1204 συνειδότες,
1451 1172 1522 1200 κατὰ
1532 1171 1577 1200 τὸν
1588 1172 1669 1207 σοφὸν
1678 1172 1700 1188 ⁸⁸
1711 1172 1798 1206 λόγον,
1809 1170 1858 1203 Μὴ

1075 1212 1255 1247 σπεύσωμεν
1266 1212 1301 1239 ἐν
1311 1212 1402 1247 καιρῷ
1415 1213 1581 1249 ἐπαγωγῆς,
1591 1213 1647 1241 ἀλλ’
1661 1213 1690 1239 ἐν
1706 1213 1784 1248 μόνον
1796 1212 1858 1238 ἐαυ-

1075 1253 1137 1285 τοὺς
1162 1253 1403 1288 παιδεύσωμεν,τὸ
1426 1255 1518 1291 φέρειν
1541 1256 1629 1282 πάντα
1653 1254 1793 1289 γενναίως,
1810 1253 1858 1280 καὶ

1076 1295 1159 1330 μηδὲν
1183 1295 1432 1331 πολυπραγμονεῖν,
1464 1297 1530 1332 μηδέ
1553 1296 1780 1332 περιεργάζεσθαι
1804 1295 1858 1321 τῶν

1075 1336 1234 1372 γινομένων.
1254 1336 1291 1364 Τὸ
1307 1338 1356 1373 μὲν
1368 1338 1422 1373 γὰρ
1438 1338 1546 1371 είδέναι,
1559 1339 1625 1366 πότε
1640 1338 1679 1364 δεῖ
1689 1338 1799 1373 λυθῆναι
1809 1337 1858 1368 τὰς

1076 1378 1189 1413 θλίψεις,
1204 1378 1252 1405 τοῦ
1273 1379 1475 1415 συγχωροῦντος
1489 1380 1574 1412 αὐτὰς
1590 1380 1747 1417 προσελθεῖν
1771 1378 1838 1405 Θεοῦ
1849 1386 1857 1394 ο

1075 1420 1105 1446 τὺ
1123 1420 1152 1447 δέ
1172 1420 1362 1455 ἐπενεχθείσας
1377 1420 1446 1456 μετά
1466 1421 1556 1456 πάσης
1569 1421 1662 1457 φέρειν
1674 1420 1856 1456 εὐχαριστίας,

1073 1461 1123 1496 τῆς
1141 1460 1218 1496 ἡμῶν
1245 1461 1454 1497 εὐγνωμοσύνης
1474 1462 1565 1489 λοιπὸν
1580 1462 1659 1498 ἔργον
1678 1462 1750 1488 ἐστίν
1763 1470 1770 1477 ·
1789 1462 1858 1496 ὅπερ

1073 1502 1121 1529 ἐάν
1133 1502 1255 1537 γένηται,
1271 1503 1359 1530 πάντα
1373 1503 1467 1538 ἕψεται
1478 1503 1515 1531 τὰ
1529 1503 1629 1538 ἀγαθά.
1648 1504 1696 1531 ”1ν“
1713 1501 1759 1530 οὖν
1773 1502 1858 1529 ταῦτα

1073 1543 1183 1578 ἕπηται,
1197 1544 1244 1570 καὶ
1265 1544 1441 1581 δοκιμώτεροι
1463 1546 1511 1581 μὲν
1531 1545 1661 1577 ἐνταῦθα,
1675 1545 1857 1581 λαμπρότεροι

1072 1584 1101 1611 δὲ
1116 1586 1204 1611 ἐκεῖσε
1221 1584 1371 1620 γενώμεθα,
1396 1587 1450 1613 πᾶν
1466 1586 1480 1613 6
1496 1586 1544 1614 ἐὰν
1560 1587 1689 1622 ἐπενεχθῇ
1705 1586 1856 1622 δεχώμεθα,

1073 1626 1151 1661 χάριν
1164 1626 1263 1657 εἰδότες
1279 1626 1348 1663 ὑπὲρ
1358 1626 1467 1654 πάντων
1479 1627 1518 1663 τῷ
1532 1628 1612 1655 εἰδότι
1625 1628 1724 1662 μᾶλλον
1738 1627 1815 1663 ἡμῶν
1828 1627 1858 1654 τδ

1074 1667 1220 1702 συμφέρον,
1239 1667 1285 1695 καὶ
1301 1667 1354 1694 τῶν
1367 1669 1570 1705 γεγεννηκότων
1588 1669 1763 1705 σφοδρότερον
1785 1670 1858 1704 ἡμᾶς

1073 1708 1207 1743 φιλοῦντι⁸
1236 1709 1284 1736 καὶ
1306 1709 1416 1742 τούτους
1442 1711 1613 1746 ἀμφοτέρους
1630 1712 1693 1743 τοὺς
1712 1712 1858 1747 λογισμοὺς

1072 1750 1133 1778 καθ’
1154 1750 1269 1778 ἕκαστον
1290 1751 1346 1778 τῶν
1369 1752 1462 1779 δεινῶν
1485 1753 1590 1784 ἐαυτοῖς
1604 1753 1757 1789 ἐπᾴδοντες,
1773 1762 1858 1780 κατα-

1073 1791 1225 1828 στέλλωμεν
1235 1792 1283 1829 τὴν
1297 1793 1425 1829 ἀθυμίαν,
1446 1795 1494 1821 καὶ
1515 1794 1669 1830 δοξάζωμεν
1687 1796 1716 1822 ἐν
1731 1796 1796 1822 πᾶσι
1812 1795 1858 1822 τὸν

1073 1835 1161 1861 πάντα
1182 1834 1252 1870 ὑπὲρ
1273 1835 1352 1870 ἡμῶν
1373 1835 1502 1863 ποιοῦντα
1525 1836 1571 1863 καὶ
1599 1837 1858 1872 πραγματευόμενον

1072 1877 1148 1904 Θεόν.
1166 1876 1244 1904 Οὕτω
1262 1877 1316 1913 γὰρ
1329 1879 1376 1905 καὶ
1395 1878 1445 1910 τὰς
1469 1878 1614 1910 ἐπιϐουλὰς
1643 1879 1857 1914 διακρουσόμεθα

1073 1919 1180 1955 ῥᾳδίως,
1192 1919 1238 1946 καὶ
1247 1919 1301 1946 τῶν
1309 1920 1456 1955 ἀκηράτων
1465 1919 1661 1956 ἐπιτευξόμεθα
1677 1920 1816 1955 στεφάνων
1823 1921 1856 1952 ⁸⁸,

1072 1962 1162 1998 χάριτι
1184 1962 1231 1989 καὶ
1252 1962 1441 1998 φιλανθρωπίᾳ
1469 1962 1516 1989 τοῦ
1539 1963 1640 1998 Κυρίου
1666 1962 1744 1998 ἡμῶν
1769 1962 1856 1998 Ἰησοῦ

1071 2003 1202 2040 Χριστοῦ,
1219 2003 1277 2039 μεθ’
1293 2000 1323 2030 οὗ
1346 2004 1386 2040 τῷ
1404 2005 1488 2038 πατρὶ
1499 2004 1572 2037 δόξα,
1590 2004 1700 2039 κράτος,
1715 2004 1791 2040 τιμὴ,
1809 2006 1857 2032 σὺν

1073 2046 1142 2081 ἀγίῳ
1157 2045 1305 2081 Πνεύματι,
1318 2045 1366 2074 νῦν
1379 2046 1426 2073 καὶ
1443 2046 1489 2073 ἀεὶ
1501 2047 1549 2073 καὶ
1562 2048 1601 2079 είς
1611 2048 1673 2079 τοὺς
1685 2047 1785 2080 αἰῶνας
1799 2047 1855 2074 τῶν

1072 2088 1189 2116 αἰώνων.
1202 2088 1298 2124 Ἀμήν.

274 2142 297 2158 ⁵³
309 2141 472 2178 ἐτύπτησας]
495 2142 613 2178 ἐπληξας
634 2143 726 2171 iidem.
768 2145 792 2164 ⁸⁸
803 2143 880 2195 mal]
893 2143 954 2171 add.
969 2143 1009 2170 δεῖ
1023 2143 1056 2171 Α.
1073 2143 1106 2171 Β.
1141 2143 1165 2158 ⁸³
1181 2141 1327 2178 ὑδροποσίᾳ
1343 2141 1468 2195 πρόσεχε,
1494 2140 1550 2186 ἵνα]
1564 2142 1713 2176 ὑδροπότει.
1734 2141 1821 2176 Πρόσε

274 2186 279 2195 ι
299 2177 354 2195 [MA
391 2185 451 2195 mnv
474 2179 649 2195 ἑυν-υι-ιηέυ-Αιι
678 2179 698 2195 Il
731 2178 750 2195 I7
780 2179 799 2195 Ε*
878 2178 957 2195 οὒκ-ἷῖ
976 2180 1004 2195 ξι.
1024 2179 1044 2195 ιὶ
1090 2178 1112 2194 17
1128 2177 1263 2195 λιιυᾶιιεῦη
1286 2176 1325 2195 ηρ
1383 2178 1416 2195 ΛιΙ
1463 2177 1487 2194 II
1519 2177 1599 2195 Δημαικῖ
1614 2177 1663 2195 add
1697 2177 1750 2195 vim
1771 2177 1792 2195 [Ἴ

242 2177 281 2204 ίνα
289 2177 375 2213 ᾉΕᾱᾱη
391 2177 649 2213 ῐηοιίέγγινομένην
678 2179 708 2206 υ.
729 2178 760 2206 Ε.
778 2179 809 2206 F.

901 2178 957 2214 ἐπί]
975 2180 1004 2205 ἐν
1023 2179 1060 2214 Β,
1090 2178 1112 2194 υτ
1128 2176 1270 2214 ῥηξάμεθά
1286 2176 1334 2214 Gé,

240 2213 270 2239 Ε.
289 2211 318 2238 F.
346 2212 378 2250 _”
393 2211 587 2250 πιόντεςγΕᾶά,
603 2211 641 2250 7“
658 2214 799 2250 ἐλάϐομεν]
816 2213 877 2250 add.
894 2211 1023 2250 ph:d1top

1074 2222 1119 2248 νιεν
1134 2211 1203 2250 _Edd_L
1227 2212 1401 2250 vi_d.‘adnp_t._
1435 2212 1556 2250 ⁶¹-ήμῶν

1598 2151 1713 2176 ροποτει.
1735 2151 1821 2176 ιιροσε
1841 2151 1855 2169 ε

1598 2177 1675 2212 \add.
1697 2177 1750 2212 γάρ
1771 2177 1803 2204 C.

1598 2212 1643 2239 dd.
1681 2213 1703 2227 “
1719 2213 1854 2239 καταφεύ-

1383 2177 1487 2227 dd.“"
1515 2177 1600 2238 ιξὺτιὲ]
1614 2177 1675 2204 add.
1697 2177 1750 2212 γάρ
1771 2177 1803 2204 C.

1383 2216 1398 2238 ί.
1479 2212 1556 2239 ἡμων
1598 2212 1643 2239 dd.
1681 2213 1703 2227 “
1719 2220 1854 2239 καταφευ-

239 2254 330 2296 nov-:5:
346 2247 376 2274 B.
397 2252 425 2274 et
434 2255 475 2282 pr.
496 2249 528 2275 D.
568 2249 589 2264 ⁶³
600 2248 719 2310 ἐπειδὰνῖ
732 2246 798 2276 ἑϋᾱῖ
813 2249 867 2284 γάρ
885 2246 967 2276 Ᾱ.’Β.
1005 2249 1023 2264 ⁶⁴

273 2281 389 2310 πωποτεΙ
408 2283 469 2310 add.
502 2282 650 2310 διέλαμων
672 2293 707 2310 κα
743 2284 777 2310 Α.
801 2283 831 2310 Β.
855 2284 918 2310 add.
944 2283 1023 2310 ἕλαιιιί

1074 2247 1231 2283 τοκρίνεσθαι
1242 2247 1275 2274 Δ.
1292 2246 1322 2273 Β.
1358 2247 1380 2263 ⁸⁸
1394 2246 1560 2287 ἐπιγίνεσθαι
1576 2247 1606 2273 D.
1641 2246 1663 2262 “
1674 2246 1702 2287 δέ
1716 2254 1770 2274 om.
1785 2246 1853 2274 Edd.

1085 2282 1132 2309 καί
1157 2282 1225 2310 Edd.
1254 2281 1319 2309 Post
1343 2281 1452 2308 πώποτε
1472 2282 1637 2310 dlsumzunre
1661 2283 1786 2309 Videntur
1811 2283 1853 2309 ln-

241 2281 260 2296 "
273 2281 389 2318 πώποτε]
408 2281 486 2318 οᾶάκ
502 2282 650 2318 διέλαμψαν
672 2293 707 2310 κα

743 2284 777 2318 Α,
801 2281 831 2311 Β.
853 2281 918 2311 'add.
944 2283 1023 2318 ἕλαμιί

1085 2281 1132 2309 καί
1157 2282 1225 2318 Edd.
1254 2281 1319 2318 Post
1343 2281 1452 2318 πώποτε
1463 2282 1786 2318 _disgingllnre_videnunj
1811 2283 1854 2309 ln-

241 2320 324 2359 ιοτρρ.
362 2314 552 2379 “cog—£64216?)
569 2314 651 2353 σοφοῦ
664 2320 699 2347 Δ.
718 2319 748 2347 Β.
765 2317 796 2346 D.
811 2319 894 2346 Paulo
909 2323 970 2354 post
988 2314 1023 2345 στί

241 2359 310 2379 mm:
327 2353 463 2379 ἐπιτυγειν
502 2354 548 2379 dd.

1074 2324 1146 2352 ωμεν
1158 2317 1228 2345 Edd.
1282 2317 1304 2333 "
1325 2316 1474 2353 στεφάνων]
1493 2314 1612 2344 οιΙάΪῶν
1626 2315 1730 2350 γένοιτο
1749 2316 1855 2349 πάντας

241 2352 310 2386 ἡμᾶς
327 2353 463 2387 ἐπιτυχεῖν
478 2352 548 2381 Edd.

274 2422 507 2429 ᾖ

907 2451 981 2488 μιν]
1001 2450 1122 2480 omnm
1140 2450 1192 2477 IA'.

245 2493 324 2532 766ij
338 2495 373 2522 δὲ
389 2496 524 2532 πολλοὺς
535 2497 593 2523 τῶν
602 2496 813 2532 Σαδδουκαίον
822 2498 846 2514 ⁷ο
870 2497 919 2524 καί
937 2499 1020 2532 Φαρι-

272 2530 365 2567 σμίων
387 2531 578 2567 ἐρχομένους-λ
594 2531 644 2558 ἐπὶ
669 2533 702 2558 τὸ
726 2532 883 2567 βάπτισμα
911 2530 1018 2565 αὐτοῦ,

272 2563 355 2600 εἶπεν
362 2563 473 2598 αὑτόῖῤ·
484 2563 659 2600 Γεννήματα
666 2563 802 2600 ἐχιδνῶν,
813 2563 854 2600 tl;
863 2563 1020 2600 ὑπέδειξεν

269 2599 340 2634 ὑμῖν
353 2600 460 2635 φυγεῖν
479 2601 536 2628 ἀπὸ
549 2599 604 2635 τῆς
617 2602 791 2636 μελλούσης
804 2599 893 2636 ὁρτῆς
906 2610 915 2634 ἱ

270 2656 303 2680 α’.
319 2653 381 2684 Πῶς
395 2651 442 2681 οὖν
457 2663 540 2690 φησιν
552 2656 566 2682 6
579 2656 710 2691 Χριστὸς,
731 2657 771 2683 ὅτι
790 2656 840 2683 οὑκ
859 2656 1021 2683 ἐπίστευσαν

242 2692 365 2730 Ἶωάννῃ;
380 2695 440 2721 ’Ὁτι
452 2696 501 2722 οὑκ
511 2693 545 2731 ἦν
556 2697 634 2723 τοῦτο
650 2697 802 2728 πιστεῦσαι,
814 2697 844 2723 τὺ
854 2697 900 2723 τὸν
913 2706 1015 2732 κηρυτ-

238 2733 345 2768 τόμενον
358 2735 403 2762 ὑπ’
418 2735 500 2763 αὐτοῦ
517 2737 555 2772 μὴ
571 2737 706 2769 δέξασθαι.
726 2738 800 2764 Ἐπεὶ
814 2738 861 2764 καὶ
875 2739 930 2769 τοῖς
946 2738 1016 2773 Προ-

236 2775 330 2810 φήταις
358 2776 450 2809 ἔδοξαν
467 2778 637 2813 προσέχειν⁷¹
655 2779 702 2806 καὶ
725 2778 763 2814 τῷ
781 2778 938 2814 Νομοθέτῃο
958 2779 1016 2807 ἀλλ’

235 2816 307 2851 ὅμως
324 2818 424 2854 έφησεν
439 2819 537 2851 αὐτοὺς
553 2820 590 2855 μὴ
610 2821 840 2856 προσεσχηκέναι,
855 2821 949 2857 ἐπειδὴ
971 2821 1016 2848 τὸν

236 2860 299 2893 παρ’
315 2860 426 2887 ἐκείνων
446 2861 680 2896 προφητευόμενον
696 2862 744 2889 οὐκ
762 2862 895 2895 ἐδέξαντο.
914 2864 947 2890 El
960 2863 1016 2898 τὰρ

234 2899 437 2935 ἐπιστεύσατε,
450 2903 524 2938 φησὶ,
539 2903 661 2938 Μωῦσῇ,
675 2903 870 2932 ἐπιστεύσατε
885 2904 922 2932 ἂν
935 2905 1010 2940 ἐμοί’

1068 2495 1123 2523 Καὶ
1139 2494 1208 2531 μετὰ
1222 2494 1308 2522 ταῦτα
1322 2495 1351 2523 δέ
1365 2494 1536 2532 ἐρωτώμενοι
1555 2494 1631 2530 παρὰ
1651 2495 1700 2523 τοῦ
1717 2496 1851 2533 Χριστοῦ,

1071 2538 1105 2564 Τὸ
1120 2536 1278 2572 βάπτισμα
1299 2536 1438 2564 Ἰωάννου
1456 2536 1548 2563 πόθεν
1566 2536 1668 2569 ἐστίν;
1687 2537 1795 2572 ἐλεγον,
1811 2540 1853 2566 ὅτι

1074 2578 1145 2605 Ἐὰν
1165 2578 1304 2612 εἴπωμεν,
1324 2578 1382 2605 ἀπὸ
1402 2576 1467 2612 τῆς,
1487 2577 1657 2612 φοϐούμεθα
1671 2578 1724 2605 τὸν
1740 2579 1850 2613 ὄχλον·

1067 2619 1121 2646 ἐὰν
1134 2619 1272 2654 εἴπωμεν,
1297 2619 1356 2646 ἀπὸ
1380 2618 1520 2652 οὐρανοῦ,
1538 2619 1599 2653 ἐρεῖ
1610 2619 1691 2654 ἡμῖν,
1709 2621 1775 2654 Πῶς
1796 2619 1850 2648 οὖν

1068 2662 1123 2687 οὐκ
1137 2661 1334 2687 ἐπιστεύσατε
1349 2659 1446 2692 avni");
1459 2660 1539 2686 Ὥστε
1561 2660 1590 2693 ἐξ
1607 2661 1733 2688 ἁπάντων
1749 2662 1853 2689 τούτων

1069 2701 1158 2736 δῆλον,
1176 2702 1216 2728 ὃτι
1241 2701 1421 2736 παρεγένοντο
1444 2701 1493 2737 μὲν
1515 2702 1562 2728 καὶ
1585 2702 1802 2738 ἐϐαπτίσθησαν·
1820 2705 1852 2730 οὺ

1071 2743 1124 2777 μὴν
1138 2742 1248 2776 ἔμειναν
1269 2743 1314 2769 ἐπὶ
1327 2743 1376 2777 τῆς
1393 2743 1511 2776 πίστεως
1527 2743 1574 2770 τοῦ
1599 2744 1784 2780 κηρύγματος.
1797 2745 1851 2772 Καὶ

1068 2783 1123 2819 γὰρ
1134 2784 1148 2810 6
1167 2782 1291 2818 Ἰωάννης
1305 2783 1438 2811 δείκνυσιν
1450 2785 1540 2812 αὐτῶν
1549 2785 1599 2821 τὴν
1617 2786 1758 2823 πονηρίαν,
1776 2786 1806 2819 ἐξ
1814 2784 1851 2814 ὧν

1069 2824 1138 2860 πρὸς
1157 2825 1203 2852 τὸν
1232 2825 1388 2861 Βαπτιστὴν
1414 2826 1539 2862 ἔπεμπον
1557 2826 1697 2862 λέγοντες·
1712 2829 1747 2855 El
1766 2829 1808 2856 σὺ
1822 2826 1850 2856 ει

1075 2866 1191 2899 Ἠλίας;
1201 2867 1227 2893 εὶ
1240 2867 1280 2894 σὺ
1294 2865 1325 2894 εἴ
1334 2869 1350 2894 ὀ
1360 2869 1486 2903 Χριστός
1494 2877 1504 2901 ;
1519 2868 1560 2896 διδ
1577 2869 1624 2897 καὶ
1641 2870 1794 2906 ἐπήγαγεν·
1816 2871 1849 2898 Ol

1063 2907 1098 2933 δὲ
1107 2907 1327 2941 ἀπεσταλμένοι
1342 2906 1423 2946 ἦσαν
1435 2910 1470 2938 ἐκ
1479 2909 1539 2939 τῶν
1549 2912 1726 2946 Φαρισαίων.
1741 2911 1774 2939 Τί
1780 2909 1843 2946 οὗν;

266 2948 288 2964 ⁷⁵
303 2949 369 2986 Φαρ.
391 2950 437 2977 καὶ
451 2950 513 2978 Σαδ.
528 2950 561 2979 Α.
575 2950 607 2978 C.
644 2952 665 2968 ⁷¹
678 2952 821 2987 προσέχειν
834 2960 889 2981 om.
903 2952 934 2981 C.
951 2961 1023 2986 mea

1074 2954 1167 2985 ηκέναι
1183 2954 1250 2983 Edd.
