2073 3127
191 123 240 154 I95

190 190 220 210 ex
234 181 351 209 chitica
367 180 438 208 tribu
454 185 523 214 erat,
543 178 728 215 interrogando
744 178 854 206 insidias
865 178 916 214 ipsi
937 185 983 213 pa-

188 230 297 260 rabant;
317 232 347 254 ut
360 227 382 254 si
398 226 462 262 quid
477 234 556 254 secus
565 225 749 261 responderet,
765 225 792 252 in
806 225 880 252 illum
894 232 983 252 insur-

187 278 288 308 gerent.
302 272 358 300 Hoc
368 273 440 299 enim
453 273 534 300 etiam
547 280 580 299 ex
595 271 766 306 sequentibus
774 271 893 299 declarat
904 281 910 298 :
922 278 984 299 nam

188 327 248 346 runt
262 318 327 346 nihil
340 326 435 346 eorum
450 326 510 353 qua:
524 318 572 353 ipsi
587 317 779 353 exspectabant
790 318 983 353 respondisset,

189 372 276 393 tamen
293 366 379 400 ipsum
402 365 539 399 culpantes
560 364 653 391 dicunt
669 372 675 390 :
698 363 766 396 Quid
785 372 844 398 ergo
860 364 983 399 baptizas,

189 412 209 440 ti
222 417 249 439 tu
261 420 312 438 non
326 420 352 438 es
362 411 476 439 Christus
491 410 581 445 (Joan.
593 411 619 437 L
632 410 699 446 25)?
712 415 740 438 ut
752 418 816 438 vero
831 409 919 437 discas
932 410 984 438 alia

189 463 279 485 mente
293 457 452 491 Pharisaeos,
466 458 517 484 alia
532 457 635 492 plebem
649 457 765 488 venisse,
779 457 840 483 audi
851 456 985 492 quomodo

189 505 352 540 evangelista
372 505 424 532 hoc
444 505 524 532 etiam
545 504 672 531 declaret.
693 504 758 531 Cum
774 511 870 538 nempe
888 503 921 539 de
936 511 985 538 po-

190 551 254 585 pulo
266 550 313 583 ait,
330 551 402 585 ipsos
419 550 526 578 venisse
540 554 567 577 et
578 550 612 577 ab
626 549 670 576 illo
682 549 828 583 baptizatos
847 556 906 576 esse
921 556 986 575 con-

192 596 297 623 ﬁtentes
311 601 420 631 peccata
431 603 495 627 sua;
510 595 544 623 de
555 595 696 622 Pharisaeis
710 603 773 622 vero
784 603 836 622 non
850 595 982 627 similiter,

191 642 238 668 sed
254 641 296 669 liis
308 641 396 668 verbis
411 650 417 668 :
445 640 538 668 Viaens
549 641 641 668 multos
655 640 857 668 Sadducazorum
870 645 894 667 et
914 640 985 667 Plia-

192 688 322 714 risworum
335 687 469 719 venientes,
485 687 601 714 dicebat:
618 686 752 713 Genimina
766 687 917 722 viperarum,
929 687 985 721 quis

194 733 260 760 vobis
274 733 451 760 demonstravit
473 732 559 768 fugere
573 741 589 759 a
603 737 707 759 ventura
720 733 780 759 ira?
793 733 871 767 Papae
883 732 888 758 l
901 740 985 767 quan-

193 785 246 807 tam
256 780 337 807 animi
351 779 576 814 magnitudinem!
588 779 727 813 Quomodo
738 779 882 813 alloquitur
895 779 985 806 homi-

193 833 241 853 nes
256 825 411 860 sanguinem
424 825 608 860 propheticum
621 832 727 859 semper
738 825 871 857 sitientes,
885 824 985 859 quique

194 879 246 898 non
266 875 341 899 erant
354 871 523 905 serpentibus
538 870 679 898 mitiores?
693 877 753 897 cum
771 874 868 905 quanta
884 874 910 897 et
925 870 985 898 illos

194 924 220 946 et
233 923 356 953 parentes
371 918 476 944 illorum
489 918 610 945 libertate
623 917 797 945 criminatur?

235 963 286 991 Car
307 963 421 990 Joannes
450 963 565 998 Baptista
585 963 731 990 Pliariswos
753 963 927 997 increpaverit.
949 977 986 982 —

195 1010 289 1042 Etiam,
297 1010 409 1044 inquies,
421 1009 545 1044 loquendi
557 1009 664 1036 libertas
673 1009 786 1036 maxima
793 1013 850 1036 est:
862 1008 909 1036 sed
917 1016 985 1044 qum-

195 1056 303 1083 rcndum
316 1063 349 1083 an
365 1055 475 1082 libertas
497 1054 647 1089 hujusmodi
661 1054 747 1089 aliqua
756 1055 861 1082 ratione
874 1054 983 1081 nitatur.

195 1101 284 1136 Neque
296 1101 366 1128 enim
388 1105 530 1135 peccantes
543 1100 618 1133 vidit,
633 1101 680 1127 sed
692 1100 900 1135 resipiscentcs:
916 1107 983 1134 qua-

195 1154 302 1183 propter
321 1155 372 1174 non
397 1147 506 1182 culpare
528 1147 678 1181 oportebat,
700 1146 747 1174 sed
772 1145 882 1173 lattdare
906 1150 986 1180 atquc

195 1193 339 1228 suscipere,
362 1193 423 1228 quia
444 1192 537 1220 relicta
558 1192 625 1220 urbe
650 1196 676 1221 et
698 1191 789 1225 domo,
813 1195 986 1219 accurrerant

196 1239 409 1273 pnedicationem
433 1238 559 1266 audituri.
573 1237 642 1272 Quid
655 1245 719 1273 ergo
734 1237 875 1265 dicamus?
895 1236 984 1272 Ipsum

195 1286 325 1317 videlicet,
345 1293 398 1313 non
412 1285 598 1321 prmsentibus,
622 1292 709 1320 neque
722 1284 802 1312 rebus
819 1291 880 1320 qua:
898 1283 986 1319 palam

195 1332 362 1367 gerebantur,
377 1331 533 1364 attendisse,
547 1330 594 1358 sed
608 1338 705 1358 arcana
719 1329 816 1358 mentis
828 1336 920 1357 eorum
935 1336 985 1356 no-

196 1380 273 1411 visse,
287 1378 313 1405 id
326 1378 462 1406 revelante
476 1377 541 1405 Deo.
554 1376 684 1411 Quoniam
699 1376 778 1411 igitur
789 1375 823 1404 de
840 1375 986 1410 majoribus

197 1424 250 1451 suis
260 1424 343 1450 altum
358 1423 508 1457 sapiebanl,
521 1422 600 1457 idque
614 1421 680 1457 ipsis
693 1421 820 1456 perniciei
832 1427 912 1448 causa
927 1419 986 1447 fue-

195 1475 245 1502 rat,
261 1470 386 1504 ipSOSquc
399 1469 425 1496 in
440 1468 569 1496 desidiam
585 1468 748 1502 conjecerat,
769 1467 928 1502 arrogantiae
941 1474 986 1493 ra-

196 1515 278 1542 dicem
294 1515 415 1542 succidit.
429 1514 572 1549 Propterea
588 1513 668 1541 Isaias
679 1513 738 1541 illos
752 1513 886 1548 principes
901 1511 987 1539 Sodo-

197 1568 310 1592 morum,
325 1564 353 1587 et
374 1560 500 1595 populum
513 1559 670 1587 Gomorrhce
684 1563 763 1587 vocat
783 1558 861 1594 (Isai.
876 1559 903 1586 ι.
916 1558 960 1594 10)
977 1566 984 1585 :

196 1611 222 1633 et
234 1606 301 1633 alter
314 1606 444 1641 propheta
455 1605 534 1633 dicit:
546 1605 639 1633 Nonne
647 1605 712 1632 sicut
720 1605 768 1640 ﬁlii
777 1605 932 1640 Ethiopian
941 1613 985 1633 vos

197 1653 252 1679 estis
263 1652 351 1688 (Amos
365 1652 391 1679 9.
407 1651 457 1687 7)?
472 1659 619 1686 omnesque
639 1651 674 1678 ab
692 1651 742 1678 hac
762 1651 888 1686 opinione
900 1650 986 1678 dedu-

197 1703 259 1725 cunt
281 1699 351 1731 illos,
376 1702 507 1725 tumorem
529 1698 634 1725 illorum
650 1701 823 1730 evacuantes,
839 1697 884 1732 qui
909 1697 988 1724 innu—

197 1743 362 1771 merabilium
376 1743 440 1778 ipsis
455 1743 584 1770 malorum
599 1750 679 1770 causa
690 1742 788 1770 fuerat.
809 1743 854 1777 At,
869 1742 985 1778 inquies,

197 1790 222 1816 id
234 1790 294 1823 jure
309 1788 448 1823 propheta:
463 1788 607 1821 faciebant,
623 1789 667 1823 qui
683 1788 742 1816 illos
756 1792 897 1823 peccantes
910 1788 986 1815 vide-

197 1837 259 1864 bant
273 1844 280 1862 :
297 1836 340 1863 hic
352 1843 417 1863 vero
430 1843 477 1862 cur
489 1840 516 1862 et
529 1843 580 1870 qua
594 1835 626 1862 de
639 1842 731 1867 causa,
747 1842 808 1862 cum
824 1835 884 1863 illos
897 1835 988 1863 videat

197 1882 422 1916 obtemperantes,
436 1881 548 1916 idipsum
569 1881 650 1908 facit?
664 1880 699 1908 Ut
718 1881 779 1908 illos
794 1881 987 1908 moderatiores

198 1927 299 1953 reddat.
316 1926 344 1953 Si
359 1926 419 1961 quis
431 1931 518 1953 autem
532 1930 654 1953 accurate
666 1925 745 1953 dictis
764 1925 894 1960 attendat,
910 1925 988 1954 laude

197 1972 406 2008 iuerepationem
427 1972 600 2008 temperavit.
621 1972 763 2000 Admirans
786 1973 884 2008 quippe
909 1972 985 2005 illos,

198 2019 267 2053 quod
288 2026 350 2046 sero
370 2018 477 2046 tandem
492 2026 523 2045 ea
538 2018 627 2045 facere
648 2018 808 2053 potuissent,
828 2026 889 2053 quas
911 2025 987 2045 num-

199 2071 275 2097 quam
298 2071 377 2099 posse
398 2063 454 2091 ﬁcri
469 2064 638 2096 videbantur,
659 2063 717 2091 haec
739 2063 816 2090 dixit.
838 2063 987 2099 lnerepatio

199 2110 276 2144 igitur
290 2110 431 2137 allicieutis
445 2109 505 2136 illos
519 2109 605 2144 potius
620 2117 680 2137 esse
697 2109 812 2141 videtur,
829 2114 857 2136 et.
869 2109 988 2136 curantis

199 2159 228 2182 ut
239 2155 406 2190 resipiscant.
419 2155 484 2182 Cum
498 2156 570 2182 enim
590 2155 649 2182 illos
668 2155 810 2190 objurgare
831 2154 946 2188 videtur,
961 2159 989 2182 et

201 2209 321 2237 magnam
337 2202 411 2236 prius
431 2202 535 2229 illorum
551 2202 695 2235 nequitiam
716 2201 799 2229 fuisse
819 2201 945 2233 ostendit,
962 2205 989 2228 et

199 2248 372 2274 mutationem
395 2247 512 2282 ipsortun
541 2247 691 2274 mirabilem
713 2251 792 2282 atque
818 2247 987 2282 stupendam.

198 2294 336 2326 Quomodo
350 2293 447 2321 factum
458 2299 508 2325 cst,
521 2293 615 2328 inquit,
633 2299 661 2321 ut
673 2302 732 2320 cum
743 2294 848 2321 illorum
863 2295 910 2321 lilii
922 2294 986 2327 sint,

200 2346 226 2368 et
241 2345 293 2367 tam
310 2340 378 2367 male
397 2339 513 2373 educati,
530 2341 712 2374 paenitentiam
731 2340 829 2375 agant?
847 2340 917 2368 unde
932 2341 990 2368 haec

200 2391 269 2412 tanta
284 2385 354 2413 facta
372 2391 413 2413 est
432 2386 544 2413 mutatio
554 2388 566 2412 ‘t
588 2387 647 2421 quis
662 2386 831 2419 asperitatem
845 2386 927 2414 animi
941 2394 989 2414 co-

200 2440 257 2459 rum
270 2432 309 2459 sic
321 2431 469 2459 emollivit?
483 2432 541 2466 quis
560 2432 764 2459 immedicabilia
780 2432 890 2460 vulnera
909 2440 989 2460 cura-

201 2478 256 2503 vit?
270 2477 304 2504 Et
320 2477 380 2504 vide
392 2477 527 2512 quomodo
540 2477 601 2504 illos
619 2484 634 2503 a
657 2477 786 2512 principio
800 2478 888 2504 statim
904 2478 991 2506 incre-

201 2523 282 2557 pavit,
296 2523 429 2558 gehennae
439 2529 577 2550 sermones
591 2523 696 2550 caeteris
710 2523 884 2558 prmntittens.
900 2523 991 2559 Neque

201 2571 270 2598 enim
285 2570 352 2597 dixit
365 2577 408 2601 ea,
424 2576 483 2604 qua:
498 2569 550 2596 dici
563 2574 776 2596 consueverant:
791 2570 856 2603 Quis
875 2569 992 2598 ostendit

201 2616 275 2643 vobis
289 2615 381 2650 fugere
391 2615 472 2648 bella,
484 2615 654 2642 barbarorum
670 2615 800 2646 incursus.
812 2616 989 2650 captivitates,

202 2664 292 2695 tantes,
314 2662 501 2698 pestilentias?
525 2661 570 2689 sed
592 2662 662 2689 aliud
676 2662 808 2696 quoddam
832 2662 990 2697 supplicium

201 2708 330 2740 obtendit,
343 2708 416 2743 quod
429 2715 571 2742 numquam
585 2707 648 2741 ipsis
661 2707 829 2734 manifestum
844 2707 938 2740 fuerat,
955 2707 991 2735 ita

203 2756 292 2784 dicens
305 2764 312 2782 :
328 2755 393 2789 Quis
410 2754 587 2781 demonstravit
606 2754 674 2781 vobis
687 2756 772 2789 fugere
785 2762 801 2781 a
818 2759 921 2781 ventura
932 2753 992 2781 ira?

234 2800 262 2830 2.
279 2801 346 2829 Jure
367 2805 457 2828 autem
473 2800 532 2828 illos
557 2800 690 2835 genimina
707 2802 857 2836 viperarum
877 2804 991 2830 vocavit.

201 2849 336 2886 Siquidem
352 2848 405 2877 hoc
427 2852 579 2884 serpentum
594 2855 678 2883 genus
695 2849 888 2884 parturientem
902 2856 932 2877 se
948 2849 990 2878 in-

776 121 810 149 ΙΝ
828 99 1032 150 MATTHiEUM
1051 122 1166 153 HOMIL.
1186 126 1233 155 XI.

1778 136 1790 164 Ι
1794 136 1829 166 Μ

1038 180 1144 215 teriicit,
1157 187 1184 209 et
1198 184 1300 211 viscera
1316 184 1410 212 matris
1422 186 1569 216 corrodens
1583 188 1681 218 dicitur
1702 191 1727 219 in
1742 193 1827 221 lucem

1036 228 1145 262 prodire
1160 237 1167 255 :
1182 229 1208 256 id
1220 230 1289 265 quod
1305 236 1331 258 et
1347 231 1385 259 illi
1397 232 1540 267 faciebant,
1555 240 1659 270 patrum
1673 242 1700 265 ct
1713 244 1827 267 matrum

1037 274 1234 309 interfectores,
1251 277 1294 310 qui
1308 277 1432 307 doctores
1445 287 1508 308 suos
1523 282 1637 316 propriis
1649 284 1770 311 manibus
1783 293 1828 312 oc-

1036 320 1168 348 cidebant.
1187 322 1240 349 Sed
1255 323 1281 350 in
1292 325 1462 359 correptione
1483 327 1593 361 gradum
1611 335 1663 355 non
1679 329 1759 362 sistit,
1780 331 1828 359 sed

1037 367 1177 394 consilium
1199 368 1290 403 adjicit
1304 378 1311 396 :
1325 370 1353 398 8.
1375 370 1475 405 Facite,
1497 372 1592 408 inquit,
1617 375 1708 410 dignos
1729 378 1828 412 fructus

1037 413 1197 446 pmnitentiw.
1212 414 1269 441 Non
1286 416 1357 442 enim
1373 419 1438 444 satis
1451 422 1491 445 est
1503 418 1593 453 fugere
1604 420 1702 447 malum
1715 430 1722 454 ;
1743 422 1789 449 sed
1801 428 1829 450 et

1045 457 1173 486 virtutem
1202 467 1327 495 magnam
1355 462 1483 490 exhibere
1504 469 1618 498 oportet.
1652 465 1691 492 Ne
1715 467 1782 494 mihi
1813 475 1830 496 θ

1043 508 1139 531 contra
1160 505 1200 533 sic
1226 514 1274 534 vos
1293 508 1392 543 geratis
1413 514 1443 536 ut
1458 510 1534 538 vobis
1551 511 1659 539 solitum
1675 517 1743 546 erat,
1764 521 1826 541 cum

1042 549 1150 576 modico
1163 558 1211 578 vos
1227 556 1347 588 tempore
1358 554 1544 589 reprimentes,
1557 556 1590 583 ad
1603 558 1724 585 eamdem
1734 560 1828 594 ncqui-

1042 595 1107 622 tiam
1124 597 1262 625 redibatis.
1281 598 1340 626 Non
1356 601 1428 628 enim
1438 602 1469 628 ad
1481 603 1574 630 eadem
1586 603 1642 638 ipsa
1650 604 1826 637 venimus,ad

1042 648 1102 675 quae
1112 642 1215 675 priores
1225 645 1369 679 prophetae.
1386 645 1495 674 Diversa
1502 652 1566 675 sunt
1574 650 1717 683 praesentia
1726 654 1752 677 et
1762 651 1827 677 sub-

1041 686 1158 719 limiora,
1168 690 1233 724 quia
1243 690 1300 724 ipse
1307 691 1393 719 Judcx
1402 698 1429 719 et
1436 693 1492 728 ipse
1499 694 1707 729 regniDominus
1716 696 1826 724 advertit

1039 733 1072 760 ad
1081 734 1209 768 majorem
1220 736 1702 773 deducensphilosophiam,incadum
1713 749 1823 773 vocans,

1038 781 1104 806 etad
1114 780 1158 807 illa
1168 782 1448 811 trahenshabitacula.
1467 786 1527 812 Ideo
1542 786 1574 812 de
1586 786 1707 820 gchcnna
1720 795 1824 814 serum-

1037 830 1098 849 nem
1117 823 1209 858 aperio
1223 833 1230 851 :
1246 833 1307 852 nam
1328 830 1355 853 et
1373 826 1442 854 bona
1457 832 1483 854 et
1498 828 1567 855 mala
1582 834 1681 857 teter-na
1703 836 1774 859 sunt.
1789 832 1829 861 Ne

1036 867 1126 902 itaque
1149 869 1175 896 in
1190 869 1283 896 iisdem
1308 870 1384 897 malis
1398 873 1584 906 perseveretis,
1610 882 1659 902 nec
1673 876 1765 903 solitos
1786 877 1830 905 ob-

1037 919 1127 942 tentus
1139 916 1291 950 proferatis,
1308 917 1461 949 Abrahami,
1479 918 1570 952 lsaaci,
1591 920 1693 953 Jacobi,
1715 930 1829 956 proavo-

1038 969 1096 989 rum
1114 968 1262 989 veSIrorum
1277 963 1452 991 nobilitatem.
1468 964 1529 992 Haec
1542 969 1629 992 autem
1642 966 1756 1000 dicebat,
1773 976 1825 996 non

1038 1016 1091 1043 quo
1111 1008 1252 1043 impediret
1272 1009 1330 1036 illos
1352 1017 1385 1036 nc
1407 1017 1437 1036 se
1460 1010 1579 1038 dicerent
1601 1019 1634 1038 ex
1657 1013 1756 1040 sanctis
1775 1013 1829 1041 illis

1039 1054 1201 1088 progenitos,
1226 1054 1271 1081 scd
1287 1054 1416 1082 coltibens
1431 1055 1491 1082 illos
1505 1064 1539 1083 ne
1558 1055 1620 1083 huic
1637 1058 1730 1091 generi
1750 1059 1830 1086 conii-

1037 1099 1141 1131 derent,
1165 1107 1216 1126 neu
1237 1100 1332 1126 animus
1354 1101 1477 1128 virtutem
1500 1102 1682 1137 negligerent;
1706 1104 1784 1131 simul
1802 1110 1830 1132 et
1855 1131 1859 1134 _

1038 1154 1097 1180 qum
1113 1147 1139 1173 in
1157 1151 1247 1173 mente
1260 1146 1403 1174 versabant
1417 1147 1563 1181 proferens,
1585 1153 1612 1176 et
1627 1149 1712 1177 futura
1729 1151 1828 1185 praedi-

1038 1199 1112 1219 cens.
1129 1193 1194 1220 Nam
1209 1197 1236 1220 et
1249 1198 1341 1228 postea
1358 1193 1489 1228 prodeunt
1503 1194 1621 1222 dicentes
1638 1204 1645 1222 :
1661 1195 1719 1223 Nos
1732 1202 1829 1231 patrem

1039 1237 1159 1265 habemus
1166 1237 1791 1277 Abraham,etnulliserviuimusuntquam(loan.
1801 1243 1816 1269 8
1823 1258 1831 1265 .

1038 1284 1096 1319 55).
1112 1284 1242 1318 Quoniam
1264 1285 1342 1319 igitur
1361 1284 1413 1313 hoc
1436 1290 1494 1312 erat
1508 1285 1578 1320 quod
1594 1286 1653 1314 illos
1667 1287 1781 1315 maxime
1804 1288 1832 1314 in

1038 1330 1216 1365 arrogantiam
1229 1331 1322 1357 extulit
1334 1335 1360 1357 et
1381 1330 1512 1364 perdidit;
1530 1331 1580 1358 hoc
1593 1332 1706 1366 primum
1720 1333 1776 1367 ipse
1789 1340 1837 1360 re-

1038 1375 1139 1410 primit.
1154 1375 1220 1402 Vide
1233 1380 1322 1402 autem
1335 1375 1469 1409 quomodo
1489 1380 1548 1410 post
1567 1381 1700 1404 servatum
1716 1378 1829 1412 patriar-

1037 1421 1097 1448 chae
1106 1421 1225 1448 debitum
1238 1421 1376 1453 honorem,
1392 1421 1441 1448 bos
1456 1427 1547 1457 postea
1560 1423 1705 1451 emendare
1719 1425 1827 1452 nitatur.

1037 1467 1106 1495 Cum
1129 1467 1240 1495 dixisset
1259 1468 1342 1500 enim,
1361 1467 1449 1494 Nolite
1476 1468 1570 1495 dicere.
1589 1469 1693 1496 Patrem
1711 1470 1832 1496 habemus

1038 1512 1177 1546 Abraham,
1192 1520 1244 1540 non
1255 1512 1367 1545 addidit,
1380 1512 1450 1540 Nihil
1463 1514 1534 1540 enim
1546 1521 1594 1541 vos
1606 1515 1703 1548 poterit
1716 1516 1829 1548 patriar-

1038 1559 1088 1587 cha
1100 1559 1210 1595 juvare:
1224 1558 1272 1586 sed
1289 1558 1381 1586 mitius
1394 1564 1422 1587 et
1435 1560 1572 1587 honestius
1593 1560 1644 1587 hoc
1664 1561 1751 1594 ipsum
1766 1562 1832 1588 sub—

1039 1605 1166 1633 indicavit
1184 1605 1295 1633 dicens:
1312 1605 1400 1633 Potest
1414 1605 1480 1632 enim
1494 1605 1561 1633 Deus
1576 1606 1607 1633 de
1628 1606 1755 1640 lapidibus
1776 1608 1832 1634 istis

1040 1653 1163 1680 suscitare
1175 1651 1242 1686 ﬁlios
1257 1651 1374 1680 Abrahae.
1389 1652 1500 1686 Quidam
1514 1651 1606 1679 dicunt
1619 1652 1645 1679 id
1656 1652 1690 1679 de
1708 1653 1832 1687 gentibus

1038 1698 1102 1731 diei,
1124 1706 1190 1734 quas
1204 1697 1306 1733 lapides
1325 1697 1507 1732 metaphorice
1530 1702 1607 1724 vocat
1626 1705 1698 1733 :cgo
1718 1705 1783 1725 vero
1805 1703 1833 1725 et

1039 1745 1118 1772 aliam
1131 1744 1194 1772 dicti
1208 1744 1368 1772 sententiam
1388 1751 1448 1771 esse
1462 1747 1536 1778 puto.
1558 1743 1668 1776 Qualem
1685 1743 1776 1770 illam?
1794 1743 1832 1770 Ne

1040 1791 1148 1827 putetis,
1164 1791 1257 1825 inquit,
1273 1790 1294 1818 si
1310 1798 1356 1817 vos
1367 1791 1492 1825 pereatis,
1508 1789 1686 1824 patriareham
1700 1790 1758 1817 sine
1772 1790 1832 1817 tiliis

1039 1837 1106 1864 fore.
1120 1836 1178 1864 Non
1197 1836 1242 1869 ita,
1258 1844 1311 1863 non
1325 1836 1360 1863 ita
1372 1835 1462 1870 utique
1475 1843 1518 1862 res
1530 1843 1559 1862 se
1574 1834 1662 1862 habet.
1676 1836 1746 1862 Deus
1759 1836 1830 1863 enim

1039 1888 1129 1919 potest
1143 1891 1174 1910 ex
1189 1883 1322 1918 lapidibus
1343 1882 1411 1909 tilios
1427 1882 1475 1916 ipsi
1491 1881 1566 1912 dare,
1588 1886 1614 1909 et
1629 1881 1661 1909 ad
1676 1882 1734 1916 ejus
1748 1890 1832 1916 genus

1039 1931 1277 1965 cngnatioaemque
1290 1928 1349 1955 illos
1368 1927 1512 1960 deducere,
1529 1927 1660 1962 siquidem
1675 1927 1725 1955 hoc
1744 1928 1830 1962 ipsum

1040 1983 1054 2003 a
1068 1974 1200 2010 principio
1220 1973 1319 2001 factum
1341 1977 1393 2001 est.
1416 1971 1483 2000 Nam
1503 1980 1536 1999 ex
1557 1971 1688 2007 lapidibus
1711 1972 1833 2000 homines

1042 2021 1098 2048 ﬁeri
1115 2021 1167 2048 tale
1182 2026 1234 2054 est,
1249 2020 1327 2055 quale
1341 2026 1373 2046 ex
1387 2019 1464 2046 vulva
1484 2018 1567 2046 sterili
1584 2019 1699 2053 puellum
1713 2018 1831 2053 prodire.

1040 2066 1116 2100 Quod
1139 2071 1167 2094 et
1184 2065 1311 2100 propheta
1332 2064 1504 2092 subindicans
1523 2064 1628 2091 dicebat
1641 2073 1647 2090 :
1662 2064 1788 2099 Respicite
1806 2064 1832 2091 in

1041 2112 1150 2139 solidam
1162 2117 1270 2147 petram,
1284 2119 1316 2137 ea:
1328 2118 1379 2146 qua
1388 2110 1466 2137 excisi
1474 2110 1543 2142 estis,
1557 2114 1582 2136 et
1593 2109 1627 2136 ad
1637 2111 1735 2144 foveam
1749 2109 1830 2142 lacus,

1041 2166 1072 2185 ex
1092 2166 1141 2193 qua
1161 2156 1249 2190 e/fossi
1267 2157 1325 2183 estis
1338 2164 1347 2183 :
1359 2156 1476 2191 respicite
1494 2155 1521 2181 in
1534 2154 1664 2182 Abraham
1678 2160 1774 2190 patrem
1788 2163 1831 2181 ve-

1041 2209 1130 2237 strum,
1144 2208 1168 2230 et
1186 2204 1213 2230 in
1225 2203 1319 2230 Suram
1330 2209 1387 2237 quin
1398 2209 1440 2228 vos
1455 2201 1586 2236 parturirit
1599 2199 1674 2236 (Isai.
1691 2200 1736 2228 51.
1750 2201 1776 2228 1.
1790 2199 1831 2236 2).

1042 2251 1116 2278 Πηηο
1139 2258 1203 2285 ergo
1223 2250 1389 2284 prophetiam
1410 2248 1463 2275 illis
1485 2252 1592 2275 revocat
1613 2247 1639 2274 in
1662 2247 1831 2280 memoriam,

1041 2297 1210 2331 ostenditque
1222 2297 1290 2323 sicut
1304 2303 1318 2322 a
1334 2295 1462 2330 principio
1474 2294 1548 2321 illum
1563 2293 1602 2320 sic
1613 2293 1770 2321 mirabiliter
1782 2301 1831 2329 pa-

1042 2348 1110 2370 trem
1125 2341 1222 2375 etlecil,
1235 2342 1310 2377 quasi
1332 2349 1366 2369 ex
1381 2340 1525 2376 lapidibus,
1540 2341 1579 2368 sic
1590 2345 1618 2368 et
1632 2348 1703 2368 nunc
1721 2348 1831 2376 quoque

1042 2389 1067 2416 id
1081 2396 1159 2424 posse
1173 2389 1239 2416 lteri.
1255 2388 1308 2415 Sed
1319 2388 1379 2415 vide
1390 2386 1524 2423 quomodo
1537 2390 1564 2414 et
1579 2390 1678 2414 terreat
1687 2391 1716 2414 et.
1727 2387 1832 2414 exscin-

1041 2435 1097 2462 dat.
1118 2435 1176 2462 Non
1190 2435 1261 2461 enim
1275 2434 1351 2466 dixit,
1365 2433 1424 2460 Jam
1439 2433 1575 2466 excitavit,
1596 2440 1631 2460 tte
1643 2432 1694 2467 ipsi
1713 2433 1833 2461 animum

1042 2480 1255 2514 desponderent;
1281 2479 1339 2512 sed,
1369 2479 1501 2506 Suscitare
1523 2483 1612 2513 potest.
1636 2477 1728 2513 Neque
1753 2478 1832 2510 dixit,

1044 2527 1171 2554 llomines
1190 2526 1278 2553 facere
1291 2529 1378 2560 potest
1396 2532 1430 2552 ex
1445 2524 1586 2558 lapidibus,
1606 2523 1653 2551 scd
1666 2524 1736 2558 quod
1750 2525 1835 2551 multo

1043 2572 1129 2606 majus
1140 2575 1208 2604 erat,
1219 2575 1247 2598 et
1260 2575 1386 2605 cognatos
1399 2575 1426 2598 et
1439 2569 1508 2597 ﬁlios
1522 2569 1646 2597 Abrahae.
1663 2569 1755 2597 Viden‘
1768 2577 1835 2605 quo-

1043 2618 1123 2646 modo
1138 2618 1197 2645 illos
1212 2617 1324 2644 abduxit
1343 2624 1358 2644 a
1377 2616 1476 2643 carnali
1497 2616 1542 2643 illa
1561 2616 1750 2651 imaginatione
1770 2621 1798 2643 et
1818 2624 1832 2644 a

1044 2664 1167 2699 prmsidio
1187 2670 1357 2698 proavorum,
1380 2667 1410 2689 ut
1426 2663 1451 2689 in
1467 2662 1572 2697 propria
1595 2662 1750 2696 paenitentia
1766 2666 1833 2689 tem-

1043 2710 1216 2745 perantiaque
1236 2712 1310 2744 spem
1331 2708 1428 2735 salutis
1441 2707 1590 2735 haberent?
1601 2707 1689 2736 viden’
1699 2707 1831 2743 quomodc

1043 2755 1227 2791 cognationem
1241 2754 1328 2782 carnis
1341 2754 1496 2788 excludens,
1511 2753 1574 2781 ﬁdei
1587 2754 1772 2790 cognationem
1792 2754 1831 2782 in-

1043 2802 1115 2831 ducit
1122 2801 1135 2829 ?
1572 2814 1576 2815 ν

1082 2849 1109 2877 5.
1129 2847 1258 2881 Quantum
1273 2847 1402 2875 vehemens
1413 2846 1444 2874 sit
1459 2846 1596 2883 increpatio
1609 2855 1656 2881 1ua
1667 2844 1772 2873 ludam
1780 2852 1828 2873 ex-
