2073 3127
252 97 306 125 195

249 155 310 181 citat
324 151 437 180 Joannes
455 150 580 186 Baptista.
597 151 682 178 Timor
691 151 726 177 ad
740 150 908 185 pinnitentiam
920 148 1043 176 ducit.—

249 199 389 234 Perpende
404 199 493 233 itaque
511 198 647 233 quomodo
667 198 692 224 in
707 196 878 232 sequentibus
893 195 988 222 horum
1007 195 1042 223 ti-

249 253 352 273 morem
362 250 467 280 augeat.
483 249 510 272 et
523 243 728 272 sollicitudinem
741 243 868 270 Intendat.
880 241 947 269 Cum
960 241 1042 269 dixis-

247 296 290 319 set
311 291 392 323 enim,
407 289 494 317 Potest
507 289 578 317 Deus
591 298 623 317 ea:
635 289 761 324 lapidibus
774 289 828 315 istis
839 289 961 315 suscitare
974 287 1042 322 filios

246 339 366 370 Abralut,
379 337 518 373 subjuuxit
533 345 540 364 :
557 336 601 364 l0.
612 335 672 363 Jam
692 335 786 362 securis
800 336 834 362 ad
843 335 955 362 radicem
967 335 1041 361 arbo-

246 393 302 412 rum
316 385 398 421 posita
410 388 446 411 est
459 392 468 410 :
481 391 528 418 per
539 382 626 410 omnia
647 381 793 409 terribilem
813 387 964 408 sermonem
978 379 1041 407 red-

246 431 325 459 dens.
340 431 407 458 Nam
429 439 462 458 ex
477 430 538 457 vitae
558 437 657 464 genere
678 436 799 463 magnam
813 427 918 455 dicendi
934 427 1042 455 liberta-

246 481 300 504 tem
315 481 408 504 nactus
427 481 502 508 erat;
519 475 557 503 illi
572 483 636 502 vero
649 474 803 502 vehementi
817 473 933 508 egebant
954 473 1042 501 incre-

246 523 371 557 patione,
394 523 456 557 quia
481 529 496 548 a
520 521 605 548 multo
621 521 675 555 jam
703 524 823 554 tempore
848 519 1039 547 obduruerant.

245 568 313 602 Quid
328 568 400 595 enim
415 566 485 598 dico,
498 567 591 601 inquit,
604 565 660 593 fore
673 570 701 592 nt
711 565 840 593 excidatis
853 572 868 592 a
883 564 1041 599 patriarchae

245 613 415 648 cognatione,
435 617 462 640 et
475 612 541 639 alios
555 611 668 639 videatis
689 619 721 638 ex
736 611 867 645 lapidibus
882 611 907 638 in
922 616 1039 638 vestram

245 658 390 686 succedere
412 657 585 692 dignitatem?
604 657 669 684 Nam
691 665 744 683 non
765 656 815 684 hoc
838 660 941 684 tantum
964 656 1039 683 vobis

245 705 297 732 erit
312 712 408 739 paenae,
429 704 476 731 sed
496 709 522 731 et
542 704 652 730 ulterius
667 703 753 730 adhuc
768 703 894 738 procedet
912 702 1037 730 vindicta.

245 751 306 778 Jam
322 751 405 783 cnim,
426 751 520 786 inquit,
535 751 628 777 securis
647 750 681 776 ad
693 750 805 777 radicem
823 750 942 776 arborum
957 749 1040 784 posita

245 802 292 825 est.
308 797 378 824 Nihil
394 797 539 824 terribilius
550 796 599 824 hac
614 797 737 832 loquendi
757 797 850 831 ﬁgura.
865 795 923 824 lam
939 796 1038 830 quippe

247 852 301 871 non
316 843 384 870 ultra
401 843 497 870 falcem
516 843 661 875 volantem,
682 849 735 870 non
758 850 848 877 sepem
863 842 1037 875 destructam,

250 899 302 918 non
315 890 497 918 conculcatam
520 890 637 921 vineam,
658 896 770 916 cernere
783 893 840 920 est;
856 887 903 916 sed
922 887 1039 916 securim

244 937 387 965 admodum
399 942 549 968 exacutam,
563 936 687 971 quodque
697 935 814 970 gravius,
827 935 883 970 jam
896 934 928 962 ad
939 934 1037 969 januas

245 984 370 1022 positam.
393 983 460 1015 Quia
479 982 549 1009 enim
570 981 710 1016 prophetis
733 988 786 1008 non
800 980 951 1013 credentes,
967 986 1040 1014 saape

244 1029 369 1056 dicebant
385 1037 391 1055 :
408 1028 457 1055 Ubi
472 1033 508 1055 est
528 1027 582 1054 dies
595 1026 720 1054 Domini?
741 1031 778 1059 et,
797 1025 884 1053 Veniat
903 1025 1037 1053 consilium

244 1075 324 1102 sancti
342 1074 433 1106 Israel,
455 1079 483 1101 ut
503 1074 614 1101 sciamus
634 1072 709 1110 (lsai.
725 1073 752 1101 5.
767 1072 813 1108 19)
826 1081 832 1098 :
847 1080 880 1100 eo
900 1072 972 1108 quod
993 1079 1037 1106 ea,

244 1130 304 1156 qua:
315 1121 539 1156 przedicebantur,
557 1124 618 1155 post
637 1119 735 1146 multos
749 1126 834 1146 annos
847 1126 920 1154 smpe
930 1118 1037 1146 accide-

245 1172 372 1194 rent:ut
394 1167 444 1194 hac
472 1167 532 1193 illus
558 1165 742 1194 consolatione
769 1165 895 1200 privaret,
923 1164 1037 1191 vicinam

245 1214 309 1248 ipsis
326 1213 503 1241 calamitatem
530 1212 677 1240 constituit.
704 1210 771 1239 Illud
790 1218 870 1246 porro
893 1210 1038 1239 declaravit

245 1260 303 1287 hau:
314 1266 376 1292 vox,
391 1258 472 1291 Jum;
486 1258 585 1286 indicat
597 1258 671 1288 item.
685 1257 756 1292 quod
770 1257 824 1292 jam
839 1256 941 1284 securis
953 1255 1037 1283 radici

243 1304 352 1332 admota
371 1304 415 1332 sit.
431 1304 498 1331 Nihil
512 1304 583 1332 enim
608 1303 792 1331 intermedium
807 1307 859 1336 est,
873 1302 969 1337 inquit,
990 1301 1038 1330 sed

243 1350 297 1385 jam
312 1350 395 1378 radici
409 1351 500 1378 instat.
516 1341 574 1377 Non
585 1349 662 1383 dixit,
683 1349 785 1382 Ramis,
802 1356 865 1381 non,
880 1348 1036 1381 Fructibus,

243 1397 303 1430 sed,
318 1397 428 1429 Radici;
444 1395 589 1424 ostendens
602 1396 683 1430 ipsos,
705 1395 727 1423 si
742 1395 859 1430 segniter
879 1399 968 1430 agant,
984 1394 1037 1422 im-

245 1443 412 1470 medicabilia
426 1443 495 1469 mala
516 1449 643 1477 passuros
657 1449 728 1474 esse,
753 1441 812 1469 sine
827 1441 879 1468 ulla
898 1448 946 1476 spe
959 1447 1038 1468 cura-

245 1489 337 1517 tionis.
350 1488 442 1524 Neque
454 1489 524 1516 cnim
538 1495 632 1515 servus
644 1494 685 1515 est
698 1488 720 1515 is
730 1488 774 1521 qui
786 1487 904 1520 advertit,
920 1492 949 1514 ut
964 1487 980 1514 ii
991 1487 1037 1522 qni

243 1539 341 1568 antea;
364 1535 411 1563 sed
434 1535 491 1569 ipse
515 1534 700 1561 universorum
722 1534 861 1566 Dominus,
886 1533 931 1568 qui
953 1532 1048 1575 vebe-.

245 1588 362 1610 mentem
382 1587 410 1610 et
422 1580 606 1618 gravissimam
628 1580 723 1615 inﬂigit
734 1580 888 1607 vindictam.
912 1580 1036 1607 Attamen

245 1632 384 1662 postquam
405 1627 465 1654 illos
479 1626 620 1659 exterruit,
635 1633 688 1653 non
700 1626 765 1654 sinit
781 1626 808 1653 in
820 1625 1037 1661 desperationem

245 1673 381 1706 incidere;
409 1673 456 1701 sed
470 1673 694 1708 quemadmodum
709 1680 790 1708 supra
812 1680 866 1700 non
880 1673 958 1705 dixit,
983 1672 1036 1700 Su-

244 1719 361 1751 scitavit,
375 1719 433 1751 sed,
448 1718 537 1746 Potest
549 1719 672 1746 suscitare
691 1719 758 1752 ﬁlios
770 1718 888 1750 Abrahae,
906 1723 1036 1746 terrorem

244 1764 324 1793 simul
344 1769 370 1793 et
384 1766 600 1794 consolationem
615 1764 761 1793 immittens
776 1773 783 1790 :
797 1764 837 1791 sic
857 1769 886 1791 et
909 1764 960 1791 hoc
978 1764 1037 1792 loco

245 1817 298 1838 non
315 1812 394 1843 dixit,
412 1811 537 1839 Radicetn
562 1812 660 1846 attigit,
681 1811 739 1844 sed,
763 1811 802 1838 Ad
823 1809 933 1838 radicem
954 1810 1036 1847 posita

244 1862 291 1890 est,
305 1865 353 1884 seu
366 1857 450 1885 radici
464 1857 569 1885 admota
582 1863 640 1890 est;
655 1863 682 1885 et
694 1858 793 1885 nullam
806 1857 864 1885 fore
880 1858 1035 1886 dilationem

243 1903 371 1931 ostendit.
395 1903 529 1931 Cteterum
554 1903 604 1932 etsi
625 1903 698 1931 illam
717 1904 753 1931 ita
773 1911 856 1939 prope
876 1903 1034 1937 admoverit,

243 1950 390 1977 sectionem
405 1949 431 1977 in
447 1954 536 1977 vestro
551 1949 625 1985 ponit
644 1950 765 1978 arbitrio.
779 1950 845 1977 Nam
861 1951 883 1977 si
896 1955 1036 1978 converta-

244 1990 320 2028 mini,
338 2000 365 2022 et
386 1995 413 2022 in
427 1995 521 2022 melius
543 1995 693 2028 mutemini,
709 1995 775 2023 nihil
798 2000 907 2031 operata
933 1995 1035 2023 securis

243 2042 440 2074 removebitur;
461 2041 484 2069 si
508 2047 596 2069 autem
615 2042 641 2069 in
663 2042 756 2070 iisdem
779 2042 875 2070 studiis
889 2042 1031 2075 maneatis,

244 2088 372 2116 radicitus
385 2088 508 2116 arborem
527 2088 633 2116 avellet.
651 2088 713 2116 ldeo
726 2089 829 2117 securis
850 2096 900 2117 nec
913 2096 928 2116 a
942 2088 1032 2117 radice

243 2140 392 2168 amovetur,
422 2142 511 2170 neque
523 2139 597 2162 secat
617 2135 735 2167 admota,
763 2139 820 2162 tum
838 2143 872 2162 ne
894 2135 1032 2167 decidatis,

243 2185 299 2207 tum
322 2184 350 2207 ut
370 2180 489 2213 discatis,
509 2188 588 2215 posse
610 2188 658 2207 vos
679 2180 752 2208 brevi
776 2185 896 2215 tempore
917 2185 1034 2208 mutatos

242 2226 357 2253 salutem
380 2226 519 2260 consequi.
539 2225 601 2254 Ideo
620 2226 736 2261 undique
755 2226 878 2254 timorem
898 2230 988 2261 auget,
1005 2231 1034 2254 ut

241 2272 341 2299 excitet
360 2272 434 2305 ipsos
446 2271 618 2306 impellatque
631 2271 664 2299 ad
677 2272 870 2306 paenitentiam.
881 2271 948 2299 Nam
961 2276 987 2300 et
999 2271 1034 2300 ab

241 2325 352 2345 ενοι-πω
367 2317 495 2353 dignitate
514 2317 649 2350 excidere,
665 2321 693 2344 et
710 2317 777 2344 alios
791 2317 817 2344 in
833 2318 873 2344 sui
889 2318 976 2345 locum
990 2318 1033 2345 in-

242 2365 338 2392 ductos
350 2371 472 2396 cernere,
488 2368 516 2392 et
527 2364 594 2391 mala
608 2364 731 2398 injanuis
746 2370 816 2396 esse,
832 2368 860 2391 et
878 2364 1034 2392 intolerabi-

243 2409 277 2437 lia
300 2409 367 2436 mala
392 2409 501 2440 instare,
527 2417 586 2443 quin
605 2414 717 2444 utraque
738 2416 786 2444 per
805 2409 921 2437 radicem
945 2414 971 2436 el
985 2417 1033 2444 per

243 2456 356 2482 securim
367 2455 506 2487 indicavit;
520 2454 587 2488 huic,
603 2455 721 2490 inquam,
735 2459 868 2490 poterant,
883 2455 925 2483 vel
939 2455 1033 2483 admo-

242 2501 307 2529 dum
322 2502 347 2528 in
369 2502 518 2529 socordiam
540 2501 629 2536 lapsos
642 2501 770 2534 excitare,
785 2506 813 2529 et
825 2502 955 2529 sollicitos
968 2502 1032 2530 red-

243 2549 315 2576 dere.
337 2548 392 2575 lloc
404 2548 492 2583 itaque
505 2548 644 2575 declarans
654 2547 760 2581 Paulus,
775 2548 880 2576 dicebat
895 2557 902 2576 :
922 2548 1032 2576 Verbum

241 2595 413 2622 «bbreviatum
435 2595 509 2629 faciet
530 2594 656 2622 Dominus
678 2603 754 2630 super
780 2596 922 2622 universum
946 2596 1030 2623 orbem

246 2637 331 2671 (Rom.
346 2640 373 2668 9.
386 2639 442 2674 ‘28).
467 2639 520 2667 Sed
542 2648 575 2668 ne
592 2641 701 2673 timeas;
723 2641 777 2668 imo
791 2642 879 2676 potius
901 2642 965 2669 time
976 2641 1032 2676 qui-

241 2686 314 2718 dem,
328 2685 375 2713 sed
394 2693 428 2713 ne
440 2685 577 2720 desperes.
593 2686 659 2714 Nam
681 2686 768 2714 adhuc
787 2694 861 2722 spem
877 2687 1032 2714 mutationis

243 2733 341 2762 habes:
358 2741 445 2767 neque
459 2733 529 2760 enim
549 2733 681 2761 sententia
703 2734 729 2760 in
742 2741 809 2768 opus
829 2733 929 2768 prodit,
945 2741 1030 2769 neque

242 2779 345 2805 securis
357 2777 390 2806 ad
402 2777 544 2805 secandum
559 2779 641 2806 venit.
656 2778 723 2812 Quid
733 2779 806 2806 enim
819 2786 854 2806 ne
868 2783 972 2807 secaret
985 2779 1031 2807 im-

247 2821 373 2856 pediebat
387 2824 460 2852 illam
482 2824 563 2852 radici
585 2824 740 2853 admotam?
759 2824 812 2854 Sed
832 2829 862 2854 ut
885 2830 913 2854 te
932 2826 1027 2854 timore

612 93 633 122 S
662 92 800 121 JOANNIS
824 88 1059 120 CllllYSOSTOMl
1080 89 1239 119 ABCHIEP.
1258 91 1528 123 CONSTANTINOP.

1834 97 1888 125 196

1099 149 1237 177 meliorem
1256 150 1390 184 redderet,
1405 156 1432 180 et
1441 151 1474 180 ad
1489 151 1627 180 ferendum
1642 152 1756 180 fructum
1772 157 1886 186 aptaret.

1097 194 1205 222 admota
1219 195 1276 223 fuit.
1296 196 1358 224 ldeo
1373 197 1461 226 intulit
1476 206 1483 225 :
1499 197 1588 225 Omnis
1603 201 1678 225 arbor
1691 206 1748 234 qua:
1760 207 1810 225 non
1827 198 1889 232 facit

1097 243 1208 278 fructum
1223 242 1315 269 bonum
1337 243 1475 276 excidatur,
1499 249 1523 271 et
1540 245 1568 272 in
1585 245 1668 280 ignem
1683 245 1806 272 mittetur.
1820 244 1887 272 Cum

1096 295 1178 323 porro
1189 288 1263 321 dicit,
1276 287 1376 321 Omnis,
1387 293 1494 317 amovet
1506 297 1612 317 omnem
1628 290 1774 318 nobilitatis
1785 298 1887 325 pnero-

1096 334 1221 370 gativam.
1237 335 1348 362 Etiamsi
1361 335 1432 362 enim
1446 335 1531 370 ipsius
1545 335 1660 362 Abralue
1674 343 1759 371 nepos
1781 336 1829 368 sis,
1845 336 1887 362 in-

1096 381 1164 416 quit,
1180 381 1285 409 etiamsi
1299 381 1370 408 inter
1382 388 1447 408 avos
1462 381 1560 409 multos
1570 389 1728 408 enumerare
1744 382 1829 415 possis
1841 389 1887 416 pa-

1096 428 1236 461 triarchas,
1252 428 1351 463 duplex
1362 428 1520 464 supplicium
1536 428 1604 460 lues,
1617 428 1639 455 si
1653 428 1710 455 sine
1725 427 1812 455 fructu
1827 436 1887 455 ma—

1096 482 1171 502 neas.
1188 474 1235 502 His
1248 475 1335 502 verbis
1348 475 1503 510 publicanos
1517 475 1622 507 terruit,
1639 474 1751 502 militum
1766 475 1886 502 animum

1095 522 1248 553 commovit,
1269 529 1322 549 non
1341 522 1367 549 in
1381 521 1596 557 desperationem
1610 521 1767 556 conjiciens,
1783 521 1831 549 sed
1851 522 1886 549 ah

1095 569 1169 596 omni
1189 569 1302 604 segnitie
1314 569 1469 597 detrudens.
1493 569 1559 596 Nam
1580 569 1607 597 id
1621 569 1691 604 quod
1707 569 1806 596 dictum
1827 572 1888 596 erat

1095 621 1155 641 cum
1170 615 1266 642 timore
1286 622 1408 650 magnam
1421 615 1575 649 adjunctam
1590 615 1705 642 habebat
1724 614 1887 643 consolatio-

1096 667 1167 687 nem.
1181 659 1249 687 Cum
1263 660 1331 687 dixit
1344 661 1427 692 enim,
1444 661 1508 694 Quae
1520 669 1570 688 non
1581 661 1641 696 facit
1656 662 1766 697 fructum
1780 661 1884 693 bonum,

1095 705 1213 733 ostendit
1235 706 1318 738 illam,
1338 714 1399 741 qua:
1423 706 1538 734 fructum
1559 707 1657 734 bonum
1683 706 1792 741 profert,
1818 705 1884 733 nulli

1094 751 1225 786 supplicio
1237 759 1297 780 esse
1308 752 1461 779 obnoxiam.

1129 798 1156 825 4.
1170 797 1350 832 thuomodo,
1359 798 1471 833 inquies,
1481 797 1593 824 fructum
1602 797 1671 824 ferre
1681 796 1835 832 poterimus,
1845 797 1883 824 in«

1094 847 1180 870 stante
1186 843 1314 875 sectione,
1321 848 1347 870 et
1355 843 1380 870 in
1389 848 1440 870 tam
1447 848 1558 878 angusto
1565 847 1697 877 tempore,
1704 850 1763 870 cum
1770 847 1885 870 statutus

1094 890 1224 916 terminus
1236 890 1270 917 sit
1282 889 1316 917 ita
1331 889 1487 925 proximus?
1500 889 1613 923 Poteris,
1625 889 1726 924 inquit;
1744 897 1796 917 non
1811 889 1882 916 enim

1093 935 1155 963 talis
1164 939 1206 963 est
1216 935 1270 968 ille,
1278 935 1364 970 qualis
1370 935 1495 963 arborum
1504 935 1660 970 fructus,qui
1670 935 1782 962 multum
1794 939 1885 970 postu-

1093 980 1131 1008 lat
1138 985 1252 1015 tempus,
1259 985 1287 1009 et
1294 986 1334 1009 est
1341 981 1404 1008 anni
1413 981 1612 1016 tempestatibus
1620 981 1752 1011 subditus,
1761 988 1792 1008 ac
1799 980 1883 1008 multa

1093 1030 1154 1061 eget
1160 1026 1328 1061 operatione;
1337 1026 1383 1054 sed
1391 1026 1488 1054 sufﬁcit
1494 1026 1573 1058 velle,
1582 1026 1700 1053 etstatim
1708 1026 1785 1055 ﬂoret
1792 1026 1881 1054 arbor.

1092 1071 1184 1106 Neque
1194 1072 1264 1099 enim
1274 1072 1370 1100 radicis
1381 1077 1474 1100 natura
1485 1077 1596 1105 tantum,
1610 1072 1657 1100 sed
1667 1073 1746 1100 etiam
1757 1079 1801 1099 ars
1810 1072 1881 1107 agri-

1092 1118 1159 1145 cola:
1169 1117 1201 1145 ad
1211 1117 1324 1145 fructum
1334 1118 1471 1146 ferendum
1481 1119 1682 1154 maximejuvat.
1693 1118 1792 1147 Idcirco
1803 1127 1835 1146 ne
1843 1118 1884 1146 di-

1093 1168 1185 1192 cerent
1194 1173 1200 1191 :
1209 1164 1263 1192 Nos
1273 1164 1373 1198 turbas,
1382 1172 1470 1199 urges.
1479 1165 1561 1199 cogis,
1572 1165 1678 1192 admota
1689 1165 1775 1192 securi
1786 1165 1884 1192 sectiu-

1092 1218 1154 1239 nem
1166 1211 1364 1245 comminando,
1375 1212 1438 1239 etin
1451 1212 1508 1246 ipso
1518 1211 1639 1247 supplicii
1652 1217 1771 1246 tempore
1782 1211 1884 1239 fructus

1092 1261 1251 1291 proventum
1262 1257 1364 1292 exigis;
1376 1256 1523 1292 subjunxit,
1534 1257 1679 1285 ostendens
1689 1257 1815 1285 all‘erendi
1827 1257 1883 1284 frti-

1092 1306 1151 1330 ctus
1161 1302 1314 1330 facilitatem
1324 1311 1331 1330 :
1340 1303 1383 1330 ll.
1394 1302 1449 1338 Ego
1459 1311 1502 1330 vos
1511 1303 1611 1338 θαμιιὶιο
1621 1303 1648 1330 in
1659 1312 1724 1338 aqua
1732 1312 1740 1330 :
1749 1303 1792 1339 qui
1799 1308 1884 1331 autent

1093 1353 1148 1384 post
1158 1357 1196 1376 me
1205 1349 1281 1381 venit,
1295 1349 1385 1385 {artior
1393 1357 1432 1376 me
1440 1354 1486 1382 est,
1498 1349 1571 1384 cujus
1579 1357 1629 1376 non
1637 1357 1693 1376 sum
1701 1349 1792 1385 dignus
1801 1350 1884 1376 corri-

1091 1395 1160 1430 giam
1173 1395 1334 1422 calceamenti
1346 1395 1450 1422 solvere.
1465 1394 1527 1430 Ipse
1538 1403 1581 1422 vos
1595 1395 1730 1429 baptizabit
1743 1395 1768 1422 in
1783 1394 1884 1430 Spiritu

1091 1445 1178 1467 sancto
1192 1445 1216 1468 et
1227 1441 1254 1467 in
1266 1441 1340 1476 igne:
1350 1441 1392 1468 bis
1405 1440 1544 1468 declarans
1559 1441 1696 1468 voluntate
1708 1441 1785 1468 simul
1795 1446 1822 1468 et
1830 1441 1884 1468 ﬁde

1091 1494 1159 1521 opus
1169 1494 1240 1521 esse,
1250 1495 1303 1515 non
1312 1487 1446 1515 laboribus
1455 1487 1665 1523 sudoribusque;
1677 1493 1757 1523 atque
1770 1492 1798 1515 ut
1805 1487 1884 1515 facile

1092 1537 1133 1560 est
1143 1533 1279 1568 baptizari,
1290 1533 1324 1561 ita
1333 1533 1412 1561 facile
1422 1541 1483 1561 esse
1491 1533 1610 1561 converti
1622 1537 1650 1561 et
1659 1534 1784 1562 meliores
1792 1533 1884 1561 evade-

1091 1587 1130 1607 re.
1140 1579 1282 1614 Postquam
1292 1580 1372 1615 igitur
1379 1579 1484 1607 illorum
1493 1579 1884 1607 animoscommoverattimore

1088 1625 1556 1661 judiciietexspectationesupplicii,
1566 1625 1668 1653 securis
1676 1626 1793 1658 nomine,
1803 1625 1884 1660 majo-

1091 1679 1150 1699 rum
1169 1672 1324 1705 amissione,
1343 1671 1457 1699 aliorum
1476 1672 1629 1700 inductione
1642 1672 1769 1706 ﬁliorum,
1784 1672 1882 1708 duplici

1090 1717 1231 1752 supplicio,
1243 1717 1371 1745 seclionis
1385 1723 1413 1746 et
1426 1718 1552 1752 incendii,
1567 1722 1594 1745 et
1605 1723 1696 1753 postea
1713 1717 1807 1745 horum
1821 1726 1881 1744 om—

1090 1764 1162 1790 nium
1169 1763 1292 1791 duritiem
1298 1764 1522 1799 asperitatemque
1530 1764 1706 1798 mitigavcral,
1713 1771 1744 1791 ac
1751 1763 1880 1790 malorum

1089 1809 1418 1845 depulsionisdesiderium
1427 1809 1580 1838 induxerat:
1589 1813 1650 1838 tunc
1656 1808 1763 1838 demtun
1770 1808 1882 1836 dcﬂbri-

1089 1863 1132 1885 sto
1141 1857 1222 1885 verba
1233 1857 1305 1889 facit,
1321 1865 1374 1885 non
1387 1857 1555 1892 simpliciter,
1570 1857 1616 1884 sed
1627 1857 1811 1885 excellentiam
1822 1857 1881 1892 ejus

1089 1904 1235 1936 extollens;
1244 1903 1340 1932 deinde
1348 1908 1475 1938 quantum
1485 1904 1618 1931 intervalli
1625 1908 1697 1932 esset
1705 1904 1774 1932 inter
1782 1912 1811 1932 sc
1818 1910 1846 1932 et
1854 1905 1881 1932 il-

1090 1950 1144 1978 lum
1159 1950 1309 1983 declarans,
1322 1958 1356 1978 ne
1369 1950 1507 1978 videretur
1517 1950 1543 1978 id
1560 1950 1592 1978 ad
1606 1951 1719 1986 gratiam
1733 1951 1834 1983 dicere,
1845 1959 1877 1979 ex

1088 1997 1289 2031 comparatione
1299 1996 1430 2023 donorum
1442 2004 1501 2030 quin
1517 1995 1552 2023 ab
1565 2001 1677 2031 utroque
1689 2002 1838 2030 manarent,
1853 1998 1878 2024 id

1089 2042 1200 2078 peragit.
1207 2041 1264 2070 Non
1271 2042 1342 2070 enim
1350 2042 1438 2069 statim
1445 2041 1520 2075 dixit,
1526 2042 1605 2077 Cujus
1610 2051 1660 2070 non
1666 2051 1720 2070 sum
1727 2043 1818 2079 dignus
1823 2051 1880 2070 cor-

1087 2090 1178 2125 rigiam
1191 2089 1352 2116 calceamenti
1364 2089 1468 2123 solvere,
1481 2089 1528 2117 sed
1546 2094 1685 2124 postquam
1699 2090 1823 2124 baptismi
1837 2091 1878 2118 sui

1087 2135 1282 2170 simplicitatem
1298 2135 1397 2170 posuit,
1412 2139 1439 2162 et
1452 2135 1570 2163 ostendit
1588 2135 1661 2162 illum
1676 2135 1742 2162 nihil
1756 2135 1815 2170 plus
1828 2135 1877 2163 ba-

1086 2181 1161 2214 bere,
1170 2188 1249 2216 quam
1259 2180 1332 2216 quod
1342 2180 1376 2208 ad
1387 2181 1567 2216 paenitentiam
1583 2181 1655 2215 ipsos
1664 2180 1807 2208 deduceret
1818 2181 1878 2216 (nc-

1085 2235 1138 2262 que
1151 2227 1223 2255 enim
1236 2227 1313 2259 dixit,
1339 2225 1368 2254 ln
1387 2233 1454 2261 aqua
1468 2226 1644 2258 remissionis,
1666 2225 1725 2260 sed,
1740 2226 1878 2255 Paeniten-

1085 2272 1152 2309 tite),
1166 2272 1265 2300 Christi
1285 2273 1446 2307 baptismum
1466 2272 1542 2307 ponit
1560 2271 1688 2300 inell‘abili
1708 2271 1780 2300 dono
1793 2272 1878 2300 refer-

1085 2323 1152 2346 tum.
1172 2318 1222 2352 Ne,
1236 2318 1332 2354 inquit,
1346 2325 1407 2346 cum
1425 2318 1512 2350 audis,
1534 2318 1620 2353 ipsum
1634 2322 1695 2353 post
1714 2325 1759 2346 me
1771 2318 1874 2351 venire,

1085 2365 1159 2392 illum
1172 2364 1316 2400 despicias,
1337 2364 1408 2400 quod
1422 2369 1576 2399 postremus
1589 2364 1693 2391 venerit
1707 2373 1714 2391 :
1728 2363 1803 2392 disce
1820 2365 1874 2392 vim

1084 2412 1147 2439 doni
1165 2412 1261 2447 ipsius,
1280 2415 1308 2439 et
1324 2411 1397 2439 clare
1409 2411 1479 2439 scies
1499 2418 1543 2438 me
1557 2418 1607 2438 nec
1620 2410 1726 2446 dignius
1739 2411 1875 2446 quidpiam

1084 2459 1126 2486 vel
1140 2466 1264 2493 magnum
1279 2458 1435 2494 protulisse,
1450 2465 1511 2484 cum
1526 2457 1591 2490 dixi,
1606 2456 1687 2493 Cujus
1700 2465 1750 2484 non
1763 2465 1820 2485 sunt
1829 2457 1873 2484 di-

1084 2514 1149 2541 gntu
1161 2504 1294 2540 corrigiam
1308 2503 1470 2532 calceamenli
1481 2503 1586 2531 solvas.
1602 2503 1693 2538 Itaque
1706 2510 1767 2531 cum
1780 2504 1873 2532 audie—

1083 2553 1121 2579 ris
1131 2552 1216 2587 ipsum
1226 2550 1362 2578 fortiorem
1375 2557 1419 2578 me
1428 2557 1499 2583 esse,
1511 2557 1545 2578 ne
1557 2554 1634 2585 putes
1647 2549 1673 2577 id
1685 2557 1728 2578 me
1740 2557 1790 2585 per
1799 2557 1875 2578 com-

1083 2597 1248 2633 parationem
1258 2597 1366 2624 dixisse.
1377 2595 1469 2632 Neque
1479 2597 1550 2623 enim
1560 2596 1657 2632 dignus
1668 2603 1727 2624 sum
1738 2597 1808 2624 inter
1818 2603 1873 2623 ser-

1084 2650 1131 2670 vos
1138 2643 1196 2677 ejus
1207 2642 1365 2677 computari,
1379 2641 1434 2670 imo
1445 2649 1478 2670 ne
1488 2641 1558 2670 inter
1568 2641 1676 2675 ultitnos
1685 2648 1778 2669 servos
1787 2649 1874 2676 neque

1083 2688 1225 2716 ministerii
1245 2688 1287 2715 vel
1301 2687 1456 2716 vilissimam
1470 2692 1572 2722 partem
1593 2687 1678 2716 obire.
1694 2687 1873 2722 Quamobrem

1083 2742 1137 2762 non
1153 2734 1308 2769 simpliciter
1318 2734 1395 2767 dixit,
1410 2733 1606 2767 Caleeamenta,
1620 2733 1677 2767 sed,
1686 2733 1778 2770 Neque
1789 2734 1875 2762 corri-

1082 2781 1163 2817 giam,
1178 2781 1249 2817 quod
1261 2785 1410 2809 extremum
1423 2782 1543 2809 omnium
1556 2781 1661 2810 videtur
1673 2789 1745 2810 esse.
1761 2781 1873 2814 Deinde.

1083 2834 1118 2855 ne
1131 2831 1209 2863 putes
1220 2826 1277 2856 haec
1293 2835 1342 2863 per
1358 2827 1534 2856 humilitatem
1551 2827 1634 2856 fuisse
1643 2827 1726 2864 dicta,
1744 2835 1777 2857 ex
1791 2827 1873 2857 rebus
