2073 3127
254 148 303 178 199

252 207 327 243 pellit
341 205 378 242 (α)
392 210 419 233 et
435 203 560 232 transfert
574 209 580 227 :
599 205 659 235 post
670 198 781 235 gratiam
801 199 891 223 autem
904 200 919 220 a
934 188 1044 243 ventila-

253 235 302 281 bro
316 235 418 286 et‘igne
432 247 638 282 inexstinguibili
655 248 753 275 terret,
769 246 796 270 et
807 240 904 268 nullam
916 237 978 265 facit
989 235 1046 286 dis:

253 279 410 327 tiuctionEm
432 303 525 324 eorum
547 279 593 328 qui
615 291 732 319 nondum
754 285 878 323 baptizati
895 287 976 315 sunt,
1000 279 1046 308 sed

255 344 414 380 generaliter
435 343 471 369 ait
487 350 493 367 :
512 340 602 368 Omnis
612 338 696 368 arbor,
712 343 768 368 qua:
782 341 832 360 non
853 330 914 366 facit
938 331 1047 364 fructum

255 374 347 419 bonum
357 410 364 424 ,
380 388 518 420 excidatur,
530 384 651 413 inﬁdeles
664 388 758 410 omnes
770 378 896 414 puniens;
912 379 973 411 post
984 374 1048 408 bap-

256 439 334 466 tisma
357 440 445 463 autem
472 419 669 461 distinctionem
694 425 836 463 quamdam
863 422 962 453 efﬁcit;
988 419 1049 455 quia

257 484 332 512 multi
346 489 440 512 eorum
454 481 498 516 qui
511 477 649 507 credidere
660 496 667 508 ,
680 475 733 502 ﬁde
752 472 886 506 indignam
900 470 982 497 vitam
999 466 1054 494 dn-

257 530 326 557 cturi
335 533 421 557 erant.
432 527 516 555 Nemo
526 526 615 559 itaque
625 522 700 558 palea
710 520 765 551 ﬁat,
776 524 854 545 nemo
864 517 899 543 sit
908 516 1048 545 fluctuans,

258 583 345 610 neque
359 573 448 609 pravis
462 569 649 606 cupiditatibus
662 567 699 594 sit
712 565 848 595 addictus,
862 562 898 590 ita
909 565 937 588 ut
948 560 982 588 ab
999 559 1052 586 illis

259 622 337 648 facile
350 619 466 654 undique
476 618 600 652 jactetur.
614 613 642 641 Si
654 612 724 641 enim
745 611 905 638 frumentum
925 611 1050 636 maneas,

259 666 364 694 etiamsi
380 664 490 692 tentatio
503 663 617 697 ingruat,
632 658 699 688 nihil
712 657 773 685 mali
788 661 913 690 passurus
927 660 957 680 es
970 660 976 679 :
991 659 1051 679 nam

260 713 287 740 in
302 719 365 739 area
385 715 453 737 rotae
475 715 571 736 currus
591 703 716 734 sulcandi.
731 702 884 730 facultatem
906 699 1050 730 habentes,

260 759 423 786 frumentum
434 763 487 783 non
499 753 637 784 scindunt;
650 751 672 779 si
684 757 749 779 vero
760 749 785 776 in
799 748 880 784 paleae
886 745 1054 781 fragilitatem

261 802 404 834 incideris,
427 805 454 829 et
475 801 519 828 hic
539 796 705 826 intoleranda
730 794 854 831 patieris,
876 792 910 820 ab
930 790 1055 819 omnibus

261 851 395 882 cencisus,
411 855 438 876 et
453 847 508 875 illic
521 844 679 880 supplicium
694 843 752 870 lues
764 846 903 869 aeternum.
917 838 968 872 Qui
982 836 1054 864 enim

264 897 331 925 tales
342 900 405 924 sunt
413 916 421 928 ,
432 899 575 929 antequam
586 891 721 919 fornacem
735 889 808 917 illam
820 887 933 914 futuram
943 883 1054 924 adeant,

265 941 484 971 irrationabilium
498 940 638 967 affectuum
653 937 697 964 hic
711 943 771 963 esea
784 933 945 964 efﬁciuntur,
957 934 987 958 ut
1006 937 1055 965 pa-

265 990 314 1017 lea:
322 992 385 1017 sunt
397 988 535 1015 brutorum
546 985 622 1012 cibus
636 993 643 1011 :
658 988 685 1010 et
698 981 752 1009 illic
760 987 853 1008 rursus
861 978 971 1007 materia
978 982 1005 1004 et
1012 977 1052 1003 ci-

265 1038 316 1065 bus
331 1036 398 1072 ignis
413 1039 501 1063 erunt.
517 1033 544 1062 Si
557 1032 646 1060 statim
661 1031 773 1058 dixisset
789 1037 795 1055 :
811 1027 870 1063 lpse
883 1025 1012 1062 iudicabit
1023 1023 1057 1051 de

266 1071 387 1114 actibus;
403 1087 556 1109 sermonem
578 1085 631 1105 non
647 1077 682 1104 ita
699 1074 862 1110 probabilem
877 1071 1035 1100 reddidisset
1049 1078 1056 1102 ;

266 1137 326 1156 cum
339 1132 427 1156 autem
443 1124 595 1161 parabolam
610 1122 766 1154 admiscuit,
786 1125 813 1148 et
832 1127 879 1154 per
892 1126 951 1146 eam
970 1117 1058 1144 omnia

267 1173 444 1209 dispensavit,
459 1171 485 1199 id
500 1171 533 1198 ad
549 1167 762 1206 persuadendum
774 1166 858 1200 magis
877 1169 966 1199 aptum
986 1166 1057 1195 erat;

268 1226 295 1247 ct
309 1207 368 1247 cum
389 1217 483 1253 majori
505 1215 689 1244 consolatione
707 1213 856 1240 auditorem
871 1210 1002 1237 trahebat.
1019 1207 1060 1234 ld-

267 1267 339 1294 circo
354 1265 414 1293 illos
427 1271 498 1299 swpe
513 1263 563 1290 hac
576 1262 680 1289 ratione
692 1259 845 1294 alloquitur,
866 1264 969 1288 aream,
991 1262 1060 1282 mes-

268 1320 324 1340 sem
337 1331 345 1343 ,
371 1311 474 1338 vineam
484 1331 492 1344 ,
515 1309 641 1340 torcular,
664 1313 755 1342 agrum
765 1326 774 1338 ,
789 1311 914 1340 sagenam
924 1324 932 1336 ,
947 1302 1061 1337 piscium

268 1363 420 1392 capturam,
436 1361 462 1384 et
475 1355 564 1383 omnia
578 1362 636 1388 quae
649 1354 675 1380 in
695 1359 743 1380 usu
761 1356 855 1384 erant,
877 1355 903 1377 et
923 1349 949 1376 in
966 1348 1063 1384 quibus

270 1405 455 1436 versabantur,
471 1402 559 1430 verbis
580 1402 636 1428 suis
657 1399 816 1427 admiscens.
843 1398 871 1425 ld
893 1396 963 1432 quod
982 1396 1061 1423 etiam

270 1451 387 1485 Baptista
403 1449 446 1476 hic
459 1448 530 1480 feeit,
542 1447 727 1480 dictorumque
739 1444 881 1472 maximam
896 1443 1063 1470 demonstra-

271 1497 370 1523 tionem
392 1495 520 1530 protulit,
545 1494 659 1528 Spiritus
681 1492 765 1519 sancti
789 1491 898 1517 donnm.
920 1489 969 1523 Qui
991 1488 1063 1515 enim

272 1547 373 1569 tantum
389 1545 493 1576 posset,
508 1544 536 1567 ut
551 1540 629 1566 etiam
644 1542 751 1572 peccata
766 1537 921 1567 dimitteret,
938 1539 965 1562 et
978 1534 1063 1568 Spiri-

272 1594 327 1615 tum
341 1587 427 1619 daret,
445 1587 501 1613 lucc
517 1585 601 1613 multo
619 1584 703 1619 magis
724 1583 811 1610 facere
825 1581 941 1616 poterit,
965 1580 1063 1608 aiebat.

272 1635 356 1662 Viden
377 1632 511 1668 quomodo
521 1631 576 1666 jam
590 1630 796 1665 praemitteretur
805 1627 962 1663 mysterium
976 1633 1065 1653 resur-

272 1680 399 1708 rectionis
413 1683 439 1706 et
454 1677 565 1712 iudicii?
579 1676 614 1703 Et
627 1683 677 1710 qua
697 1674 731 1702 de
749 1681 828 1701 causa
838 1693 845 1706 ,
869 1673 989 1707 inquies,
1012 1678 1066 1699 non

273 1727 396 1763 pra’dixit
405 1733 435 1753 ea
447 1733 506 1760 quae
517 1732 577 1751 mox
590 1723 624 1750 ab
637 1723 682 1750 illo
692 1721 794 1749 edenda
805 1724 883 1748 erant
892 1719 966 1754 signa
977 1723 1004 1746 et
1016 1718 1065 1745 mi-

274 1774 381 1802 racula?
395 1774 462 1808 Quia
478 1773 529 1800 hoc
544 1773 576 1799 iis
589 1771 711 1799 omnibus
725 1770 809 1804 majus
823 1772 898 1800 erat,
912 1772 939 1795 et
959 1771 1067 1802 propter

275 1821 326 1848 hoc
339 1821 382 1847 illa
396 1819 484 1846 omnia
500 1818 568 1846 edita
584 1822 655 1844 sunt.
670 1815 735 1843 Nam
757 1823 817 1842 cum
838 1819 916 1848 caput
936 1816 1066 1848 poneret,

275 1867 363 1893 omnia
379 1864 618 1899 complectebatur,
635 1862 728 1889 mortis
747 1861 907 1888 solutionem
918 1881 925 1892 ,
946 1862 1068 1893 peccato-

276 1921 333 1939 rum
347 1911 555 1939 destructiouem
567 1918 573 1941 ;
588 1908 780 1936 maledictionis
791 1907 951 1933 amotionem
961 1926 968 1938 ,
981 1913 996 1932 a
1009 1905 1069 1932 diu-

277 1960 362 1986 turnis
376 1958 451 1986 bellis
465 1957 649 1984 liberatiouem
663 1976 670 1987 ,
693 1955 839 1989 ingressum
857 1954 882 1980 in
896 1952 1046 1987 paradisum
1060 1972 1067 1983 ,

277 2012 416 2033 ascensura
430 2005 455 2031 in
469 2003 581 2035 ctelum,
604 2002 683 2029 vitam
704 2009 762 2028 cum
783 1999 883 2034 angelis
902 1998 1050 2026 ducendam
1061 2018 1068 2029 ,

277 2053 426 2080 futurorum
451 2050 581 2077 bonorum
604 2048 778 2075 consortium.
801 2045 867 2073 Nam
890 2044 940 2072 hoc
964 2042 1070 2078 illorum

277 2100 373 2134 pignus
387 2102 437 2125 est.
454 2096 519 2124 Cum
535 2102 598 2130 ergo
614 2093 678 2121 illud
694 2093 820 2123 dixisset,
836 2091 902 2118 dixit
917 2091 996 2118 etiam
1011 2097 1070 2117 cor-

278 2152 373 2180 porum
394 2141 636 2173 resurrectionem,
651 2140 724 2174 signa
738 2139 781 2165 hic
802 2138 887 2169 edita,
908 2137 982 2172 regni
1003 2144 1070 2164 con-

279 2192 389 2219 sortium
401 2212 407 2223 ,
422 2195 449 2217 et
462 2190 530 2216 bona
542 2209 549 2220 ,
569 2188 633 2221 Qum
652 2187 740 2213 oculus
760 2193 810 2212 non
831 2184 910 2217 vidit,
933 2183 1002 2210 auri:
1020 2191 1072 2209 non

279 2237 385 2269 audivit,
396 2241 420 2263 et
432 2236 458 2262 in
467 2243 510 2261 cor
518 2233 626 2260 houn‘nis
636 2240 685 2258 non
696 2231 859 2258 ascenderunt
871 2230 908 2265 (Ι.
921 2229 979 2256 Cor.
991 2229 1018 2256 2.
1031 2228 1071 2264 9).

281 2284 344 2311 lla:c
357 2283 455 2317 quippe
468 2280 556 2308 omnia
571 2287 620 2314 per
633 2278 733 2304 donum
752 2276 816 2303 illud
838 2275 914 2302 nobis
928 2274 1071 2310 praebebat.

279 2328 449 2364 Superlluum
465 2327 554 2360 itaque
567 2328 625 2352 erat
637 2323 671 2350 de
685 2322 765 2357 signis
785 2321 856 2356 loqui
875 2328 938 2348 mox
958 2320 1071 2353 futuris,

279 2383 306 2404 et
320 2376 458 2404 oculorum
472 2373 573 2409 judicio
586 2370 745 2406 probandis;
769 2368 816 2396 sed
830 2367 864 2396 de
885 2368 938 2395 illis
956 2372 1015 2395 erat
1034 2367 1074 2394 lo-

280 2422 417 2457 quendum
428 2420 462 2448 de
473 2419 569 2455 quibus
581 2417 738 2445 dubitabant
748 2415 802 2447 illi;
817 2421 928 2448 nempe,
947 2412 1018 2448 quod
1031 2412 1075 2440 Fi-

281 2469 333 2495 lius
348 2468 394 2495 Dei
409 2470 494 2499 esset,
510 2464 580 2500 quod
594 2463 724 2491 Joannem
738 2461 796 2488 sine
808 2460 861 2487 ulla
876 2458 1075 2494 comparatione

283 2513 464 2549 praecederet,
480 2511 550 2547 quod
564 2510 669 2538 tolleret
683 2511 820 2543 peccatum
835 2505 937 2539 mundi,
953 2505 1024 2540 quod
1042 2505 1076 2532 de

283 2559 411 2594 operibus
426 2558 557 2585 rationem
571 2559 713 2583 exacturus
726 2557 814 2585 esset,
831 2552 901 2586 quod
915 2555 1005 2578 nostra
1022 2559 1076 2578 non

284 2610 376 2633 essent
388 2603 565 2640 prmsentibus
577 2602 657 2629 rebus
671 2599 881 2633 circumscripta,
895 2597 942 2624 sed
959 2597 1012 2624 illic
1022 2597 1076 2624 sin-

284 2654 338 2687 guli
364 2652 473 2687 dignum
497 2649 654 2684 supplicium
678 2647 768 2674 luituri
793 2649 892 2673 essent.
918 2644 981 2672 Haec
1004 2643 1076 2671 enim

285 2699 370 2727 oculis
384 2697 517 2732 subjicere
532 2699 594 2722 tunc
608 2702 660 2721 non
675 2693 780 2721 licebat.

322 2745 348 2771 7.
368 2741 476 2769 Moralis
491 2741 647 2771 exhortatio,-
670 2738 791 2766 bonorum
811 2737 893 2773 gratia
909 2736 976 2764 Deus
997 2735 1077 2763 malos

300 2868 305 2872 ‘
318 2836 354 2867 (α)
374 2841 504 2872 Lavacrum
514 2842 530 2861 α
542 2833 623 2861 securi
640 2831 738 2864 depellit
749 2837 788 2857 eos
797 2847 804 2860 ,
822 2830 845 2855 id
863 2833 910 2860 est,
923 2834 936 2853 a
948 2827 1077 2853 commina-

287 2868 355 2893 tione
371 2867 475 2892 securis.

602 142 631 170 S.
651 137 790 170 JOANNIS
807 129 1046 166 CHRYSOSTOMI
1064 127 1225 158 ARCIllEP.
1245 123 1511 156 CONSTANTINOP.

1841 122 1894 150 200

1099 188 1148 222 fert
1168 185 1303 220 patienter.
1319 199 1354 204 ——
1369 183 1430 210 Haec
1445 183 1532 218 itaque
1543 189 1603 210 cum
1618 180 1733 208 sciamus
1744 200 1753 214 ,
1764 188 1892 216 magnum

1099 232 1273 260 adhibeamus
1288 229 1414 260 studium,
1424 228 1486 255 dum
1498 228 1524 255 in
1535 235 1596 255 area
1609 234 1701 254 Sumus
1719 235 1725 252 :
1742 225 1805 253 licet
1819 225 1891 252 enim

1100 277 1144 306 hic
1151 277 1319 306 versantibus
1329 284 1364 303 ex
1372 275 1448 311 palea
1459 276 1485 302 in
1498 275 1612 302 triticum
1624 273 1754 304 converti,
1766 271 1893 306 quemad-

1100 325 1208 353 modum
1223 332 1257 352 ex
1273 323 1360 351 tritico
1382 322 1457 349 multi
1477 321 1551 356 palea
1571 325 1633 347 sunt
1652 319 1725 346 facti.
1747 318 1786 345 Ne
1806 318 1895 352 itaque

1101 372 1283 404 concidamus,
1296 377 1381 404 neque
1392 368 1464 396 omni
1478 372 1557 395 vento
1568 365 1795 396 circumferuntur,
1809 371 1896 398 neque

1102 417 1277 446 scindantura
1288 414 1413 443 fratribus
1425 413 1535 445 nostris,
1549 412 1610 439 licet
1619 411 1705 446 exigui
1716 415 1743 437 et
1756 409 1822 437 viles
1837 417 1897 436 esse

1102 463 1252 491 videantur.
1265 461 1330 489 Nam
1345 465 1372 488 et
1389 459 1550 487 frumentmn
1563 458 1636 492 palea
1653 457 1741 483 minus
1753 459 1804 487 est,
1813 463 1899 490 quan-

1104 514 1159 536 tum
1175 508 1209 536 ad
1224 514 1386 539 mensuram,
1399 510 1525 541 quantum
1539 503 1571 531 ad
1587 507 1709 531 naturam
1723 506 1823 533 autem,
1838 509 1898 528 me-

1104 555 1165 582 lius.
1184 553 1222 581 Ne
1236 552 1325 580 saeculi
1340 558 1450 587 pompas
1465 548 1593 584 respicias
1609 557 1615 575 :
1632 555 1692 575 nam
1707 547 1758 575 illa:
1769 546 1822 582 igni
1837 550 1900 573 sunt

1105 605 1220 637 paratae;
1236 600 1284 627 sed
1299 607 1358 626 eam
1371 606 1430 633 quae
1445 595 1591 625 secundum
1607 595 1690 622 Deum
1702 598 1744 621 est
1762 592 1899 620 humilita-

1107 652 1159 675 tem
1171 667 1179 679 ,
1195 645 1306 674 solidam
1323 645 1395 672 illam
1405 665 1413 677 ,
1432 641 1641 670 indissolubilem
1651 661 1660 674 ,
1676 648 1736 675 qua:
1751 639 1837 667 scindi
1850 645 1898 665 ne-

1105 696 1202 728 queat,
1225 698 1310 726 neque
1332 690 1365 717 ab
1386 690 1447 724 igne
1468 688 1599 716 comburi.
1624 687 1736 721 Propter
1757 685 1806 713 hos
1827 685 1899 712 enim

1107 740 1198 775 paleas
1212 738 1343 772 patienter
1352 736 1411 768 fert,
1421 741 1448 763 ut
1461 743 1493 763 ex
1510 734 1615 762 illorum
1626 732 1762 761 consortio
1776 731 1901 759 meliores

1108 785 1180 812 ﬁant.
1203 784 1265 812 Ideo
1286 782 1405 811 nondum
1424 781 1553 816 judicium
1572 784 1681 819 est,.ut
1695 785 1788 805 omnes
1803 777 1902 812 pariter

1107 837 1267 858 coronemur
1277 849 1284 862 ,
1303 833 1333 856 ut
1349 835 1365 854 a
1382 826 1500 862 nequitia
1515 825 1589 852 multi
1605 824 1638 851 ad
1652 824 1775 850 virtutem
1788 829 1902 850 θρηνεῖς

1109 881 1206 904 tantur.
1224 875 1438 902 lnhorrescamus
1449 873 1536 907 igitur,
1547 871 1616 898 hanc
1629 869 1781 905 parabolam
1792 868 1902 897 audien.

1109 928 1159 951 tes.
1175 922 1280 950 Etenim
1292 919 1513 955 inexstinguibilis
1522 922 1562 946 est
1575 917 1618 944 ille
1631 917 1709 952 ignis.
1723 915 1756 943 Et
1767 915 1903 951 quomodo

1110 967 1350 1004 inexstinguibilis?
1376 965 1488 1001 inquies.
1512 965 1607 992 Annon
1627 962 1703 990 vides
1727 961 1798 989 hunc
1818 961 1902 988 solem

1110 1024 1216 1050 semper
1229 1015 1383 1046 ardentem,
1403 1017 1429 1040 et
1451 1018 1595 1045 numquam
1616 1007 1795 1036 exstinctum?
1813 1015 1903 1034 annon

1111 1063 1199 1090 vidisti
1214 1060 1459 1089 rubum-ardentem
1471 1079 1478 1090 ,
1495 1062 1520 1085 et
1536 1065 1588 1083 non
1601 1054 1788 1084 combustum?
1806 1053 1834 1082 Si
1853 1054 1904 1081 ita-

1111 1117 1163 1144 que
1181 1114 1208 1136 et
1227 1108 1282 1142 ipse
1296 1108 1336 1134 vis
1354 1105 1487 1133 flammam
1510 1103 1642 1138 effugere,
1666 1100 1904 1129 immisericordetu

1112 1163 1172 1182 esse
1185 1154 1257 1189 prius
1270 1153 1367 1180 desiste
1379 1172 1387 1184 ,
1407 1151 1498 1186 sicque
1520 1149 1619 1176 nullum
1635 1154 1724 1175 sumes
1746 1146 1813 1182 ignis
1835 1145 1905 1173 illius

1112 1202 1334 1235 experimentum.
1348 1197 1413 1225 Nam
1426 1197 1448 1223 si
1466 1196 1507 1223 hic
1521 1202 1552 1222 ea
1565 1201 1623 1229 qua:
1637 1193 1771 1225 dicuntur,
1784 1191 1905 1219 credide-

1115 1246 1161 1279 ris,
1176 1253 1236 1273 cum
1251 1245 1312 1271 illuc
1326 1241 1525 1277 transmigrabis
1535 1261 1542 1273 ,
1558 1239 1694 1267 fornacem
1710 1246 1763 1265 non
1779 1237 1881 1264 videbis
1896 1245 1903 1264 :

1114 1292 1136 1319 si
1149 1296 1239 1318 autem
1253 1290 1296 1317 hic
1308 1297 1360 1317 non
1371 1287 1528 1320 credideris,
1542 1287 1596 1314 illic
1607 1289 1732 1320 expertus
1742 1289 1815 1312 certo
1825 1283 1905 1317 scies,

1114 1337 1220 1373 quando
1234 1337 1349 1372 effugere
1362 1335 1427 1362 ultra
1440 1343 1492 1361 non
1505 1333 1612 1368 poteris.
1629 1331 1781 1359 lncvitabile
1792 1337 1907 1365 namque

1115 1383 1273 1418 supplicium
1294 1387 1336 1410 est
1358 1382 1388 1408 iis
1408 1380 1452 1415 qui
1471 1384 1544 1407 recte
1564 1379 1644 1405 vitam
1658 1385 1710 1404 non
1725 1376 1905 1404 instituerunt.

1115 1430 1207 1465 Neque
1225 1429 1295 1456 cnim
1316 1427 1414 1454 sufﬁcit
1435 1422 1534 1453 tantum
1557 1424 1681 1455 credere;
1696 1430 1755 1450 nam
1771 1422 1907 1449 da‘mones

1118 1476 1199 1503 Deum
1216 1475 1355 1502 horrentes
1370 1474 1480 1505 timent,
1498 1471 1544 1498 sed
1563 1469 1734 1497 nihilominus
1747 1467 1908 1495 cruciabun-

1118 1527 1169 1550 tur.
1194 1520 1373 1554 Quamobrem
1394 1518 1476 1545 multa
1499 1516 1574 1544 nobis
1594 1514 1728 1550 diligentia
1741 1518 1782 1540 est
1794 1519 1861 1547 opus
1873 1511 1908 1538 ad

1118 1568 1197 1595 vitam
1212 1565 1410 1593 instituendam.
1429 1563 1491 1590 Ideo
1506 1569 1619 1596 namque
1634 1561 1675 1587 hic
1692 1567 1739 1586 vos
1757 1558 1910 1592 frequenter

1118 1618 1320 1648 congregamus,
1340 1618 1391 1637 non
1409 1613 1437 1636 ut
1458 1608 1509 1635 huc
1529 1605 1713 1641 ingrediamini
1733 1608 1847 1636 tantum,
1861 1602 1910 1630 sed

1119 1664 1148 1686 ut
1168 1666 1201 1686 ex
1224 1658 1274 1685 hac
1294 1657 1408 1684 statione
1428 1655 1543 1689 aliquem
1562 1652 1676 1679 fructum
1698 1649 1850 1684 percipiatis
1865 1657 1871 1675 :
1888 1648 1911 1675 si

1119 1713 1184 1732 vero
1197 1711 1303 1738 semper
1321 1701 1464 1734 accedatis,
1480 1708 1512 1727 ac
1522 1700 1580 1727 sine
1599 1698 1653 1726 ullo
1666 1697 1751 1724 fructu
1768 1694 1910 1727 recedatis,

1119 1751 1185 1778 nihil
1199 1758 1231 1777 ex
1246 1750 1367 1784 ingressu
1381 1752 1408 1775 et
1421 1753 1548 1774 consessu
1562 1743 1637 1771 vobis
1651 1742 1716 1770 lucri
1730 1740 1847 1769 accedet.
1865 1739 1911 1766 Et-

1120 1797 1191 1825 enim
1204 1795 1227 1823 si
1237 1803 1295 1822 cum
1309 1801 1404 1829 pueros
1411 1785 1650 1826 adludimagistros
1662 1786 1833 1818 mittimus,si
1847 1785 1912 1813 nihil

1121 1850 1167 1870 eos
1180 1842 1241 1869 inde
1257 1841 1358 1868 fructus
1372 1838 1473 1866 referre
1485 1837 1623 1864 videamus
1633 1856 1639 1868 ,
1655 1833 1852 1867 ludimagistros
1865 1838 1912 1858 ve-

1121 1889 1261 1916 hementer
1283 1887 1452 1918 incusamus,
1474 1888 1499 1911 et
1522 1882 1555 1910 ad
1576 1881 1643 1909 alios
1667 1887 1738 1915 sazpe
1759 1878 1911 1906 mittimus:

1122 1942 1200 1970 quam
1219 1932 1416 1961 excusationem
1438 1929 1613 1965 proferemus,
1633 1927 1655 1954 si
1677 1934 1729 1953 non
1750 1924 1871 1952 eamdem
1887 1923 1913 1950 in

1123 1969 1229 2013 virtute,
1252 1987 1331 2015 quam
1351 1978 1377 2005 in
1395 1976 1507 2004 terrenis
1525 1974 1604 2002 rebus
1617 1972 1790 2000 adhibeamus
1804 1969 1915 2003 diligen-

1124 2028 1197 2060 tiam,
1207 2026 1253 2053 sed
1261 2013 1362 2052 vacuas
1374 2030 1480 2057 semper
1495 2019 1598 2048 tabulas
1607 2018 1716 2046 domum
1727 2013 1914 2051 reportamus?

1123 2072 1287 2106 Quamquam
1302 2070 1391 2105 plures
1403 2072 1430 2094 et
1442 2067 1556 2102 majores
1571 2065 1614 2092 hic
1628 2062 1746 2097 magistri
1761 2064 1831 2089 sunt.
1848 2059 1915 2087 Nam
1931 2056 1935 2060 ’

1124 2118 1268 2154 prophetas
1281 2121 1308 2144 et
1321 2108 1456 2150 apostolos
1470 2119 1497 2140 et
1509 2111 1681 2147 patriarchas,
1691 2114 1718 2137 et
1725 2109 1811 2144 justos
1821 2112 1916 2134 omnes

1125 2152 1153 2192 in
1167 2152 1279 2199 singulis
1291 2160 1465 2189 conventibus
1478 2158 1644 2186 adhibemus.
1666 2155 1700 2183 At
1713 2162 1745 2181 ne
1755 2154 1794 2181 sic
1807 2152 1915 2188 quidem

1126 2197 1223 2245 aliquis
1240 2207 1374 2243 profectus
1389 2203 1614 2240 deprehenditur;
1631 2201 1677 2229 sed
1695 2206 1833 2235 postquam
1849 2197 1916 2225 duos

1126 2260 1215 2283 tresve
1235 2254 1351 2288 psalmos
1369 2249 1554 2278 succinueritis
1565 2269 1573 2282 ,
1589 2252 1616 2275 et
1628 2250 1768 2274 consuetas
1782 2243 1918 2271 orationes

1126 2299 1305 2336 perfunctorie
1320 2297 1471 2328 emiseritis,
1483 2294 1583 2330 egressi
1596 2292 1702 2324 deinde,
1719 2290 1816 2326 putatis
1831 2288 1857 2316 id
1871 2295 1918 2314 vo-

1126 2334 1168 2374 bis
1183 2345 1216 2372 ad
1231 2345 1343 2372 salutem
1363 2349 1425 2369 esse
1445 2341 1519 2368 satis.
1539 2339 1596 2366 Non
1619 2337 1730 2364 audistis
1749 2334 1917 2370 prophetam,

1128 2393 1181 2419 imo
1197 2391 1279 2418 Deum
1295 2397 1341 2424 per
1355 2387 1511 2424 prophetam
1525 2386 1658 2414 dicentem
1672 2393 1678 2410 :
1695 2381 1811 2417 Populus
1825 2381 1865 2407 hic
1878 2380 1918 2406 ta-

1129 2438 1175 2465 biis
1186 2445 1226 2464 me
1235 2436 1342 2463 honorat
1354 2442 1363 2461 :
1373 2442 1416 2461 cor
1425 2438 1508 2460 autem
1519 2439 1604 2459 eorum
1614 2431 1687 2465 longe
1699 2433 1735 2455 est
1750 2436 1766 2454 α
1778 2435 1817 2454 me
1834 2426 1843 2461 (
1854 2425 1918 2452 hui.

1129 2484 1174 2511 29.
1191 2483 1248 2517 l3).
1261 2482 1300 2509 Ne
1313 2481 1392 2516 igitur
1406 2478 1471 2506 illud
1483 2478 1563 2505 etiam
1574 2475 1653 2503 nobis
1665 2473 1777 2506 accidat,
1788 2472 1847 2500 dele
1861 2471 1921 2498 lite-

1129 2537 1183 2562 ras,
1197 2530 1254 2555 sive
1269 2527 1357 2562 potius
1372 2525 1551 2556 characteres,
1567 2529 1635 2557 quos
1647 2519 1769 2548 diabolus
1784 2517 1920 2553 impressit

1131 2577 1157 2604 in
1170 2575 1258 2602 anima
1273 2578 1327 2607 tua,
1337 2577 1364 2600 et
1374 2571 1439 2599 alTer
1447 2571 1512 2598 mihi
1522 2577 1569 2597 cor
1579 2567 1752 2596 saecularibus
1765 2564 1921 2592 tumultibus

1130 2628 1260 2652 vacuum,
1276 2623 1305 2646 ut
1318 2625 1366 2653 pro
1381 2617 1465 2644 lubito
1478 2623 1538 2651 quae
1550 2613 1616 2642 mihi
1630 2613 1752 2648 placeant
1767 2610 1921 2638 inscribam.

1131 2666 1207 2694 Nune
1221 2668 1319 2700 quippe
1331 2663 1397 2690 nihil
1410 2662 1446 2689 ibi
1458 2660 1529 2688 aliud
1541 2658 1649 2695 agnosci
1664 2661 1770 2693 potest,
1785 2655 1836 2683 uisi
1852 2654 1924 2682 illius

1131 2699 1336 2744 literm,rrapiu:r:
1342 2707 1474 2739 videlicet,
1483 2705 1604 2737 avaritia,
1613 2703 1721 2735 invidia,
1732 2702 1809 2729 livor.
1823 2699 1923 2727 Idcirco

1132 2765 1192 2786 cum
1204 2756 1306 2784 tabulas
1315 2759 1416 2782 vestras
1425 2752 1537 2787 accipio,
1546 2758 1579 2778 ne
1587 2750 1676 2785 legere
1685 2748 1792 2784 quidem
1804 2751 1922 2781 possum.

1133 2803 1224 2837 Neque
1236 2802 1307 2829 enim
1323 2800 1382 2827 illas
1394 2799 1429 2826 ibi
1443 2796 1551 2825 invenio
1568 2795 1659 2822 literas
1669 2815 1676 2827 ,
1691 2800 1758 2829 quas
1770 2799 1818 2820 nos
1830 2790 1924 2818 diebus

1134 2849 1274 2878 dominicis
1289 2846 1466 2875 inscribentes
1481 2843 1516 2873 ibi
1530 2842 1721 2878 relinquimus;
1735 2839 1782 2868 sed
1798 2838 1862 2866 alias
1877 2842 1925 2872 pro
