2073 3127
208 155 258 182 2m

204 210 276 242 aliis,
287 208 414 238 informes
427 215 457 238 et
471 211 606 238 distortas.
623 210 723 237 Dcindc
737 218 809 242 cum,
826 209 878 236 illis
890 208 996 241 deletis,

206 257 296 285 literas
315 266 347 285 ex
371 258 476 292 Spiritu
502 259 631 293 profectas
655 258 855 293 inscripsimus,
869 258 997 284 abeuntes

204 311 264 335 vos.
279 309 306 331 et
322 304 421 331 diaboli
437 306 637 340 operationibus
648 305 728 332 corda
742 309 829 332 vestra
852 305 996 334 tradentes,

204 349 355 377 facultatetn
378 349 428 385 ipsi
451 351 574 386 prarbetis
589 356 616 378 ιιι
632 352 729 378 uestris
742 351 889 378 contrarias
908 351 997 378 literas

204 404 311 424 rursum
330 397 470 424 inscribat.
487 398 536 431 Qui
551 398 652 425 futurus
663 398 698 424 sit
713 398 806 424 horutn
821 398 882 424 linis
894 398 997 425 etiamsi

203 449 254 477 ego
270 450 322 469 non
337 443 451 470 dixerim
462 463 470 476 ,
485 443 647 478 singulorum
663 444 823 470 conscientia
842 444 924 470 novit.
941 443 997 478 Ego

202 494 278 515 certe
293 497 435 524 numquam
447 490 557 517 cessabo
567 498 626 525 qua:
635 491 686 518 mei
695 496 757 517 sunt
766 490 846 517 officii
858 495 995 524 priestare,

203 538 346 569 rectasque
357 535 447 562 literas
462 536 617 563 inscribere.
632 536 660 563 Si
675 540 762 563 autem
775 544 823 564 vos
833 536 997 571 diligentiam

203 584 326 607 nostram
349 581 525 614 labefactetis,
551 582 627 609 nobis
650 582 756 617 quidem
779 589 882 609 merces
907 587 996 608 nostra

202 631 298 654 manet
308 627 461 659 immobilis,
473 628 548 655 vobis
558 633 645 656 autem
653 636 706 656 non
715 636 824 663 parvum
835 627 995 663 periculum;

201 681 298 701 verum
313 674 377 701 nihil
392 675 453 702 volo
464 676 570 709 gravius
584 675 713 710 proferre.

239 719 267 746 8.
284 719 316 746 In
333 721 423 747 uirtute
442 729 591 755 progressus
607 721 651 756 qui
667 721 723 755 ﬁat.
739 720 832 748 Contra
839 721 996 755 juramenta.

206 764 283 792 Vana
302 766 383 800 gloria
401 766 559 793 vitarida.——
570 766 622 793 Sed
642 773 690 793 vos
708 766 820 793 obsecro
837 771 864 793 et
883 773 951 798 oro,
969 769 998 792 ut

201 811 375 845 parvulorum
396 811 490 839 saltem
509 812 672 847 diligentiam
692 812 742 839 hac
760 812 784 838 in
800 820 830 839 re
846 811 995 839 imitemini.

201 855 270 883 Nam
291 857 329 884 illi
351 858 435 892 primo
449 858 557 893 quidem
572 858 708 885 literarum
728 858 838 884 formam
858 857 995 888 ediscunt;

202 901 303 929 deinde
326 902 453 930 distortas
477 903 536 930 illas
559 911 704 938 agnoscere
721 903 844 936 student;
859 907 950 937 postea
963 903 997 930 ad

202 949 346 976 lectionem
362 950 428 983 viam
446 955 548 984 parant.
571 950 615 978 Sic
628 955 654 979 et
669 959 717 977 nos
732 951 861 978 faciamus
877 960 883 978 :
900 951 998 979 virtute

202 995 230 1022 in
246 1000 336 1030 partes
350 995 445 1028 divisa,
463 996 548 1030 primo
561 996 695 1023 discamus
707 1004 760 1023 non
772 996 874 1031 jurare,
890 1004 938 1024 nec
952 1004 997 1031 pe-

200 1040 309 1074 jerare,
324 1048 408 1072 neque
423 1041 599 1074 maledicere;
614 1042 710 1070 deinde
722 1063 729 1075 ,
745 1042 779 1070 ad
809 1043 892 1072 alium
926 1052 995 1073 ver-

199 1093 262 1119 sum
273 1088 417 1122 progressi,
431 1096 485 1115 non
497 1088 616 1116 invidere
627 1090 697 1122 aliis,
708 1097 759 1116 non
769 1097 881 1123 corpora
893 1096 995 1122 amare,

202 1139 258 1159 non
274 1133 360 1160 ventri
374 1133 523 1168 indulgere,
538 1141 590 1161 non
606 1134 741 1167 inebriari,
756 1142 808 1161 non
824 1134 994 1166 inhumanos,

203 1186 258 1204 non
271 1180 398 1206 socordes
413 1188 486 1212 esse;
503 1185 530 1207 ut
539 1180 601 1207 hinc
613 1188 704 1208 rursus
712 1180 745 1208 ad
754 1181 898 1215 spiritualia
910 1185 997 1208 trans-

202 1230 310 1257 euntes,
321 1234 428 1260 operam
440 1226 535 1254 demus
547 1227 737 1261 temperantize,
745 1227 846 1254 ventris
854 1227 995 1262 neglectni,

203 1271 333 1302 castitati,
345 1272 437 1306 glori:e
448 1273 623 1307 contemptui,
633 1273 782 1306 modestia',
797 1273 886 1301 cordis
897 1274 998 1304 contri-

204 1316 289 1348 tioni;
313 1321 338 1344 et
358 1317 415 1344 ha-c
432 1318 510 1344 simul
523 1318 611 1344 omnia
633 1318 803 1352 copulemus,
817 1323 844 1346 et
862 1319 888 1346 in
909 1320 997 1346 anima

204 1368 296 1389 nostra
308 1363 495 1391 inscribamus.
507 1365 593 1399 Atque
604 1364 660 1391 haec
668 1365 756 1392 omnia
767 1365 850 1398 domi,
861 1373 919 1393 cum
930 1365 1011 1392 ami-‘

204 1409 254 1441 cis,
270 1417 330 1436 cmn
345 1417 430 1436 uxore
442 1431 449 1441 ,
467 1417 527 1437 cum
551 1410 611 1437 filiis
630 1418 813 1439 exerceamus.
829 1411 849 1438 Α
865 1411 998 1446 prioribus

204 1459 294 1481 autem
315 1460 342 1482 et
364 1455 528 1482 facilioribus
551 1455 725 1490 incipiamus;
751 1457 996 1490 exeinplicausa,a

203 1500 416 1535 juramentorum
427 1501 602 1528 abstinentia:
613 1501 663 1528 hoc
671 1502 830 1529 elementum
843 1503 997 1537 frequenter

203 1546 277 1573 domi
293 1547 464 1575 meditemur.
479 1546 545 1574 lluic
561 1554 641 1582 porro
649 1547 814 1574 meditationi
828 1547 909 1574 multa
924 1547 997 1575 domi

203 1593 327 1620 ofliciunt
340 1602 346 1620 :
361 1602 423 1620 nam
434 1594 548 1621 famulus
560 1593 592 1620 ad
604 1594 768 1622 iracundiam
779 1599 918 1630 provocat,
931 1602 998 1621 uxor

205 1641 319 1667 molesta
333 1640 400 1667 iram
411 1641 521 1672 excitat,
538 1640 607 1668 filius
618 1641 803 1675 immorigerus
817 1645 844 1668 et
859 1640 996 1668 inordina—

205 1690 249 1711 tus
264 1684 298 1712 ad
311 1685 396 1713 minas
410 1690 437 1713 et
448 1686 630 1721 juramentum
647 1687 765 1714 deducit.
780 1686 808 1714 Si
824 1687 912 1721 itaque
924 1686 997 1713 domi

205 1731 302 1765 sarpius
312 1731 346 1759 ab
359 1731 400 1758 his
412 1732 571 1764 concitatus,
586 1733 722 1760 abstineas
735 1737 822 1760 tamen
835 1741 850 1760 a
862 1733 998 1767 iuramen-

204 1777 250 1810 tis,
264 1777 340 1809 facile
351 1778 451 1812 poteris
463 1779 544 1806 etiam
559 1779 585 1806 in
599 1779 657 1806 foro
672 1779 786 1806 invictus
800 1786 972 1813 perseverare
988 1787 995 1805 :

205 1822 260 1850 imo
282 1825 361 1850 etiam
384 1823 410 1851 id
432 1825 624 1859 consequeris,
644 1829 674 1852 ut
695 1825 794 1855 nemini
810 1824 998 1852 contumeliam

205 1867 304 1895 inferas
317 1889 324 1901 ,
346 1877 400 1896 non
417 1870 505 1903 uxori,
523 1878 575 1897 non
590 1870 700 1903 famulo,
718 1878 771 1898 non
789 1870 996 1898 domesticorum

205 1914 329 1949 cuipiam.
347 1914 453 1942 Etenim
464 1923 530 1942 uxor
539 1923 611 1950 smpe
621 1916 701 1943 alium
712 1916 863 1951 quempiam
876 1916 996 1947 laudans,

204 1965 234 1988 et
252 1967 313 1987 sese
333 1961 459 1988 miseram
479 1961 645 1996 prtedicans,
659 1962 744 1989 virum
760 1961 893 1995 incendit,
911 1965 940 1988 ut
959 1961 997 1988 illi

206 2006 356 2034 maledicat.
372 2006 412 2033 Tu
426 2014 491 2034 vero
505 2015 538 2035 ne
553 2007 636 2034 iratus
651 2015 684 2034 eo
699 2007 829 2042 procedas
839 2028 847 2040 ,
862 2011 891 2034 ut
905 2006 996 2035 laudas

206 2057 262 2079 tum
278 2053 414 2087 vituperes
425 2073 433 2086 ,
454 2053 501 2080 sed
515 2054 602 2080 omnia
617 2054 721 2081 fortiter
735 2054 821 2086 feras;
836 2054 942 2082 etiamsi
955 2053 996 2080 fa-

207 2097 291 2125 mulos
303 2104 362 2126 tuos
372 2098 464 2126 videas
477 2098 597 2126 laudibus
609 2099 688 2127 heros
700 2099 767 2126 alios
777 2099 883 2131 ell‘erre,
895 2107 929 2126 ne
943 2103 997 2126 tur-

207 2145 288 2178 beris,
300 2145 347 2172 sed
361 2145 474 2172 viriliter
487 2146 597 2173 sustine.
612 2146 654 2173 Sit
669 2146 715 2174 tibi
729 2146 826 2174 domus
839 2146 960 2181 palxestra
971 2149 999 2173 et

206 2191 359 2218 certaminis
373 2191 459 2224 locus,
473 2196 502 2218 ut
512 2191 547 2219 ibi
562 2192 647 2227 probe
658 2193 827 2226 exercitatus,
839 2200 899 2220 cum
914 2192 998 2222 multa

773 153 806 182 ΙΝ
823 151 1027 181 ΜΑΤΤΙΙᾹΞΟΜ
1045 152 1160 181 Ηωιιιι.
1182 154 1239 183 XII.

1788 159 1841 187 ΞΜ

1052 210 1144 244 peritia
1164 211 1190 238 in
1211 212 1269 239 foro
1281 219 1342 239 cum
1355 213 1416 240 aliis
1430 215 1622 249 congrediaris.
1639 216 1754 252 ldipsum
1770 220 1841 248 circa

1051 266 1145 285 vanam
1156 259 1266 293 gloriam
1278 259 1366 286 facito.
1383 260 1410 287 Si
1424 261 1497 288 enim
1509 262 1642 290 studueris
1653 271 1666 290 a
1679 272 1744 291 vana
1757 266 1841 301 gloria

1051 304 1185 332 abstinere
1197 312 1256 332 cum
1273 313 1355 333 uxore
1367 310 1393 333 et
1407 306 1497 334 liberis
1507 328 1514 340 ,
1529 312 1556 335 et
1569 308 1675 336 famulis
1686 330 1694 342 ,
1708 310 1777 344 apud
1792 319 1841 339 ne-

1051 351 1148 378 minem
1162 351 1242 378 alium
1254 352 1298 378 tali
1312 352 1406 379 morbo
1419 352 1497 380 facile
1511 354 1636 388 capieris.
1654 355 1756 391 Ubique
1771 357 1841 384 enim

1051 397 1093 424 hic
1114 397 1221 425 morbus
1240 399 1328 432 gravis
1348 400 1552 435 lyrannicusque
1571 405 1628 435 est,
1647 403 1762 430 maxime
1779 411 1844 430 vero

1043 441 1111 469 ‘cum
1137 443 1213 470 adest
1240 452 1316 471 uxor.
1344 444 1372 472 Si
1398 452 1461 479 ergo
1488 449 1551 473 tunc
1573 446 1648 473 illum
1671 454 1842 482 superemus,

1051 490 1124 517 nullo
1143 491 1248 525 negotio
1265 492 1328 519 alibi
1349 492 1557 527 profligabimus.
1577 492 1654 521 Circa
1674 493 1742 521 alios
1759 495 1840 522 etiam

1050 537 1131 564 animi
1151 539 1258 565 morbos
1275 538 1389 574 idipsum
1410 543 1568 574 praestemus
1579 560 1587 573 ,
1603 539 1729 575 domique
1743 541 1841 568 adver-

1051 590 1096 610 sus
1111 583 1170 610 illos
1187 591 1235 611 nos
1247 592 1436 618 exerceamus,
1456 585 1574 621 quotidie
1596 586 1745 620 palaestram
1768 587 1840 614 illam

1050 627 1187 656 adeuntes.
1216 629 1300 663 thue
1314 630 1416 658 facilior
1429 631 1584 658 exercitatio
1599 631 1644 659 illa
1656 631 1769 664 evadat,
1791 640 1841 660 no-

1050 673 1091 700 bis
1117 674 1181 708 ipsis
1202 675 1402 709 castigationem
1424 677 1609 712 assignemus,
1628 677 1650 705 si
1671 678 1698 705 in
1715 678 1841 713 quopiam

1049 720 1213 755 propositum
1229 722 1467 756 transgrediamnr.
1491 723 1531 750 Sit
1545 731 1625 758 porro
1639 725 1779 760 castigatio
1793 725 1838 752 illa

1050 773 1103 792 non
1114 765 1251 798 damnum,
1267 767 1314 794 sed
1328 769 1478 795 mercedem
1491 774 1518 797 et
1533 769 1636 797 lucrum
1650 770 1766 810 multum!
1776 771 1842 798 all'e-

1050 820 1128 845 rens;
1144 814 1259 848 exempli
1274 821 1366 847 causa,
1378 815 1399 841 si
1411 815 1520 849 jejuniis
1533 816 1635 850 asperis
1650 824 1699 844 nos
1713 817 1785 852 ipsos
1795 817 1842 844 da-

1051 865 1182 890 mnemus,
1206 859 1227 885 si
1253 859 1324 885 lnnni
1348 860 1548 892 decumbamus,
1569 861 1610 888 vel
1634 862 1841 890 macerationem

1050 904 1128 931 aliam
1141 904 1324 932 adbibeainu<.
1338 905 1382 933 Sic
1396 906 1466 933 enim
1479 906 1561 933 multa
1574 906 1690 942 undique
1704 907 1780 935 nobis
1795 915 1840 935 ac-

1050 949 1146 977 cedent
1162 950 1243 981 lucra,
1255 955 1283 977 et
1295 950 1332 977 sic
1348 951 1374 977 in
1387 951 1484 979 virtute
1496 951 1575 978 vitam
1590 952 1707 980 suaviter
1720 960 1840 988 agemus,

1050 997 1136 1023 futura
1150 1004 1345 1032 consequemur
1360 997 1438 1028 bona,
1453 1005 1484 1025 ac
1498 1003 1626 1033 perpetuo
1638 999 1686 1026 Dei
1698 999 1776 1027 amici
1788 1000 1840 1027 eri-

1050 1049 1119 1073 nius.
1142 1042 1194 1070 Sed
1208 1051 1241 1070 ne
1254 1043 1346 1070 cadent
1361 1043 1423 1078 ipsa-
1432 1051 1525 1072 rursus
1541 1045 1681 1078 eveniant,
1699 1053 1751 1073 neu
1766 1051 1840 1080 post-

1050 1095 1128 1122 quam
1140 1096 1169 1116 ea
1183 1096 1241 1123 qnze
1255 1087 1298 1115 hic
1309 1089 1378 1116 dicta
1391 1093 1453 1116 sunt
1466 1089 1589 1117 admirati
1603 1089 1716 1123 fueritis,
1727 1091 1841 1126 egressi,

1050 1133 1214 1168 negligenter
1226 1134 1421 1169 oscitanterque
1433 1154 1441 1166 ,
1459 1135 1563 1170 objecta
1580 1136 1677 1163 mentis
1689 1141 1787 1164 vestra:
1800 1141 1840 1163 ta-

1050 1178 1129 1212 bula,
1147 1179 1204 1206 ha-c
1218 1179 1322 1207 delendi
1341 1187 1434 1207 ansam
1451 1180 1558 1207 diabolo
1578 1181 1735 1216 prmbeatis;
1757 1189 1839 1208 unus-

1050 1225 1163 1260 quisque
1184 1225 1292 1252 dotnum
1312 1232 1467 1260 regressus,
1482 1230 1559 1253 vocet
1579 1234 1707 1260 uxorem,
1726 1227 1785 1254 tunc
1804 1227 1842 1254 illi

1051 1271 1199 1304 denuntiet,
1215 1272 1352 1307 ipsamque
1365 1277 1483 1299 assumat
1496 1273 1671 1308 adjutricem;
1685 1273 1719 1301 ab
1730 1274 1780 1301 hac
1791 1281 1839 1300 au-

1051 1321 1103 1344 tem
1115 1317 1159 1344 die
1172 1318 1197 1344 in
1212 1317 1350 1352 pulchram
1365 1318 1436 1344 illam
1448 1318 1599 1353 palaestram
1613 1319 1768 1352 descendat,
1781 1319 1842 1346 oleo

1050 1371 1114 1390 usus
1127 1363 1242 1398 Spiritus
1255 1364 1341 1391 sancti
1356 1364 1464 1392 auxilio.
1480 1365 1534 1392 Etsi
1547 1372 1611 1393 vero
1623 1365 1718 1396 semel,
1734 1369 1780 1392 aut
1790 1365 1840 1397 bis,

1050 1414 1096 1436 aut
1116 1410 1216 1445 pluries
1236 1410 1262 1437 in
1285 1411 1329 1437 tali
1352 1411 1483 1438 exercitio
1502 1411 1638 1444 concidas,
1656 1419 1688 1438 ne
1702 1411 1840 1446 desperes,

1050 1456 1097 1483 sed
1110 1460 1149 1483 sta
1164 1464 1270 1483 rursum
1285 1461 1312 1484 et
1326 1457 1450 1489 decerta;
1467 1464 1515 1484 nec
1528 1457 1600 1491 prius
1614 1458 1729 1484 absistas
1739 1478 1747 1491 ,
1761 1465 1842 1492 quam

1050 1502 1217 1536 splendidam
1229 1507 1322 1530 contra
1337 1502 1471 1530 diabolum
1485 1503 1623 1530 victoriam
1640 1503 1817 1537 reportaveris
1834 1513 1840 1530 :

1050 1553 1077 1576 et
1092 1548 1117 1576 in
1133 1549 1265 1576 tutissimo
1276 1549 1381 1576 virtutis
1395 1548 1521 1575 thesauro
1534 1548 1684 1584 depositura
1700 1548 1840 1576 recondas.

1049 1593 1116 1621 Nam
1130 1594 1152 1621 si
1166 1593 1228 1622 huic
1240 1594 1359 1629 pulchra:
1372 1594 1547 1629 philosophia:
1561 1601 1714 1627 assuescas,
1731 1602 1785 1622 non
1799 1595 1842 1622 ul—

1051 1644 1091 1666 tra
1111 1639 1210 1674 poteris
1224 1647 1257 1667 ex
1270 1640 1384 1674 segnitie
1404 1639 1528 1667 mandata
1545 1640 1670 1674 qtta:libet
1683 1641 1841 1675 transgredi,

1050 1685 1243 1712 consuetudine
1264 1690 1366 1712 natura:
1387 1685 1539 1712 firmitatem
1559 1684 1689 1711 imitante.
1707 1684 1842 1718 Quemad-

1051 1731 1159 1758 modum
1181 1731 1252 1758 enim
1275 1731 1353 1758 facile
1373 1736 1414 1758 est
1426 1731 1560 1764 dormire,
1573 1731 1722 1762 comedere,
1739 1730 1842 1764 bibere,

1052 1777 1184 1812 respirare
1195 1798 1202 1810 ,
1217 1778 1252 1803 ita
1269 1777 1346 1804 nobis
1357 1776 1444 1804 facilia
1458 1782 1536 1804 erunt
1554 1784 1586 1803 ea
1602 1784 1662 1811 qua:
1674 1776 1706 1804 ad
1717 1776 1843 1807 virtutem

1051 1826 1182 1858 spectanti,
1194 1830 1341 1858 puramque
1356 1822 1427 1849 illam
1442 1830 1617 1857 assequemur
1629 1822 1800 1856 voluptatem,
1815 1821 1843 1848 in

1052 1874 1107 1895 tuto
1122 1874 1199 1904 portu
1212 1868 1366 1901 constituti,
1380 1872 1408 1895 et
1420 1872 1546 1902 perpetua
1560 1867 1679 1894 fruentes
1692 1866 1842 1902 tranquilli-

1051 1921 1105 1944 tate
1118 1937 1125 1949 ,
1144 1916 1286 1950 navimque
1299 1915 1402 1949 magnis
1416 1914 1511 1950 opibus
1527 1919 1648 1941 onustam
1663 1913 1689 1940 in
1704 1913 1840 1940 civitatem

1052 1963 1122 1990 illam
1137 1962 1301 1997 appellentes
1322 1961 1348 1988 in
1370 1961 1414 1988 die
1436 1961 1478 1987 illa
1491 1981 1499 1992 ,
1520 1967 1634 1987 coronas
1646 1966 1843 1994 consequemur

1051 2016 1105 2036 non
1119 2008 1205 2035 fluxas
1221 2017 1228 2034 :
1242 2015 1309 2043 quas
1328 2007 1428 2034 utinam
1453 2005 1532 2033 nobis
1551 2005 1670 2033 nancisci
1684 2004 1821 2039 contingat
1834 2025 1842 2036 ,

1050 2056 1134 2092 gratia
1147 2060 1174 2082 et
1189 2054 1352 2090 benignitate
1367 2053 1469 2080 Domini
1489 2052 1571 2079 nostri
1591 2051 1655 2079 .lesu
1673 2050 1784 2082 Christi,
1800 2051 1843 2077 cui

1050 2101 1134 2138 gloria
1148 2105 1176 2130 et
1189 2100 1342 2135 imperium,
1355 2106 1426 2127 nunc
1435 2102 1462 2127 et
1471 2105 1588 2133 semper,
1600 2101 1629 2125 et
1642 2097 1668 2124 in
1683 2097 1784 2124 saecula
1793 2103 1844 2123 saa-

1050 2148 1182 2176 culorum.
1198 2147 1294 2174 Amen.

335 2260 1842 2284 _________________________________

904 2336 1075 2370 HOMILIA
1097 2334 1171 2365 ΧΠ.

207 2436 271 2463 CAP.
285 2436 311 2463 3.
325 2443 351 2461 v.
367 2436 411 2463 13.
434 2435 506 2463 Tunc
529 2437 594 2463 venit
614 2435 691 2464 Iesus
707 2444 723 2463 a
745 2435 854 2464 Galilei:
865 2436 892 2462 in
904 2434 1000 2462 Iorda-

313 2489 371 2508 nem
383 2481 418 2508 ad
429 2480 572 2515 Joannem,
586 2487 613 2508 ut
628 2481 797 2515 baptizaretur
808 2481 840 2508 ab
852 2489 892 2509 eo.

245 2572 269 2598 Ι.
290 2571 357 2599 Cum
375 2571 482 2599 famulis
503 2571 641 2604 Dominus,
657 2579 716 2599 cum
737 2572 790 2600 reis
809 2572 894 2600 Iudex
914 2572 1001 2607 bapti-

210 2617 309 2644 zandus
331 2617 413 2644 venit.
435 2617 489 2645 Sed
505 2625 539 2645 ne
558 2617 678 2651 ,turberis
695 2627 701 2644 :
716 2625 778 2645 nam
802 2618 828 2645 in
857 2618 1001 2645 humilibus

212 2662 361 2696 huiusmodi
374 2663 455 2691 rebus
469 2662 528 2698 ejus
548 2662 679 2690 celsitudo
702 2663 817 2690 maxime
835 2663 999 2697 resplendet.

212 2709 260 2742 Qui
282 2709 354 2736 enim
377 2708 405 2736 in
422 2708 542 2743 virginali
565 2709 642 2736 vulva
665 2713 738 2736 tanto
760 2714 881 2744 tempore
902 2709 1001 2744 gestari

213 2761 305 2788 passus
313 2758 366 2786 est,
383 2759 411 2781 et
425 2754 487 2781 inde
497 2761 556 2781 cum
573 2758 666 2781 natura
682 2759 771 2782 nostra
787 2754 904 2789 prodire,
916 2754 1001 2790 alapis

212 2800 276 2827 caedi
289 2805 317 2827 et
330 2800 451 2836 crueiligi
464 2800 484 2832 ί,
495 2800 579 2828 etalia
588 2801 688 2835 perpeti
699 2809 758 2836 quae
770 2808 863 2836 passus
875 2805 926 2832 est,
937 2801 1000 2836 quid

244 2890 253 2906 I
265 2887 368 2919 Quidam
379 2892 433 2920 post.
442 2895 536 2921 vocem,
548 2889 667 2924 cruci/igi,
676 2889 774 2921 addunt,
787 2893 810 2916 ct
820 2890 925 2922 sepeliri.

1054 2429 1158 2457 miraris
1168 2429 1190 2455 si
1205 2426 1332 2461 baptizari
1354 2425 1476 2457 dignatus
1491 2423 1535 2454 sit,
1551 2427 1577 2449 et
1591 2429 1651 2449 cum
1661 2421 1723 2448 aliis
1732 2421 1767 2449 ad
1783 2428 1842 2449 ser—-

1052 2483 1115 2503 vum
1139 2473 1287 2502 accedere?
1308 2471 1375 2498 Illud
1401 2470 1472 2498 enim
1497 2468 1657 2504 stupendum
1681 2471 1748 2500 erat,
1771 2468 1844 2504 quod

1053 2520 1124 2548 Deus
1136 2527 1198 2546 cum
1211 2522 1292 2550 esset,
1305 2516 1385 2543 vellet
1396 2515 1477 2542 homo
1491 2514 1548 2542 ﬁeri
1563 2523 1569 2540 :
1585 2518 1680 2541 caetera
1694 2521 1759 2541 vero
1766 2513 1844 2541 dein-

1054 2572 1118 2600 ceps
1131 2563 1276 2592 secundum
1298 2567 1397 2590 rectam
1411 2561 1541 2588 rationem
1554 2564 1765 2593 consequuntur.
1782 2558 1846 2587 Ideo

1055 2611 1126 2639 enim
1137 2610 1254 2638 Joannes
1267 2609 1357 2636 statim
1367 2607 1443 2638 dixit,
1458 2613 1488 2634 se
1499 2613 1552 2633 non
1567 2613 1627 2633 esse
1639 2606 1749 2640 dignum
1763 2605 1844 2633 corri-

1055 2659 1126 2694 giam
1151 2655 1324 2685 calceamenti
1344 2654 1402 2689 ejus
1427 2654 1541 2686 solvere,
1567 2657 1717 2687 (ceteraque
1743 2652 1843 2684 omnia,

1058 2712 1154 2740 nempe
1165 2703 1235 2739 quod
1247 2702 1328 2737 jnch
1342 2701 1387 2734 sit,
1402 2699 1473 2735 quod
1487 2707 1537 2735 pro
1551 2700 1648 2727 merito
1660 2699 1771 2733 singulis
1784 2698 1846 2726 red-

1055 2751 1108 2783 dat,
1123 2749 1246 2784 quodque
1259 2747 1385 2782 Spiritum
1406 2745 1506 2773 affatim
1521 2745 1631 2773 daturus
1650 2745 1685 2772 sit
1698 2744 1843 2776 omnibus;

1055 2801 1084 2823 ut
1100 2802 1160 2823 cum
1183 2793 1282 2821 videris
1296 2799 1356 2820 eum
1370 2791 1403 2819 ad
1418 2791 1578 2826 baptismum
1598 2790 1747 2818 venientem
1758 2809 1765 2822 ,
1779 2788 1844 2816 nihil

1056 2842 1108 2868 vile
1123 2839 1277 2875 suspiceris.
1294 2838 1394 2866 Idcirco
1415 2842 1574 2872 prmsentem
1595 2836 1668 2863 illum
1681 2835 1787 2864 cohibet
1801 2835 1842 2862 di-

1056 2879 1139 2916 cens:
1149 2886 1192 2914 14.
1211 2885 1265 2920 Ego
1278 2892 1294 2912 a
1308 2889 1331 2912 lc
1341 2884 1418 2913 debeo
1436 2882 1569 2918 baptizari,
1585 2886 1608 2909 et
1621 2886 1648 2909 tu
1661 2881 1728 2909 ueni;
1741 2880 1774 2907 ad
1787 2887 1840 2907 me.
