2073 3127
218 209 287 243 Quia
307 207 379 237 enim
400 206 550 243 baptisma
571 207 738 243 pauitantia:
752 210 822 239 erat,
840 209 871 234 et
887 205 915 233 in
934 211 1014 233 aecu—

221 255 352 282 ntionem
373 259 545 290 pectaer
569 252 713 282 indtwebat
733 260 742 279 ι
766 259 801 280 ne
827 251 889 287 quis
909 255 1015 287 putaret

222 302 309 336 ipsum
322 301 419 332 eodem
427 301 518 331 animo
530 299 564 329 ad
573 299 720 329 Iordanem
740 299 842 332 venire,
859 298 928 326 hanc
939 298 1016 333 cogi-

222 348 350 376 tationem
363 346 559 382 corrigit.dum
578 353 678 382 agnum
701 349 788 377 vocat,
804 349 831 372 et
844 349 1014 379 peccatomm

220 393 376 429 perorbem
400 392 519 429 omnium
541 391 749 427 redemptam.
765 390 815 425 Qiii
839 389 912 418 enim
934 390 1015 418 totius

223 440 332 469 humani
344 440 453 476 generis
465 443 581 475 peccata
592 439 685 467 tollere
696 442 811 474 potest,
827 437 912 465 multo
930 437 1016 472 magis

158 511 166 523 ,
220 487 279 522 ipse
299 486 482 521 inpeccabilis
498 489 566 515 erat.
581 484 697 519 “eoque
711 491 765 513 non
777 483 845 513 dixit
858 493 866 511 :
880 483 950 511 Ecce
964 483 1015 510 im-

221 531 534 568 pcccabilisusdqnod
550 531 646 561 multo
669 530 756 565 nobis
782 534 851 562 erat,
877 529 928 563 Qui
948 529 1015 557 tollit

219 583 323 613 precata
337 577 527 613 militum.
545 578 571 604 ί.
587 576 646 612 9.9),
661 581 691 605 nt
704 583 765 605 cum
777 576 828 603 hoc
839 579 866 603 et
881 575 945 603 illud
956 583 1014 603 om-

186 640 192 648 ‹.
219 624 284 652 uino
294 630 396 654 cerium
405 623 515 656 lubt-as,
530 622 674 658 videasqm
686 621 760 650 illum
775 621 826 649 alia
835 620 958 656 quaedam
967 620 1016 649 ad-

219 671 416 700 ministrantem
437 668 470 696 ad
486 668 656 703 baptismum
668 667 770 695 venire.
785 667 887 695 Idcirco
896 667 1014 695 venienti

220 718 258 745 illi
268 717 374 745 dicebat
390 725 397 743 :
411 716 469 751 Ego
484 724 500 742 α
520 721 544 743 te
565 715 641 743 debeo
655 716 788 750 baptizari,
809 721 832 742 et
847 721 874 742 tu
891 715 961 742 uenis
979 715 1014 742 ad

220 771 259 790 me
270 763 283 790 1’
296 763 387 797 Neque
401 762 479 794 diuit,
503 762 537 790 Et
551 767 577 789 tu
594 762 739 797 baptizaris
754 769 771 789 a
790 770 834 791 me
851 770 858 787 :
871 770 931 789 nam
947 761 1013 789 illud

219 809 315 837 metuit
336 809 426 839 dicere
443 808 509 837 ωτι]
531 808 594 843 quid
604 808 618 835 ?
631 808 665 835 Et
676 814 703 835 tu
717 809 786 836 uenia
809 808 845 836 ad
870 817 908 836 me
918 809 931 836 ?
944 808 1013 842 Quid

221 855 302 889 igitur
316 853 457 883 Christus?
477 854 553 888 Quod
568 861 629 889 erga
645 854 754 881 Petrum
779 859 869 888 postea
879 875 887 887 ,
909 855 935 882 id
951 860 1014 883 tunc

220 900 300 927 etiam
317 899 389 926 fecit.
404 899 470 928 Nam
487 903 517 926 et
538 900 594 934 ipse
618 898 759 927 cohibebat
774 899 860 933 illum,
886 908 920 927 ne
933 900 1015 934 pedes

220 953 286 972 suos
304 945 421 977 iuvaret;
437 944 484 972 sed
506 952 567 972 cum
582 944 700 972 audisset
716 953 722 970 :
739 944 814 979 Quod
832 953 878 981 ego
900 946 967 981 facio
988 951 1014 973 tu

221 991 313 1023 nescit,
322 990 386 1018 scies
398 995 482 1019 autem
492 995 578 1024 postea
588 989 678 1026 (Joan.
694 991 737 1017 15.
748 991 792 1026 7);
802 995 830 1018 et
841 1012 848 1023 ,
866 990 925 1018 Non
939 991 1015 1018 liabe-

221 1037 261 1064 bia
272 1041 370 1071 partem
383 1044 480 1064 nucum
492 1036 502 1073 (
514 1036 583 1064 Ibid.
598 1045 622 1063 υ.
637 1036 674 1073 8)
690 1045 697 1064 :
713 1038 802 1064 statim
816 1045 831 1064 a
843 1038 1014 1066 contentione

221 1082 334 1114 destitit,
347 1087 375 1110 ct
390 1082 586 1111 incontrarium
598 1087 716 1111 mutatus
730 1087 781 1109 est.
799 1082 847 1110 Hic
861 1090 967 1118 quoque
977 1083 1015 1110 si-

221 1128 321 1156 militer
336 1132 365 1155 ut
376 1128 477 1158 audivit
491 1137 497 1155 ε
515 1129 557 1156 i5.
574 1129 636 1157 Sine
646 1129 721 1155 uredo
738 1129 790 1156 :ric
803 1129 870 1156 enim
886 1130 956 1157 decet
969 1138 1016 1157 nou

220 1174 327 1207 impiae
354 1182 453 1201 omnem
474 1175 603 1208 justitiam
632 1183 642 1202 :
667 1175 757 1202 statim
775 1173 1013 1210 obsequnlus'est.

221 1218 314 1253 Neque
324 1219 398 1248 enim
407 1220 584 1254 pertinaciter
595 1225 672 1247 erant
685 1220 856 1253 cuntenliosi,
880 1220 927 1247 sed
941 1228 1015 1248 amo-

221 1272 279 1293 rem
290 1265 408 1292 simulet
423 1265 601 1295 obedientiam
609 1266 782 1299 exhibebant,
798 1267 824 1293 in
837 1267 1015 1302 omnibusque

223 1310 338 1338 Domino
362 1311 549 1346 obtemperare
573 1311 726 1340 studebant.
754 1312 900 1340 Considera
925 1318 1014 1340 autem

221 1356 358 1391 quomodo
374 1356 447 1384 illum
461 1357 495 1384 ab
508 1365 542 1384 eo
554 1357 672 1390 inducat,
685 1365 699 1384 a
712 1366 765 1393 quo
776 1359 891 1386 maxime
905 1359 1016 1394 putabat

222 1410 336 1438 nonpar
349 1411 409 1430 esse
432 1404 468 1431 ita
484 1404 541 1432 fieri
557 1413 562 1431 :
579 1412 631 1433 non
655 1405 725 1432 enim
748 1405 825 1438 dixit,
845 1405 889 1434 Sic
912 1405 1015 1440 justum

221 1453 282 1482 est;
295 1448 353 1483 sed,
365 1449 411 1477 Sic
423 1449 502 1478 decet.
517 1449 585 1484 Quia
599 1451 671 1479 enim
683 1451 819 1487 indignum
835 1452 946 1480 omnino
955 1460 1016 1481 esse

222 1495 344 1530 putabat,
359 1495 382 1522 si
395 1495 440 1523 ille
454 1502 469 1522 a
481 1503 561 1523 servo
572 1496 761 1530 baptizaretur,
775 1497 826 1525 hoc
839 1498 955 1526 maxime
965 1499 1016 1534 ipsi

222 1547 317 1569 einitra
330 1543 465 1576 opposuit,
491 1550 523 1569 nc
537 1543 559 1570 si
574 1543 687 1570 dixisset
702 1552 709 1571 :
723 1543 817 1571 Nonne
830 1545 855 1572 id
872 1545 971 1581 refugis
988 1551 1016 1574 et

223 1587 333 1614 cohibes
347 1588 421 1622 qttasi
436 1587 612 1615 indecorum?
625 1588 768 1623 Propterea
783 1598 847 1625 ergo
860 1591 939 1624 Sine,
954 1593 1016 1626 quia

223 1633 365 1661 admodum
380 1633 505 1661 decorum
517 1638 571 1662 est.
584 1634 674 1669 Neque
684 1636 841 1670 simpliciter
851 1637 928 1670 dixit,
941 1638 1015 1672 Siue;

223 1679 271 1706 scd
286 1679 396 1711 addidit,
421 1678 507 1706 Nunc.
521 1679 578 1707 Non
601 1681 672 1707 enim
687 1687 814 1716 perpetuo
836 1683 871 1710 ita
898 1675 960 1718 erit,
977 1684 1017 1711 in-

224 1726 282 1759 quit
296 1734 302 1752 :
314 1726 361 1754 sed
378 1726 449 1753 ineo
461 1731 531 1753 statu
546 1735 590 1754 tne
603 1727 705 1755 videbis
717 1749 724 1759 ,
740 1737 792 1763 quo
815 1729 973 1763 desideras;
989 1735 1017 1758 at

225 1779 296 1800 nunc
309 1772 361 1799 hoe
374 1776 510 1805 exspecta.
535 1772 635 1799 Deinde
656 1774 774 1801 ostendit
787 1775 923 1810 quomodo
950 1776 1018 1805 illud

225 1817 330 1847 deceat.
353 1817 494 1851 Quomodo
519 1818 597 1853 igitur
609 1818 704 1846 decet?
726 1820 793 1854 Quia
820 1821 905 1856 legem
933 1827 1015 1851 totam

225 1863 384 1896 impietatis;
401 1863 425 1890 id
441 1863 537 1898 quippe
545 1865 703 1899 signiﬁcavit
717 1866 841 1902 dicendo,
857 1867 963 1896 Omnem
969 1870 1017 1906 ju-

224 1909 329 1938 uittam.
344 1908 451 1937 Iustitia
475 1911 547 1937 enim
569 1916 613 1938 est
638 1911 825 1940 mandatorum
851 1913 1014 1943 observatio.

224 1954 291 1988 Quin
303 1955 392 1990 igitur,
407 1956 503 1990 inquit,
518 1957 569 1984 alia
583 1958 675 1985 omnia
688 1959 812 1986 mandata
825 1960 995 1995 implevimus
1006 1983 1015 1995 ,

225 2000 277 2028 hoc
297 2000 386 2029 autem
411 2009 492 2029 unum
516 2008 648 2038 superest,
663 2009 690 2031 et
705 2004 769 2032 illud
784 2013 889 2041 quoque
907 2006 1016 2043 adiungi

225 2051 341 2081 oportet.
357 2048 422 2075 Veni
436 2049 535 2084 quippe
557 2049 662 2077 solvere
674 2050 844 2080 maledictum
854 2072 862 2085 ,
879 2060 909 2080 ex
927 2057 1017 2080 trant-

224 2094 363 2127 greseione
382 2094 448 2129 legis
465 2095 628 2129 impositum.
644 2095 755 2130 Oportet
768 2097 849 2132 igitur
859 2106 901 2125 me
914 2099 1015 2134 ipsum,

224 2147 286 2166 eum
299 2143 380 2166 totam
400 2140 486 2175 legem
507 2140 664 2175 implevero,
687 2146 715 2168 et
739 2149 787 2170 vos
807 2150 822 2170 a
840 2143 1013 2172 damnatione

225 2185 386 2218 liberavero,
398 2185 436 2213 sic
450 2186 523 2213 illam
545 2186 686 2222 abrogare.
698 2187 781 2216 Decet
798 2196 862 2223 ergo
874 2197 918 2216 me
933 2193 1016 2216 totam

224 2231 337 2267 implere
350 2232 435 2267 legem
450 2241 456 2260 :
471 2234 532 2267 quia
546 2233 623 2261 decet
634 2235 713 2261 etiam
728 2235 896 2262 maledictum
913 2236 1017 2263 solvere

223 2283 316 2305 contra
330 2285 378 2305 vos
393 2279 418 2306 in
432 2279 490 2314 lege
504 2279 668 2314 inscriptum.
684 2280 747 2309 Ideo
760 2289 868 2309 carnem
883 2282 1016 2316 assumpsi

221 2325 248 2348 et
265 2323 370 2351 adveni.
389 2323 459 2351 Tunc
469 2325 564 2352 dimisit
576 2334 643 2353 cuin.
657 2326 702 2354 16.
718 2327 750 2354 Et
769 2328 910 2362 baptizatus
929 2327 1015 2361 Iesus,

221 2370 356 2404 confestim
370 2371 483 2398 ascendit
497 2371 529 2398 de
542 2380 618 2406 aqua,
629 2377 654 2399 et
674 2381 730 2400 ecce
742 2375 823 2410 aperti
835 2380 894 2402 sunt
904 2376 927 2402 ei
941 2376 995 2403 cadi
1007 2384 1017 2402 :

221 2419 245 2441 et
260 2416 322 2444 uidit
333 2415 461 2451 Spiritum
473 2416 523 2445 Dei
534 2418 724 2446 descendentem
746 2420 810 2447 sicut
830 2421 981 2454 columbam,
993 2427 1016 2449 et

222 2461 360 2489 venialem
369 2469 446 2496 super
455 2470 523 2490 eum.

258 2506 289 2535 2.
307 2506 424 2535 Clu-iatn
445 2516 492 2536 cur
514 2508 616 2537 Joanne
639 2511 722 2538 minor
744 2511 888 2546 putabatur.
902 2513 1014 2548 —Quia

223 2554 298 2583 enim
309 2555 395 2582 multo
408 2555 540 2590 majorem
552 2555 598 2584 illo
609 2555 740 2584 Joannem
754 2565 814 2585 esse
826 2559 969 2595 putabant,
984 2568 1020 2589 eo

224 2601 298 2636 quod
314 2601 341 2628 in
357 2600 466 2628 deserto
480 2608 588 2637 semper
602 2602 725 2636 vixisset,
742 2608 769 2631 et
783 2603 854 2632 ﬁlius
868 2606 1021 2637 sacerdotis

225 2650 311 2678 esset,
331 2645 433 2681 talique
447 2646 560 2674 indutus
573 2647 749 2682 vestimento,
767 2653 850 2685 atque
867 2657 962 2679 omnes
982 2652 1017 2680 ad

224 2691 394 2726 baptismum
408 2696 531 2726 vocaret,
543 2699 632 2728 exque
646 2694 730 2721 sterili
744 2699 825 2722 natus
838 2701 926 2728 esset;
937 2695 1018 2725 Iesus

224 2745 296 2766 vero
307 2746 340 2766 ex
362 2738 478 2767 obscura
494 2739 584 2774 puella
598 2744 681 2768 natus
694 2749 700 2767 :
717 2746 811 2776 partus
825 2742 898 2769 enim
912 2750 943 2770 ex
955 2742 1018 2770 Vir-

225 2783 286 2819 gine
305 2785 426 2813 nondum
443 2785 572 2814 omnibus
594 2791 653 2814 erat
672 2791 770 2820 notus;
789 2788 917 2823 quodque
941 2789 1018 2817 domi

225 2829 353 2862 nutritus,
365 2838 426 2858 cum
436 2830 565 2859 omnibus
575 2836 699 2859 versatus
709 2836 737 2860 et
748 2833 851 2869 vulgari
861 2838 935 2862 veste
945 2839 1017 2862 esset

226 2873 355 2904 indutus:
372 2877 507 2905 minorem
523 2877 612 2911 ipsum
627 2886 688 2907 esse
704 2879 836 2914 putabant
860 2881 926 2915 quia
947 2880 1016 2909 nihil

579 149 609 178 S.
627 138 772 178 JOANNISV
784 146 1023 178 οηιιτβοετοιι
1041 147 1202 178 tuantur.
1220 150 1483 183 COBTANTINOP.

1808 159 1861 188 205

1068 207 1157 235 adhuc
1176 215 1212 236 el
1231 210 1337 238 omnis
1358 210 1412 238 illis
1433 211 1564 240 videram.
1589 213 1706 250 Contigit
1727 220 1817 244 mitem
1834 221 1862 244 et

1067 255 1154 290 ipsum
1167 262 1183 282 a
1195 255 1300 284 Joanne
1308 257 1434 292 baptizari
1447 266 1454 285 :
1469 258 1498 286 id
1510 259 1582 294 quod
1596 260 1668 287 illam
1683 261 1799 290 maxime
1812 262 1859 290 ﬂr-

1067 301 1160 330 rnabat
1168 302 1332 338 opinionem,
1345 305 1424 332 etiam
1439 305 1461 332 si
1476 306 1542 333 nihil
1555 306 1627 335 aliud
1644 316 1678 335 cx
1698 308 1778 336 dictis
1791 318 1860 344 pra:-

1067 349 1202 376 eessisset.
1223 348 1382 385 Cogitabam
1404 352 1477 379 enim
1496 360 1557 386 eum
1579 361 1640 381 esse
1667 356 1817 390 quempiam
1844 364 1860 383 a

1068 394 1147 430 vulgo
1163 405 1170 422 :
1186 395 1304 431 alioquin
1321 397 1403 429 enim,
1417 398 1467 425 nisi
1481 398 1516 426 de
1531 398 1611 434 vulgo
1630 405 1713 433 esset,
1729 409 1782 428 non
1796 409 1857 429 cum

1068 440 1144 467 turba
1165 441 1201 468 ad
1221 441 1380 476 baptismum
1406 447 1536 472 venturus
1556 449 1615 472 erat
1630 454 1637 472 :
1654 445 1770 474 Joannes
1794 455 1859 475 Vero

1068 485 1154 520 major
1163 490 1192 514 et
1203 485 1283 522 longe
1304 488 1452 516 mirabilior
1473 497 1534 518 esse
1548 490 1699 525 putabatur.
1715 492 1755 520 Ne
1777 493 1859 528 igitur

1068 531 1111 558 illa
1125 531 1196 567 apud
1217 533 1317 561 mltos
1329 536 1462 562 sententia
1473 535 1649 570 praevaleret,
1663 544 1724 564 cum
1739 539 1797 572 ipse
1811 539 1858 566 ba-

1068 577 1182 612 ptizatus
1200 578 1304 613 fuisset,
1317 580 1376 608 caeli
1388 582 1472 615 aperti
1484 586 1556 613 sunt,
1569 581 1685 616 Spiritus
1706 583 1857 618 descendit,

1069 628 1097 650 et
1111 631 1163 651 vox
1183 631 1246 652 cum
1267 625 1370 660 Spiritu
1382 627 1531 661 praedicans
1544 627 1654 663 hujusce
1669 628 1802 665 Unigeniti
1816 631 1860 658 di-

1066 670 1206 705 gnitatem.
1217 671 1284 705 Quia
1296 673 1368 699 enim
1383 672 1440 700 hac
1461 681 1514 700 vox
1536 681 1596 709 quae
1610 674 1714 702 dicebat
1725 696 1733 709 ,
1748 677 1791 704 17.
1809 676 1859 704 Hic

1067 722 1103 745 at
1118 717 1200 745 Filius
1210 727 1280 745 mm
1289 719 1404 752 dilectus,
1412 720 1496 748 multo
1508 722 1592 756 magis
1601 721 1696 749 Joanni
1704 728 1859 758 competere

1067 762 1137 797 apud
1152 763 1279 797 plurimos
1293 764 1349 791 visa
1371 765 1480 798 fuisset;
1498 774 1583 800 neque
1605 767 1677 794 enim
1701 768 1859 802 addiderat,

1067 809 1116 837 Hic
1128 809 1172 844 qui
1188 810 1346 845 baptizatur,
1358 812 1405 839 sed
1419 811 1467 838 llic
1478 813 1637 848 simpliciter
1646 834 1654 846 ,
1667 819 1695 841 et
1707 815 1858 842 auditorum

1066 854 1163 889 singuli
1187 855 1213 882 id
1236 856 1323 890 potius
1335 856 1368 884 de
1395 857 1555 892 baptizante,
1570 867 1649 893 quam
1670 859 1705 887 de
1726 860 1859 895 baptizuto

1067 899 1119 927 dici
1133 901 1259 936 suspicati
1276 902 1398 936 fuissent,
1416 908 1471 930 tum
1484 903 1519 931 ob
1531 905 1614 939 ipsam
1632 905 1756 940 Baptista:
1769 906 1857 941 digni-
1889 937 1892 940 ,

1067 949 1148 974 talem
1163 947 1185 979 ¹,
1199 952 1253 974 tum
1267 947 1302 974 ob
1316 956 1347 975 ea
1362 949 1450 976 omnia
1464 958 1524 984 qua:
1535 950 1591 984 jam
1605 950 1675 978 dicta
1689 956 1751 978 sunt
1765 961 1772 978 :
1789 953 1860 980 venit

1066 991 1315 1027 Spirituscolumbac
1323 995 1422 1030 specie,
1433 996 1476 1030 qui
1488 1003 1581 1023 vocem
1590 997 1707 1024 traheret
1715 998 1748 1024 ad
1756 997 1857 1031 Iesum,

1067 1039 1244 1073 omnibusque
1264 1039 1413 1068 declararet
1428 1049 1519 1069 vocem
1546 1042 1618 1069 illam
1631 1063 1639 1076 ,
1661 1042 1727 1076 Hic,
1751 1051 1803 1070 non
1825 1044 1859 1072 de

1066 1084 1170 1112 Joanne
1183 1085 1350 1119 baptizante,
1366 1086 1415 1113 sed
1439 1087 1473 1114 de
1498 1087 1562 1115 Jesu
1578 1088 1711 1123 baptizato
1735 1089 1858 1124 proferri.
1893 1098 1896 1103 '

1067 1131 1202 1166 thuare,
1219 1133 1333 1166 inquies,
1358 1133 1400 1161 his
1427 1134 1461 1161 ita
1483 1134 1566 1169 gestis
1592 1142 1645 1162 non
1670 1136 1860 1163 crediderunt?

1067 1178 1134 1212 Quia
1147 1179 1227 1206 etiam
1238 1179 1288 1206 sub
1305 1180 1396 1216 Moyse
1419 1181 1501 1208 multa
1516 1186 1618 1216 patrata
1634 1187 1696 1209 sunt
1719 1183 1858 1215 miracula,

1067 1227 1236 1254 etiamsinon
1251 1227 1313 1254 talia
1328 1235 1335 1254 ε
1352 1232 1379 1254 ct
1394 1228 1483 1255 tamen
1497 1233 1556 1262 post
1569 1229 1612 1256 illa
1626 1231 1725 1261 otnnia,
1741 1235 1801 1265 post
1813 1238 1859 1256 vo-

1067 1279 1113 1299 ces
1126 1276 1155 1300 et
1170 1271 1258 1305 tubas,
1272 1277 1299 1300 et
1313 1273 1427 1308 fulgurat,
1440 1274 1551 1301 vitulum
1566 1274 1725 1309 cannarum,
1740 1281 1766 1303 et
1781 1276 1858 1303 Beel-

1067 1317 1178 1353 phegori
1192 1317 1288 1346 initiati
1303 1323 1375 1346 sunt.
1390 1318 1496 1354 Ipsique
1508 1320 1599 1354 etiam,
1615 1321 1660 1356 qui
1674 1326 1728 1348 tum
1740 1329 1860 1357 prmsen-

1068 1367 1109 1391 tes
1119 1369 1204 1396 erant,
1219 1371 1280 1391 cum
1293 1364 1420 1392 Lazarum
1435 1366 1590 1393 suscitatum
1604 1367 1744 1399 vidissent,
1757 1371 1858 1395 tantum

1067 1410 1150 1438 abfuit
1162 1415 1191 1438 ut
1203 1411 1344 1439 crederent
1364 1412 1425 1439 talia
1443 1413 1570 1446 patranti,
1587 1413 1708 1440 utetiam
1725 1413 1797 1440 illmn
1812 1421 1860 1441 oc-

1067 1457 1159 1486 cidere
1171 1465 1243 1493 saspe
1256 1462 1400 1486 tentarent.
1416 1458 1444 1485 Si
1459 1459 1539 1494 igitur
1554 1467 1609 1494 pra:
1621 1459 1709 1486 oculis
1731 1459 1860 1487 habentes

1068 1508 1235 1532 mortuorum
1261 1505 1496 1538 resurrectionem,
1523 1505 1560 1532 ita
1585 1510 1662 1533 erant
1681 1505 1810 1533 increduli
1833 1510 1861 1534 et

1068 1550 1153 1586 pravi,
1167 1551 1230 1586 quid
1242 1551 1348 1578 miraris
1362 1551 1384 1578 si
1399 1559 1490 1579 vocem
1504 1552 1575 1579 illam
1588 1559 1731 1587 supernam
1747 1561 1800 1580 non
1813 1560 1861 1580 ex-

1068 1598 1212 1632 ceperunt?
1222 1597 1289 1626 Cum
1299 1599 1370 1626 enim
1387 1599 1506 1633 improha
1521 1603 1548 1625 et
1568 1606 1692 1633 perversa
1706 1604 1747 1626 est
1759 1600 1859 1631 anima,

1068 1643 1213 1679 livorisque
1227 1644 1321 1671 morbo
1333 1643 1437 1677 aﬂ‘ecta,
1453 1644 1517 1671 nulli
1530 1644 1601 1672 cedit
1611 1645 1756 1678 miraculo;
1768 1650 1860 1672 contra

1068 1698 1133 1718 vero
1144 1698 1206 1718 cum
1221 1691 1303 1725 proba
1315 1695 1367 1724 est,
1382 1691 1472 1718 omnia
1484 1699 1544 1719 cum
1560 1691 1612 1718 ﬁde
1627 1691 1732 1727 accipit,
1749 1692 1802 1719 imo
1815 1700 1861 1719 ne-

1069 1744 1120 1772 que
1133 1737 1174 1765 his
1188 1737 1332 1765 admodum
1347 1746 1415 1773 opus
1429 1738 1518 1766 habet.
1535 1737 1573 1766 Nc
1588 1738 1669 1774 igitur
1686 1746 1792 1773 quaeras
1812 1747 1861 1766 cur

1069 1790 1122 1810 non
1137 1783 1309 1811 crediderunt
1328 1792 1335 1810 :
1351 1783 1416 1811 illud
1432 1784 1479 1823 tibi
1492 1784 1665 1819 quaerendum
1686 1789 1758 1813 esset
1770 1785 1792 1812 si
1807 1792 1859 1812 non

1069 1828 1140 1857 facta
1161 1829 1274 1857 fuissent
1295 1830 1395 1862 omnia,
1411 1837 1472 1865 qua:
1492 1830 1524 1857 ad
1547 1830 1711 1858 credendum
1735 1830 1861 1858 inducere

1069 1876 1213 1904 debebant.
1237 1876 1340 1903 Etenim
1368 1883 1416 1911 per
1438 1876 1596 1911 prophetam
1615 1877 1685 1904 Deus
1699 1884 1779 1911 super
1803 1872 1861 1904 ha:c

1068 1921 1169 1955 omnia,
1183 1929 1243 1956 qua:
1255 1921 1289 1949 ab
1298 1930 1328 1949 se
1341 1923 1460 1957 praestari
1474 1922 1632 1956 debuerunt,
1649 1922 1720 1950 hunc
1726 1922 1860 1950 deft-usio—

1070 1968 1112 1996 nis
1124 1968 1233 1996 modum
1246 1968 1335 1995 alfert.
1357 1968 1426 2001 Quia
1440 1968 1511 1996 enim
1526 1969 1642 1996 futurum
1660 1974 1718 1996 erat
1736 1973 1765 1995 ut
1775 1968 1860 1996 Juda‘i

1070 2015 1198 2048 perirent,
1214 2017 1242 2041 et
1261 2018 1385 2041 extremo
1407 2014 1539 2048 supplicio
1551 2013 1738 2046 traderentur;
1755 2021 1788 2041 ne
1801 2014 1861 2049 quis

1069 2068 1102 2088 ex
1116 2061 1234 2096 ipsorum
1248 2061 1365 2096 nequitia
1380 2060 1437 2095 ejus
1453 2060 1645 2095 providentiam
1656 2061 1786 2096 culparet,
1802 2062 1858 2088 ait:

1070 2106 1138 2139 Quid
1151 2115 1190 2133 me
1197 2107 1310 2140 oportuit
1327 2107 1410 2142 facere
1429 2106 1507 2133 vineae
1522 2106 1589 2139 huic,
1611 2112 1635 2134 et
1645 2114 1695 2134 non
1711 2107 1759 2142 feci
1774 2107 1783 2142 (
1795 2106 1859 2133 Iam".

1069 2151 1097 2180 ὅ.
1113 2153 1164 2188 4)⁶Ι
1181 2152 1296 2187 ldipsum
1313 2152 1356 2180 hic
1369 2152 1524 2180 consideres
1539 2156 1654 2188 oportet,
1676 2153 1738 2188 quid
1752 2158 1860 2188 oporte-

1069 2198 1113 2226 bat
1126 2198 1195 2232 lieri,
1219 2203 1248 2226 et
1261 2205 1314 2226 non
1330 2198 1428 2225 factum
1443 2203 1494 2226 est.
1511 2198 1545 2226 Et
1557 2198 1579 2226 si
1595 2198 1702 2234 quando
1719 2198 1752 2226 de
1766 2199 1857 2234 provi-

1068 2245 1158 2274 dentia
1169 2246 1214 2274 Dei
1226 2253 1363 2274 sermones
1369 2251 1535 2279 moveantur,
1546 2245 1598 2274 hoc
1607 2245 1769 2273 defensionis
1780 2245 1860 2273 modo

1069 2296 1146 2320 utere
1167 2291 1297 2319 adversus
1320 2299 1367 2320 eos
1390 2291 1436 2326 qui
1461 2292 1495 2319 dc
1523 2291 1665 2319 multorum
1691 2291 1863 2326 improbitate

1069 2338 1154 2373 ipsam
1167 2337 1302 2365 criminari
1317 2341 1456 2365 conantur.
1472 2337 1611 2372 Perpende
1627 2337 1706 2372 igitur
1719 2345 1798 2372 quam
1811 2337 1859 2364 mi-

1069 2383 1162 2410 rabilia
1177 2387 1373 2418 perpetrentur,
1393 2388 1420 2410 et
1442 2382 1592 2410 futurorum
1609 2383 1683 2411 initia
1698 2391 1705 2410 :
1720 2391 1773 2410 non
1786 2383 1858 2410 enim

1069 2428 1221 2463 paradisus,
1238 2428 1286 2457 sed
1306 2429 1402 2457 caelum
1424 2429 1553 2463 aperitur.
1569 2428 1668 2458 Verum
1692 2427 1750 2455 ham
1766 2433 1858 2456 contra

1067 2473 1176 2502 .ludazos
1199 2474 1287 2501 oratio
1308 2473 1337 2501 in
1359 2474 1431 2502 aliud
1455 2479 1561 2508 tempus
1594 2473 1733 2501 diﬁ'eratur
1755 2481 1762 2499 :
1788 2481 1858 2500 nunc

1068 2524 1168 2551 autem,
1181 2519 1236 2547 Deo
1247 2520 1367 2554 juvante,
1383 2520 1415 2548 ad
1431 2527 1462 2548 ea
1472 2527 1531 2556 qum
1543 2520 1597 2555 jam
1609 2524 1754 2548 tractamus
1769 2527 1859 2547 sermo

1069 2565 1202 2594 referatur
1216 2575 1223 2592 :
1238 2565 1272 2594 Et
1295 2567 1437 2601 baptizatus
1449 2566 1536 2600 lem,
1550 2567 1663 2594 ascendit
1676 2567 1808 2602 confertim
1827 2575 1858 2594 re

1067 2619 1154 2646 aqua;
1168 2616 1191 2639 et
1201 2619 1257 2639 ecce
1266 2612 1347 2647 aperti
1360 2617 1419 2639 sunt
1431 2612 1454 2639 ei
1464 2612 1528 2640 cali.
1541 2611 1596 2640 Cur
1608 2613 1693 2648 aperti
1705 2617 1767 2640 sunt
1778 2612 1834 2640 cteli
1846 2613 1859 2639 !

1068 2656 1102 2685 Ut
1115 2657 1214 2690 discas,
1228 2665 1289 2686 cum
1308 2662 1337 2686 tu
1351 2657 1510 2694 baptizaris,
1533 2659 1647 2695 ldipsum
1670 2659 1726 2687 ﬁeri
1739 2680 1747 2693 ,
1762 2660 1817 2687 Deo
1831 2666 1858 2687 te

1068 2703 1101 2730 ad
1126 2703 1260 2732 cielestem
1278 2705 1388 2739 patriam
1412 2710 1535 2736 vocante,
1555 2709 1583 2732 et
1607 2705 1737 2733 suadente
1750 2711 1778 2732 ut
1791 2705 1857 2732 nihil

1067 2755 1127 2776 cum
1141 2753 1210 2777 terra
1222 2756 1365 2778 commune
1373 2749 1483 2778 habeas.
1494 2749 1572 2784 Quod
1585 2750 1607 2778 si
1617 2750 1643 2778 id
1659 2758 1712 2778 non
1725 2750 1810 2782 vides,
1824 2758 1859 2780 no

1100 2862 1107 2876 ι
1124 2861 1221 2896 Quidam
1230 2861 1329 2896 habent,
1335 2860 1366 2885 ob
1376 2859 1574 2896 ipsttmimplt'smt
1586 2859 1736 2893 dignitatem;
1745 2860 1789 2887 sed
1797 2860 1857 2886 mut-

1066 2895 1091 2918 to
1104 2895 1201 2921 prastat
1212 2891 1285 2918 lectio
1296 2897 1352 2924 quae
1364 2895 1403 2918 est
1418 2891 1442 2916 in
1453 2893 1535 2916 textu.
