2073 3127
287 153 344 183 205

287 209 366 242 αὐτῷ
384 211 411 236 οι
434 210 566 244 οὐρανοί.
597 210 675 243 Τίνος
697 211 720 227 ⁸³
738 211 832 238 ἕνεκεν
851 209 1026 245 ἀνεῴχθησαν
1051 209 1075 234 οἱ

285 251 411 287 οὐρανοί;
425 252 482 278 Ἵνα
498 253 585 289 μάθῃς
601 254 643 280 ὅτι
661 253 708 280 καὶ
723 253 770 280 σοῦ
788 252 987 288 βαπτιζομένου
998 250 1076 277 τοῦτο

285 295 400 328 γίνεται,
416 295 485 329 πρὸς
503 295 552 329 τὴν
566 295 623 322 ἀνω
638 295 755 331 πατρίδα
767 295 814 321 τοῦ
829 295 897 321 Θεοῦ
917 302 946 320 σε
962 292 1076 319 καλοῦν-

285 345 341 367 τος,
356 337 403 362 καὶ
416 336 554 368 πείθοντος
574 336 658 372 μηδὲν
677 337 764 364 κοινὸν
778 336 850 370 ἔχειν
866 335 933 370 πρὸς
948 335 998 369 τὴν
1012 334 1075 368 γῆν.

285 377 318 404 El
331 377 360 404 δὲ
377 378 414 413 μὴ
425 378 502 414 ὁρᾷς,
523 378 560 414 μὴ
570 379 735 414 ἀπιστήσῃς.
750 378 806 404 Kal
815 377 868 412 7&9
882 377 911 402 ἐν
923 375 1077 411 προοιμίοις

285 419 329 445 ἀεὶ
347 419 402 446 τῶν
423 419 582 455 παραδόξων
613 420 659 446 καὶ
689 419 883 454 πνευματικῶν
907 416 1076 453 πραγμάτων

285 460 413 496 αἰσθηταὶ
441 461 580 496 φαίνονται
603 461 679 496 ὄψεις
699 461 746 488 καὶ
766 462 868 495 σημεῖα
888 458 1013 491 τοιαῦτα,
1032 457 1077 485 διά

285 502 348 534 τοὺς
363 503 541 538 ἀνοητότερον
554 503 742 538 διακειμένους
759 502 805 528 καὶ
823 501 973 537 χρῄζοντας
988 499 1076 534 θψεως

285 543 427 579 αἰσθητῆς,
447 544 495 571 καὶ
518 543 654 579 μηδεμίαν
673 544 775 570 ἔννοιαν
797 543 944 577 ἀσωμάτου
968 541 1077 576 φύσεως

285 585 377 612 λαϐεῖν
390 585 566 621 δυναμένους,
583 586 652 621 πρὸς
660 586 689 613 δὲ
699 586 733 613 τά
749 586 834 622 ὀρατά
849 585 928 620 μόνον
941 582 1074 619 ἐπτοημέ-

285 636 347 660 νους
359 636 366 643 ·
380 628 424 654 ἵνα
442 628 495 655 κάν
511 629 582 664 μετά
606 627 692 655 ταῦτα
710 628 747 664 μὴ
771 628 883 663 γένηται
898 627 982 653 ταῦτα
997 626 1031 653 τά
1046 625 1076 658 ἐξ

284 669 374 696 αὐτῶν
389 670 545 705 δηλωθέντα
560 670 635 703 ἀπαξ
651 671 699 697 καὶ
714 672 743 697 ὲν
760 671 832 706 ἀρχῇ
851 669 990 706 παραδέξῃ
1003 670 1026 684 ⁸⁸
1042 669 1075 704 τῇ

285 712 388 747 πίστει.
416 712 472 738 Kal
492 712 548 748 7&9
570 713 684 739 ἐπὶτῶν
704 713 859 740 ἀποστόλων
882 710 948 748 ἦχος
970 711 1078 746 ἐγένετο

285 754 369 789 πνοῆς
383 754 483 789 βιαίας,
497 756 544 783 καὶ
559 755 636 790 ὄψεις
647 755 777 790 γλωσσῶν
788 756 907 791 πυρίνων
920 753 1058 789 ἐφάνησαν
1067 762 1074 769 ·

284 795 342 822 ἀλλ’
355 797 385 823 οὑ
397 797 441 824 διὰ
458 798 521 829 τοὺς
531 797 707 830 ἀποστόλους,
727 797 795 825 ἀλλά
806 797 850 824 διά
860 797 923 828 τοὺς
940 795 1077 831 παρόντας

285 837 344 864 τότε
368 838 519 870 Ἰουδαίους.
542 839 612 865 Ἀλλ’
629 839 704 875 ὅμως
719 840 743 866 εί
757 840 804 866 καὶ
817 840 854 874 μὴ
871 838 987 872 αἰσθητά
1001 837 1076 871 γίνε-

284 888 329 906 ται
343 882 452 916 σημεῖα,
469 881 503 909 τά
517 881 546 915 ἑξ
561 881 651 908 αὐτῶν
670 881 824 917 δηλωθέντα
839 880 911 912 ἅπαξ
930 879 1077 914 καταδεχό-

286 921 365 956 μεθα.
386 921 462 948 Ἐπεὶ
477 923 524 949 καὶ
537 923 554 958 ἡ
571 922 720 959 περιστερά
734 923 779 949 διὰ
802 922 881 949 τοῦτο
900 922 960 948 τότε
976 921 1075 956 ἐφάνη,

285 963 319 989 ἵν’
337 963 430 999 ὥσπερ
453 964 514 991 ἀντὶ
532 964 666 992 δακτύλου
691 965 764 997 τινὸς
783 964 858 1000 δείξῃ
878 965 934 995 τοῖς
958 961 1076 999 παροῦσι

285 1006 333 1031 καὶ
343 1005 382 1040 τῷ
402 1005 512 1041 Ἰωάννῃ
526 1006 572 1033 τὸν
587 1006 651 1033 Υίὸν
666 1006 714 1033 τοῦ
728 1006 806 1033 Θεοῦ.
823 1007 860 1033 Οὐ
882 1006 960 1040 μόνον
978 1005 1007 1031 δὲ
1031 1003 1077 1031 διὰ

284 1046 372 1079 τοῦτο,
390 1047 447 1074 ἀλλ’
460 1048 504 1074 ἵνα
521 1048 568 1074 καὶ¹
584 1048 616 1075 σὺ
629 1048 730 1084 μάθῃς,
747 1049 789 1076 ὅτι
809 1048 857 1076 καὶ
871 1048 917 1074 ἐπὶ
932 1047 962 1074 σὲ
977 1046 1075 1082 βαπτι-

284 1088 396 1123 ζόμενον
412 1088 442 1115 τὸ
459 1089 569 1124 Πνεῦμα
586 1089 704 1125 ἔρχεται.

320 1129 344 1164 γ’
347 1150 354 1157 .
364 1130 464 1157 Λοιπὸν
471 1131 500 1157 δὲ
512 1131 577 1166 ήμίν
590 1131 723 1167 αἰσθητῆς
732 1131 762 1158 οὺ
775 1131 853 1168 χρεία
862 1130 1018 1166 ὅψεωςβῆς
1032 1130 1077 1157 πί-

286 1180 370 1203 στεως
380 1172 440 1198 ἀντὶ
455 1171 564 1199 πάντων
578 1172 732 1208 ἀρκούσης⁹
746 1173 782 1199 τὰ
795 1172 850 1208 γὰρ
860 1173 959 1208 σημεῖα
973 1172 1004 1198 οὐ
1019 1172 1075 1204 τοῖς

284 1213 467 1246 πιστεύουσιν,
483 1214 549 1240 ἀλλὰ
563 1216 618 1247 τοῖς
633 1214 758 1246 ἀπίστοις
771 1215 804 1241 ⁸⁷.
822 1215 898 1242 Διατί
915 1215 944 1241 δὲ
963 1215 993 1241 ἐν
1008 1214 1074 1241 εἴδει

284 1257 469 1291 περιστερᾱςς
488 1257 609 1292 Ἥμερον
625 1257 656 1283 τὸ
678 1257 747 1290 ζῶον
773 1257 821 1284 καὶ
837 1257 966 1292 καθαρόν.
1000 1256 1076 1283 Ἐπεὶ

283 1293 330 1323 οὖν
341 1297 386 1323 καὶ
398 1297 429 1323 τὺ
443 1297 556 1333 Πνεῦμα
569 1298 722 1334 πραότητός
738 1299 796 1326 ἐστι
808 1298 928 1333 πνεῦμα,
942 1298 985 1324 διὰ
997 1298 1075 1324 τοῦτο

283 1339 313 1365 ὲν
335 1339 422 1374 τούτῳ
451 1340 585 1374 φαίνεται.
616 1340 719 1372 ’Ἄλλως
741 1341 769 1367 δὲ
796 1341 843 1367 καὶ
865 1340 983 1371 παλαιᾶς
1000 1340 1074 1375 ἡμᾶς

283 1381 486 1416 ἀναμιμνήσκει
500 1382 630 1417 ίστορίας.
647 1383 702 1409 Kal
723 1382 778 1418 7&9
797 1382 927 1416 ναυαγίου
939 1381 1004 1408 ποτὲ
1018 1390 1075 1408 κοι-

283 1423 329 1450 νοῦ
345 1423 394 1459 τὴν
406 1423 569 1459 οἰκουμένην
594 1424 792 1456 καταλαϐόντος
815 1424 934 1454 ἃπασαν.
959 1422 1006 1450 καὶ
1026 1422 1073 1450 τοῦ

283 1465 379 1499 γένους
390 1465 469 1501 ἡμῶν
484 1466 682 1498 κινδυνεύοντος
692 1466 882 1502 ἀφανισθῆναι,
892 1465 971 1492 τοῦτο
988 1465 1074 1500 ἐφάνη

282 1507 313 1534 τὸ
324 1507 404 1540 ζῶον,
421 1509 468 1534 καὶ
480 1508 529 1543 τὴν
542 1507 616 1544 [164]
629 1507 707 1534 λύσιν
720 1507 767 1535 τοῦ
778 1507 911 1543 χειμῶνος
925 1507 1017 1539 ἔδειξε,
1029 1507 1076 1533 καὶ

283 1548 380 1575 κλάδον
390 1549 472 1584 φέρον
482 1550 584 1581 ἐλαίας.
600 1550 649 1585 τὴν
658 1550 749 1586 κοινὴν
756 1550 805 1584 τῆς
820 1549 980 1584 οἰκουμένης
991 1549 1075 1585 γαλή-

283 1599 333 1625 νην
347 1591 557 1626 εὑηγγελίσατο·
571 1592 622 1618 ἀπε
627 1600 642 1626 ρ
651 1591 740 1618 πάντα
754 1592 838 1622 τύπος
856 1591 911 1617 τῶν
926 1591 1075 1626 μελλόντων

281 1630 326 1668 ἦν.
342 1633 396 1659 Καὶ
414 1632 469 1668 γάρ
492 1633 552 1660 τότε
574 1633 664 1668 πολλῷ
687 1634 778 1669 χεῖρον
801 1633 836 1660 τά
851 1633 904 1659 τῶν
923 1632 1075 1668 ἀνθρώπων

283 1674 408 1707 διέκειτο,
424 1675 471 1701 καὶ
495 1674 585 1709 πολλῷ
604 1675 725 1710 μείζονος
746 1674 816 1707 ἄξιοι
842 1674 977 1709 τιμωρίας
995 1671 1074 1710 ἦσαν.

284 1716 334 1743 Ἱν¹
348 1714 394 1743 οὖν
410 1716 447 1751 μὴ
459 1716 595 1751 ἀπογνῷς,
611 1717 814 1752 ἀναμιμνήσκει
839 1725 868 1743 σε
890 1717 938 1751 τῆς
956 1716 1076 1751 ἱστορίας

284 1758 401 1793 ἐκείνης.
418 1758 473 1784 Καὶ
487 1758 541 1793 γάρ
553 1758 613 1785 τότε
632 1759 687 1785 τῶν
703 1759 874 1794 πραγμάτων
890 1757 1076 1792 ἀπογνωσθέν-

283 1809 347 1832 των,
359 1800 455 1834 γέγονε
471 1800 548 1832 λύσις
562 1809 604 1832 τις
620 1801 667 1827 καὶ
681 1801 823 1836 διόρθωσις
835 1808 842 1815 ·
868 1800 935 1827 ἀλλά
956 1800 1016 1827 τότε
1031 1799 1076 1827 διὰ

283 1843 429 1878 τιμωρίας.
441 1842 489 1869 νῦν
503 1842 532 1868 δὲ
546 1842 590 1869 διά
607 1843 717 1878 χάριτος
740 1843 787 1870 καὶ
801 1842 905 1878 δωρεᾶς
919 1842 1023 1876 ἀφάτου
1040 1842 1074 1868 ⁸⁸.

282 1884 334 1911 Διά
347 1884 426 1910 τοῦτο
441 1884 487 1911 καὶ.
499 1884 515 1919 ὴ
530 1883 679 1920 περιστερά
693 1884 827 1919 φαίνεται,
836 1884 865 1910 οὑ
880 1883 975 1910 κλάδον
983 1883 1074 1916 ἐλαίας

283 1926 413 1962 φέρουσα,
431 1925 499 1952 ἀλλά
514 1925 559 1953 τὸν
576 1926 684 1953 πάντων
703 1925 757 1952 τῶν
779 1925 870 1952 κακῶν
892 1925 1075 1961 έλευθερωτὴν

282 1968 350 2003 ἡμῖν
363 1967 530 2000 δεικνύουσα,
545 1967 592 1994 καὶ
607 1967 728 2003 χρηστὰς
743 1967 920 1994 ὑποτείνουσα
934 1967 984 1999 τὰς
1000 1967 1075 1993 ἑλπί-

284 2005 342 2040 δας.
359 2009 426 2035 Οὐδὲ
442 2008 498 2044 γὰρ
521 2008 575 2035 ἀπὸ
596 2008 713 2035 κιϐωτοῦ
740 2008 882 2045 ἄνθρωπον
904 2008 995 2042 ἐξάγει
1014 2008 1073 2040 ἕνα,

284 2051 352 2077 ἀλλά
366 2050 415 2086 τὴν
428 2050 590 2086 οἰκουμένην
607 2051 716 2077 ἅπασαν
737 2051 777 2082 είς
792 2050 838 2077 τὸν
853 2050 966 2086 οὐρανὸν
978 2051 1074 2084 ἀνάγει

284 2093 409 2126 φανεῖσα.
422 2091 468 2119 καὶ
482 2092 542 2119 ἀντὶ
557 2091 653 2119 θαλλοῦ
670 2092 692 2108 ¹¹⁹
708 2091 800 2123 ἐλαίας
815 2091 865 2128 τὴν
886 2092 1022 2119 υἱοθεσίαν
1035 2091 1074 2126 τῷ

284 2133 367 2169 κοινῷ
378 2134 428 2169 τῆς
443 2134 606 2169 οἰκουμένης
623 2133 731 2168 κομίζει
748 2134 831 2168 γένει.
853 2134 998 2169 Ἑννοήσας
1016 2133 1073 2160 τοί-

284 2185 331 2202 νυν
343 2176 375 2202 τδ
395 2175 509 2210 μέγεθος
522 2175 572 2210 τῆς
589 2175 702 2211 δωρεᾶς.
723 2175 789 2211 μηδὲ
803 2176 826 2191 ⁹⁰
846 2175 975 2202 ἐλάττονα
991 2176 1074 2203 αὑτοῦ

283 2217 334 2252 τὴν
347 2217 425 2249 ἀξίαν
439 2216 552 2253 νομίσῃς
573 2214 653 2249 εἶναι,
677 2217 721 2244 διὰ
737 2216 767 2244 τδ
784 2218 813 2243 ὲν
835 2217 944 2253 τοιαύτῃ
959 2218 1074 2252 φανῆναι

284 2259 355 2293 ὕψει.
369 2259 423 2286 Kal
432 2259 486 2294 7&9
497 2258 589 2285 ἀκούω
600 2258 680 2285 τινῶν
689 2259 832 2294 λεγόντων,
846 2260 886 2286 ὅτι
897 2260 959 2286 ὅσον
972 2259 1075 2296 ἀνθρώ-

285 2309 337 2327 που
355 2300 402 2327 καὶ
419 2301 583 2336 περιστερᾶς
595 2300 626 2327 τὸ
640 2300 732 2335 μέσον,
751 2299 878 2327 τοσοῦτον
894 2301 941 2327 τοῦ
957 2302 1075 2337 Χριστοῦ

286 2342 332 2368 καὶ
344 2341 389 2368 τοῦ
405 2341 574 2378 Πνεύματος,
584 2342 678 2378 ἐπειδὴ
688 2343 702 2369 6
712 2342 762 2377 μὲν
769 2343 798 2369 ἐν
808 2344 841 2378 τῇ
853 2343 975 2378 ἡμετέρᾳ
985 2343 1075 2378 φύσει,

284 2384 316 2410 τὸ
334 2384 362 2410 δὲ
373 2385 401 2410 ὲν
415 2383 475 2416 δψει
492 2385 655 2419 περιστερᾶς
673 2384 770 2419 ἐφάνη.
792 2384 824 2410 Τί
839 2382 886 2411 οὖν
905 2385 972 2421 πρὸς
991 2385 1076 2412 ταῦτα

286 2425 359 2452 ἔστιν
371 2426 456 2452 εἰπεῖν
467 2435 474 2459 ;
490 2426 575 2452 ’Ὁτιό
587 2426 635 2461 μὲν
646 2426 710 2458 Υἱὸς
722 2425 769 2452 τοῦ
781 2426 861 2459 Θεοῦ,
876 2427 958 2461 φύσιν
971 2427 1076 2462 ἀνθρὼ-

286 2475 337 2493 που
352 2467 478 2494 ἀνέλαϐε·
494 2468 524 2494 16
537 2468 567 2495 δὲ
584 2468 709 2503 Πνεῦμα,
721 2468 751 2495 οὐ
771 2468 852 2503 φύσιν
866 2469 981 2496 ἀνέλαϐε
997 2478 1076 2505 περι-

287 2509 394 2544 στερᾶς.
412 2509 462 2536 Διά
474 2510 553 2536 τοῦτο
566 2510 613 2536 καὶ
626 2510 641 2536 6
661 2509 857 2546 εὑαγγελιστὴς
872 2511 923 2538 οὐκ
936 2509 1023 2543 εἶπεν,
1035 2512 1077 2538 ὅτι

285 2552 315 2578 έν
328 2550 406 2585 φύσει
419 2553 592 2588 περιστερᾶς,
601 2552 658 2579 ἀλλ’
669 2553 698 2579 ὲν
711 2552 776 2578 εἴδει
787 2554 952 2589 περιστερᾶς
962 2563 968 2568 ·
980 2553 1077 2580 οὐκοῦν

285 2593 345 2619 οὐδὲ
360 2593 427 2628 μετὰ
441 2594 527 2620 ταῦτα
545 2594 574 2620 ὲν
593 2594 680 2630 τούτῳ
697 2593 774 2629 ὤφθη
792 2593 831 2629 τῷ
853 2595 982 2630 σχήματι,
1009 2595 1077 2622 ἁλλά

285 2635 346 2661 τότε
363 2635 452 2669 μόνον.
466 2635 496 2661 Εἰ
506 2635 534 2661 δὲ
550 2635 593 2662 διὰ
608 2635 686 2662 τοῦτο
694 2635 825 2662 ἐλάττονα
841 2636 923 2663 αὑτοῦ
935 2637 985 2672 τὴν
998 2637 1076 2670 ἀξίαν

285 2676 338 2711 φῂς
358 2673 437 2708 εἶναι,
457 2676 633 2712 εὑρεθήσεται
657 2677 704 2704 καὶ
725 2678 759 2704 τά
775 2678 916 2713 Χερουϐὶμ
938 2679 1009 2706 κατά
1031 2679 1077 2706 τὸν

286 2717 363 2752 λόγον
374 2717 468 2744 τοῦτον
485 2718 588 2753 ἀμείνω
601 2719 700 2754 πολλῷ,
717 2720 764 2747 καὶ
782 2720 908 2746 τοσοῦτον
922 2721 984 2747 ὅσον
1000 2729 1077 2756 περι-

632 151 661 180 S.
681 152 824 181 JO.\NNIS
842 148 1089 180 CHRYSOSTOMI
1111 146 1270 177 ARCIIIEP.
1289 148 1563 177 CONSTANTINOP.
1863 151 1916 177 Elin

1128 208 1225 242 στεράς
1237 207 1316 239 ἀετός
1326 215 1333 222 ·
1352 207 1398 233 καὶ
1412 197 1466 242 7&9
1482 208 1521 238 είς
1535 206 1639 241 ταύτην
1658 208 1770 233 κάκεῖνα
1793 209 1913 243 Equam.

1127 248 1205 284 τίσοη
1223 249 1272 284 τὴν
1287 249 1349 284 ὄψιν
1361 257 1367 264 ·
1388 249 1435 275 καὶ
1455 249 1479 274 οἱ
1503 248 1612 282 ἄγγελοι
1629 248 1657 274 δὲ
1674 249 1802 283 ἀμείνους
1815 251 1898 276 πάλιν

1127 290 1174 316 καὶ
1184 291 1238 326 γάρ
1253 292 1282 317 ὲν
1297 291 1416 326 σχήματι
1440 290 1591 325 ἀνθρώπων
1611 290 1741 322 πολλάκις
1765 291 1916 326 ἐφάνησαν.

1133 331 1204 358 Ἀλλ’
1217 333 1267 359 οὑκ
1280 332 1337 358 ἔστι
1351 331 1448 363 ταῦτα,
1461 331 1510 358 οῦκ
1526 331 1594 358 ἔστι.
1605 332 1660 358 Kal
1673 333 1726 368 γάρ
1738 333 1831 368 ἕτερον
1846 336 1916 361 οἱκο-

1127 374 1222 409 νομίας
1232 373 1356 410 ἀλήθεια,
1372 374 1419 400 καὶ
1427 373 1514 408 ὄψεως
1526 375 1691 410 προσκαίρου
1704 376 1916 408 συγκαταϐασις.

1127 417 1173 452 Μὴ
1187 416 1276 443 τοίνυν
1290 417 1435 452 ἀχάριστος
1447 417 1522 450 γίνου
1542 417 1606 451 περὶ
1618 417 1662 443 τὸν
1677 417 1834 453 εὐεργέτην,
1850 419 1917 454 μηδὲ

1126 459 1182 489 τοῖς
1196 459 1326 490 ἐναντίοις
1338 459 1453 493 ἀμείϐου
1467 458 1513 485 τὸν
1533 458 1583 494 τὴν
1604 459 1695 494 πηγήν
1709 468 1750 485 σοι
1763 460 1813 495 τῆς
1829 470 1917 495 μακα-

1129 500 1251 536 ριότητος
1263 500 1467 536 δωρησάμενον.
1480 500 1566 527 Ὅπου
1582 500 1635 536 γὰρ
1647 501 1782 533 υἱοθεσίας
1797 501 1916 538 ἀξίωμα,

1127 543 1184 569 ἐκεῖ
1199 543 1246 570 καὶ
1257 544 1274 578 ή
1288 543 1344 570 τῶν
1363 543 1456 570 κακῶν
1471 543 1621 579 ἀναίρεσις,
1643 544 1690 570 καὶ
1704 544 1720 578 ή
1736 544 1790 570 τῶν
1806 544 1918 578 ἀγαθῶν

1127 585 1254 612 ἁπάντων
1269 586 1352 617 δόσις.
1365 586 1414 612 Διά
1428 585 1460 621 δὴ
1472 585 1550 612 τοῦτο
1561 585 1590 612 τὸ
1602 585 1652 621 μὲν
1674 585 1817 612 Ἰουδαϊκὸν
1832 586 1916 613 παύε-

1126 636 1171 654 ται
1187 628 1337 663 βάπτισμα,
1354 627 1385 654 τὸ
1404 628 1433 654 δὲ
1449 627 1583 663 ἡμέτερον
1599 628 1687 664 ἀρχὴν
1703 627 1846 662 λαμϐάνει.
1863 628 1927 657 Kal.

1127 669 1195 705 ὅπερ
1210 670 1256 696 ἐπὶ
1270 669 1317 696 τοῦ
1329 670 1425 705 Πάσχα
1436 670 1540 704 γέγονε,
1556 669 1635 696 τοῦτο
1646 670 1693 696 καὶ
1704 670 1751 696 ἐπὶ
1762 669 1809 696 τοῦ
1819 669 1917 704 βαπτί-

1127 720 1230 747 σματος
1245 711 1398 747 συμϐαίνει.
1413 712 1469 738 Kal
1485 711 1539 747 7&9
1553 711 1600 738 καὶ
1619 712 1678 738 ἐκεῖ
1694 711 1835 746 ἀμφότερα
1849 720 1915 746 μετ-

1127 754 1222 786 ελθὼν,
1242 755 1272 781 τὸ
1288 754 1338 788 μὲν
1353 754 1456 780 ἔπαυσε
1472 754 1506 786 ",
1529 753 1569 789 τῷ
1584 753 1612 780 δὲ
1628 753 1715 789 ἀρχὴν
1733 753 1847 780 δέδωκε·
1869 754 1916 780 καὶ

1127 795 1243 823 ἐνταῦθα
1259 796 1282 811 ’⁸
1295 795 1442 831 πληρώσας
1463 796 1493 822 τὺ
1513 795 1656 822 Ἰουδαϊκὸν
1674 795 1823 830 βάπτισμα,
1849 795 1916 831 ὕμοῦ

1127 839 1174 865 καὶ
1186 838 1233 865 τοῦ
1248 838 1298 873 τῆς
1317 838 1479 874 Ἐκκλησίας
1494 837 1543 869 τὰς
1555 837 1640 873 θύρας
1649 837 1811 871 ἀνοίγνυσιν,
1822 837 1916 872 ὥσπερ

1126 880 1155 907 ἒν
1173 881 1222 916 μιᾷ
1237 879 1361 916 τραπέζῃ
1371 879 1443 911 τότε,
1457 879 1542 911 οὕτως
1559 880 1588 905 ὲν
1605 880 1645 906 ἐνὶ
1664 878 1777 914 ποταμῷ
1793 878 1850 910 νῦν,
1868 878 1915 905 καὶ

1126 921 1175 957 τὴν
1190 921 1269 948 σκιὰν
1279 921 1452 956 ὑπογράψας,
1465 921 1512 948 καὶ
1523 921 1572 956 τὴν
1584 920 1712 956 ἀλήθειαν
1729 920 1859 955 προσθείς
1878 920 1912 947 ’⁸.

1126 962 1285 998 Πνεύματος
1295 963 1350 998 7&9
1364 963 1443 998 χάριν
1456 962 1536 989 τοῦτο
1550 963 1607 998 ἔχει
1622 963 1653 989 τὸ
1665 963 1805 997 βάπτισμα
1818 963 1896 997 μόνον
1907 971 1915 979 ’

1125 1005 1156 1031 τὸ
1169 1005 1197 1032 δὲ
1212 1005 1345 1037 Ἰωάννου,
1356 1004 1458 1040 ταύτης
1469 1004 1572 1040 ἔρημον
1586 1004 1635 1040 τῆς
1649 1004 1753 1038 δωρεᾶς
1764 1002 1808 1039 ἦν.
1820 1004 1869 1031 Διά
1882 1004 1916 1040 δὴ

1126 1047 1204 1074 τοῦτο
1220 1047 1266 1073 ἐπὶ
1278 1047 1327 1082 μὲν
1340 1047 1395 1073 τῶν
1407 1047 1495 1074 ἄλλων
1509 1046 1564 1072 τῶν
1580 1046 1604 1062 ’⁸
1622 1046 1826 1082 βαπτιζομένων
1839 1045 1916 1082 [165]

1126 1089 1202 1116 οὐδὲν
1215 1088 1335 1115 τοιοῦτον
1351 1088 1460 1124 συνέϐη,
1474 1089 1520 1115 ἐπὶ
1539 1088 1567 1114 δὲ
1589 1087 1671 1114 αὑτοῦ
1689 1088 1769 1124 μόνου
1786 1087 1832 1114 τοῦ
1853 1088 1916 1123 μέλ-

1126 1132 1216 1163 λοντος
1233 1130 1311 1158 τοῦτο
1328 1130 1502 1167 παραδιδόναι
1515 1139 1522 1146 ·
1542 1131 1586 1157 ἴνα
1605 1130 1674 1164 μετά
1691 1130 1746 1156 τῶν
1765 1130 1916 1164 εἰρημένων

1126 1174 1174 1200 καὶ
1189 1172 1268 1200 τοῦτο
1284 1173 1384 1209 μάθῃς,
1409 1173 1452 1200 ὅτι
1468 1172 1516 1208 οὐχ
1541 1173 1558 1208 ὴ
1583 1171 1736 1207 καθαρότης
1754 1171 1801 1198 τοῦ
1820 1171 1916 1207 βαπτί-

1126 1215 1217 1247 ζοντος
1239 1215 1273 1247 ’⁵,
1302 1214 1391 1249 ἀλλ’ἢ
1411 1214 1524 1249 δύναμις
1549 1213 1595 1240 τοῦ
1620 1213 1815 1248 βαπτιζομένου
1837 1213 1917 1239 τοῦτο

1125 1257 1246 1292 ἐποίησε.
1263 1256 1330 1283 Τότε
1346 1256 1411 1290 γοῦν
1429 1256 1475 1282 καὶ
1497 1257 1521 1282 oi
1538 1255 1647 1291 οὐρανοὶ
1663 1255 1846 1290 ἀνεῴχθησαν,
1869 1256 1917 1282 καὶ

1125 1299 1155 1325 τὸ
1170 1298 1281 1334 Πνεῦμα
1296 1298 1413 1334 ἐπῆλθεν
1428 1299 1462 1325 ⁸⁸.
1482 1297 1548 1324 ’Ᾱπδ
1559 1298 1614 1333 γὰρ
1626 1297 1678 1332 τῆς
1692 1297 1811 1329 παλαιᾶς
1823 1297 1917 1324 λοιπὸν

1126 1341 1172 1367 ἐπὶ
1187 1341 1236 1375 τὴν
1251 1341 1347 1376 καινὴν
1361 1340 1454 1374 ἐξάγει
1469 1339 1608 1366 πολιτείαν
1623 1340 1706 1375 ἡμᾶς,
1722 1339 1771 1370 τάς
1785 1348 1815 1366 τε
1828 1339 1916 1372 πύλας

1125 1383 1191 1419 ἡμῖν
1201 1383 1327 1417 ἀνοιγνὺς
1341 1382 1391 1414 τὰς
1406 1383 1473 1414 ἀνω,
1485 1383 1531 1408 καὶ
1544 1381 1656 1417 Πνεῦμα
1669 1381 1786 1417 πέμπων
1801 1381 1916 1415 ἐκεῖθεν,

1126 1423 1225 1451 καλοῦν
1240 1425 1280 1456 εἰς
1298 1424 1346 1460 τὴν
1358 1425 1416 1450 εκεῖ
1427 1423 1559 1460 πατρίδα¹
1575 1424 1623 1449 καὶ
1634 1423 1683 1458 οὐχ
1698 1423 1791 1455 ἁπλῶς
1803 1423 1916 1456 καλοῦν,

1127 1466 1196 1493 ἀλλά
1223 1466 1271 1493 xal
1296 1466 1365 1501 μετά
1393 1465 1548 1500 ἀξιώματος
1569 1464 1616 1491 τοῦ
1641 1465 1779 1499 μεγίστου.
1809 1466 1845 1492 Οὑ
1863 1466 1918 1500 7&9

1126 1507 1260 1542 ἀγγέλους
1270 1508 1317 1534 καὶ
1326 1507 1512 1543 ἁρχαγγέλους
1528 1507 1666 1541 εποίησεν,
1684 1506 1751 1533 ἀλλὰ
1762 1507 1836 1539 υἱοὺς
1849 1506 1918 1533 Θεοῦ

1127 1549 1333 1581 κατασκευάσας
1351 1550 1397 1577 καὶ
1408 1546 1576 1585 ἀγαπητοὺς,
1588 1548 1675 1581 οὕτως
1686 1549 1759 1575 ἕλκει
1771 1549 1839 1580 ποὺς
1851 1549 1919 1576 ὲκεί-

1127 1600 1176 1627 νην
1189 1591 1238 1627 τὴν
1254 1591 1331 1626 λῆξιν
1350 1592 1435 1626 ήμᾱς.

1161 1633 1192 1661 δ’.
1199 1633 1221 1649 ⁰⁷
1229 1632 1310 1660 Ταῦτ’
1317 1631 1364 1660 οῦν
1374 1633 1504 1668 ἐννοήσας
1512 1634 1629 1663 ἅπαντα,
1640 1633 1687 1659 καὶ
1696 1633 1745 1668 τῆς
1754 1632 1863 1668 ἀγάπης
1870 1632 1917 1659 τοῦ

1127 1675 1282 1708 καλοῦντος,
1297 1675 1344 1702 καὶ
1360 1675 1410 1711 τῆς
1423 1675 1560 1707 πολιτείας
1574 1675 1623 1710 τῆς
1638 1676 1705 1707 ἐκεῖ,
1720 1675 1766 1702 καὶ
1778 1675 1828 1710 τῆς
1836 1675 1918 1710 τιμῆς

1125 1718 1175 1753 τῆς
1192 1717 1314 1752 δοθείσης
1329 1715 1403 1749 ἀξιον
1418 1717 1550 1749 ἐπίδειξαι
1569 1716 1626 1752 βίον
1639 1724 1646 1731 ·
1666 1717 1706 1752 τῷ
1727 1716 1821 1752 κόσμῳ
1835 1725 1918 1743 σταυ-

1127 1759 1235 1794 ρωθεὶς,
1251 1758 1298 1785 καὶ
1312 1758 1473 1794 σταυρώσας
1487 1758 1567 1785 αὑτὸν
1580 1758 1696 1794 σεαυτῷ,
1710 1759 1760 1794 τὴν
1769 1758 1824 1785 τῶν
1837 1758 1919 1793 οὐρα-

1127 1800 1179 1827 νῶν
1198 1800 1338 1827 πολιτεύου
1362 1800 1501 1827 πολιτείαν
1529 1801 1599 1836 μετὰ
1626 1800 1769 1836 ἀκριϐείας
1792 1800 1916 1834 ἀπάσης·

1127 1842 1195 1878 μηδὲ
1212 1842 1305 1877 ἐπειδὴ
1319 1842 1349 1868 τὸ
1366 1841 1446 1877 σῶμά
1459 1850 1506 1868 σου
1523 1842 1560 1877 μὴ
1572 1841 1687 1877 μετέστη
1698 1841 1766 1878 πρὸς
1779 1841 1825 1868 τὸν
1837 1841 1919 1877 οὐρα-

1125 1885 1180 1917 νὸν,
1196 1884 1309 1921 νομίσῃς
1325 1883 1396 1919 ἔχειν
1413 1893 1439 1910 τι
1455 1883 1545 1910 κοινὸν
1561 1883 1631 1919 πρὸς
1645 1883 1694 1919 τήν
1711 1884 1765 1918 γῆν
1775 1892 1782 1899 ·
1799 1884 1849 1918 τὴν
1863 1883 1919 1918 γὰρ

1125 1925 1246 1962 κεφαλὴν
1262 1926 1318 1953 ἀνω
1327 1925 1486 1961 καθημένην
1497 1925 1579 1960 ἔχεις.
1592 1925 1646 1951 Καὶ
1657 1925 1700 1952 διὰ
1713 1925 1792 1952 τοῦτο
1805 1925 1833 1952 δὲ
1849 1925 1918 1961 πρό-

1124 1976 1204 2003 τερον
1222 1966 1339 1994 ἐνταῦθα
1352 1967 1573 2003 παραγενόμενος
1587 1967 1602 1993 6
1620 1966 1768 2002 Δεσπότης,
1789 1967 1836 1996 καὶ
1855 1967 1919 1998 τοὺς

1125 2009 1258 2043 ἀγγέλους
1272 2008 1394 2043 ἀγαγὼν,
1411 2009 1472 2035 τότε
1492 2017 1522 2035 σε
1542 2008 1686 2036 ἀναλαϐὼν
1704 2008 1826 2044 ἀπῆλθεν
1850 2009 1917 2040 ἐκεῖ,

1126 2052 1171 2078 ἵνα
1184 2052 1232 2078 κα)¹
1252 2051 1305 2086 πρὸ
1320 2051 1370 2086 τῆς
1384 2051 1478 2077 ἀνόδου
1493 2052 1542 2086 τῆς
1556 2051 1647 2077 ὲκεῖσε
1665 2050 1764 2086 μάθῃς,
1780 2051 1822 2077 ὅτι
1838 2050 1917 2076 δυνα-

1124 2093 1170 2120 τόν
1186 2101 1227 2119 σοι
1241 2093 1290 2127 τὴν
1301 2093 1352 2128 γῆν
1367 2092 1406 2125 ὡς
1419 2092 1464 2120 τὸν
1478 2093 1593 2128 οὐρανὸν
1609 2093 1703 2119 οἰκεῖν.
1718 2092 1851 2128 Μένωμεν
1867 2092 1918 2118 τοί-

1123 2144 1172 2162 νυν
1182 2135 1230 2170 τὴν
1243 2135 1384 2169 εὐγένειαν
1397 2135 1555 2170 τηροῦντες,
1567 2135 1600 2170 ἣν
1611 2134 1763 2170 ἐδεξάμεθα
1774 2134 1803 2167 ἐξ
1817 2134 1915 2170 ἀρχῆς,

1125 2177 1172 2204 καὶ
1189 2177 1223 2204 τὰ
1238 2177 1297 2203 έκεῖ
1311 2176 1434 2212 βασίλεια
1448 2177 1508 2203 καθ’
1534 2177 1654 2212 ἑκάστην
1676 2176 1849 2211 ὲπιζητῶμεν
1867 2176 1917 2211 τὴν

1126 2219 1243 2254 ἡμέραν,
1260 2218 1308 2245 καὶ
1328 2219 1417 2245 πάντα
1428 2218 1462 2245 τά
1475 2218 1594 2245 ἐνταῦθα
1612 2218 1691 2245 σκιὰν
1707 2218 1754 2245 καὶ
1769 2218 1836 2254 όναρ
1848 2215 1917 2244 εἶναι

1125 2259 1290 2294 νομίζωμεν.
1313 2259 1382 2287 Ούδὲ
1400 2259 1454 2295 γὰρ
1477 2260 1502 2286 εἰ
1519 2259 1646 2294 βασιλεύς
1666 2268 1710 2291 τις
1729 2259 1783 2285 τῶν
1800 2260 1846 2286 ἐπὶ
1869 2259 1932 2293 τῆςί

1125 2301 1177 2337 γῆς
1187 2301 1294 2336 πτωχὸν
1307 2301 1371 2328 ὄντα
1388 2310 1418 2328 σε
1431 2301 1454 2318 ³³
1470 2301 1516 2328 καὶ
1531 2301 1730 2336 προσαιτοῦντα
1744 2300 1844 2333 λαϐὼν,
1861 2301 1918 2327 υἱὸν

1125 2343 1254 2378 ἐξαίφνης
1273 2343 1430 2377 ἐποιήσατο,
1445 2343 1494 2378 τὴν
1513 2343 1633 2378 καλύβην
1655 2343 1704 2370 καὶ
1718 2343 1769 2378 τὴν
1781 2342 1917 2369 εὐτέλειαν

1125 2385 1175 2420 τῆς
1192 2384 1311 2420 καλύϐης
1324 2384 1374 2420 τῆς
1384 2379 1439 2420 ’σῆς
1454 2385 1598 2420 ὲνενόησας
1605 2385 1652 2412 ἄν·
1668 2385 1790 2419 καίτοιγε
1802 2385 1833 2411 οὺ
1849 2384 1917 2411 πολὺ

1125 2427 1157 2452 τὸ
1174 2426 1254 2461 μέσον
1269 2426 1336 2453 ἐκεῖ.
1359 2426 1405 2461 Μὴ
1421 2426 1510 2453 τοίνυν
1532 2427 1599 2462 μηδὲ
1619 2426 1737 2454 ἐνταῦθα
1764 2425 1872 2460 λογίζου
1891 2435 1918 2453 τι

1125 2469 1180 2495 τῶν
1193 2468 1334 2504 προτέρων
1343 2476 1351 2484 ·
1364 2467 1474 2503 καὶγὰρ
1487 2468 1533 2495 ἐπὶ
1550 2467 1640 2504 πολλῷ
1657 2468 1776 2504 μείζοσιν
1789 2467 1916 2502 ἐκλήθης.

1127 2510 1161 2537 ’⁷0
1175 2518 1205 2536 τε
1218 2509 1272 2544 γὰρ
1284 2509 1384 2542 καλῶν,
1404 2510 1419 2536 ό
1432 2509 1487 2536 τῶν
1499 2509 1622 2544 ἀγγέλων
1636 2510 1777 2545 Δεσπότης
1793 2509 1851 2535 ὲστί
1863 2517 1871 2524 ·
1884 2509 1919 2536 τά

1126 2561 1156 2580 τε
1173 2553 1196 2569 ⁹⁹
1214 2552 1340 2588 διδόμενα
1355 2551 1456 2586 ἀγαθὰ,
1473 2552 1520 2579 καὶ
1538 2552 1616 2586 λόγον
1635 2552 1682 2579 καὶ
1695 2552 1814 2579 διάνοιαν
1833 2551 1919 2586 ὑπερ-

1127 2595 1215 2622 ϐαίνει
1231 2595 1332 2622 πᾶσαν.
1347 2594 1384 2620 Οὐ
1397 2593 1452 2629 7&9
1466 2593 1520 2620 ἀπὺ
1531 2594 1582 2629 γῆς
1597 2594 1637 2626 εἰς
1649 2594 1702 2629 γῆν
1717 2602 1746 2621 σε
1762 2594 1917 2629 μεθίστησι,

1127 2636 1254 2672 καθάπερ
1268 2637 1282 2663 ὁ
1297 2635 1432 2671 βασιλεὺς,
1448 2636 1505 2663 ἀλλ’
1518 2636 1572 2662 ἀπὸ
1586 2636 1639 2672 γῆς
1659 2636 1699 2667 εις
1720 2635 1843 2671 οὐρανὸν,
1871 2635 1919 2661 καὶ

1127 2679 1181 2706 ἀπὺ
1192 2679 1300 2713 φύσεως
1307 2678 1407 2714 θνητῆς
1420 2679 1460 2710 είς
1470 2678 1603 2705 ἀθάνατον
1614 2677 1749 2711 καὶδόξαν
1766 2677 1774 2693 ¹
1786 2677 1916 2713 άρῥητον,

1127 2721 1187 2748 τότε
1208 2720 1361 2756 δυναμένην
1386 2720 1464 2755 μόνον
1489 2720 1605 2755 φανῆναι
1628 2719 1726 2753 καλῶς,
1748 2720 1810 2746 ὅταν
1835 2718 1919 2753 αὐτῆς

319 2763 559 2801 ιιητίνςιςμάηίξέ
576 2764 765 2801 A_.B.C.add.
776 2764 899 2794 oﬁvEdd.
916 2767 939 2782 ια
951 2767 997 2794 Sic
1008 2766 1038 2794 ο.
1059 2766 1076 2794 E

1130 2787 1136 2794 .
1147 2767 1195 2795 Ge.
1210 2766 1300 2794 caeleri
1318 2766 1539 2801 παραδέξωνται..
1555 2766 1577 2783 ⁸⁷
1587 2765 1734 2793 ἀπιστοῦσι
1751 2765 1828 2801 ΕΜἰ
1838 2764 1919 2801 ⁸⁸λκαξ

284 2799 389 2838 δωρεᾶς
402 2799 518 2838 ᾁεράτου]
530 2799 579 2838 _Si_c
592 2799 623 2826 Ε.
637 2800 686 2838 Ge:
704 2802 794 2838 cameli
805 2802 910 2838 ἀφάτου
925 2802 1096 2838 καὶδωρνεᾶς.

1125 2803 1147 2818 ⁸³
1156 2801 1266 2837 θαλλοῦ]
1285 2799 1366 2828 θαλοῦ
1374 2802 1407 2828 Α.
1417 2802 1446 2828 Β.
1455 2801 1486 2829 C.
1502 2801 1599 2837 κλάδον
1609 2801 1694 2837 Edd._
1708 2801 1740 2837 θος
1750 2799 1874 2837 μηδέῙ-μῂ
1886 2799 1918 2837 δή

285 2834 318 2873 Δ.
377 2835 413 2869 μή
425 2834 461 2873 Β..
489 2834 516 2873 ’ξ
524 2835 705 2873 ἀῇπαυ-σε-Ι).
761 2836 791 2863 F.
827 2834 849 2873 if
858 2837 986 2873 ενταῦθα]
1009 2834 1072 2865 εἱιΙιΙ.

1126 2838 1164 2865 λιν
1181 2837 1210 2864 Β.
1278 2845 1304 2872 p.
1320 2845 1347 2872 p.
1362 2836 1502 2873 βάπτισμα
1516 2845 1573 2873 om.
1584 2835 1720 2873 D.AE.[j‘:_
1733 2836 1757 2873 ’ξ
1765 2835 1878 2873 προθείς
1887 2834 1915 2860 F.

284 2869 372 2908 ’δτῶν
380 2870 481 2908 om._
544 2870 576 2897 C.
594 2905 600 2908 _
612 2871 635 2887 ⁸⁸
658 2870 844 2908 βαπτίζοντος]
860 2869 1048 2908 βαπτίσματος
1063 2873 1076 2899 [

1128 2878 1138 2900 ι
1162 2881 1202 2907 pr.
1226 2871 1255 2899 Ε.
1278 2869 1500 2908 ’νίκατῆλεξνξῇ

1552 2872 1574 2887 υτ
1587 2871 1730 2898 HOIKON.
1744 2871 1807 2897 ’Ὁτι
1825 2871 1839 2896 ὁ
1852 2870 1918 2904 Χρι-

285 2904 403 2943 ξτιανδς,
412 2905 448 2941 μὴ
464 2905 685 2943 ἐπιδεικνύμενος
698 2907 813 2943 ἀρίστην
826 2904 973 2938 πολιτείαν,
986 2908 1068 2934 πλέον

1126 2904 1249 2943 .ωρεἰται.
1271 2908 1294 2923 *³⁸
1306 2916 1335 2933 σε
1352 2904 1407 2933 oni.
1463 2907 1531 2934 Mor.
1544 2912 1606 2943 post
1616 2905 1918 2943 gngﬁqamgollocant

285 2939 347 2967 δον.
362 2939 426 2968 Βοὴ.

466 2941 488 2978 γ’
501 2941 583 2978 ξ’ρλτε
596 2939 685 2978 γὰρ...
696 2939 731 2978 τά
743 2939 881 2978 τεῖῖρταν
896 2943 981 2978 δὲκαὶ
991 2943 1038 2969 6...
1048 2944 1099 2978 καὶ
1109 2939 1193 2970 ξάἈ.
1210 2943 1238 2970 Β.
1255 2943 1286 2971 C.
1298 2943 1383 2970 ’Ὅταν
1397 2941 1450 2977 γὰρ
1463 2943 1508 2970 ὁ...
1523 2939 1556 2969 τά
1569 2942 1597 2969 δέ
1616 2941 1645 2969 D.
1656 2939 1797 2978 Ε’ζέστίηλ
1810 2947 1837 2968 el
1851 2947 1916 2966 mox

284 2974 435 3011 ὑπερϐαίνῃ
454 2975 483 3003 Β.
501 2976 561 3004 Vid.
580 2974 673 3004 adnbl.
714 2974 881 3013 ’καὶδόξαή
893 2977 969 3010 δόξαν
983 2978 1028 3005 καί
1046 2977 1111 3006 Edd.
