2073 3127
183 171 234 199 20.5

186 246 272 268 tamen
286 238 365 267 ﬁdem
380 246 475 275 neges.
490 239 556 267 Nam
570 239 597 266 in
611 237 746 274 principiis
771 244 878 272 semper
895 237 980 264 admi-

186 287 326 315 randarum
350 286 584 320 spiritualiumque
609 292 698 312 rerum
723 283 840 311 visiones
855 286 982 318 apparent

186 340 292 360 sensum
307 336 449 359 moventes
463 337 492 359 et
503 332 578 367 signa
590 329 753 366 hujusmodi,
765 329 844 364 idque
859 329 980 363 stupido-

187 386 243 406 rum
260 377 398 405 hominum
411 385 503 410 causa,
519 378 563 412 qui
573 376 664 404 sensili
677 376 779 403 visione
792 383 859 410 opus
872 375 981 408 habent,

188 431 273 458 neque
285 429 397 459 possunt
408 424 523 459 aliquam
537 424 704 457 incorporea:
716 427 817 450 natura:
832 422 919 450 ideam
934 422 982 449 ad-

188 471 306 503 mittere,
331 470 378 497 sed
400 469 435 497 ad
460 469 574 497 visibilia
599 474 701 496 tantum
725 469 927 503 obstupescunt,
953 472 981 495 ιιι

188 517 290 545 etiamsi
306 521 400 551 postea
423 516 485 543 talia
499 523 552 542 non
568 515 701 547 eveniant,
717 522 748 542 ea
769 522 829 549 qua:
851 514 933 541 semel
954 518 982 542 et

188 564 214 589 in
228 562 358 598 principio
371 561 440 589 facta
455 567 517 589 sunt
530 561 637 593 similia.
649 561 682 588 ad
691 560 770 588 ﬁdem
786 561 818 587 iis
832 560 980 588 habendam

188 610 330 637 deducant.
358 608 425 636 Nam
439 613 467 636 et
488 615 568 642 super
588 607 725 643 apostolos
739 615 820 635 sonus
835 607 920 634 iactus
940 611 982 635 est

189 656 297 690 spiritus
310 655 493 688 vehementis,
507 658 535 682 et
555 654 704 689 linguarum
723 655 860 689 ignearum
878 653 981 688 Species

189 709 345 737 apparuere,
360 709 412 728 non
436 705 545 736 propter
570 700 717 735 apostolos,
740 699 787 727 sed
801 704 911 734 propter
934 707 981 727 eos

189 749 233 784 qui
249 753 310 775 tunc
325 753 470 783 praesentes
481 751 556 775 erant
567 746 684 775 .ludieos.
700 747 824 774 Attamen
843 745 904 773 licet
917 753 980 773 sen-

189 795 247 822 silia
261 795 335 830 signa
350 802 402 821 non
423 794 498 827 ﬁant,
513 801 572 828 qua:
585 800 634 828 per
645 793 689 820 illa
703 793 786 820 semel
799 792 981 820 demonstrata

188 844 250 868 sunt
259 840 434 867 admittimus.
448 839 514 867 Nam
527 844 554 867 et
563 838 688 866 columba
703 838 763 871 ideo
775 842 838 865 tunc
852 838 909 865 visa
928 842 979 871 est,

189 891 218 914 ut
231 887 306 922 quasi
319 887 400 922 digito
413 886 528 922 quodam
544 884 720 921 praesentibus
733 889 758 912 et
772 884 869 912 Joanui
883 884 979 911 Filium

190 934 236 961 Dei
247 938 419 961 monstraret.
432 933 524 968 Neque
539 933 599 961 ideo
609 937 711 960 tantum
722 952 730 965 ,
749 931 795 959 sed
818 931 898 959 etiam
912 935 939 958 ut
953 935 981 957 tu

187 980 322 1013 disceres,
338 981 417 1008 etiam
442 987 524 1015 super
545 984 572 1007 te
596 979 768 1014 baptizatum,
783 978 911 1013 Spiritum
934 977 981 1005 de-

187 1026 326 1054 scendere.

222 1073 250 1099 3.
261 1072 340 1100 Fides
352 1081 402 1100 non
416 1081 481 1108 opus
489 1072 561 1100 habet
575 1072 678 1099 uisione.
688 1071 800 1107 Spiritus
813 1074 915 1098 sanctus
930 1077 981 1096 non

187 1119 271 1145 minor
294 1118 404 1146 Christo.
436 1119 552 1146 Christus
577 1118 728 1145 Judteorum
754 1122 777 1145 et
804 1117 928 1152 baptisma
957 1122 982 1145 et

188 1163 291 1191 Pascha
306 1165 573 1200 abrogat.—Demum
588 1171 641 1191 non
654 1171 722 1199 opus
743 1164 821 1191 nobis
834 1168 875 1191 est
888 1163 980 1191 sensili

186 1212 300 1244 visione,
325 1220 385 1239 cum
410 1212 477 1240 ﬁdes
499 1213 558 1240 vice
581 1213 699 1239 omnium
725 1212 791 1239 satis
814 1212 847 1239 sit
873 1221 879 1239 :
906 1212 979 1246 signa

186 1259 285 1293 quippe
302 1266 354 1286 non
369 1259 540 1286 credentibus
553 1280 560 1292 ,
575 1259 622 1286 sed
638 1258 782 1286 incredulis
796 1258 903 1286 dantur.
927 1258 982 1286 Cur

185 1309 275 1331 autem
292 1305 318 1331 in
332 1305 464 1333 columbae
483 1304 592 1340 specie?
605 1304 770 1332 Mansuetum
785 1309 827 1332 est
840 1304 939 1331 animal
954 1308 982 1332 et

185 1349 326 1376 mundum.
350 1349 416 1384 Quia
449 1349 529 1385 igitur
549 1349 683 1384 Spiritus,
707 1349 918 1377 mansuetudinis
940 1354 982 1377 est

185 1395 301 1430 Spiritus
314 1416 322 1428 ,
342 1395 401 1423 ideo
425 1396 470 1423 illa
494 1395 578 1423 forma
600 1396 731 1431 apparuit.
750 1395 872 1430 Alioquin
891 1401 979 1422 atttcm

186 1446 306 1470 veterem
323 1442 463 1469 historiam
477 1442 554 1469 nobis
569 1442 596 1469 in
609 1442 764 1469 memoriam
780 1446 898 1469 revocat.
912 1441 978 1468 Naut

186 1495 248 1515 cum
273 1489 335 1514 olim
357 1482 493 1515 commt'tni
517 1488 655 1523 naufragio
678 1493 761 1516 totum
788 1488 880 1516 orbem
907 1488 981 1515 inva-

185 1534 277 1566 dente,
295 1539 376 1561 totum
392 1542 502 1569 prorsus
516 1534 651 1562 hominum
667 1542 751 1570 genus
764 1534 959 1569 periclitaretur
970 1554 978 1567 ,

186 1580 238 1608 hoc
253 1580 350 1607 animal
366 1581 509 1614 apparuit,
523 1584 550 1608 et
565 1580 731 1615 tempestatis
751 1581 830 1608 ﬁnem
846 1580 979 1614 ostendit,

185 1634 218 1653 ac
242 1634 346 1653 ramum
370 1626 448 1654 olivae
469 1631 557 1654 rostro
579 1631 693 1659 tenens,
717 1634 884 1654 communem
908 1627 981 1654 orbis

186 1673 403 1708 tranquillitatem
428 1674 559 1701 nuntiavit
575 1683 582 1701 :
599 1682 658 1710 quas
671 1675 760 1702 omnia
783 1674 864 1710 ﬁgura
878 1674 980 1702 {uluro-

186 1725 246 1746 rum
269 1724 355 1746 erant.
380 1719 456 1747 Tune
477 1720 548 1747 enirn
571 1720 654 1747 multo
675 1720 808 1748 deteriore
828 1720 980 1749 conditione

186 1772 231 1792 res
245 1765 381 1792 hominum
395 1770 491 1799 erant,
506 1773 537 1794 ac
549 1767 632 1794 multo
650 1767 752 1802 majore
773 1767 809 1794 illi
822 1771 899 1794 erant
918 1774 981 1802 sup-

186 1812 268 1846 plicio
283 1811 366 1847 digni.
388 1812 427 1839 Ne
441 1812 568 1847 desperes
582 1813 662 1848 igitur
674 1834 682 1846 ,
699 1813 768 1840 hanc
781 1813 827 1840 tibi
841 1813 979 1840 historiam

187 1857 213 1884 in
235 1858 393 1885 memoriam
410 1862 527 1886 revocat.
551 1857 615 1885 Nam
630 1863 692 1885 ttmc
713 1857 860 1893 desperatis
881 1858 978 1891 rebus,

187 1904 274 1931 exitus
301 1908 388 1931 tamen
409 1904 518 1939 quidam
539 1909 566 1932 et
586 1905 738 1932 emendatio
759 1904 809 1932 fuit
824 1916 831 1932 :
847 1905 895 1932 sed
919 1909 981 1932 tunc

186 1959 236 1987 per
257 1951 414 1986 supplicium
427 1972 435 1984 ,
452 1959 522 1979 ntmc
543 1959 606 1979 vero
626 1960 675 1987 per
695 1952 808 1987 gratiam
832 1956 859 1979 et
879 1951 979 1979 donum

187 1997 332 2025 iueﬂabile.
359 1997 473 2033 Ideoque
495 1998 617 2025 columba
641 2002 774 2033 apparet,
798 2005 851 2025 non
875 2005 979 2025 ratnum

187 2043 264 2070 oliva:
276 2043 374 2077 ferens,
386 2044 433 2071 sed
447 2044 564 2071 omnium
578 2044 709 2071 malorum
722 2044 890 2071 liberatorem
904 2044 981 2071 nobis

187 2090 341 2123 ostendens,
353 2091 504 2125 bonamque
518 2098 592 2125 spem
605 2089 745 2118 exhibens.
760 2089 850 2125 Neque
863 2089 934 2118 enim
945 2097 980 2118 ex

188 2145 249 2164 arca
269 2145 350 2164 uuutn
364 2137 453 2165 educit
468 2137 613 2170 hominem,
625 2137 672 2164 sed
687 2145 747 2164 cum
762 2141 882 2172 apparet,
895 2141 979 2164 tottnu

189 2183 281 2210 orbem
295 2183 392 2210 attollit
404 2183 430 2210 in
446 2184 539 2210 caelum
551 2204 558 2215 .
574 2188 600 2210 et
615 2191 664 2218 pro
678 2183 755 2211 olivae
767 2191 843 2211 ramo
857 2183 981 2218 adoptio-

189 2236 250 2256 nem
266 2229 379 2255 ﬁliorum
396 2229 530 2256 communi
545 2229 617 2256 orbis
631 2229 723 2264 generi
743 2229 828 2256 aﬁ'ert.
849 2228 980 2264 Magnitu-

188 2275 277 2301 dinem
298 2281 361 2309 ergo
375 2274 438 2301 doni
459 2279 546 2301 tecum
563 2279 689 2310 reputans
701 2294 708 2306 ,
729 2282 762 2302 ne
776 2275 906 2302 minorem
922 2274 981 2308 ejus

189 2321 343 2356 dignitatem
356 2321 511 2352 existimes,
534 2321 604 2356 quod
620 2321 646 2348 in
666 2321 711 2348 tali
735 2321 824 2355 specie
842 2324 979 2355 appareat.

189 2367 254 2394 Nam
269 2367 398 2402 quosdam
411 2367 492 2394 audio
504 2366 634 2399 dicentes,
651 2371 752 2394 tantum
773 2374 832 2395 esse
846 2367 981 2394 hominem

190 2413 259 2440 inter
275 2417 303 2440 ct
317 2413 474 2448 columbam
489 2412 630 2440 discrimen
641 2432 649 2445 ,
672 2417 799 2448 quantum
821 2412 891 2440 inter
904 2411 982 2440 Chri-

190 2463 261 2485 stum
278 2462 305 2485 et
317 2458 445 2493 Spiritum
460 2479 466 2489 .
487 2458 547 2492 quia
561 2458 605 2485 ille
617 2458 643 2485 in
658 2463 751 2485 natura
764 2463 853 2485 nostra
865 2479 872 2489 ,
898 2457 941 2485 hic
955 2457 982 2485 in

189 2503 280 2538 specie
299 2503 430 2530 columba:
451 2503 583 2538 apparuit.
615 2503 684 2537 Qttid
708 2502 741 2530 ad
765 2503 821 2530 haec
841 2502 982 2530 dicendum

189 2550 250 2575 cst?
274 2548 383 2576 Scilicet
406 2548 502 2576 Filium
526 2548 572 2576 Dei
597 2555 718 2576 naturam
744 2549 859 2576 hominis
881 2556 984 2576 assum-

191 2594 293 2628 psisse;
307 2595 439 2629 Spiritum
454 2602 517 2621 vero
527 2602 579 2622 non
595 2599 716 2622 naturam
729 2595 867 2629 accepisse
881 2595 984 2622 colum-

191 2640 242 2668 hm.
257 2640 318 2668 Ideo
332 2640 495 2675 evangelista
511 2648 562 2667 non
578 2640 603 2667 in
617 2645 720 2673 natura,
734 2640 781 2668 sed
796 2640 822 2667 in
835 2641 923 2675 specie
935 2648 984 2668 co-

192 2686 286 2713 lumba:
298 2685 366 2713 dixit
381 2695 388 2712 :
405 2693 493 2720 neque
507 2691 596 2720 postea
610 2693 734 2721 umquam
751 2687 800 2713 hac
814 2686 898 2721 ﬁgura
912 2686 984 2713 visus

192 2736 232 2758 est
245 2753 252 2765 ,
266 2732 313 2760 sed
328 2738 394 2760 tunc
410 2735 524 2759 tantum.
540 2730 567 2758 Si
582 2739 661 2766 porro
675 2731 733 2766 ejus
748 2731 808 2759 ideo
829 2731 983 2767 dignitatem

193 2778 321 2806 minorem
335 2778 424 2811 dicas,
440 2777 493 2805 hoc
504 2778 677 2805 ratiocinandi
690 2779 770 2807 modo
784 2779 927 2808 Cherubini
940 2781 985 2808 illo

194 2824 307 2859 majores
319 2825 494 2860 reperientur
508 2845 515 2856 ,
539 2829 565 2852 et
579 2830 706 2863 quantum
725 2826 811 2862 aquila
836 2827 921 2862 major
945 2832 987 2855 est

192 2871 312 2900 columba
329 2880 336 2900 :
352 2879 418 2899 nam
433 2871 471 2898 illi
493 2870 560 2899 hanc
576 2879 720 2907 suscepere
739 2872 871 2908 speciem;
887 2878 913 2901 et
935 2881 983 2901 ιιι]-

735 167 767 196 ΙΝ
785 164 988 195 ΜΛΤἸῊᾸΞυΜ
1007 163 1120 192 IIUMIL.
1142 165 1198 193 ΧΗ.

1776 174 1828 202 206

1038 225 1089 260 geli
1102 233 1209 261 quoque
1222 227 1430 261 przcstantiores.
1444 229 1489 264 qui
1503 228 1639 257 hominum
1653 230 1740 264 specie
1755 239 1826 266 sa-pe

1035 277 1225 307 apparuerunt.
1241 274 1275 300 At
1289 281 1341 301 non
1358 274 1404 308 ita,
1418 282 1472 302 non
1483 275 1517 302 ita
1533 277 1622 310 utique
1636 285 1678 304 res
1691 284 1721 305 se
1737 277 1825 304 habet.

1034 318 1100 345 Nam
1120 318 1191 346 aliud
1206 324 1247 347 est
1262 320 1359 347 veritas
1371 322 1528 349 oeconomia:
1540 343 1547 354 ,
1563 323 1633 350 aliud
1647 328 1827 358 temporanezn

1034 364 1145 392 visionis
1160 366 1308 393 concessio.
1332 366 1470 402 Neitaquc
1485 368 1603 403 ingratus
1618 369 1654 395 sis
1666 377 1728 405 erga
1743 371 1826 397 bene-

1035 409 1182 444 factorem,
1205 419 1291 446 neque
1313 415 1473 441 contrariam
1500 414 1616 449 repende
1631 415 1715 442 vicem
1735 417 1760 443 ei
1780 417 1824 451 qui

1035 457 1082 484 tibi
1096 457 1267 486 beatitudinis
1282 460 1381 487 fontem
1401 460 1518 488 donavit.
1546 460 1595 489 Ubi
1617 462 1687 489 enim
1702 467 1742 490 est
1762 463 1826 490 adoe

1034 502 1133 536 ptionis
1147 503 1262 539 dignitas
1273 526 1281 538 ,
1304 505 1339 532 ibi
1354 511 1382 533 et
1395 507 1527 534 malorum
1541 507 1662 543 depulsio
1674 529 1681 540 ,
1702 514 1729 536 et
1742 509 1826 536 boao-

1033 556 1093 577 rum
1115 551 1234 578 omnium
1264 560 1369 581 munus.
1404 552 1466 580 Ideo
1490 553 1629 581 Iudaicum
1648 555 1755 589 quidem
1781 555 1826 582 ba-

1034 596 1130 632 ptisma
1145 597 1288 634 abrogatur
1299 619 1307 632 ,
1331 607 1450 627 nostrum
1464 604 1551 627 autem
1567 601 1706 628 exordium
1722 601 1802 628 habet
1815 609 1823 627 :

1033 648 1114 679 atque
1135 644 1250 679 idipsum
1266 646 1335 681 quod
1350 646 1376 673 in
1392 647 1532 680 Paschate,
1547 648 1572 674 in
1587 647 1744 682 baptismate
1758 655 1811 682 quo

1034 698 1086 725 que
1098 691 1218 727 contigit.
1238 692 1304 719 Nam
1317 701 1378 720 cum
1393 699 1536 728 utrumque
1558 694 1654 728 pascha
1670 694 1825 721 celebrave-

1034 738 1079 771 rit,
1094 738 1207 765 alterttm
1224 739 1373 774 abrogavit,
1387 741 1465 768 alteri
1480 749 1543 767 vero
1557 741 1714 776 principium
1729 741 1801 768 dedit
1817 750 1824 769 :

1034 789 1061 810 et
1085 783 1128 811 hic
1147 792 1252 811 rursum
1266 805 1273 817 ,
1296 793 1355 812 cutn
1369 785 1507 813 Juilaicum
1534 787 1662 821 baptisma
1685 787 1824 822 implet-it,

1035 835 1097 857 tttnc
1126 835 1153 857 et
1174 830 1301 858 Ecclesia:
1328 831 1492 866 baptismatis
1517 832 1612 867 januas
1632 833 1734 867 aperit;
1757 833 1826 860 sicut

1034 880 1097 903 tunc
1109 876 1134 903 in
1150 883 1200 903 una
1214 883 1306 904 mensa
1319 897 1326 908 ,
1342 877 1380 904 sic
1393 885 1463 905 nunc
1482 878 1508 904 in
1523 886 1575 905 uno
1586 877 1695 905 ﬂumine
1707 899 1714 911 ,
1730 883 1758 905 et
1768 887 1825 905 um-

1032 921 1107 949 bram
1123 922 1271 954 delineans,
1287 928 1313 950 et
1324 924 1463 950 veritatem
1477 923 1588 951 addens.
1602 924 1717 959 Spiritus
1727 925 1825 958 quippe

1033 968 1143 1002 gratiam
1158 968 1208 995 hoc
1222 969 1307 996 solum
1322 970 1453 1004 baptisma
1469 969 1566 1001 habet;
1580 969 1691 997 Joannis
1703 978 1767 997 vero
1779 971 1824 997 ba-

1033 1013 1128 1048 ptisma
1142 1013 1193 1041 hoc
1208 1014 1280 1041 dono
1292 1022 1404 1041 vacuum
1426 1021 1494 1042 erat.
1511 1015 1623 1050 Ideoque
1637 1015 1700 1042 dum
1712 1015 1756 1042 alii
1767 1023 1825 1042 om-

1033 1066 1082 1086 nes
1094 1058 1304 1094 baptizarentur.
1318 1059 1383 1087 nihil
1398 1061 1450 1087 tale
1461 1061 1587 1095 contigit;
1602 1061 1649 1088 sed
1667 1061 1692 1088 in
1707 1061 1752 1088 illo
1766 1067 1823 1087 tau-

1034 1109 1090 1133 tum
1104 1106 1148 1141 qui
1160 1106 1223 1134 illud
1238 1107 1382 1134 traditurus
1396 1111 1468 1140 erat;
1480 1111 1509 1134 ut
1523 1115 1583 1134 etim
1595 1107 1758 1141 supradictis
1774 1107 1824 1135 hoc

1033 1160 1140 1188 qucque
1152 1153 1250 1185 discas,
1263 1162 1316 1180 non
1330 1153 1471 1188 puritatem
1485 1153 1644 1189 baptizantis
1653 1154 1673 1186 ί,
1683 1154 1730 1181 sed
1740 1153 1825 1188 bapti-

1033 1199 1085 1226 zati
1098 1199 1223 1226 virtutem
1244 1199 1270 1226 id
1286 1199 1389 1226 fecisse.
1416 1199 1492 1227 Tunc
1514 1200 1602 1235 itaque
1617 1204 1644 1228 et
1657 1200 1716 1228 caeli
1739 1201 1823 1232 aperti

1033 1249 1105 1278 sunt,
1120 1251 1147 1272 et
1160 1245 1275 1280 Spiritus
1285 1245 1448 1279 supervenit.
1458 1245 1523 1272 Natn
1535 1253 1549 1272 a
1565 1245 1648 1273 veteri
1663 1246 1767 1273 vivendi
1779 1254 1824 1280 ge~

1033 1300 1098 1320 nere
1112 1299 1161 1320 nos
1172 1292 1227 1327 jam
1251 1292 1364 1319 traducit
1384 1292 1417 1319 ad
1430 1300 1528 1319 novum
1544 1312 1552 1325 ,
1576 1292 1672 1327 januas
1694 1300 1826 1328 supernas

1033 1337 1171 1373 aperiens,
1186 1342 1214 1366 et
1227 1337 1354 1372 Spiritum
1373 1338 1435 1366 inde
1450 1339 1559 1366 mittens
1581 1338 1613 1366 ad
1629 1339 1700 1366 illam
1713 1339 1824 1373 patriam

1033 1388 1189 1416 vocantem;
1200 1391 1250 1411 nec
1260 1388 1361 1411 tantum
1371 1388 1521 1417 vocantem,
1530 1383 1578 1412 sed
1589 1389 1615 1412 et
1626 1392 1686 1412 cum
1696 1385 1825 1420 dignitate

1033 1430 1158 1457 maxima.
1183 1430 1241 1457 Non
1256 1431 1327 1458 enim
1342 1431 1451 1466 angelos
1465 1435 1492 1458 et
1506 1431 1679 1467 arcltangt‘los
1688 1431 1759 1463 fecit,
1775 1432 1823 1460 sed

1032 1475 1101 1503 ﬁlios
1114 1476 1161 1504 Dei
1176 1481 1202 1504 et
1213 1476 1325 1504 dilectos
1339 1485 1345 1504 :
1358 1477 1397 1504 sic
1411 1484 1460 1504 nos
1472 1476 1506 1504 ad
1517 1477 1588 1504 illam
1597 1482 1696 1505 sortem
1704 1477 1824 1504 attrahit.

1067 1522 1095 1550 Δ.
1117 1522 1179 1549 Hrec
1193 1523 1313 1558 cogitans
1323 1523 1410 1550 omnia
1423 1543 1431 1555 ,
1446 1529 1473 1550 et
1487 1523 1630 1551 dilectione
1644 1524 1764 1550 vocantis
1774 1543 1781 1554 .
1797 1527 1826 1550 et

1032 1568 1170 1595 consortio
1182 1568 1229 1596 illo
1243 1568 1342 1596 czelesti
1355 1573 1382 1596 et
1396 1568 1492 1596 collato
1503 1568 1605 1597 honore
1620 1569 1726 1604 dignam
1742 1569 1825 1596 ducas

1033 1614 1114 1641 vitam
1126 1618 1246 1649 oportet;
1263 1614 1363 1642 mundo
1381 1614 1539 1648 cruciﬁxus,
1560 1620 1586 1642 et
1607 1615 1736 1642 mundum
1750 1616 1776 1642 in
1799 1621 1825 1643 te

1032 1660 1202 1695 cruciﬁgens,
1228 1668 1287 1687 cum
1303 1660 1375 1689 omni
1395 1660 1532 1696 diligentia
1546 1661 1652 1688 caeleste
1675 1661 1823 1688 institutum

1032 1706 1145 1734 exhibe:
1158 1714 1244 1742 neque
1257 1707 1318 1742 quia
1338 1714 1436 1742 corpus
1448 1711 1521 1734 tuum
1535 1707 1652 1734 nondum
1667 1707 1823 1734 translatum

1032 1757 1073 1781 est
1093 1752 1118 1779 in
1138 1753 1245 1787 caelum,
1267 1757 1344 1788 putes
1366 1757 1392 1781 te
1405 1753 1502 1788 aliquid
1514 1761 1574 1780 cum
1591 1757 1660 1780 terra
1680 1761 1825 1781 commune

1033 1798 1140 1826 habere.
1152 1799 1238 1833 Caput
1249 1800 1319 1826 enim
1333 1804 1406 1826 tuum
1417 1798 1499 1826 habes
1511 1799 1536 1826 in
1549 1799 1616 1829 caelo
1628 1799 1734 1826 sedens.
1749 1799 1826 1827 Ideo-

1032 1852 1084 1880 que
1097 1845 1224 1872 Dominus
1236 1853 1295 1872 eum
1311 1845 1384 1879 prius
1400 1845 1452 1872 huc
1464 1845 1592 1877 venisset,
1606 1845 1768 1881 angelusque
1778 1853 1823 1873 se-

1032 1898 1093 1918 cum
1104 1891 1275 1923 adduxisset,
1296 1895 1358 1918 tunc
1371 1895 1397 1918 te
1408 1896 1546 1926 assumpto
1566 1891 1627 1918 illuc
1640 1891 1722 1922 abiit,
1743 1896 1773 1918 ut
1795 1897 1821 1918 tu

1032 1941 1174 1971 antequam
1189 1936 1251 1963 illuc
1263 1936 1410 1968 ascendas,
1432 1936 1536 1963 ediscas
1550 1944 1629 1971 posse
1642 1941 1667 1964 te
1682 1940 1780 1964 terram
1794 1941 1821 1964 ut

1032 1983 1127 2010 caelum
1161 1982 1290 2010 incolere.
1315 1983 1521 2011 Perseveremus
1544 1983 1633 2018 itaque
1656 1983 1822 2018 nobilitatem

1033 2036 1150 2061 servare,
1164 2036 1243 2064 quam
1257 2029 1291 2056 ab
1303 2029 1379 2057 initio
1393 2029 1568 2064 suscepimus.
1585 2030 1738 2064 regiamque
1752 2028 1823 2057 illam

1032 2074 1166 2102 caelestem
1187 2074 1306 2110 quotidie
1325 2083 1477 2110 quaeramus
1489 2096 1496 2108 ,
1520 2083 1551 2103 ac
1570 2076 1711 2110 praesentia
1733 2077 1824 2103 omnia

1033 2120 1156 2147 umbram
1179 2125 1207 2147 et
1227 2121 1359 2148 somnium
1373 2128 1433 2148 esse
1447 2127 1581 2156 ptttemus.
1604 2121 1696 2156 Neque
1709 2122 1780 2148 enim
1800 2121 1824 2149 si

1032 2166 1164 2202 quispiam
1177 2175 1223 2195 rex
1238 2172 1359 2196 terrenus
1382 2172 1408 2195 te
1421 2168 1573 2196 mendicum
1586 2174 1613 2196 et
1625 2176 1769 2204 pauperem
1783 2177 1825 2197 re-

1032 2217 1112 2246 pente
1125 2213 1151 2240 in
1163 2213 1245 2240 ﬁlium
1259 2212 1410 2248 adoptaret,
1424 2213 1556 2248 tugurium
1570 2218 1644 2241 tuum
1657 2213 1768 2249 ejusque
1782 2214 1824 2241 vi-

1033 2257 1135 2286 litatem
1165 2259 1233 2285 ultra
1257 2259 1424 2294 respiceres,
1445 2259 1548 2286 etiamsi
1571 2259 1630 2286 haec
1654 2267 1708 2286 non
1729 2259 1823 2294 grandi

1034 2304 1176 2332 intervallo
1200 2309 1368 2340 separantur.
1391 2304 1430 2332 Ne
1453 2305 1542 2340 itaque
1565 2305 1609 2332 hic
1632 2305 1769 2340 quidpiam
1791 2313 1821 2332 ex

1032 2350 1166 2385 prioribus
1189 2350 1215 2377 in
1235 2355 1325 2378 mente
1346 2358 1437 2378 verses
1453 2359 1460 2377 :
1475 2358 1536 2378 nam
1558 2350 1592 2378 ad
1614 2351 1692 2385 longe
1715 2351 1824 2378 meliora

1034 2400 1149 2424 vocatus
1172 2403 1212 2423 es.
1241 2394 1292 2428 Qui
1307 2395 1379 2422 enim
1399 2399 1488 2428 vocat,
1506 2395 1663 2430 angelorum
1691 2395 1826 2422 Dominus

1034 2447 1085 2476 est,
1117 2443 1242 2476 bonaque
1274 2441 1321 2469 tibi
1353 2441 1452 2468 Collata
1486 2441 1619 2469 rationem
1659 2448 1766 2468 omnem
1800 2445 1828 2468 et

1035 2495 1151 2516 mentem
1169 2493 1308 2532 superant.
1337 2487 1397 2514 Non
1413 2488 1485 2515 enitn
1500 2495 1513 2513 a
1531 2492 1602 2514 terra
1628 2487 1656 2513 in
1685 2491 1784 2514 terram
1802 2492 1827 2514 te

1035 2533 1180 2566 transfert,
1205 2537 1234 2560 ut
1252 2531 1296 2560 ille
1311 2540 1375 2565 rex;
1397 2532 1444 2560 sed
1466 2539 1481 2558 a
1505 2536 1573 2559 terra
1589 2532 1616 2559 in
1631 2531 1737 2565 emtum,
1759 2536 1787 2559 et
1809 2540 1824 2558 a

1035 2581 1140 2608 mortali
1157 2585 1248 2607 natura
1271 2580 1296 2606 in
1321 2580 1432 2615 gloriam
1456 2579 1632 2606 immortalem
1656 2585 1683 2607 et
1707 2579 1827 2606 inclIabi-

1036 2629 1100 2660 lem,
1116 2635 1175 2662 quae
1189 2632 1250 2654 tunc
1263 2631 1363 2654 tantum
1377 2627 1447 2653 clare
1461 2628 1557 2660 poterit
1570 2627 1694 2661 perspici,
1708 2634 1767 2654 cum
1782 2627 1826 2654 illa

1037 2674 1165 2700 fruemur.
1187 2672 1260 2700 Talia
1277 2677 1365 2700 tamen
1378 2678 1589 2707 consequuturus
1604 2672 1683 2703 bona,
1700 2672 1826 2707 pecunias

1038 2719 1101 2747 mihi
1117 2725 1330 2751 commemoras,
1354 2722 1540 2752 terrenamquc
1562 2725 1684 2752 pompam
1708 2717 1829 2744 retines?

1037 2772 1088 2792 nec
1114 2769 1190 2799 putas
1212 2764 1270 2791 inec
1288 2763 1375 2790 omnia
1398 2772 1456 2798 qua:
1477 2763 1526 2790 sub
1547 2768 1683 2798 aspectum
1710 2762 1826 2795 cadunt,

1039 2810 1221 2838 mendicorum
1237 2809 1331 2844 pannis
1344 2817 1404 2837 esse
1419 2809 1529 2836 viliora?
1548 2809 1582 2837 Et
1602 2809 1737 2844 quomodo
1755 2812 1828 2836 tanto

1074 2890 1081 2905 ι
1100 2892 1170 2919 Unus,
1184 2894 1230 2913 non
1239 2888 1366 2919 puritatem
1379 2886 1499 2918 baptismi;
1511 2887 1590 2911 minus
1596 2889 1674 2911 recte.
