2073 3127
264 170 319 198 307

264 230 368 257 honore
382 226 478 261 dignus
491 223 632 253 babenris?
645 230 723 258 quam
737 222 920 250 defensionem
941 221 1060 257 proferre

268 273 377 310 possis?
399 273 453 300 imo
466 271 556 306 potius
573 276 641 305 quas
654 277 747 304 poenas
759 277 812 296 non
826 269 884 296 lues
894 289 901 299 .
917 276 977 296 cum
1000 272 1061 303 post

264 325 368 350 tantum
394 318 494 346 donum
516 317 550 344 ad
571 317 689 351 priorem
715 314 844 342 vomitum
867 314 980 342 curras?
1002 313 1060 342 Non

264 364 338 392 enim
359 363 428 391 ultra
445 367 474 390 ut
496 362 576 390 homo
590 383 597 392 .
619 361 666 388 sed
689 365 717 387 ut
732 360 800 387 ﬁlius
825 359 871 387 Dei
888 364 1059 394 peccatorum

265 417 360 445 prunas
374 409 469 441 dabis,
495 407 595 441 tibique
611 406 720 433 honoris
742 404 896 440 magnitudo
917 404 950 432 ad
974 404 1060 440 majus

264 454 425 490 supplicium
440 453 509 480 viam
525 451 639 488 parabit.
662 450 800 485 Siquidem
823 457 872 476 nos
884 469 892 482 ,
919 453 1060 484 peccantes

263 508 370 534 servos,
386 504 413 528 et
424 499 493 527 ﬁlios
507 498 692 533 delinquentes
707 504 761 524 non
784 496 840 531 pari
863 496 993 531 supplicio
1005 495 1062 530 ple-

262 547 372 578 ctimus,
380 553 441 573 cum
455 545 572 572 maxime
583 543 620 571 illi
634 550 729 578 magna
740 547 800 570 sunt
813 550 829 569 a
844 542 920 570 nobis
932 542 1060 570 beneﬁcia

263 591 432 626 consequuti.
447 590 513 618 Nam
527 589 549 617 si
563 589 586 616 is
596 588 642 624 qui
657 587 809 623 paradisum
821 587 848 614 in
861 592 961 615 sortem
981 594 1060 614 acce-

264 642 350 673 perat,
369 636 441 673 quod
454 635 537 663 semel
556 639 739 669 transgressus
749 637 839 665 esset.
853 638 923 661 tanta
937 637 996 668 post
1011 633 1060 660 ho-

263 691 358 712 norem
372 683 483 718 pertulit
497 681 566 709 mala
578 691 585 715 ;
602 689 651 709 nos
663 681 708 716 qui
722 681 816 707 caelum
830 680 983 714 accepimus
999 700 1006 712 ,
1020 684 1062 706 at-

263 738 317 766 que
331 730 467 765 Unigeniti
482 728 630 757 coheredes
643 727 704 754 facti
716 735 825 759 sumus,
840 734 919 761 quam
933 726 1061 760 impetra-

263 776 353 803 bimus
369 775 471 803 veniam
485 795 492 808 ,
506 774 529 802 si
540 774 574 801 ad
587 777 738 808 serpentem
759 772 851 799 relicta
861 771 983 799 columba
997 779 1061 798 cur-

265 821 376 848 ramus?
389 820 447 848 Non
461 820 532 847 enim
546 819 614 846 ultra
629 818 778 845 audiemus.
794 816 871 844 Terra
885 825 919 849 es,
933 821 956 843 et
970 817 994 843 in
1006 821 1059 842 ler-

265 875 323 894 ram
333 867 462 895 reverteris
475 866 551 902 (Gen.
574 865 602 893 5.
619 863 675 900 19),
691 871 777 899 neque
801 863 950 898 Operaberis
969 867 1062 889 terram

266 914 343 951 (Gen.
359 915 386 942 4.
404 914 457 949 12)
471 934 478 947 ,
493 913 535 941 vel
547 913 598 940 alia
613 912 675 939 olim
689 911 770 943 dicta,
787 910 833 937 sed
847 910 926 944 longe
943 909 984 936 his
1001 916 1062 944 gra-

266 961 343 988 viora
355 981 363 994 ,
378 961 500 988 tenebras
514 959 662 987 exteriores
674 979 682 991 ,
702 956 808 984 vincula
824 955 983 987 insolubilia,
999 962 1061 982 ver-

266 1015 337 1035 mem
348 1014 521 1038 venenosum.
535 1004 676 1032 stridorem
686 1003 819 1032 dentium;
831 1006 859 1028 et.
871 1001 929 1036 jure
941 1000 1060 1036 quidem.

266 1055 316 1090 Qui
329 1055 400 1083 enim
414 1062 463 1081 nec
478 1058 539 1088 post
552 1057 654 1080 tantum
668 1050 828 1078 beneﬁcium
842 1048 938 1075 melior
952 1046 1039 1074 evadit
1051 1067 1060 1080 ,

263 1101 323 1136 jure
336 1105 470 1128 extremas
491 1103 518 1126 et
537 1097 709 1134 gravissimas
732 1102 824 1130 pmuas
843 1094 926 1121 dabit.
950 1093 1062 1127 Aperuit

265 1147 330 1174 olim
350 1151 378 1174 et
389 1145 486 1174 clausit
500 1145 594 1172 caelum
610 1143 690 1175 Elias,
706 1142 753 1169 sed
770 1142 806 1168 ita
826 1144 855 1168 ut
875 1140 990 1174 pluviam
1012 1143 1058 1166 aut

265 1193 418 1220 demitteret
439 1197 485 1218 aut
500 1191 628 1217 retineret
642 1187 680 1224 (5.
697 1187 760 1223 Reg.
778 1187 823 1221 l'l)
838 1195 844 1213 τ
860 1186 905 1213 tibi
920 1193 984 1212 vero
1006 1192 1060 1212 non

266 1239 301 1266 ita
317 1238 412 1265 cmlum
432 1237 552 1271 aperitur
565 1257 572 1269 ,
588 1235 635 1263 sed
651 1239 679 1261 ut
693 1234 755 1260 illuc
769 1231 913 1264 ascendas;
936 1230 1061 1266 quodque

265 1284 351 1320 majus
370 1289 429 1316 est,
453 1291 505 1310 non
529 1287 558 1310 ut
579 1281 711 1308 ascendas
734 1284 836 1306 tantum
850 1299 857 1311 ,
874 1277 921 1305 sed
944 1282 973 1304 ut
993 1276 1061 1304 alios

265 1331 347 1358 etiam
362 1335 450 1357 tecum
463 1329 556 1360 ducas,
573 1328 594 1355 si
611 1327 689 1359 velis,
707 1330 806 1352 tantam
820 1324 866 1351 tibi
888 1324 914 1350 in
928 1323 983 1350 suis
999 1330 1062 1349 omn

265 1377 345 1404 nibus
356 1375 480 1403 ﬁduciam
503 1378 530 1402 et
550 1376 707 1408 potestatem
730 1371 812 1398 dedit.
828 1369 958 1402 Quoniam
980 1368 1062 1403 igitur

265 1422 301 1450 ibi
316 1422 411 1450 domus
425 1425 515 1448 nostra
529 1425 579 1450 est,
596 1419 649 1445 illic
659 1417 748 1445 omnia
762 1416 938 1450 deponamus,
952 1419 979 1442 et
993 1413 1061 1440 nihil

266 1469 310 1496 hic
325 1468 517 1502 relinquamus,
535 1474 568 1493 ne
583 1465 627 1492 illa
638 1464 792 1500 perdamus.
808 1462 856 1489 llic
870 1461 940 1489 enim
955 1459 1060 1488 etiamsi

264 1515 368 1542 clavem
382 1513 510 1540 adhibeas
522 1533 530 1545 ,
545 1516 573 1539 et
586 1515 677 1546 portas
690 1515 717 1537 et
729 1514 834 1542 vectes,
849 1509 871 1535 si
884 1508 957 1535 mille
968 1514 1060 1535 servos

264 1560 344 1587 sistas
355 1581 363 1593 ,
386 1563 415 1586 et
432 1558 600 1585 insidiatores
614 1564 709 1584 omnes
723 1556 841 1583 declines
851 1576 858 1588 ,
873 1554 976 1582 etiamsi
993 1553 1061 1581 invi-

263 1606 359 1633 dorum
375 1605 467 1632 oculos
482 1604 603 1638 effugias,
617 1603 667 1630 etsi
683 1602 777 1633 tineas,
792 1601 897 1628 etiamsi
914 1600 1060 1634 perniciem

267 1659 346 1686 quam
361 1655 481 1677 vetustas
491 1649 569 1676 all‘crt
584 1669 591 1681 ,
607 1647 677 1683 quod
692 1653 779 1674 tamen
797 1646 852 1674 ﬁeri
870 1646 970 1681 nequit,
985 1653 1060 1672 mor-

264 1701 319 1724 tem
334 1700 406 1723 certe
421 1703 474 1722 non
489 1694 600 1730 ell’ugies
612 1715 619 1726 ,
643 1701 748 1728 unoque
774 1692 902 1726 temporis
923 1695 1059 1718 momento

268 1743 327 1770 hzcc
341 1741 430 1769 omnia
454 1740 607 1768 auferentnr
622 1748 629 1766 :
653 1747 702 1766 nec
718 1738 797 1765 modo
812 1737 968 1764 auferentur
978 1756 985 1767 ,
1011 1736 1059 1763 sed

263 1789 345 1817 etiam
368 1796 440 1823 smpe
455 1788 481 1814 in
496 1795 590 1814 manus
605 1786 774 1813 inimicorum
791 1784 938 1812 tradentur.
952 1783 980 1810 Si
994 1790 1059 1810 vero

264 1836 291 1863 in
305 1835 413 1862 domum
434 1829 514 1860 illam'
527 1833 708 1862 transmittas,
726 1830 851 1857 omnibus
874 1828 916 1855 his
936 1828 1059 1863 superior

262 1882 328 1909 eris.
349 1880 440 1914 Neque
452 1879 522 1906 enim
538 1878 628 1905 claves
640 1897 647 1908 ,
667 1876 711 1904 vel
732 1881 832 1910 portas,
849 1875 889 1902 vel
904 1879 994 1902 vectes
1008 1873 1057 1901 ad-

263 1927 358 1954 hibere
372 1930 497 1960 oportet;
519 1931 602 1958 usque
623 1923 691 1949 adeo
704 1922 805 1948 nmnita
824 1926 866 1948 est
887 1921 931 1947 illa
945 1920 1038 1948 civitas
1049 1941 1056 1952 ,

264 1978 319 2000 tam
335 1971 552 2006 inexpugnabilis
565 1970 649 2001 locus,
662 1973 714 1995 tam
729 1967 881 1995 inaccessus
893 1965 1057 2001 corruptioni

262 2024 290 2046 ct
303 2017 472 2052 malignitati.

298 2063 324 2090 5.
346 2065 442 2089 Annon
464 2065 590 2088 extrema:
611 2058 752 2086 dementim
765 2063 824 2088 est,
840 2057 876 2084 ibi
899 2058 988 2084 omnia
1008 2063 1053 2084 ac-

262 2109 399 2136 cumulare
411 2108 456 2134 ubi
471 2106 592 2141 deposita
607 2109 718 2140 pereunt
737 2108 762 2131 et
774 2107 993 2138 corrumpuntur,
1010 2103 1055 2130 ubi

262 2163 328 2183 vero
351 2155 451 2182 intacta
476 2157 585 2180 manent
608 2156 635 2178 et
647 2155 777 2186 augentur
790 2171 796 2182 ,
812 2150 848 2177 ibi
864 2158 897 2177 ne
918 2149 1055 2177 minimam

261 2209 355 2229 eorum
372 2199 476 2236 partem
490 2199 642 2234 deponere,
657 2205 716 2225 cum
731 2197 848 2224 maxime
870 2197 905 2224 ibi
920 2196 979 2223 sine
1001 2196 1054 2223 ﬁne

262 2248 359 2275 victuri
386 2246 490 2273 simus?
513 2245 574 2272 Ideo
594 2243 708 2280 gentiles
733 2242 812 2269 ﬁdem
829 2246 927 2278 negant
950 2242 983 2268 iis
995 2248 1055 2276 qua:

265 2293 382 2321 dicimus
398 2301 404 2319 :
419 2300 480 2320 nam
495 2300 528 2319 ex
552 2291 645 2322 factis,
662 2297 716 2316 non
730 2298 764 2318 ex
784 2288 862 2316 dictis
884 2288 1055 2315 demonstra-

623 163 652 193 S.
672 164 812 193 JOANNIS
829 163 1068 194 CHRYSOSTOMI
1087 165 1246 195 ARCIIIEP.
1266 167 1534 197 CONSTANTINOP.

1852 170 1906 198 208

1114 223 1214 250 tionem
1236 231 1251 250 a
1277 224 1354 251 nobis
1369 224 1479 259 exigunt
1495 232 1547 252 :ac
1560 233 1621 252 cum
1648 226 1740 254 rident
1762 235 1811 255 nos
1833 228 1907 255 a-des

1113 274 1251 297 exstruere
1263 270 1432 305 splendidas,
1446 270 1539 298 hortos
1552 277 1579 299 et
1594 272 1688 300 balnea
1701 281 1796 307 parare
1806 295 1813 306 ,
1828 282 1906 309 agros

1114 322 1213 348 emere,
1230 315 1322 343 nolunt
1341 316 1455 344 credere
1478 324 1526 357 nos
1541 318 1691 352 profectum
1707 319 1732 346 in
1747 320 1827 346 aliam
1843 320 1904 348 civi-

1114 365 1194 388 tatem
1212 369 1316 396 parare.
1340 361 1404 389 Nam
1428 362 1450 390 si
1476 363 1510 390 ita
1532 367 1620 396 esset,
1637 364 1728 398 aiunt,
1743 365 1830 392 omnia
1847 374 1907 401 qua:

1114 405 1158 433 hic
1171 406 1271 434 habent
1287 407 1312 434 in
1334 412 1473 442 argentum
1496 414 1676 443 commutata,
1701 411 1754 438 illic
1772 411 1907 446 deponere

1115 457 1322 487 przeverterent;
1345 454 1578 490 conjecturamque
1601 455 1702 484 ducunt
1722 465 1754 484 ex
1780 457 1830 491 iis,
1847 466 1907 494 qum

1115 498 1158 526 hic
1173 499 1229 526 ﬁeri
1252 500 1351 527 solent.
1365 500 1555 535 Opulentiores
1567 502 1664 538 quippe
1678 503 1800 532 videmus
1814 505 1840 531 in
1853 504 1907 533 illis

1114 545 1231 572 maxime
1242 545 1351 572 urbibus
1365 545 1478 580 domos,
1501 554 1581 582 agros
1591 567 1598 579 ,
1611 548 1715 583 aliaque
1727 549 1816 577 omnia
1830 557 1907 577 com-

1115 598 1209 626 parare
1222 611 1228 622 .
1243 591 1269 618 in
1280 592 1377 626 quibus
1398 593 1477 621 sedes
1492 593 1602 628 posituri
1619 600 1682 622 sunt
1695 603 1702 622 :
1717 595 1765 623 sed
1779 604 1828 623 nos
1839 604 1907 624 con-

1115 641 1155 665 tra
1168 638 1289 671 facimus,
1303 645 1411 673 terram,
1422 648 1502 675 quam
1517 641 1658 676 paulopost
1667 642 1786 669 relicturi
1801 650 1905 675 sumus,

1114 691 1211 718 magno
1223 691 1283 711 cum
1298 685 1387 712 studio
1399 686 1566 720 possidemus
1576 707 1582 719 .
1597 694 1647 715 nec
1668 689 1795 722 pecunias
1808 689 1888 717 modo
1897 709 1905 721 .

1115 729 1162 756 sed
1187 730 1343 764 sanguinem
1357 732 1436 758 etiam
1459 740 1508 766 pro
1524 733 1614 767 paucis
1638 738 1717 761 terra:
1729 734 1867 769 jngeribus
1880 739 1907 763 et

1115 774 1238 802 domibus
1251 775 1403 810 fundimus;
1418 777 1451 805 ad
1466 778 1559 805 caelum
1575 787 1637 806 vero
1649 780 1857 815 comparandum
1871 789 1906 808 ne

1114 823 1248 857 superﬂua
1273 824 1381 858 quidem
1405 833 1516 860 erogare
1544 826 1682 859 volumus,
1709 827 1813 854 etiamsi
1841 828 1907 856 illud

1115 875 1200 903 parvo
1214 870 1300 904 pretio
1315 874 1419 898 ematur
1432 892 1439 903 ,
1452 876 1479 898 et
1503 872 1530 899 in
1553 871 1745 907 sempiternum
1770 874 1907 908 possidea-

1116 920 1167 948 tur,
1181 917 1203 944 si
1214 924 1345 945 emamus.
1362 919 1505 953 Propterea
1519 924 1654 947 extremas
1666 919 1789 948 dabimus
1802 928 1906 956 poenas,

1113 970 1174 991 cum
1188 963 1251 991 nudi
1265 969 1292 992 et
1303 972 1432 999 pauperes
1443 973 1475 992 eo
1489 965 1671 1000 migrabimus;
1686 966 1741 993 imo
1754 967 1842 1001 potius
1853 975 1907 995 non

1114 1009 1149 1037 ob
1162 1014 1345 1045 paupertatem
1360 1016 1489 1044 nostram,
1504 1011 1550 1038 sed
1566 1012 1636 1046 quod
1651 1012 1718 1040 alios
1732 1012 1758 1039 in
1773 1014 1842 1040 hanc
1856 1014 1908 1040 mi-

1114 1056 1210 1084 seriam
1225 1057 1431 1092 conjeeerimus,
1446 1057 1606 1085 intolerabili
1623 1058 1767 1085 calamitati
1781 1059 1908 1094 subjicie-

1114 1110 1183 1129 mur.
1199 1102 1264 1130 Nam
1287 1110 1348 1130 cum
1370 1104 1485 1138 gentiles
1507 1104 1615 1131 videant
1627 1104 1668 1132 his
1693 1105 1788 1132 studiis
1803 1105 1908 1134 deditos

1115 1149 1195 1176 tantis
1209 1148 1260 1176 frui
1276 1150 1411 1184 mysteriis
1425 1158 1432 1176 :
1448 1150 1533 1177 multo
1555 1150 1640 1186 magis
1654 1155 1681 1178 et
1705 1151 1754 1185 ipsi
1771 1152 1908 1186 praesenti-

1114 1195 1164 1222 bus
1177 1195 1257 1223 rebus
1276 1195 1442 1228 addicentur,
1467 1196 1602 1230 ingentem
1624 1197 1711 1232 ignem
1728 1205 1807 1231 supra
1830 1201 1909 1232 caput

1114 1246 1236 1269 nostrum
1251 1242 1460 1269 accumulantes.
1482 1241 1548 1269 Cum
1565 1243 1635 1269 enim
1650 1251 1710 1276 nos,
1728 1244 1772 1277 qui
1788 1251 1908 1278 prmsen-

1115 1287 1181 1314 tium
1193 1295 1282 1314 rerum
1305 1292 1490 1321 contemptum
1514 1287 1573 1314 illos
1587 1288 1683 1315 docere
1697 1288 1836 1321 debemus,
1852 1296 1909 1316 ma.

1116 1333 1188 1361 xime
1203 1334 1321 1360 omnium
1338 1333 1444 1360 illarum
1460 1333 1485 1360 in
1501 1333 1541 1361 eis
1554 1333 1727 1368 cupiditatem
1740 1335 1888 1361 excitemus
1899 1355 1907 1367 ,

1114 1378 1248 1413 quomodo
1270 1379 1382 1406 salutem
1404 1379 1531 1413 consequi
1553 1379 1708 1413 poterimus,
1731 1379 1777 1414 qui
1795 1379 1909 1407 aliorum

1115 1425 1241 1460 perniciei
1266 1433 1359 1460 poenas
1384 1426 1475 1453 subire
1489 1426 1654 1454 debeamus?
1668 1426 1725 1454 Non
1739 1427 1816 1454 audis
1831 1427 1909 1455 Chri-

1114 1475 1185 1497 stum
1197 1470 1331 1499 dicentem
1342 1491 1349 1504 ,
1365 1479 1394 1499 se
1407 1479 1457 1506 pro
1471 1472 1528 1499 sale
1542 1477 1570 1500 et
1592 1472 1758 1507 lampadibus
1777 1480 1826 1500 nos
1842 1473 1909 1500 reli-

1114 1517 1205 1551 quisse
1220 1517 1247 1543 in
1273 1518 1323 1544 hoc
1347 1518 1447 1545 mundo
1458 1539 1465 1550 ,
1482 1522 1510 1545 ιιι
1525 1519 1661 1553 voluptate
1675 1518 1828 1547 difﬂuentes
1841 1527 1908 1547 con-

1114 1562 1276 1597 stringamus
1287 1585 1293 1594 .
1308 1568 1334 1591 et
1351 1564 1471 1598 pecunia:
1486 1564 1581 1591 studiis
1603 1564 1792 1592 obtenebratos
1807 1565 1907 1593 illumi-

1115 1609 1230 1635 nemus?
1246 1608 1272 1636 Si
1288 1617 1352 1645 ergo
1368 1610 1428 1637 illos
1441 1611 1526 1645 magis
1538 1611 1563 1637 in
1581 1611 1706 1638 tenebras
1721 1611 1907 1646 conjiciamus,

1114 1659 1142 1682 et
1155 1655 1293 1682 molliores
1307 1656 1461 1690 reddamus,
1476 1664 1536 1691 qure
1552 1657 1629 1684 nobis
1651 1665 1713 1692 spes
1728 1657 1823 1685 salutis
1836 1658 1908 1685 erit?

1113 1700 1212 1728 Nulla:
1227 1701 1273 1728 sed
1297 1701 1430 1736 ejulantes
1451 1707 1478 1729 et
1497 1702 1621 1730 dentibus
1643 1703 1796 1735 stridentes,
1822 1703 1908 1738 ligatis

1113 1749 1226 1785 pedibus
1240 1748 1418 1783 manibusque
1432 1749 1457 1775 in
1473 1749 1604 1784 gebcnna:
1618 1748 1705 1780 ignem
1721 1750 1906 1784 conjicicmur,

1113 1800 1253 1830 postquam
1265 1795 1417 1822 divitiarum
1429 1795 1580 1822 sollicitudo
1595 1802 1644 1822 nos
1655 1795 1734 1830 plane
1749 1795 1906 1823 confecerit.

1112 1841 1176 1870 Haec
1196 1842 1286 1876 itaque
1300 1842 1448 1876 cogitantes
1460 1862 1467 1872 ,
1481 1842 1570 1868 (unnia
1593 1842 1653 1869 talis
1675 1842 1787 1869 fallacia:
1803 1842 1906 1868 vincula

1112 1888 1262 1918 solvamus,
1282 1896 1315 1914 ne
1330 1888 1354 1914 in
1371 1887 1414 1914 illa
1428 1887 1577 1914 incidamus
1590 1895 1650 1922 qure
1664 1887 1716 1922 igni
1731 1888 1908 1922 inexstingui‘

1112 1935 1158 1962 bili
1173 1943 1222 1963 nos
1235 1935 1361 1962 traditura
1373 1939 1444 1962 sunt.
1464 1933 1529 1960 Nam
1545 1934 1588 1969 qui
1604 1935 1704 1962 divitiis
1717 1934 1810 1965 servit,
1821 1939 1848 1961 et
1860 1942 1907 1962 ca-

1113 1982 1182 2010 tenis
1194 1982 1248 2014 hic,
1257 1987 1284 2011 et
1298 1983 1401 2010 catenis
1414 1983 1467 2010 illic
1476 1986 1604 2018 perpetuo
1617 1981 1761 2009 adstrictus
1773 1981 1824 2008 erit
1838 1991 1845 2008 :
1860 1981 1905 2015 qui

1111 2034 1200 2057 autem
1223 2029 1257 2056 ab
1270 2029 1320 2057 hac
1339 2028 1485 2064 cupiditate
1506 2028 1573 2055 liber
1583 2032 1640 2060 est,
1657 2031 1769 2061 utraque
1784 2026 1906 2054 libertate

1112 2078 1228 2113 potietur
1242 2087 1249 2104 :
1263 2085 1342 2112 quam
1357 2081 1386 2104 ut
1402 2085 1450 2104 nos
1464 2085 1570 2112 quoque
1586 2083 1771 2111 assequamur,
1788 2074 1905 2102 contrito

1111 2124 1185 2159 gravi
1201 2124 1246 2151 illo
1259 2124 1378 2150 avaritiae
1390 2123 1454 2158 jugo
1465 2143 1471 2155 ,
1487 2123 1520 2150 ad
1535 2124 1631 2150 carlum
1654 2121 1780 2149 advolare
1791 2124 1904 2147 conten-

1110 2171 1223 2205 damus,
1249 2170 1334 2206 gratia
1360 2174 1388 2197 et
1413 2169 1576 2205 benignitate
1601 2169 1705 2196 Domini
1732 2167 1816 2195 nostri
1841 2166 1904 2194 Jesu

1109 2217 1225 2250 Christi,
1239 2217 1280 2244 cui
1291 2216 1375 2252 gloria
1390 2220 1417 2244 et
1430 2216 1571 2251 imperium
1585 2215 1611 2242 in
1625 2215 1723 2242 stecula
1733 2213 1902 2241 saeculorum.

1109 2263 1206 2290 Amen.

261 2345 1901 2369 Μ..

938 2412 1114 2444 HOMILIA
1135 2411 1224 2442 XIII.

257 2492 323 2520 CAP.
338 2492 365 2519 ι.
379 2499 404 2517 v.
422 2491 447 2518 ι.
464 2489 534 2517 Tunc
545 2489 620 2516 Jews
632 2487 723 2515 ductus
737 2491 773 2515 est
786 2487 814 2514 in
824 2486 949 2513 desertum
960 2493 976 2512 α
990 2484 1052 2519 Spi-

451 2537 501 2563 ritu
510 2557 518 2568 ,
531 2540 559 2563 ut
572 2539 708 2562 tentaretur
717 2542 734 2561 α
748 2533 860 2561 diabolo.

293 2585 319 2611 1.
336 2583 387 2610 Cur
401 2582 515 2610 Christus
529 2581 619 2608 tentari
629 2585 652 2607 et
661 2580 780 2616 jeiunare
791 2578 906 2606 voluerit.
918 2576 1051 2604 Tentatio-

257 2631 296 2656 uis
321 2631 430 2664 fruetur.
448 2627 648 2663 lntcmperantia
669 2626 787 2653 vitiorum
809 2624 896 2652 radix.
909 2623 1050 2655 —Tunc;

257 2675 450 2710 quandonam?
465 2679 525 2709 post
543 2673 705 2702 descensum
727 2673 801 2700 illum
821 2671 936 2706 Spiritus
946 2670 1049 2704 sancti,

259 2727 320 2758 [lost
333 2729 426 2749 vocem
441 2722 513 2749 illam
529 2728 646 2756 superne
658 2720 773 2747 delatam
788 2722 817 2746 et
827 2718 961 2746 dicentem
976 2725 983 2744 :
999 2716 1051 2743 Hic

257 2774 293 2795 at
308 2767 390 2794 Filius
403 2776 468 2794 metu
483 2767 600 2800 dilectus,
614 2767 641 2793 in
651 2775 700 2802 quo
713 2765 776 2792 milii
786 2764 931 2799 complacui
940 2763 1048 2800 (Matth.

257 2815 284 2842 5.
304 2815 355 2846 l7).
370 2814 500 2848 Quodque
523 2813 619 2840 mirum
635 2816 692 2844 est,
715 2819 730 2838 a
753 2811 853 2846 Spiritui
877 2814 991 2837 sancto:
1006 2808 1049 2836 hic

256 2859 329 2887 enim
342 2860 428 2894 ipsum
456 2858 567 2885 adduxit
589 2857 662 2884 illuc.
678 2856 744 2890 Quia
766 2856 837 2883 enim
852 2855 941 2882 omnia
956 2853 989 2881 ad
1003 2854 1049 2881 do-

255 2905 371 2932 cendum
385 2911 433 2933 nos
446 2903 509 2933 fecit
521 2907 549 2932 et
561 2910 657 2938 passus
669 2906 728 2936 est,
743 2901 806 2930 illuc
817 2900 932 2935 adduci,
946 2904 972 2929 et
985 2907 1047 2928 cum

1109 2481 1217 2510 diabolo
1231 2487 1347 2516 pugnam
1361 2479 1531 2507 committere
1546 2477 1648 2510 voluit,
1669 2481 1698 2504 ut
1717 2475 1901 2510 unusquisque

1106 2528 1301 2564 baptizatorum
1312 2547 1320 2560 ,
1335 2526 1358 2554 si
1382 2530 1443 2560 post
1463 2524 1625 2559 baptismum
1641 2523 1757 2558 majores
1765 2521 1900 2549 sustineat

1106 2574 1276 2606 tentationes,
1291 2580 1325 2600 ne
1348 2571 1486 2604 turbetur,
1503 2570 1578 2605 quasi
1601 2569 1763 2603 insperatam
1778 2575 1833 2594 rem
1849 2574 1899 2592 ex.

1105 2625 1207 2655 pertus,
1223 2618 1269 2647 sed
1284 2623 1390 2646 maneat
1410 2617 1514 2644 fortiter
1527 2615 1618 2642 omnia
1640 2615 1729 2641 ferens
1739 2635 1745 2646 ,
1760 2618 1852 2648 utpote
1869 2619 1898 2638 rc

1105 2664 1250 2694 secundum
1264 2668 1364 2692 rectam
1377 2663 1473 2690 seriem
1488 2661 1637 2689 accidente.
1660 2659 1766 2686 Etenim
1782 2658 1841 2685 ideo
1855 2666 1898 2685 ar.

1105 2719 1147 2739 ma
1161 2711 1305 2746 accepisti;
1332 2717 1384 2737 non
1398 2714 1428 2736 ut
1450 2707 1553 2739 otieris,
1574 2706 1621 2734 sed
1645 2713 1755 2741 pugnes.
1779 2704 1840 2731 Ideo
1856 2704 1897 2730 in-

1103 2761 1229 2793 gruentes
1248 2756 1408 2784 tentaliones
1422 2762 1473 2781 non
1490 2753 1601 2788 impedit
1622 2752 1692 2778 Deus
1708 2759 1715 2778 :
1732 2750 1817 2785 primo
1839 2749 1897 2783 qui-

1103 2805 1164 2832 dem
1181 2809 1209 2831 ut
1221 2803 1308 2831 discas
1325 2807 1350 2830 te
1363 2801 1446 2829 multo
1460 2800 1595 2827 fortiorem
1617 2797 1731 2829 factum;
1747 2796 1844 2823 deinde
1865 2800 1895 2822 ut

1104 2851 1242 2880 moderate
1255 2849 1344 2884 sapias
1354 2869 1362 2882 ,
1386 2854 1474 2881 neque
1494 2840 1831 2884 donorummagniludiue
1846 2848 1893 2867 ex-

1104 2898 1215 2933 tolluris,
1230 2882 1295 2925 cum
1303 2899 1328 2923 te
1343 2894 1504 2923 tentatioues
1520 2882 1682 2927 reprimant;
1697 2889 1729 2917 ad
1746 2889 1802 2916 Inee
1818 2894 1894 2919 vero,
