  <div class='ocr_page' id='page_1' title='image "/cluster/home/n/w/nwhite01/storage/ocr_20150623/57-58/njp.32101077772653/140.png"; bbox 0 0 2073 3127; ppageno 0'>
   <div class='ocr_carea' id='block_1_1' title="bbox 176 118 223 145">
    <p class='ocr_par' dir='ltr' id='par_1_1' title="bbox 176 118 223 145">
     <span class='ocr_line' id='line_1_1' title="bbox 176 118 223 145; baseline 0 -2"><span class='ocrx_word' id='word_1_1' title='bbox 176 118 223 145; x_wconf 67' lang='lat'><strong>209</strong></span> 
     </span>
    </p>
   </div>
   <div class='ocr_carea' id='block_1_2' title="bbox 173 172 961 210">
    <p class='ocr_par' dir='ltr' id='par_1_2' title="bbox 173 172 961 210">
     <span class='ocr_line' id='line_1_2' title="bbox 173 172 961 210; baseline -0.005 -8"><span class='ocrx_word' id='word_1_2' title='bbox 173 181 197 202; x_wconf 86' lang='lat' dir='ltr'><strong>ut</strong></span> <span class='ocrx_word' id='word_1_3' title='bbox 212 175 344 210; x_wconf 81' lang='lat' dir='ltr'><strong>malignus</strong></span> <span class='ocrx_word' id='word_1_4' title='bbox 357 174 400 202; x_wconf 88' lang='lat' dir='ltr'><strong>ille</strong></span> <span class='ocrx_word' id='word_1_5' title='bbox 410 175 526 206; x_wconf 65' lang='lat' dir='ltr'><strong>datmon,</strong></span> <span class='ocrx_word' id='word_1_6' title='bbox 537 182 570 201; x_wconf 91' lang='lat' dir='ltr'><strong>an</strong></span> <span class='ocrx_word' id='word_1_7' title='bbox 580 174 614 202; x_wconf 82' lang='lat' dir='ltr'><strong>ab</strong></span> <span class='ocrx_word' id='word_1_8' title='bbox 623 181 651 201; x_wconf 90' lang='lat' dir='ltr'><strong>se</strong></span> <span class='ocrx_word' id='word_1_9' title='bbox 662 173 817 200; x_wconf 74' lang='lat' dir='ltr'><strong>discesseris</strong></span> <span class='ocrx_word' id='word_1_10' title='bbox 827 172 961 203; x_wconf 82' lang='lat' dir='ltr'><strong>dubitans,</strong></span> 
     </span>
    </p>
   </div>
   <div class='ocr_carea' id='block_1_3' title="bbox 173 220 962 256">
    <p class='ocr_par' dir='ltr' id='par_1_3' title="bbox 173 220 962 256">
     <span class='ocr_line' id='line_1_3' title="bbox 173 220 962 256; baseline -0.001 -9"><span class='ocrx_word' id='word_1_11' title='bbox 173 221 349 248; x_wconf 85' lang='lat' dir='ltr'><strong>tentatiunum</strong></span> <span class='ocrx_word' id='word_1_12' title='bbox 362 222 546 256; x_wconf 84' lang='lat' dir='ltr'><strong>experimento</strong></span> <span class='ocrx_word' id='word_1_13' title='bbox 558 220 656 248; x_wconf 77' lang='lat' dir='ltr'><strong>certior</strong></span> <span class='ocrx_word' id='word_1_14' title='bbox 669 220 724 251; x_wconf 86' lang='lat' dir='ltr'><strong>ﬂat,</strong></span> <span class='ocrx_word' id='word_1_15' title='bbox 740 225 766 247; x_wconf 89' lang='lat' dir='ltr'><strong>te</strong></span> <span class='ocrx_word' id='word_1_16' title='bbox 782 221 839 255; x_wconf 90' lang='lat' dir='ltr'><strong>ipso</strong></span> <span class='ocrx_word' id='word_1_17' title='bbox 854 227 962 254; x_wconf 83' lang='lat' dir='ltr'><strong>prorsus</strong></span> 
     </span>
    </p>
   </div>
   <div class='ocr_carea' id='block_1_4' title="bbox 173 265 963 301">
    <p class='ocr_par' dir='ltr' id='par_1_4' title="bbox 173 265 963 301">
     <span class='ocr_line' id='line_1_4' title="bbox 173 265 963 301; baseline 0 -9"><span class='ocrx_word' id='word_1_18' title='bbox 173 267 266 293; x_wconf 89' lang='lat' dir='ltr'><strong>relicto</strong></span> <span class='ocrx_word' id='word_1_19' title='bbox 281 266 454 298; x_wconf 88' lang='lat' dir='ltr'><strong>abscessisse;</strong></span> <span class='ocrx_word' id='word_1_20' title='bbox 467 270 563 301; x_wconf 89' lang='lat' dir='ltr'><strong>quarto</strong></span> <span class='ocrx_word' id='word_1_21' title='bbox 577 271 606 293; x_wconf 95' lang='lat' dir='ltr'><strong>ut</strong></span> <span class='ocrx_word' id='word_1_22' title='bbox 617 265 711 293; x_wconf 77' lang='lat' dir='ltr'><strong>fortior</strong></span> <span class='ocrx_word' id='word_1_23' title='bbox 725 271 751 293; x_wconf 86' lang='lat' dir='ltr'><strong>et</strong></span> <span class='ocrx_word' id='word_1_24' title='bbox 766 268 823 300; x_wconf 88' lang='lat' dir='ltr'><strong>Ipso</strong></span> <span class='ocrx_word' id='word_1_25' title='bbox 838 266 908 292; x_wconf 82' lang='lat' dir='ltr'><strong>ferro</strong></span> <span class='ocrx_word' id='word_1_26' title='bbox 919 273 963 293; x_wconf 89' lang='lat' dir='ltr'><strong>so-</strong></span> 
     </span>
    </p>
   </div>
   <div class='ocr_carea' id='block_1_5' title="bbox 172 311 963 347">
    <p class='ocr_par' dir='ltr' id='par_1_5' title="bbox 172 311 963 347">
     <span class='ocr_line' id='line_1_5' title="bbox 172 311 963 347; baseline 0.001 -9"><span class='ocrx_word' id='word_1_27' title='bbox 172 311 248 338; x_wconf 86' lang='lat' dir='ltr'><strong>lidior</strong></span> <span class='ocrx_word' id='word_1_28' title='bbox 269 312 309 338; x_wconf 89' lang='lat' dir='ltr'><strong>sic</strong></span> <span class='ocrx_word' id='word_1_29' title='bbox 328 312 445 345; x_wconf 81' lang='lat' dir='ltr'><strong>evadas;</strong></span> <span class='ocrx_word' id='word_1_30' title='bbox 460 313 553 347; x_wconf 89' lang='lat' dir='ltr'><strong>quinto</strong></span> <span class='ocrx_word' id='word_1_31' title='bbox 566 317 594 339; x_wconf 91' lang='lat' dir='ltr'><strong>ut</strong></span> <span class='ocrx_word' id='word_1_32' title='bbox 607 312 724 340; x_wconf 87' lang='lat' dir='ltr'><strong>thesauri</strong></span> <span class='ocrx_word' id='word_1_33' title='bbox 739 312 784 339; x_wconf 91' lang='lat' dir='ltr'><strong>tibi</strong></span> <span class='ocrx_word' id='word_1_34' title='bbox 800 311 892 339; x_wconf 81' lang='lat' dir='ltr'><strong>crediti</strong></span> <span class='ocrx_word' id='word_1_35' title='bbox 904 319 963 339; x_wconf 90' lang='lat' dir='ltr'><strong>cer-</strong></span> 
     </span>
    </p>
   </div>
   <div class='ocr_carea' id='block_1_6' title="bbox 172 358 962 395">
    <p class='ocr_par' dir='ltr' id='par_1_6' title="bbox 172 358 962 395">
     <span class='ocr_line' id='line_1_6' title="bbox 172 358 962 395; baseline 0.001 -10"><span class='ocrx_word' id='word_1_36' title='bbox 172 364 226 386; x_wconf 90' lang='lat' dir='ltr'><strong>tum</strong></span> <span class='ocrx_word' id='word_1_37' title='bbox 243 359 343 386; x_wconf 83' lang='lat' dir='ltr'><strong>habeas</strong></span> <span class='ocrx_word' id='word_1_38' title='bbox 358 364 557 394; x_wconf 80' lang='lat' dir='ltr'><strong>argumentum.</strong></span> <span class='ocrx_word' id='word_1_39' title='bbox 580 358 672 393; x_wconf 84' lang='lat' dir='ltr'><strong>Neque</strong></span> <span class='ocrx_word' id='word_1_40' title='bbox 686 359 756 385; x_wconf 88' lang='lat' dir='ltr'><strong>enim</strong></span> <span class='ocrx_word' id='word_1_41' title='bbox 771 363 796 386; x_wconf 90' lang='lat' dir='ltr'><strong>te</strong></span> <span class='ocrx_word' id='word_1_42' title='bbox 819 359 962 395; x_wconf 77' lang='lat' dir='ltr'><strong>iiiVasisset</strong></span> 
     </span>
    </p>
   </div>
   <div class='ocr_carea' id='block_1_7' title="bbox 171 404 959 439">
    <p class='ocr_par' dir='ltr' id='par_1_7' title="bbox 171 404 959 439">
     <span class='ocr_line' id='line_1_7' title="bbox 171 404 959 439; baseline 0 -8"><span class='ocrx_word' id='word_1_43' title='bbox 171 405 308 437; x_wconf 84' lang='lat' dir='ltr'><strong>diabolus,</strong></span> <span class='ocrx_word' id='word_1_44' title='bbox 324 405 374 432; x_wconf 90' lang='lat' dir='ltr'><strong>nisi</strong></span> <span class='ocrx_word' id='word_1_45' title='bbox 391 409 417 432; x_wconf 87' lang='lat' dir='ltr'><strong>te</strong></span> <span class='ocrx_word' id='word_1_46' title='bbox 438 405 463 432; x_wconf 94' lang='lat' dir='ltr'><strong>in</strong></span> <span class='ocrx_word' id='word_1_47' title='bbox 477 405 578 439; x_wconf 82' lang='lat' dir='ltr'><strong>majore</strong></span> <span class='ocrx_word' id='word_1_48' title='bbox 594 405 708 439; x_wconf 90' lang='lat' dir='ltr'><strong>positum</strong></span> <span class='ocrx_word' id='word_1_49' title='bbox 724 404 826 432; x_wconf 86' lang='lat' dir='ltr'><strong>honore</strong></span> <span class='ocrx_word' id='word_1_50' title='bbox 838 405 959 432; x_wconf 88' lang='lat' dir='ltr'><strong>vidisset.</strong></span> 
     </span>
    </p>
   </div>
   <div class='ocr_carea' id='block_1_8' title="bbox 173 450 959 483">
    <p class='ocr_par' dir='ltr' id='par_1_8' title="bbox 173 450 959 483">
     <span class='ocr_line' id='line_1_8' title="bbox 173 450 959 483; baseline -0.001 -5"><span class='ocrx_word' id='word_1_51' title='bbox 173 451 226 478; x_wconf 86' lang='lat' dir='ltr'><strong>Hac</strong></span> <span class='ocrx_word' id='word_1_52' title='bbox 239 451 273 478; x_wconf 90' lang='lat' dir='ltr'><strong>de</strong></span> <span class='ocrx_word' id='word_1_53' title='bbox 285 459 365 478; x_wconf 87' lang='lat' dir='ltr'><strong>causa</strong></span> <span class='ocrx_word' id='word_1_54' title='bbox 378 451 449 479; x_wconf 87' lang='lat' dir='ltr'><strong>enim</strong></span> <span class='ocrx_word' id='word_1_55' title='bbox 463 451 497 478; x_wconf 88' lang='lat' dir='ltr'><strong>ab</strong></span> <span class='ocrx_word' id='word_1_56' title='bbox 517 451 595 478; x_wconf 92' lang='lat' dir='ltr'><strong>initio</strong></span> <span class='ocrx_word' id='word_1_57' title='bbox 610 451 754 478; x_wconf 85' lang='lat' dir='ltr'><strong>insurrexit</strong></span> <span class='ocrx_word' id='word_1_58' title='bbox 767 451 794 477; x_wconf 92' lang='lat' dir='ltr'><strong>iu</strong></span> <span class='ocrx_word' id='word_1_59' title='bbox 809 450 939 478; x_wconf 80' lang='lat' dir='ltr'><strong>Adamum</strong></span> <span class='ocrx_word' id='word_1_60' title='bbox 951 471 959 483; x_wconf 92' lang='lat'><strong>,</strong></span> 
     </span>
    </p>
   </div>
   <div class='ocr_carea' id='block_1_9' title="bbox 171 496 960 531">
    <p class='ocr_par' dir='ltr' id='par_1_9' title="bbox 171 496 960 531">
     <span class='ocr_line' id='line_1_9' title="bbox 171 496 960 531; baseline 0 -8"><span class='ocrx_word' id='word_1_61' title='bbox 171 498 231 531; x_wconf 88' lang='lat' dir='ltr'><strong>quia</strong></span> <span class='ocrx_word' id='word_1_62' title='bbox 246 497 326 524; x_wconf 88' lang='lat' dir='ltr'><strong>multa</strong></span> <span class='ocrx_word' id='word_1_63' title='bbox 340 497 414 524; x_wconf 85' lang='lat' dir='ltr'><strong>illum</strong></span> <span class='ocrx_word' id='word_1_64' title='bbox 426 497 477 523; x_wconf 84' lang='lat' dir='ltr'><strong>frui</strong></span> <span class='ocrx_word' id='word_1_65' title='bbox 488 496 595 524; x_wconf 88' lang='lat' dir='ltr'><strong>videbat</strong></span> <span class='ocrx_word' id='word_1_66' title='bbox 606 497 743 531; x_wconf 81' lang='lat' dir='ltr'><strong>dignitate.</strong></span> <span class='ocrx_word' id='word_1_67' title='bbox 757 497 819 524; x_wconf 86' lang='lat' dir='ltr'><strong>ideo</strong></span> <span class='ocrx_word' id='word_1_68' title='bbox 828 501 855 524; x_wconf 89' lang='lat' dir='ltr'><strong>et</strong></span> <span class='ocrx_word' id='word_1_69' title='bbox 867 501 960 524; x_wconf 90' lang='lat' dir='ltr'><strong>contra</strong></span> 
     </span>
    </p>
   </div>
   <div class='ocr_carea' id='block_1_10' title="bbox 172 542 959 578">
    <p class='ocr_par' dir='ltr' id='par_1_10' title="bbox 172 542 959 578">
     <span class='ocr_line' id='line_1_10' title="bbox 172 542 959 578; baseline -0.001 -8"><span class='ocrx_word' id='word_1_70' title='bbox 172 544 266 570; x_wconf 80' lang='lat' dir='ltr'><strong>Jobum</strong></span> <span class='ocrx_word' id='word_1_71' title='bbox 282 544 368 571; x_wconf 89' lang='lat' dir='ltr'><strong>aciem</strong></span> <span class='ocrx_word' id='word_1_72' title='bbox 381 543 521 574; x_wconf 81' lang='lat' dir='ltr'><strong>instruxit,</strong></span> <span class='ocrx_word' id='word_1_73' title='bbox 536 544 597 578; x_wconf 89' lang='lat' dir='ltr'><strong>quia</strong></span> <span class='ocrx_word' id='word_1_74' title='bbox 618 543 692 570; x_wconf 92' lang='lat' dir='ltr'><strong>illum</strong></span> <span class='ocrx_word' id='word_1_75' title='bbox 713 548 870 570; x_wconf 88' lang='lat' dir='ltr'><strong>coronatum</strong></span> <span class='ocrx_word' id='word_1_76' title='bbox 885 547 913 571; x_wconf 88' lang='lat' dir='ltr'><strong>et</strong></span> <span class='ocrx_word' id='word_1_77' title='bbox 925 542 959 569; x_wconf 91' lang='lat' dir='ltr'><strong>ab</strong></span> 
     </span>
    </p>
   </div>
   <div class='ocr_carea' id='block_1_11' title="bbox 172 589 956 623">
    <p class='ocr_par' dir='ltr' id='par_1_11' title="bbox 172 589 956 623">
     <span class='ocr_line' id='line_1_11' title="bbox 172 589 956 623; baseline 0 -7"><span class='ocrx_word' id='word_1_78' title='bbox 172 590 355 617; x_wconf 88' lang='lat' dir='ltr'><strong>universorum</strong></span> <span class='ocrx_word' id='word_1_79' title='bbox 372 590 426 617; x_wconf 89' lang='lat' dir='ltr'><strong>Deo</strong></span> <span class='ocrx_word' id='word_1_80' title='bbox 445 590 608 617; x_wconf 86' lang='lat' dir='ltr'><strong>celebratum</strong></span> <span class='ocrx_word' id='word_1_81' title='bbox 629 589 746 617; x_wconf 90' lang='lat' dir='ltr'><strong>videbat.</strong></span> <span class='ocrx_word' id='word_1_82' title='bbox 764 590 797 616; x_wconf 83' lang='lat' dir='ltr'><strong>Et</strong></span> <span class='ocrx_word' id='word_1_83' title='bbox 811 597 859 617; x_wconf 89' lang='lat' dir='ltr'><strong>cur</strong></span> <span class='ocrx_word' id='word_1_84' title='bbox 874 589 956 623; x_wconf 87' lang='lat' dir='ltr'><strong>dicit,</strong></span> 
     </span>
    </p>
   </div>
   <div class='ocr_carea' id='block_1_12' title="bbox 173 634 959 670">
    <p class='ocr_par' dir='ltr' id='par_1_12' title="bbox 173 634 959 670">
     <span class='ocr_line' id='line_1_12' title="bbox 173 634 959 670; baseline 0.003 -10"><span class='ocrx_word' id='word_1_85' title='bbox 173 634 251 661; x_wconf 79' lang='lat' dir='ltr'><strong>Orate</strong></span> <span class='ocrx_word' id='word_1_86' title='bbox 263 642 295 662; x_wconf 78' lang='lat' dir='ltr'><strong>ne</strong></span> <span class='ocrx_word' id='word_1_87' title='bbox 307 635 404 662; x_wconf 73' lang='lat' dir='ltr'><strong>intretis</strong></span> <span class='ocrx_word' id='word_1_88' title='bbox 423 635 450 662; x_wconf 83' lang='lat' dir='ltr'><strong>in</strong></span> <span class='ocrx_word' id='word_1_89' title='bbox 463 635 623 662; x_wconf 80' lang='lat' dir='ltr'><strong>tentationem</strong></span> <span class='ocrx_word' id='word_1_90' title='bbox 637 634 744 669; x_wconf 86' lang='lat' dir='ltr'><strong>(Matth.</strong></span> <span class='ocrx_word' id='word_1_91' title='bbox 759 635 804 662; x_wconf 77' lang='grc'><strong>26.</strong></span> <span class='ocrx_word' id='word_1_92' title='bbox 819 635 879 670; x_wconf 73' lang='lat' dir='ltr'><strong>4i)?</strong></span> <span class='ocrx_word' id='word_1_93' title='bbox 893 635 959 662; x_wconf 87' lang='lat' dir='ltr'><strong>Pro-</strong></span> 
     </span>
    </p>
   </div>
   <div class='ocr_carea' id='block_1_13' title="bbox 172 681 959 715">
    <p class='ocr_par' dir='ltr' id='par_1_13' title="bbox 172 681 959 715">
     <span class='ocr_line' id='line_1_13' title="bbox 172 681 959 715; baseline 0.003 -8"><span class='ocrx_word' id='word_1_94' title='bbox 172 686 263 715; x_wconf 88' lang='lat' dir='ltr'><strong>pterea</strong></span> <span class='ocrx_word' id='word_1_95' title='bbox 277 681 368 708; x_wconf 78' lang='lat' dir='ltr'><strong>Jesum</strong></span> <span class='ocrx_word' id='word_1_96' title='bbox 384 689 436 708; x_wconf 93' lang='lat' dir='ltr'><strong>non</strong></span> <span class='ocrx_word' id='word_1_97' title='bbox 452 681 521 708; x_wconf 89' lang='lat' dir='ltr'><strong>ultro</strong></span> <span class='ocrx_word' id='word_1_98' title='bbox 533 686 641 709; x_wconf 92' lang='lat' dir='ltr'><strong>euntem</strong></span> <span class='ocrx_word' id='word_1_99' title='bbox 662 681 788 714; x_wconf 87' lang='lat' dir='ltr'><strong>exhibet,</strong></span> <span class='ocrx_word' id='word_1_100' title='bbox 803 681 851 709; x_wconf 90' lang='lat' dir='ltr'><strong>sed</strong></span> <span class='ocrx_word' id='word_1_101' title='bbox 872 681 959 709; x_wconf 88' lang='lat' dir='ltr'><strong>addu-</strong></span> 
     </span>
    </p>
   </div>
   <div class='ocr_carea' id='block_1_14' title="bbox 170 727 956 761">
    <p class='ocr_par' dir='ltr' id='par_1_14' title="bbox 170 727 956 761">
     <span class='ocr_line' id='line_1_14' title="bbox 170 727 956 761; baseline 0 -7"><span class='ocrx_word' id='word_1_102' title='bbox 170 732 242 754; x_wconf 90' lang='lat' dir='ltr'><strong>ctum</strong></span> <span class='ocrx_word' id='word_1_103' title='bbox 265 727 411 754; x_wconf 90' lang='lat' dir='ltr'><strong>secundum</strong></span> <span class='ocrx_word' id='word_1_104' title='bbox 425 727 582 755; x_wconf 65' lang='lat' dir='ltr'><strong>oeconomia:</strong></span> <span class='ocrx_word' id='word_1_105' title='bbox 596 728 725 755; x_wconf 86' lang='lat' dir='ltr'><strong>rationem</strong></span> <span class='ocrx_word' id='word_1_106' title='bbox 747 737 754 754; x_wconf 88' lang='lat'><strong>:</strong></span> <span class='ocrx_word' id='word_1_107' title='bbox 769 728 956 761; x_wconf 86' lang='lat' dir='ltr'><strong>subindicans,</strong></span> 
     </span>
    </p>
   </div>
   <div class='ocr_carea' id='block_1_15' title="bbox 171 773 958 806">
    <p class='ocr_par' dir='ltr' id='par_1_15' title="bbox 171 773 958 806">
     <span class='ocr_line' id='line_1_15' title="bbox 171 773 958 806; baseline -0.001 -5"><span class='ocrx_word' id='word_1_108' title='bbox 171 781 224 801; x_wconf 90' lang='lat' dir='ltr'><strong>non</strong></span> <span class='ocrx_word' id='word_1_109' title='bbox 236 773 407 801; x_wconf 88' lang='lat' dir='ltr'><strong>insiliendum</strong></span> <span class='ocrx_word' id='word_1_110' title='bbox 418 781 489 806; x_wconf 72' lang='lat' dir='ltr'><strong>eSse,</strong></span> <span class='ocrx_word' id='word_1_111' title='bbox 501 773 549 801; x_wconf 89' lang='lat' dir='ltr'><strong>sed</strong></span> <span class='ocrx_word' id='word_1_112' title='bbox 560 773 584 800; x_wconf 86' lang='lat' dir='ltr'><strong>si</strong></span> <span class='ocrx_word' id='word_1_113' title='bbox 599 773 771 805; x_wconf 84' lang='lat' dir='ltr'><strong>adducamur,</strong></span> <span class='ocrx_word' id='word_1_114' title='bbox 784 773 887 801; x_wconf 82' lang='lat' dir='ltr'><strong>fortiter</strong></span> <span class='ocrx_word' id='word_1_115' title='bbox 898 781 958 801; x_wconf 87' lang='lat' dir='ltr'><strong>esse</strong></span> 
     </span>
    </p>
   </div>
   <div class='ocr_carea' id='block_1_16' title="bbox 169 818 956 854">
    <p class='ocr_par' dir='ltr' id='par_1_16' title="bbox 169 818 956 854">
     <span class='ocr_line' id='line_1_16' title="bbox 169 818 956 854; baseline 0.001 -9"><span class='ocrx_word' id='word_1_116' title='bbox 169 818 304 845; x_wconf 89' lang='lat' dir='ltr'><strong>standum.</strong></span> <span class='ocrx_word' id='word_1_117' title='bbox 327 819 359 846; x_wconf 89' lang='lat' dir='ltr'><strong>Et</strong></span> <span class='ocrx_word' id='word_1_118' title='bbox 380 819 519 846; x_wconf 90' lang='lat' dir='ltr'><strong>considera</strong></span> <span class='ocrx_word' id='word_1_119' title='bbox 535 826 587 853; x_wconf 92' lang='lat' dir='ltr'><strong>quo</strong></span> <span class='ocrx_word' id='word_1_120' title='bbox 610 819 684 846; x_wconf 92' lang='lat' dir='ltr'><strong>illum</strong></span> <span class='ocrx_word' id='word_1_121' title='bbox 706 819 821 854; x_wconf 86' lang='lat' dir='ltr'><strong>Spiritus</strong></span> <span class='ocrx_word' id='word_1_122' title='bbox 833 819 956 851; x_wconf 88' lang='lat' dir='ltr'><strong>duxerit;</strong></span> 
     </span>
    </p>
   </div>
   <div class='ocr_carea' id='block_1_17' title="bbox 171 864 957 898">
    <p class='ocr_par' dir='ltr' id='par_1_17' title="bbox 171 864 957 898">
     <span class='ocr_line' id='line_1_17' title="bbox 171 864 957 898; baseline 0.003 -8"><span class='ocrx_word' id='word_1_123' title='bbox 171 872 223 890; x_wconf 92' lang='lat' dir='ltr'><strong>nou</strong></span> <span class='ocrx_word' id='word_1_124' title='bbox 238 864 263 890; x_wconf 89' lang='lat' dir='ltr'><strong>in</strong></span> <span class='ocrx_word' id='word_1_125' title='bbox 280 864 384 897; x_wconf 86' lang='lat' dir='ltr'><strong>urbem,</strong></span> <span class='ocrx_word' id='word_1_126' title='bbox 400 872 449 892; x_wconf 87' lang='lat' dir='ltr'><strong>nec</strong></span> <span class='ocrx_word' id='word_1_127' title='bbox 469 864 497 892; x_wconf 89' lang='lat' dir='ltr'><strong>in</strong></span> <span class='ocrx_word' id='word_1_128' title='bbox 511 864 608 897; x_wconf 87' lang='lat' dir='ltr'><strong>forum,</strong></span> <span class='ocrx_word' id='word_1_129' title='bbox 628 864 675 892; x_wconf 90' lang='lat' dir='ltr'><strong>sed</strong></span> <span class='ocrx_word' id='word_1_130' title='bbox 691 865 719 892; x_wconf 90' lang='lat' dir='ltr'><strong>in</strong></span> <span class='ocrx_word' id='word_1_131' title='bbox 731 865 876 892; x_wconf 87' lang='lat' dir='ltr'><strong>desertum.</strong></span> <span class='ocrx_word' id='word_1_132' title='bbox 890 865 957 898; x_wconf 90' lang='lat' dir='ltr'><strong>Quia</strong></span> 
     </span>
    </p>
   </div>
   <div class='ocr_carea' id='block_1_18' title="bbox 169 910 957 945">
    <p class='ocr_par' dir='ltr' id='par_1_18' title="bbox 169 910 957 945">
     <span class='ocr_line' id='line_1_18' title="bbox 169 910 957 945; baseline 0.003 -9"><span class='ocrx_word' id='word_1_133' title='bbox 169 911 240 937; x_wconf 88' lang='lat' dir='ltr'><strong>enim</strong></span> <span class='ocrx_word' id='word_1_134' title='bbox 256 910 391 937; x_wconf 87' lang='lat' dir='ltr'><strong>diabolum</strong></span> <span class='ocrx_word' id='word_1_135' title='bbox 404 911 492 945; x_wconf 90' lang='lat' dir='ltr'><strong>ipsum</strong></span> <span class='ocrx_word' id='word_1_136' title='bbox 505 911 611 938; x_wconf 87' lang='lat' dir='ltr'><strong>volebat</strong></span> <span class='ocrx_word' id='word_1_137' title='bbox 624 911 732 938; x_wconf 82' lang='lat' dir='ltr'><strong>allicere</strong></span> <span class='ocrx_word' id='word_1_138' title='bbox 745 931 752 943; x_wconf 86' lang='lat'><strong>,</strong></span> <span class='ocrx_word' id='word_1_139' title='bbox 768 918 820 938; x_wconf 91' lang='lat' dir='ltr'><strong>non</strong></span> <span class='ocrx_word' id='word_1_140' title='bbox 835 919 868 938; x_wconf 91' lang='lat' dir='ltr'><strong>ex</strong></span> <span class='ocrx_word' id='word_1_141' title='bbox 887 911 957 938; x_wconf 86' lang='lat' dir='ltr'><strong>fame</strong></span> 
     </span>
    </p>
   </div>
   <div class='ocr_carea' id='block_1_19' title="bbox 170 957 955 991">
    <p class='ocr_par' dir='ltr' id='par_1_19' title="bbox 170 957 955 991">
     <span class='ocr_line' id='line_1_19' title="bbox 170 957 955 991; baseline 0.001 -8"><span class='ocrx_word' id='word_1_142' title='bbox 170 961 271 983; x_wconf 84' lang='lat' dir='ltr'><strong>tantum</strong></span> <span class='ocrx_word' id='word_1_143' title='bbox 283 977 291 988; x_wconf 88' lang='lat'><strong>,</strong></span> <span class='ocrx_word' id='word_1_144' title='bbox 313 957 360 984; x_wconf 87' lang='lat' dir='ltr'><strong>sed</strong></span> <span class='ocrx_word' id='word_1_145' title='bbox 373 958 453 984; x_wconf 84' lang='lat' dir='ltr'><strong>etiam</strong></span> <span class='ocrx_word' id='word_1_146' title='bbox 466 965 499 984; x_wconf 81' lang='lat' dir='ltr'><strong>ex</strong></span> <span class='ocrx_word' id='word_1_147' title='bbox 520 957 580 984; x_wconf 92' lang='lat' dir='ltr'><strong>loco</strong></span> <span class='ocrx_word' id='word_1_148' title='bbox 592 957 760 985; x_wconf 82' lang='lat' dir='ltr'><strong>occasionem</strong></span> <span class='ocrx_word' id='word_1_149' title='bbox 775 957 812 984; x_wconf 89' lang='lat' dir='ltr'><strong>illi</strong></span> <span class='ocrx_word' id='word_1_150' title='bbox 834 957 955 991; x_wconf 78' lang='lat' dir='ltr'><strong>prmbuit.</strong></span> 
     </span>
    </p>
   </div>
   <div class='ocr_carea' id='block_1_20' title="bbox 168 1002 956 1038">
    <p class='ocr_par' dir='ltr' id='par_1_20' title="bbox 168 1002 956 1038">
     <span class='ocr_line' id='line_1_20' title="bbox 168 1002 956 1038; baseline 0 -8"><span class='ocrx_word' id='word_1_151' title='bbox 168 1002 245 1030; x_wconf 86' lang='lat' dir='ltr'><strong>Tunc</strong></span> <span class='ocrx_word' id='word_1_152' title='bbox 256 1004 327 1030; x_wconf 86' lang='lat' dir='ltr'><strong>enim</strong></span> <span class='ocrx_word' id='word_1_153' title='bbox 341 1003 456 1031; x_wconf 79' lang='lat' dir='ltr'><strong>maxime</strong></span> <span class='ocrx_word' id='word_1_154' title='bbox 468 1002 588 1030; x_wconf 86' lang='lat' dir='ltr'><strong>diabolus</strong></span> <span class='ocrx_word' id='word_1_155' title='bbox 602 1003 712 1038; x_wconf 81' lang='lat' dir='ltr'><strong>ingruit,</strong></span> <span class='ocrx_word' id='word_1_156' title='bbox 727 1010 787 1030; x_wconf 89' lang='lat' dir='ltr'><strong>cum</strong></span> <span class='ocrx_word' id='word_1_157' title='bbox 802 1003 872 1030; x_wconf 81' lang='lat' dir='ltr'><strong>solo‘s</strong></span> <span class='ocrx_word' id='word_1_158' title='bbox 886 1003 956 1030; x_wconf 89' lang='lat' dir='ltr'><strong>videt</strong></span> 
     </span>
    </p>
   </div>
   <div class='ocr_carea' id='block_1_21' title="bbox 168 1049 956 1085">
    <p class='ocr_par' dir='ltr' id='par_1_21' title="bbox 168 1049 956 1085">
     <span class='ocr_line' id='line_1_21' title="bbox 168 1049 956 1085; baseline 0.003 -10"><span class='ocrx_word' id='word_1_159' title='bbox 168 1057 199 1075; x_wconf 89' lang='lat' dir='ltr'><strong>ac</strong></span> <span class='ocrx_word' id='word_1_160' title='bbox 222 1049 335 1076; x_wconf 84' lang='lat' dir='ltr'><strong>scorsim</strong></span> <span class='ocrx_word' id='word_1_161' title='bbox 356 1054 477 1084; x_wconf 83' lang='lat' dir='ltr'><strong>agentes.</strong></span> <span class='ocrx_word' id='word_1_162' title='bbox 499 1049 542 1077; x_wconf 88' lang='lat' dir='ltr'><strong>Sic</strong></span> <span class='ocrx_word' id='word_1_163' title='bbox 555 1050 693 1076; x_wconf 88' lang='lat' dir='ltr'><strong>mulierem</strong></span> <span class='ocrx_word' id='word_1_164' title='bbox 716 1049 791 1076; x_wconf 91' lang='lat' dir='ltr'><strong>initio</strong></span> <span class='ocrx_word' id='word_1_165' title='bbox 813 1057 956 1085; x_wconf 71' lang='lat' dir='ltr'><strong>aggressus</strong></span> 
     </span>
    </p>
   </div>
   <div class='ocr_carea' id='block_1_22' title="bbox 168 1095 955 1130">
    <p class='ocr_par' dir='ltr' id='par_1_22' title="bbox 168 1095 955 1130">
     <span class='ocr_line' id='line_1_22' title="bbox 168 1095 955 1130; baseline 0.003 -9"><span class='ocrx_word' id='word_1_166' title='bbox 168 1099 224 1126; x_wconf 86' lang='lat' dir='ltr'><strong>est,</strong></span> <span class='ocrx_word' id='word_1_167' title='bbox 239 1095 323 1122; x_wconf 83' lang='lat' dir='ltr'><strong>solam</strong></span> <span class='ocrx_word' id='word_1_168' title='bbox 345 1096 448 1128; x_wconf 83' lang='lat' dir='ltr'><strong>adiens,</strong></span> <span class='ocrx_word' id='word_1_169' title='bbox 461 1095 571 1122; x_wconf 76' lang='lat' dir='ltr'><strong>absente</strong></span> <span class='ocrx_word' id='word_1_170' title='bbox 586 1096 653 1122; x_wconf 82' lang='lat' dir='ltr'><strong>viro.</strong></span> <span class='ocrx_word' id='word_1_171' title='bbox 674 1095 740 1122; x_wconf 86' lang='lat' dir='ltr'><strong>Cum</strong></span> <span class='ocrx_word' id='word_1_172' title='bbox 759 1095 829 1123; x_wconf 88' lang='lat' dir='ltr'><strong>enim</strong></span> <span class='ocrx_word' id='word_1_173' title='bbox 852 1096 955 1130; x_wconf 86' lang='lat' dir='ltr'><strong>aliquos</strong></span> 
     </span>
    </p>
   </div>
   <div class='ocr_carea' id='block_1_23' title="bbox 168 1140 952 1175">
    <p class='ocr_par' dir='ltr' id='par_1_23' title="bbox 168 1140 952 1175">
     <span class='ocr_line' id='line_1_23' title="bbox 168 1140 952 1175; baseline 0.001 -9"><span class='ocrx_word' id='word_1_174' title='bbox 168 1140 246 1167; x_wconf 83' lang='lat' dir='ltr'><strong>simul</strong></span> <span class='ocrx_word' id='word_1_175' title='bbox 269 1145 296 1167; x_wconf 86' lang='lat' dir='ltr'><strong>et</strong></span> <span class='ocrx_word' id='word_1_176' title='bbox 317 1146 492 1175; x_wconf 78' lang='lat' dir='ltr'><strong>congregatos</strong></span> <span class='ocrx_word' id='word_1_177' title='bbox 516 1141 603 1173; x_wconf 89' lang='lat' dir='ltr'><strong>videt,</strong></span> <span class='ocrx_word' id='word_1_178' title='bbox 630 1148 683 1167; x_wconf 91' lang='lat' dir='ltr'><strong>nou</strong></span> <span class='ocrx_word' id='word_1_179' title='bbox 711 1141 791 1168; x_wconf 80' lang='lat' dir='ltr'><strong>audet</strong></span> <span class='ocrx_word' id='word_1_180' title='bbox 819 1141 952 1168; x_wconf 81' lang='lat' dir='ltr'><strong>invadere.</strong></span> 
     </span>
    </p>
   </div>
   <div class='ocr_carea' id='block_1_24' title="bbox 167 1185 956 1221">
    <p class='ocr_par' dir='ltr' id='par_1_24' title="bbox 167 1185 956 1221">
     <span class='ocr_line' id='line_1_24' title="bbox 167 1185 956 1221; baseline 0.001 -9"><span class='ocrx_word' id='word_1_181' title='bbox 167 1185 228 1213; x_wconf 85' lang='lat' dir='ltr'><strong>Ideo</strong></span> <span class='ocrx_word' id='word_1_182' title='bbox 241 1190 346 1220; x_wconf 89' lang='lat' dir='ltr'><strong>oportet</strong></span> <span class='ocrx_word' id='word_1_183' title='bbox 357 1186 406 1213; x_wconf 91' lang='lat' dir='ltr'><strong>hac</strong></span> <span class='ocrx_word' id='word_1_184' title='bbox 420 1187 533 1213; x_wconf 78' lang='lat' dir='ltr'><strong>maxime</strong></span> <span class='ocrx_word' id='word_1_185' title='bbox 546 1186 579 1213; x_wconf 91' lang='lat' dir='ltr'><strong>de</strong></span> <span class='ocrx_word' id='word_1_186' title='bbox 591 1194 669 1213; x_wconf 82' lang='lat' dir='ltr'><strong>causa</strong></span> <span class='ocrx_word' id='word_1_187' title='bbox 681 1187 833 1221; x_wconf 88' lang='lat' dir='ltr'><strong>frequenter</strong></span> <span class='ocrx_word' id='word_1_188' title='bbox 845 1194 956 1220; x_wconf 76' lang='lat' dir='ltr'><strong>congre-</strong></span> 
     </span>
    </p>
   </div>
   <div class='ocr_carea' id='block_1_25' title="bbox 167 1231 954 1266">
    <p class='ocr_par' dir='ltr' id='par_1_25' title="bbox 167 1231 954 1266">
     <span class='ocr_line' id='line_1_25' title="bbox 167 1231 954 1266; baseline 0.003 -9"><span class='ocrx_word' id='word_1_189' title='bbox 167 1231 220 1265; x_wconf 70' lang='lat' dir='ltr'><strong>gari</strong></span> <span class='ocrx_word' id='word_1_190' title='bbox 233 1252 240 1263; x_wconf 88' lang='lat'><strong>,</strong></span> <span class='ocrx_word' id='word_1_191' title='bbox 264 1238 298 1259; x_wconf 90' lang='lat' dir='ltr'><strong>ne</strong></span> <span class='ocrx_word' id='word_1_192' title='bbox 319 1231 427 1259; x_wconf 89' lang='lat' dir='ltr'><strong>diabolo</strong></span> <span class='ocrx_word' id='word_1_193' title='bbox 441 1237 518 1266; x_wconf 87' lang='lat' dir='ltr'><strong>captu</strong></span> <span class='ocrx_word' id='word_1_194' title='bbox 541 1231 634 1259; x_wconf 83' lang='lat' dir='ltr'><strong>faciles</strong></span> <span class='ocrx_word' id='word_1_195' title='bbox 654 1232 748 1259; x_wconf 88' lang='lat' dir='ltr'><strong>simus.</strong></span> <span class='ocrx_word' id='word_1_196' title='bbox 774 1232 876 1259; x_wconf 86' lang='lat' dir='ltr'><strong>Invenit</strong></span> <span class='ocrx_word' id='word_1_197' title='bbox 890 1240 954 1266; x_wconf 83' lang='lat' dir='ltr'><strong>ergo</strong></span> 
     </span>
    </p>
   </div>
   <div class='ocr_carea' id='block_1_26' title="bbox 166 1277 952 1311">
    <p class='ocr_par' dir='ltr' id='par_1_26' title="bbox 166 1277 952 1311">
     <span class='ocr_line' id='line_1_26' title="bbox 166 1277 952 1311; baseline -0.001 -6"><span class='ocrx_word' id='word_1_198' title='bbox 166 1278 238 1305; x_wconf 90' lang='lat' dir='ltr'><strong>illum</strong></span> <span class='ocrx_word' id='word_1_199' title='bbox 260 1277 383 1306; x_wconf 84' lang='lat' dir='ltr'><strong>diabolus</strong></span> <span class='ocrx_word' id='word_1_200' title='bbox 408 1278 434 1305; x_wconf 92' lang='lat' dir='ltr'><strong>in</strong></span> <span class='ocrx_word' id='word_1_201' title='bbox 460 1278 584 1311; x_wconf 85' lang='lat' dir='ltr'><strong>deserto,</strong></span> <span class='ocrx_word' id='word_1_202' title='bbox 605 1282 633 1305; x_wconf 87' lang='lat' dir='ltr'><strong>et</strong></span> <span class='ocrx_word' id='word_1_203' title='bbox 655 1278 682 1305; x_wconf 92' lang='lat' dir='ltr'><strong>in</strong></span> <span class='ocrx_word' id='word_1_204' title='bbox 706 1278 848 1305; x_wconf 89' lang='lat' dir='ltr'><strong>solitudine</strong></span> <span class='ocrx_word' id='word_1_205' title='bbox 872 1278 952 1304; x_wconf 86' lang='lat' dir='ltr'><strong>invia.</strong></span> 
     </span>
    </p>
   </div>
   <div class='ocr_carea' id='block_1_27' title="bbox 165 1324 953 1360">
    <p class='ocr_par' dir='ltr' id='par_1_27' title="bbox 165 1324 953 1360">
     <span class='ocr_line' id='line_1_27' title="bbox 165 1324 953 1360; baseline 0.001 -9"><span class='ocrx_word' id='word_1_206' title='bbox 165 1325 239 1358; x_wconf 82' lang='lat' dir='ltr'><strong>Quod</strong></span> <span class='ocrx_word' id='word_1_207' title='bbox 251 1325 322 1352; x_wconf 91' lang='lat' dir='ltr'><strong>enim</strong></span> <span class='ocrx_word' id='word_1_208' title='bbox 335 1324 394 1352; x_wconf 89' lang='lat' dir='ltr'><strong>talis</strong></span> <span class='ocrx_word' id='word_1_209' title='bbox 407 1331 478 1352; x_wconf 87' lang='lat' dir='ltr'><strong>esset</strong></span> <span class='ocrx_word' id='word_1_210' title='bbox 491 1324 608 1351; x_wconf 87' lang='lat' dir='ltr'><strong>solitudo</strong></span> <span class='ocrx_word' id='word_1_211' title='bbox 618 1344 626 1355; x_wconf 88' lang='lat'><strong><em>.</em></strong></span> <span class='ocrx_word' id='word_1_212' title='bbox 639 1324 743 1352; x_wconf 85' lang='lat' dir='ltr'><strong>Marcus</strong></span> <span class='ocrx_word' id='word_1_213' title='bbox 765 1324 896 1360; x_wconf 84' lang='lat' dir='ltr'><strong>significat</strong></span> <span class='ocrx_word' id='word_1_214' title='bbox 912 1324 953 1352; x_wconf 90' lang='lat' dir='ltr'><strong>his</strong></span> 
     </span>
    </p>
   </div>
   <div class='ocr_carea' id='block_1_28' title="bbox 165 1370 952 1407">
    <p class='ocr_par' dir='ltr' id='par_1_28' title="bbox 165 1370 952 1407">
     <span class='ocr_line' id='line_1_28' title="bbox 165 1370 952 1407; baseline 0 -10"><span class='ocrx_word' id='word_1_215' title='bbox 165 1371 251 1398; x_wconf 82' lang='lat' dir='ltr'><strong>verbis</strong></span> <span class='ocrx_word' id='word_1_216' title='bbox 267 1380 273 1398; x_wconf 94' lang='lat'>:</span> <span class='ocrx_word' id='word_1_217' title='bbox 289 1371 352 1398; x_wconf 84' lang='lat' dir='ltr'><strong>Erat</strong></span> <span class='ocrx_word' id='word_1_218' title='bbox 366 1379 422 1398; x_wconf 88' lang='lat' dir='ltr'><strong>cum</strong></span> <span class='ocrx_word' id='word_1_219' title='bbox 434 1371 516 1398; x_wconf 78' lang='lat' dir='ltr'><strong>bestiis</strong></span> <span class='ocrx_word' id='word_1_220' title='bbox 529 1371 622 1407; x_wconf 81' lang='lat' dir='ltr'><strong>(Marc.</strong></span> <span class='ocrx_word' id='word_1_221' title='bbox 634 1371 659 1398; x_wconf 81' lang='lat' dir='ltr'><strong>l.</strong></span> <span class='ocrx_word' id='word_1_222' title='bbox 675 1371 730 1405; x_wconf 79' lang='grc'><strong>15).</strong></span> <span class='ocrx_word' id='word_1_223' title='bbox 743 1370 879 1405; x_wconf 88' lang='lat' dir='ltr'><strong>Perpende</strong></span> <span class='ocrx_word' id='word_1_224' title='bbox 891 1378 952 1397; x_wconf 90' lang='lat' dir='ltr'><strong>cum</strong></span> 
     </span>
    </p>
   </div>
   <div class='ocr_carea' id='block_1_29' title="bbox 165 1416 950 1452">
    <p class='ocr_par' dir='ltr' id='par_1_29' title="bbox 165 1416 950 1452">
     <span class='ocr_line' id='line_1_29' title="bbox 165 1416 950 1452; baseline 0.001 -9"><span class='ocrx_word' id='word_1_225' title='bbox 165 1422 259 1452; x_wconf 86' lang='lat' dir='ltr'><strong>quanta</strong></span> <span class='ocrx_word' id='word_1_226' title='bbox 274 1417 380 1445; x_wconf 86' lang='lat' dir='ltr'><strong>vafritie</strong></span> <span class='ocrx_word' id='word_1_227' title='bbox 393 1423 420 1445; x_wconf 89' lang='lat' dir='ltr'><strong>et</strong></span> <span class='ocrx_word' id='word_1_228' title='bbox 445 1417 562 1452; x_wconf 82' lang='lat' dir='ltr'><strong>nequitia</strong></span> <span class='ocrx_word' id='word_1_229' title='bbox 577 1417 698 1449; x_wconf 89' lang='lat' dir='ltr'><strong>accedat,</strong></span> <span class='ocrx_word' id='word_1_230' title='bbox 715 1421 743 1444; x_wconf 89' lang='lat' dir='ltr'><strong>et</strong></span> <span class='ocrx_word' id='word_1_231' title='bbox 757 1416 827 1451; x_wconf 91' lang='lat' dir='ltr'><strong>quod</strong></span> <span class='ocrx_word' id='word_1_232' title='bbox 844 1421 950 1450; x_wconf 89' lang='lat' dir='ltr'><strong>tempus</strong></span> 
     </span>
    </p>
   </div>
   <div class='ocr_carea' id='block_1_30' title="bbox 164 1459 965 1500">
    <p class='ocr_par' dir='ltr' id='par_1_30' title="bbox 164 1459 965 1500">
     <span class='ocr_line' id='line_1_30' title="bbox 164 1459 965 1500; baseline -0.001 -9"><span class='ocrx_word' id='word_1_233' title='bbox 164 1466 295 1491; x_wconf 75' lang='lat' dir='ltr'><strong>observet.</strong></span> <span class='ocrx_word' id='word_1_234' title='bbox 308 1464 365 1492; x_wconf 89' lang='lat' dir='ltr'><strong>Non</strong></span> <span class='ocrx_word' id='word_1_235' title='bbox 376 1465 446 1492; x_wconf 90' lang='lat' dir='ltr'><strong>enim</strong></span> <span class='ocrx_word' id='word_1_236' title='bbox 455 1465 621 1500; x_wconf 88' lang='lat' dir='ltr'><strong>jejunautem</strong></span> <span class='ocrx_word' id='word_1_237' title='bbox 631 1464 703 1497; x_wconf 87' lang='lat' dir='ltr'><strong>adit,</strong></span> <span class='ocrx_word' id='word_1_238' title='bbox 714 1464 761 1491; x_wconf 90' lang='lat' dir='ltr'><strong>sed</strong></span> <span class='ocrx_word' id='word_1_239' title='bbox 772 1464 949 1491; x_wconf 87' lang='lat' dir='ltr'><strong>esurientem:</strong></span> <span class='ocrx_word' id='word_1_240' title='bbox 963 1459 965 1462; x_wconf 41' lang='grc'><em>⁴</em></span> 
     </span>
    </p>
   </div>
   <div class='ocr_carea' id='block_1_31' title="bbox 165 1511 952 1550">
    <p class='ocr_par' dir='ltr' id='par_1_31' title="bbox 165 1511 952 1550">
     <span class='ocr_line' id='line_1_31' title="bbox 165 1511 952 1550; baseline 0 -12"><span class='ocrx_word' id='word_1_241' title='bbox 165 1517 192 1538; x_wconf 85' lang='lat' dir='ltr'><strong>ut</strong></span> <span class='ocrx_word' id='word_1_242' title='bbox 204 1512 291 1539; x_wconf 87' lang='lat' dir='ltr'><strong>discas</strong></span> <span class='ocrx_word' id='word_1_243' title='bbox 302 1516 430 1546; x_wconf 82' lang='lat' dir='ltr'><strong>quantum</strong></span> <span class='ocrx_word' id='word_1_244' title='bbox 445 1512 544 1539; x_wconf 89' lang='lat' dir='ltr'><strong>bonum</strong></span> <span class='ocrx_word' id='word_1_245' title='bbox 566 1512 600 1538; x_wconf 94' lang='lat' dir='ltr'><strong>sit</strong></span> <span class='ocrx_word' id='word_1_246' title='bbox 615 1511 756 1550; x_wconf 76' lang='lat' dir='ltr'><strong>jejunium,</strong></span> <span class='ocrx_word' id='word_1_247' title='bbox 771 1517 952 1546; x_wconf 89' lang='lat' dir='ltr'><strong>quantumque</strong></span> 
     </span>
    </p>
   </div>
   <div class='ocr_carea' id='block_1_32' title="bbox 163 1557 950 1592">
    <p class='ocr_par' dir='ltr' id='par_1_32' title="bbox 163 1557 950 1592">
     <span class='ocr_line' id='line_1_32' title="bbox 163 1557 950 1592; baseline 0 -8"><span class='ocrx_word' id='word_1_248' title='bbox 163 1559 197 1584; x_wconf 84' lang='lat' dir='ltr'><strong>sit</strong></span> <span class='ocrx_word' id='word_1_249' title='bbox 211 1563 303 1584; x_wconf 88' lang='lat' dir='ltr'><strong>contra</strong></span> <span class='ocrx_word' id='word_1_250' title='bbox 324 1558 457 1585; x_wconf 87' lang='lat' dir='ltr'><strong>diabolum</strong></span> <span class='ocrx_word' id='word_1_251' title='bbox 475 1558 573 1590; x_wconf 89' lang='lat' dir='ltr'><strong>telum;</strong></span> <span class='ocrx_word' id='word_1_252' title='bbox 588 1563 617 1584; x_wconf 89' lang='lat' dir='ltr'><strong>et</strong></span> <span class='ocrx_word' id='word_1_253' title='bbox 634 1557 706 1592; x_wconf 89' lang='lat' dir='ltr'><strong>quod</strong></span> <span class='ocrx_word' id='word_1_254' title='bbox 721 1562 780 1590; x_wconf 90' lang='lat' dir='ltr'><strong>post</strong></span> <span class='ocrx_word' id='word_1_255' title='bbox 793 1557 950 1591; x_wconf 79' lang='lat' dir='ltr'><strong>baptismum</strong></span> 
     </span>
    </p>
   </div>
   <div class='ocr_carea' id='block_1_33' title="bbox 164 1603 951 1638">
    <p class='ocr_par' dir='ltr' id='par_1_33' title="bbox 164 1603 951 1638">
     <span class='ocr_line' id='line_1_33' title="bbox 164 1603 951 1638; baseline -0.003 -6"><span class='ocrx_word' id='word_1_256' title='bbox 164 1613 215 1632; x_wconf 90' lang='lat' dir='ltr'><strong>non</strong></span> <span class='ocrx_word' id='word_1_257' title='bbox 231 1605 350 1637; x_wconf 89' lang='lat' dir='ltr'><strong>deliciis,</strong></span> <span class='ocrx_word' id='word_1_258' title='bbox 367 1613 420 1632; x_wconf 87' lang='lat' dir='ltr'><strong>non</strong></span> <span class='ocrx_word' id='word_1_259' title='bbox 435 1605 575 1637; x_wconf 89' lang='lat' dir='ltr'><strong>ebrietati,</strong></span> <span class='ocrx_word' id='word_1_260' title='bbox 591 1612 643 1631; x_wconf 90' lang='lat' dir='ltr'><strong>non</strong></span> <span class='ocrx_word' id='word_1_261' title='bbox 660 1611 758 1631; x_wconf 73' lang='lat' dir='ltr'><strong>mcnsrc</strong></span> <span class='ocrx_word' id='word_1_262' title='bbox 769 1624 776 1635; x_wconf 90' lang='lat'><strong>,</strong></span> <span class='ocrx_word' id='word_1_263' title='bbox 791 1603 836 1631; x_wconf 82' lang='lat' dir='ltr'><strong>sed</strong></span> <span class='ocrx_word' id='word_1_264' title='bbox 848 1604 951 1638; x_wconf 85' lang='lat' dir='ltr'><strong>jejunio</strong></span> 
     </span>
    </p>
   </div>
   <div class='ocr_carea' id='block_1_34' title="bbox 164 1651 949 1686">
    <p class='ocr_par' dir='ltr' id='par_1_34' title="bbox 164 1651 949 1686">
     <span class='ocr_line' id='line_1_34' title="bbox 164 1651 949 1686; baseline -0.001 -8"><span class='ocrx_word' id='word_1_265' title='bbox 164 1660 244 1686; x_wconf 87' lang='lat' dir='ltr'><strong>opera</strong></span> <span class='ocrx_word' id='word_1_266' title='bbox 259 1653 295 1679; x_wconf 90' lang='lat' dir='ltr'><strong>sit</strong></span> <span class='ocrx_word' id='word_1_267' title='bbox 307 1651 405 1678; x_wconf 91' lang='lat' dir='ltr'><strong>danda.</strong></span> <span class='ocrx_word' id='word_1_268' title='bbox 423 1651 570 1686; x_wconf 82' lang='lat' dir='ltr'><strong>Propterea</strong></span> <span class='ocrx_word' id='word_1_269' title='bbox 585 1651 655 1679; x_wconf 85' lang='lat' dir='ltr'><strong>enim</strong></span> <span class='ocrx_word' id='word_1_270' title='bbox 678 1651 722 1678; x_wconf 88' lang='lat' dir='ltr'><strong>ille</strong></span> <span class='ocrx_word' id='word_1_271' title='bbox 738 1651 881 1686; x_wconf 87' lang='lat' dir='ltr'><strong>jejunavit,</strong></span> <span class='ocrx_word' id='word_1_272' title='bbox 898 1658 949 1677; x_wconf 93' lang='lat' dir='ltr'><strong>non</strong></span> 
     </span>
    </p>
   </div>
   <div class='ocr_carea' id='block_1_35' title="bbox 163 1697 949 1733">
    <p class='ocr_par' dir='ltr' id='par_1_35' title="bbox 163 1697 949 1733">
     <span class='ocr_line' id='line_1_35' title="bbox 163 1697 949 1733; baseline 0 -10"><span class='ocrx_word' id='word_1_273' title='bbox 163 1698 232 1732; x_wconf 88' lang='lat' dir='ltr'><strong>quod</strong></span> <span class='ocrx_word' id='word_1_274' title='bbox 254 1698 358 1733; x_wconf 69' lang='lat' dir='ltr'><strong>jejunio</strong></span> <span class='ocrx_word' id='word_1_275' title='bbox 380 1705 446 1732; x_wconf 89' lang='lat' dir='ltr'><strong>opus</strong></span> <span class='ocrx_word' id='word_1_276' title='bbox 475 1698 598 1728; x_wconf 84' lang='lat' dir='ltr'><strong>haberet,</strong></span> <span class='ocrx_word' id='word_1_277' title='bbox 625 1697 673 1725; x_wconf 89' lang='lat' dir='ltr'><strong>sed</strong></span> <span class='ocrx_word' id='word_1_278' title='bbox 700 1701 729 1725; x_wconf 93' lang='lat' dir='ltr'><strong>ut</strong></span> <span class='ocrx_word' id='word_1_279' title='bbox 754 1705 803 1724; x_wconf 90' lang='lat' dir='ltr'><strong>nos</strong></span> <span class='ocrx_word' id='word_1_280' title='bbox 822 1697 949 1724; x_wconf 87' lang='lat' dir='ltr'><strong>erudirct.</strong></span> 
     </span>
    </p>
   </div>
   <div class='ocr_carea' id='block_1_36' title="bbox 163 1743 949 1779">
    <p class='ocr_par' dir='ltr' id='par_1_36' title="bbox 163 1743 949 1779">
     <span class='ocr_line' id='line_1_36' title="bbox 163 1743 949 1779; baseline -0.001 -9"><span class='ocrx_word' id='word_1_281' title='bbox 163 1744 227 1777; x_wconf 84' lang='lat' dir='ltr'><strong>Quia</strong></span> <span class='ocrx_word' id='word_1_282' title='bbox 241 1750 347 1779; x_wconf 84' lang='lat' dir='ltr'><strong>peccata</strong></span> <span class='ocrx_word' id='word_1_283' title='bbox 358 1749 420 1772; x_wconf 89' lang='lat' dir='ltr'><strong>ante</strong></span> <span class='ocrx_word' id='word_1_284' title='bbox 432 1745 564 1771; x_wconf 86' lang='lat' dir='ltr'><strong>lavacrum</strong></span> <span class='ocrx_word' id='word_1_285' title='bbox 573 1744 673 1772; x_wconf 90' lang='lat' dir='ltr'><strong>ventris</strong></span> <span class='ocrx_word' id='word_1_286' title='bbox 686 1744 793 1779; x_wconf 87' lang='lat' dir='ltr'><strong>crapula</strong></span> <span class='ocrx_word' id='word_1_287' title='bbox 807 1743 949 1770; x_wconf 87' lang='lat' dir='ltr'><strong>intulerat:</strong></span> 
     </span>
    </p>
   </div>
   <div class='ocr_carea' id='block_1_37' title="bbox 162 1790 951 1826">
    <p class='ocr_par' dir='ltr' id='par_1_37' title="bbox 162 1790 951 1826">
     <span class='ocr_line' id='line_1_37' title="bbox 162 1790 951 1826; baseline -0.001 -9"><span class='ocrx_word' id='word_1_288' title='bbox 162 1792 388 1826; x_wconf 83' lang='lat' dir='ltr'><strong>quemadmodum</strong></span> <span class='ocrx_word' id='word_1_289' title='bbox 402 1792 424 1819; x_wconf 93' lang='lat' dir='ltr'><strong>si</strong></span> <span class='ocrx_word' id='word_1_290' title='bbox 438 1791 498 1826; x_wconf 80' lang='lat' dir='ltr'><strong>quis</strong></span> <span class='ocrx_word' id='word_1_291' title='bbox 518 1796 648 1826; x_wconf 69' lang='lat' dir='ltr'><strong>mgrotum</strong></span> <span class='ocrx_word' id='word_1_292' title='bbox 667 1791 699 1818; x_wconf 89' lang='lat' dir='ltr'><strong>ad</strong></span> <span class='ocrx_word' id='word_1_293' title='bbox 721 1790 861 1817; x_wconf 84' lang='lat' dir='ltr'><strong>sanitatem</strong></span> <span class='ocrx_word' id='word_1_294' title='bbox 876 1790 909 1816; x_wconf 91' lang='lat' dir='ltr'><strong>ab</strong></span> <span class='ocrx_word' id='word_1_295' title='bbox 922 1797 951 1816; x_wconf 89' lang='lat' dir='ltr'><strong>se</strong></span> 
     </span>
    </p>
   </div>
   <div class='ocr_carea' id='block_1_38' title="bbox 163 1835 951 1871">
    <p class='ocr_par' dir='ltr' id='par_1_38' title="bbox 163 1835 951 1871">
     <span class='ocr_line' id='line_1_38' title="bbox 163 1835 951 1871; baseline -0.004 -7"><span class='ocrx_word' id='word_1_296' title='bbox 163 1836 300 1864; x_wconf 88' lang='lat' dir='ltr'><strong>reductmu</strong></span> <span class='ocrx_word' id='word_1_297' title='bbox 313 1837 405 1871; x_wconf 89' lang='lat' dir='ltr'><strong>jubeat</strong></span> <span class='ocrx_word' id='word_1_298' title='bbox 419 1845 470 1864; x_wconf 92' lang='lat' dir='ltr'><strong>non</strong></span> <span class='ocrx_word' id='word_1_299' title='bbox 486 1837 530 1864; x_wconf 90' lang='lat' dir='ltr'><strong>illa</strong></span> <span class='ocrx_word' id='word_1_300' title='bbox 549 1836 637 1864; x_wconf 87' lang='lat' dir='ltr'><strong>facere</strong></span> <span class='ocrx_word' id='word_1_301' title='bbox 652 1836 724 1863; x_wconf 89' lang='lat' dir='ltr'><strong>unde</strong></span> <span class='ocrx_word' id='word_1_302' title='bbox 738 1836 846 1863; x_wconf 86' lang='lat' dir='ltr'><strong>morbus</strong></span> <span class='ocrx_word' id='word_1_303' title='bbox 862 1835 951 1862; x_wconf 87' lang='lat' dir='ltr'><strong>illatus</strong></span> 
     </span>
    </p>
   </div>
   <div class='ocr_carea' id='block_1_39' title="bbox 162 1881 951 1918">
    <p class='ocr_par' dir='ltr' id='par_1_39' title="bbox 162 1881 951 1918">
     <span class='ocr_line' id='line_1_39' title="bbox 162 1881 951 1918; baseline -0.003 -8"><span class='ocrx_word' id='word_1_304' title='bbox 162 1889 202 1910; x_wconf 88' lang='lat' dir='ltr'><strong>cst</strong></span> <span class='ocrx_word' id='word_1_305' title='bbox 214 1893 221 1910; x_wconf 92' lang='lat'><strong>:</strong></span> <span class='ocrx_word' id='word_1_306' title='bbox 235 1885 273 1910; x_wconf 89' lang='lat' dir='ltr'><strong>sic</strong></span> <span class='ocrx_word' id='word_1_307' title='bbox 287 1889 314 1911; x_wconf 91' lang='lat' dir='ltr'><strong>et</strong></span> <span class='ocrx_word' id='word_1_308' title='bbox 329 1884 375 1911; x_wconf 85' lang='lat' dir='ltr'><strong>ille</strong></span> <span class='ocrx_word' id='word_1_309' title='bbox 391 1888 452 1918; x_wconf 87' lang='lat' dir='ltr'><strong>post</strong></span> <span class='ocrx_word' id='word_1_310' title='bbox 466 1884 599 1911; x_wconf 81' lang='lat' dir='ltr'><strong>lavacrum</strong></span> <span class='ocrx_word' id='word_1_311' title='bbox 614 1883 717 1910; x_wconf 85' lang='lat' dir='ltr'><strong>induxit</strong></span> <span class='ocrx_word' id='word_1_312' title='bbox 727 1883 870 1917; x_wconf 89' lang='lat' dir='ltr'><strong>jejunium.</strong></span> <span class='ocrx_word' id='word_1_313' title='bbox 884 1881 951 1908; x_wconf 87' lang='lat' dir='ltr'><strong>Nam</strong></span> 
     </span>
    </p>
   </div>
   <div class='ocr_carea' id='block_1_40' title="bbox 163 1927 950 1965">
    <p class='ocr_par' dir='ltr' id='par_1_40' title="bbox 163 1927 950 1965">
     <span class='ocr_line' id='line_1_40' title="bbox 163 1927 950 1965; baseline -0.004 -8"><span class='ocrx_word' id='word_1_314' title='bbox 163 1936 187 1957; x_wconf 88' lang='lat' dir='ltr'><strong>et</strong></span> <span class='ocrx_word' id='word_1_315' title='bbox 203 1930 332 1957; x_wconf 79' lang='lat' dir='ltr'><strong>Adamum</strong></span> <span class='ocrx_word' id='word_1_316' title='bbox 346 1930 549 1965; x_wconf 87' lang='lat' dir='ltr'><strong>intemperantia</strong></span> <span class='ocrx_word' id='word_1_317' title='bbox 564 1930 664 1957; x_wconf 80' lang='lat' dir='ltr'><strong>ventris</strong></span> <span class='ocrx_word' id='word_1_318' title='bbox 679 1937 712 1957; x_wconf 79' lang='lat' dir='ltr'><strong>ex</strong></span> <span class='ocrx_word' id='word_1_319' title='bbox 725 1928 847 1964; x_wconf 87' lang='lat' dir='ltr'><strong>paradiso</strong></span> <span class='ocrx_word' id='word_1_320' title='bbox 861 1927 950 1962; x_wconf 88' lang='lat' dir='ltr'><strong>ejecit,</strong></span> 
     </span>
    </p>
   </div>
   <div class='ocr_carea' id='block_1_41' title="bbox 163 1973 952 2010">
    <p class='ocr_par' dir='ltr' id='par_1_41' title="bbox 163 1973 952 2010">
     <span class='ocr_line' id='line_1_41' title="bbox 163 1973 952 2010; baseline -0.005 -6"><span class='ocrx_word' id='word_1_321' title='bbox 163 1982 190 2004; x_wconf 86' lang='lat' dir='ltr'><strong>et</strong></span> <span class='ocrx_word' id='word_1_322' title='bbox 199 1977 326 2004; x_wconf 85' lang='lat' dir='ltr'><strong>diluvium</strong></span> <span class='ocrx_word' id='word_1_323' title='bbox 341 1980 461 2010; x_wconf 87' lang='lat' dir='ltr'><strong>tempore</strong></span> <span class='ocrx_word' id='word_1_324' title='bbox 478 1975 542 2003; x_wconf 65' lang='lat' dir='ltr'><strong>Nos:</strong></span> <span class='ocrx_word' id='word_1_325' title='bbox 557 1975 677 2008; x_wconf 86' lang='lat' dir='ltr'><strong>induxit,</strong></span> <span class='ocrx_word' id='word_1_326' title='bbox 693 1980 772 2010; x_wconf 87' lang='lat' dir='ltr'><strong>atque</strong></span> <span class='ocrx_word' id='word_1_327' title='bbox 788 1974 813 2001; x_wconf 91' lang='lat' dir='ltr'><strong>in</strong></span> <span class='ocrx_word' id='word_1_328' title='bbox 829 1973 952 2001; x_wconf 87' lang='lat' dir='ltr'><strong>Sodomi-</strong></span> 
     </span>
    </p>
   </div>
   <div class='ocr_carea' id='block_1_42' title="bbox 164 2018 961 2055">
    <p class='ocr_par' dir='ltr' id='par_1_42' title="bbox 164 2018 961 2055">
     <span class='ocr_line' id='line_1_42' title="bbox 164 2018 961 2055; baseline -0.005 -5"><span class='ocrx_word' id='word_1_329' title='bbox 164 2029 203 2050; x_wconf 82' lang='lat' dir='ltr'><strong>tas</strong></span> <span class='ocrx_word' id='word_1_330' title='bbox 218 2023 326 2050; x_wconf 85' lang='lat' dir='ltr'><strong>fulmina</strong></span> <span class='ocrx_word' id='word_1_331' title='bbox 344 2023 463 2049; x_wconf 85' lang='lat' dir='ltr'><strong>immisit.</strong></span> <span class='ocrx_word' id='word_1_332' title='bbox 479 2022 588 2049; x_wconf 83' lang='lat' dir='ltr'><strong>Etiamsi</strong></span> <span class='ocrx_word' id='word_1_333' title='bbox 599 2022 670 2049; x_wconf 91' lang='lat' dir='ltr'><strong>enim</strong></span> <span class='ocrx_word' id='word_1_334' title='bbox 684 2021 824 2055; x_wconf 88' lang='lat' dir='ltr'><strong>utrobique</strong></span> <span class='ocrx_word' id='word_1_335' title='bbox 837 2018 961 2047; x_wconf 72' lang='lat' dir='ltr'><strong>fornica—&#39;</strong></span> 
     </span>
    </p>
   </div>
   <div class='ocr_carea' id='block_1_43' title="bbox 165 2065 951 2101">
    <p class='ocr_par' dir='ltr' id='par_1_43' title="bbox 165 2065 951 2101">
     <span class='ocr_line' id='line_1_43' title="bbox 165 2065 951 2101; baseline -0.005 -5"><span class='ocrx_word' id='word_1_336' title='bbox 165 2070 242 2096; x_wconf 87' lang='lat' dir='ltr'><strong>tionis</strong></span> <span class='ocrx_word' id='word_1_337' title='bbox 255 2070 358 2096; x_wconf 82' lang='lat' dir='ltr'><strong>crimen</strong></span> <span class='ocrx_word' id='word_1_338' title='bbox 374 2073 447 2101; x_wconf 85' lang='lat' dir='ltr'><strong>erat,</strong></span> <span class='ocrx_word' id='word_1_339' title='bbox 462 2072 579 2095; x_wconf 87' lang='lat' dir='ltr'><strong>attamen</strong></span> <span class='ocrx_word' id='word_1_340' title='bbox 591 2068 726 2101; x_wconf 89' lang='lat' dir='ltr'><strong>utriusque</strong></span> <span class='ocrx_word' id='word_1_341' title='bbox 739 2065 861 2101; x_wconf 86' lang='lat' dir='ltr'><strong>supplicii</strong></span> <span class='ocrx_word' id='word_1_342' title='bbox 876 2065 951 2092; x_wconf 81' lang='lat' dir='ltr'><strong>radix</strong></span> 
     </span>
    </p>
   </div>
   <div class='ocr_carea' id='block_1_44' title="bbox 165 2112 949 2151">
    <p class='ocr_par' dir='ltr' id='par_1_44' title="bbox 165 2112 949 2151">
     <span class='ocr_line' id='line_1_44' title="bbox 165 2112 949 2151; baseline -0.008 -7"><span class='ocrx_word' id='word_1_343' title='bbox 165 2116 225 2144; x_wconf 88' lang='lat' dir='ltr'><strong>inde</strong></span> <span class='ocrx_word' id='word_1_344' title='bbox 248 2116 347 2151; x_wconf 89' lang='lat' dir='ltr'><strong>prodiit</strong></span> <span class='ocrx_word' id='word_1_345' title='bbox 370 2115 464 2150; x_wconf 91' lang='lat' dir='ltr'><strong>:quod</strong></span> <span class='ocrx_word' id='word_1_346' title='bbox 486 2119 514 2142; x_wconf 90' lang='lat' dir='ltr'><strong>et</strong></span> <span class='ocrx_word' id='word_1_347' title='bbox 536 2114 658 2141; x_wconf 85' lang='lat' dir='ltr'><strong>Ezechiel</strong></span> <span class='ocrx_word' id='word_1_348' title='bbox 681 2113 801 2140; x_wconf 88' lang='lat' dir='ltr'><strong>indicans</strong></span> <span class='ocrx_word' id='word_1_349' title='bbox 822 2112 949 2140; x_wconf 86' lang='lat' dir='ltr'><strong>dicebat:</strong></span> 
     </span>
    </p>
   </div>
   <div class='ocr_carea' id='block_1_45' title="bbox 169 2158 951 2196">
    <p class='ocr_par' dir='ltr' id='par_1_45' title="bbox 169 2158 951 2196">
     <span class='ocr_line' id='line_1_45' title="bbox 169 2158 951 2196; baseline -0.008 -7"><span class='ocrx_word' id='word_1_350' title='bbox 169 2162 344 2189; x_wconf 75' lang='lat' dir='ltr'><strong>Verumtamen</strong></span> <span class='ocrx_word' id='word_1_351' title='bbox 364 2163 411 2188; x_wconf 85' lang='lat' dir='ltr'><strong>hoc</strong></span> <span class='ocrx_word' id='word_1_352' title='bbox 427 2165 478 2188; x_wconf 79' lang='lat' dir='ltr'><strong>erat</strong></span> <span class='ocrx_word' id='word_1_353' title='bbox 494 2165 622 2196; x_wconf 79' lang='lat' dir='ltr'><strong>peccatum</strong></span> <span class='ocrx_word' id='word_1_354' title='bbox 636 2159 822 2190; x_wconf 84' lang='lat' dir='ltr'><strong>Sodomorum,</strong></span> <span class='ocrx_word' id='word_1_355' title='bbox 832 2158 951 2192; x_wconf 79' lang='lat' dir='ltr'><strong>quoniam</strong></span> 
     </span>
    </p>
   </div>
   <div class='ocr_carea' id='block_1_46' title="bbox 164 2199 952 2242">
    <p class='ocr_par' dir='ltr' id='par_1_46' title="bbox 164 2199 952 2242">
     <span class='ocr_line' id='line_1_46' title="bbox 164 2199 952 2242; baseline -0.006 -8"><span class='ocrx_word' id='word_1_356' title='bbox 164 2208 190 2234; x_wconf 82' lang='lat' dir='ltr'><strong>in</strong></span> <span class='ocrx_word' id='word_1_357' title='bbox 204 2208 322 2242; x_wconf 81' lang='lat' dir='ltr'><strong>superbia</strong></span> <span class='ocrx_word' id='word_1_358' title='bbox 341 2213 364 2233; x_wconf 84' lang='lat' dir='ltr'><strong>et</strong></span> <span class='ocrx_word' id='word_1_359' title='bbox 385 2208 411 2233; x_wconf 86' lang='lat' dir='ltr'><strong>in</strong></span> <span class='ocrx_word' id='word_1_360' title='bbox 432 2207 562 2233; x_wconf 80' lang='lat' dir='ltr'><strong>saturitate</strong></span> <span class='ocrx_word' id='word_1_361' title='bbox 581 2199 692 2239; x_wconf 65' lang='lat' dir='ltr'><strong>panum,</strong></span> <span class='ocrx_word' id='word_1_362' title='bbox 706 2209 729 2231; x_wconf 83' lang='lat' dir='ltr'><strong>et</strong></span> <span class='ocrx_word' id='word_1_363' title='bbox 749 2205 776 2231; x_wconf 88' lang='lat' dir='ltr'><strong>in</strong></span> <span class='ocrx_word' id='word_1_364' title='bbox 796 2203 952 2230; x_wconf 83' lang='lat' dir='ltr'><strong>abundantia</strong></span> 
     </span>
    </p>
   </div>
   <div class='ocr_carea' id='block_1_47' title="bbox 165 2250 965 2289">
    <p class='ocr_par' dir='ltr' id='par_1_47' title="bbox 165 2250 965 2289">
     <span class='ocr_line' id='line_1_47' title="bbox 165 2250 965 2289; baseline -0.008 -8"><span class='ocrx_word' id='word_1_365' title='bbox 165 2254 322 2281; x_wconf 75' lang='lat' dir='ltr'><strong>lascivicbant</strong></span> <span class='ocrx_word' id='word_1_366' title='bbox 335 2251 440 2289; x_wconf 73' lang='lat' dir='ltr'><strong>(Ezech.</strong></span> <span class='ocrx_word' id='word_1_367' title='bbox 453 2253 496 2280; x_wconf 74' lang='grc'><strong>16.</strong></span> <span class='ocrx_word' id='word_1_368' title='bbox 507 2251 564 2288; x_wconf 80' lang='grc'><strong>49).</strong></span> <span class='ocrx_word' id='word_1_369' title='bbox 576 2252 620 2279; x_wconf 90' lang='lat' dir='ltr'><strong>Sic</strong></span> <span class='ocrx_word' id='word_1_370' title='bbox 632 2255 659 2279; x_wconf 90' lang='lat' dir='ltr'><strong>et</strong></span> <span class='ocrx_word' id='word_1_371' title='bbox 668 2250 752 2279; x_wconf 59' lang='grc' dir='ltr'><strong>διιόωὶ</strong></span> <span class='ocrx_word' id='word_1_372' title='bbox 761 2251 874 2277; x_wconf 82' lang='lat' dir='ltr'><strong>maxima</strong></span> <span class='ocrx_word' id='word_1_373' title='bbox 888 2257 950 2284; x_wconf 87' lang='lat' dir='ltr'><strong>per-</strong></span> <span class='ocrx_word' id='word_1_374' title='bbox 962 2272 965 2274; x_wconf 39' lang='grc' dir='ltr'>λ</span> 
     </span>
    </p>
   </div>
   <div class='ocr_carea' id='block_1_48' title="bbox 165 2295 950 2334">
    <p class='ocr_par' dir='ltr' id='par_1_48' title="bbox 165 2295 950 2334">
     <span class='ocr_line' id='line_1_48' title="bbox 165 2295 950 2334; baseline -0.006 -7"><span class='ocrx_word' id='word_1_375' title='bbox 165 2304 301 2334; x_wconf 83' lang='lat' dir='ltr'><strong>petrarum</strong></span> <span class='ocrx_word' id='word_1_376' title='bbox 323 2299 391 2327; x_wconf 88' lang='lat' dir='ltr'><strong>mala</strong></span> <span class='ocrx_word' id='word_1_377' title='bbox 404 2319 411 2331; x_wconf 87' lang='lat'><strong>,</strong></span> <span class='ocrx_word' id='word_1_378' title='bbox 434 2299 469 2326; x_wconf 89' lang='lat' dir='ltr'><strong>ab</strong></span> <span class='ocrx_word' id='word_1_379' title='bbox 489 2298 617 2326; x_wconf 84' lang='lat' dir='ltr'><strong>ebrietate</strong></span> <span class='ocrx_word' id='word_1_380' title='bbox 626 2301 652 2325; x_wconf 90' lang='lat' dir='ltr'><strong>et</strong></span> <span class='ocrx_word' id='word_1_381' title='bbox 665 2296 784 2325; x_wconf 88' lang='lat' dir='ltr'><strong>ciborum</strong></span> <span class='ocrx_word' id='word_1_382' title='bbox 797 2296 899 2324; x_wconf 89' lang='lat' dir='ltr'><strong>deliciis</strong></span> <span class='ocrx_word' id='word_1_383' title='bbox 923 2295 950 2322; x_wconf 96' lang='lat' dir='ltr'><strong>in</strong></span> 
     </span>
    </p>
   </div>
   <div class='ocr_carea' id='block_1_49' title="bbox 164 2345 532 2380">
    <p class='ocr_par' dir='ltr' id='par_1_49' title="bbox 164 2345 532 2380">
     <span class='ocr_line' id='line_1_49' title="bbox 164 2345 532 2380; baseline -0.005 -7"><span class='ocrx_word' id='word_1_384' title='bbox 164 2346 328 2380; x_wconf 87' lang='lat' dir='ltr'><strong>iniquitatem</strong></span> <span class='ocrx_word' id='word_1_385' title='bbox 344 2345 532 2380; x_wconf 84' lang='lat' dir='ltr'><strong>impingentes.</strong></span> 
     </span>
    </p>
   </div>
   <div class='ocr_carea' id='block_1_50' title="bbox 199 2387 950 2426">
    <p class='ocr_par' dir='ltr' id='par_1_50' title="bbox 199 2387 950 2426">
     <span class='ocr_line' id='line_1_50' title="bbox 199 2387 950 2426; baseline -0.007 -7"><span class='ocrx_word' id='word_1_386' title='bbox 199 2392 225 2419; x_wconf 75' lang='lat'><strong>2.</strong></span> <span class='ocrx_word' id='word_1_387' title='bbox 248 2391 310 2418; x_wconf 86' lang='lat' dir='ltr'><strong>Ideo</strong></span> <span class='ocrx_word' id='word_1_388' title='bbox 323 2396 351 2418; x_wconf 89' lang='lat' dir='ltr'><strong>et</strong></span> <span class='ocrx_word' id='word_1_389' title='bbox 365 2392 421 2426; x_wconf 87' lang='lat' dir='ltr'><strong>ipse</strong></span> <span class='ocrx_word' id='word_1_390' title='bbox 432 2391 535 2426; x_wconf 87' lang='lat' dir='ltr'><strong>jejunat</strong></span> <span class='ocrx_word' id='word_1_391' title='bbox 551 2389 722 2425; x_wconf 82' lang='lat' dir='ltr'><strong>quadraginta</strong></span> <span class='ocrx_word' id='word_1_392' title='bbox 738 2388 841 2420; x_wconf 86' lang='lat' dir='ltr'><strong>diebus,</strong></span> <span class='ocrx_word' id='word_1_393' title='bbox 858 2387 950 2415; x_wconf 89' lang='lat' dir='ltr'><strong>salutis</strong></span> 
     </span>
    </p>
   </div>
   <div class='ocr_carea' id='block_1_51' title="bbox 164 2434 948 2471">
    <p class='ocr_par' dir='ltr' id='par_1_51' title="bbox 164 2434 948 2471">
     <span class='ocr_line' id='line_1_51' title="bbox 164 2434 948 2471; baseline -0.005 -6"><span class='ocrx_word' id='word_1_394' title='bbox 164 2438 241 2465; x_wconf 90' lang='lat' dir='ltr'><strong>nobis</strong></span> <span class='ocrx_word' id='word_1_395' title='bbox 254 2437 373 2465; x_wconf 86' lang='lat' dir='ltr'><strong>remedia</strong></span> <span class='ocrx_word' id='word_1_396' title='bbox 398 2437 542 2465; x_wconf 85' lang='lat' dir='ltr'><strong>ostendens</strong></span> <span class='ocrx_word' id='word_1_397' title='bbox 553 2457 562 2470; x_wconf 89' lang='lat'><strong>,</strong></span> <span class='ocrx_word' id='word_1_398' title='bbox 574 2444 662 2471; x_wconf 91' lang='lat' dir='ltr'><strong>neque</strong></span> <span class='ocrx_word' id='word_1_399' title='bbox 683 2436 797 2463; x_wconf 88' lang='lat' dir='ltr'><strong>ulterius</strong></span> <span class='ocrx_word' id='word_1_400' title='bbox 809 2434 948 2470; x_wconf 86' lang='lat' dir='ltr'><strong>procedit,</strong></span> 
     </span>
    </p>
   </div>
   <div class='ocr_carea' id='block_1_52' title="bbox 164 2481 950 2516">
    <p class='ocr_par' dir='ltr' id='par_1_52' title="bbox 164 2481 950 2516">
     <span class='ocr_line' id='line_1_52' title="bbox 164 2481 950 2516; baseline -0.006 -4"><span class='ocrx_word' id='word_1_401' title='bbox 164 2492 196 2512; x_wconf 91' lang='lat' dir='ltr'><strong>ne</strong></span> <span class='ocrx_word' id='word_1_402' title='bbox 217 2485 251 2512; x_wconf 90' lang='lat' dir='ltr'><strong>ob</strong></span> <span class='ocrx_word' id='word_1_403' title='bbox 273 2491 412 2512; x_wconf 73' lang='lat' dir='ltr'><strong>excessum</strong></span> <span class='ocrx_word' id='word_1_404' title='bbox 443 2483 579 2516; x_wconf 87' lang='lat' dir='ltr'><strong>miraculi,</strong></span> <span class='ocrx_word' id='word_1_405' title='bbox 603 2482 759 2510; x_wconf 63' lang='lat' dir='ltr'><strong>oeconomiae</strong></span> <span class='ocrx_word' id='word_1_406' title='bbox 777 2481 874 2508; x_wconf 87' lang='lat' dir='ltr'><strong>veritas</strong></span> <span class='ocrx_word' id='word_1_407' title='bbox 895 2487 950 2507; x_wconf 91' lang='lat' dir='ltr'><strong>non</strong></span> 
     </span>
    </p>
   </div>
   <div class='ocr_carea' id='block_1_53' title="bbox 162 2525 963 2561">
    <p class='ocr_par' dir='ltr' id='par_1_53' title="bbox 162 2525 963 2561">
     <span class='ocr_line' id='line_1_53' title="bbox 162 2525 963 2561; baseline -0.01 -2"><span class='ocrx_word' id='word_1_408' title='bbox 162 2531 326 2559; x_wconf 86' lang='lat' dir='ltr'><strong>crederetur.</strong></span> <span class='ocrx_word' id='word_1_409' title='bbox 342 2529 419 2557; x_wconf 83' lang='lat' dir='ltr'><strong>Nunc</strong></span> <span class='ocrx_word' id='word_1_410' title='bbox 432 2529 502 2556; x_wconf 90' lang='lat' dir='ltr'><strong>enim</strong></span> <span class='ocrx_word' id='word_1_411' title='bbox 516 2529 624 2556; x_wconf 91' lang='lat' dir='ltr'><strong>minime</strong></span> <span class='ocrx_word' id='word_1_412' title='bbox 638 2527 702 2554; x_wconf 90' lang='lat' dir='ltr'><strong>illud</strong></span> <span class='ocrx_word' id='word_1_413' title='bbox 714 2527 868 2558; x_wconf 87' lang='lat' dir='ltr'><strong>timendum,</strong></span> <span class='ocrx_word' id='word_1_414' title='bbox 881 2525 963 2561; x_wconf 60' lang='lat' dir='ltr'><strong>quo-1</strong></span> 
     </span>
    </p>
   </div>
   <div class='ocr_carea' id='block_1_54' title="bbox 164 2571 950 2612">
    <p class='ocr_par' dir='ltr' id='par_1_54' title="bbox 164 2571 950 2612">
     <span class='ocr_line' id='line_1_54' title="bbox 164 2571 950 2612; baseline -0.008 -9"><span class='ocrx_word' id='word_1_415' title='bbox 164 2579 231 2604; x_wconf 87' lang='lat' dir='ltr'><strong>niam</strong></span> <span class='ocrx_word' id='word_1_416' title='bbox 247 2577 352 2612; x_wconf 80' lang='lat' dir='ltr'><strong>Moyses</strong></span> <span class='ocrx_word' id='word_1_417' title='bbox 365 2580 392 2603; x_wconf 91' lang='lat' dir='ltr'><strong>et</strong></span> <span class='ocrx_word' id='word_1_418' title='bbox 405 2575 479 2602; x_wconf 88' lang='lat' dir='ltr'><strong>Elias</strong></span> <span class='ocrx_word' id='word_1_419' title='bbox 496 2574 544 2601; x_wconf 89' lang='lat' dir='ltr'><strong>Dei</strong></span> <span class='ocrx_word' id='word_1_420' title='bbox 557 2573 671 2608; x_wconf 83' lang='lat' dir='ltr'><strong>potentia</strong></span> <span class='ocrx_word' id='word_1_421' title='bbox 686 2573 760 2605; x_wconf 87' lang='lat' dir='ltr'><strong>fulti,</strong></span> <span class='ocrx_word' id='word_1_422' title='bbox 775 2571 806 2598; x_wconf 89' lang='lat' dir='ltr'><strong>ad</strong></span> <span class='ocrx_word' id='word_1_423' title='bbox 823 2571 894 2598; x_wconf 87' lang='lat' dir='ltr'><strong>illam</strong></span> <span class='ocrx_word' id='word_1_424' title='bbox 907 2571 950 2606; x_wconf 87' lang='lat' dir='ltr'><strong>je-</strong></span> 
     </span>
    </p>
   </div>
   <div class='ocr_carea' id='block_1_55' title="bbox 162 2617 949 2659">
    <p class='ocr_par' dir='ltr' id='par_1_55' title="bbox 162 2617 949 2659">
     <span class='ocr_line' id='line_1_55' title="bbox 162 2617 949 2659; baseline -0.009 -9"><span class='ocrx_word' id='word_1_425' title='bbox 162 2624 226 2659; x_wconf 85' lang='lat' dir='ltr'><strong>junii</strong></span> <span class='ocrx_word' id='word_1_426' title='bbox 245 2623 448 2652; x_wconf 84' lang='lat' dir='ltr'><strong>diuturnitatem</strong></span> <span class='ocrx_word' id='word_1_427' title='bbox 461 2621 609 2656; x_wconf 79' lang='lat' dir='ltr'><strong>pertingere</strong></span> <span class='ocrx_word' id='word_1_428' title='bbox 633 2622 784 2654; x_wconf 87' lang='lat' dir='ltr'><strong>potuerunt.</strong></span> <span class='ocrx_word' id='word_1_429' title='bbox 809 2617 836 2645; x_wconf 91' lang='lat' dir='ltr'><strong>Si</strong></span> <span class='ocrx_word' id='word_1_430' title='bbox 861 2622 949 2644; x_wconf 90' lang='lat' dir='ltr'><strong>autem</strong></span> 
     </span>
    </p>
   </div>
   <div class='ocr_carea' id='block_1_56' title="bbox 163 2663 950 2704">
    <p class='ocr_par' dir='ltr' id='par_1_56' title="bbox 163 2663 950 2704">
     <span class='ocr_line' id='line_1_56' title="bbox 163 2663 950 2704; baseline -0.008 -8"><span class='ocrx_word' id='word_1_431' title='bbox 163 2670 272 2697; x_wconf 86' lang='lat' dir='ltr'><strong>ulterius</strong></span> <span class='ocrx_word' id='word_1_432' title='bbox 287 2675 446 2704; x_wconf 80' lang='lat' dir='ltr'><strong>progressus</strong></span> <span class='ocrx_word' id='word_1_433' title='bbox 460 2666 561 2699; x_wconf 87' lang='lat' dir='ltr'><strong>fuisset,</strong></span> <span class='ocrx_word' id='word_1_434' title='bbox 577 2666 639 2693; x_wconf 89' lang='lat' dir='ltr'><strong>hinc</strong></span> <span class='ocrx_word' id='word_1_435' title='bbox 653 2665 773 2700; x_wconf 88' lang='lat' dir='ltr'><strong>plurimis</strong></span> <span class='ocrx_word' id='word_1_436' title='bbox 788 2663 950 2691; x_wconf 86' lang='lat' dir='ltr'><strong>incredibilis</strong></span> 
     </span>
    </p>
   </div>
   <div class='ocr_carea' id='block_1_57' title="bbox 163 2710 947 2747">
    <p class='ocr_par' dir='ltr' id='par_1_57' title="bbox 163 2710 947 2747">
     <span class='ocr_line' id='line_1_57' title="bbox 163 2710 947 2747; baseline -0.006 -7"><span class='ocrx_word' id='word_1_437' title='bbox 163 2717 217 2743; x_wconf 79' lang='lat' dir='ltr'><strong>visa</strong></span> <span class='ocrx_word' id='word_1_438' title='bbox 231 2715 326 2742; x_wconf 83' lang='lat' dir='ltr'><strong>fuisset</strong></span> <span class='ocrx_word' id='word_1_439' title='bbox 339 2713 429 2742; x_wconf 88' lang='lat' dir='ltr'><strong>carnis</strong></span> <span class='ocrx_word' id='word_1_440' title='bbox 440 2712 595 2747; x_wconf 87' lang='lat' dir='ltr'><strong>assumptio.</strong></span> <span class='ocrx_word' id='word_1_441' title='bbox 613 2711 641 2738; x_wconf 75' lang='lat'><strong>2.</strong></span> <span class='ocrx_word' id='word_1_442' title='bbox 656 2710 719 2738; x_wconf 83' lang='lat' dir='ltr'><strong>Cum</strong></span> <span class='ocrx_word' id='word_1_443' title='bbox 733 2710 872 2746; x_wconf 71' lang='lat' dir='ltr'><strong>jejunasset</strong></span> <span class='ocrx_word' id='word_1_444' title='bbox 884 2716 947 2743; x_wconf 82' lang='lat' dir='ltr'><strong>ergo</strong></span> 
     </span>
    </p>
   </div>
   <div class='ocr_carea' id='block_1_58' title="bbox 162 2755 949 2796">
    <p class='ocr_par' dir='ltr' id='par_1_58' title="bbox 162 2755 949 2796">
     <span class='ocr_line' id='line_1_58' title="bbox 162 2755 949 2796; baseline -0.009 -8"><span class='ocrx_word' id='word_1_445' title='bbox 162 2761 328 2796; x_wconf 79' lang='lat' dir='ltr'><strong>quadraginta</strong></span> <span class='ocrx_word' id='word_1_446' title='bbox 342 2759 432 2787; x_wconf 78' lang='lat' dir='ltr'><strong>diebus</strong></span> <span class='ocrx_word' id='word_1_447' title='bbox 444 2763 466 2785; x_wconf 85' lang='lat' dir='ltr'><strong>et</strong></span> <span class='ocrx_word' id='word_1_448' title='bbox 480 2757 648 2793; x_wconf 83' lang='lat' dir='ltr'><strong>quadraginta</strong></span> <span class='ocrx_word' id='word_1_449' title='bbox 658 2755 780 2788; x_wconf 82' lang='lat' dir='ltr'><strong>noctibus,</strong></span> <span class='ocrx_word' id='word_1_450' title='bbox 792 2760 877 2790; x_wconf 83' lang='lat' dir='ltr'><strong>postea</strong></span> <span class='ocrx_word' id='word_1_451' title='bbox 889 2762 949 2782; x_wconf 79' lang='lat' dir='ltr'><strong>estt-</strong></span> 
     </span>
    </p>
   </div>
   <div class='ocr_carea' id='block_1_59' title="bbox 161 2800 950 2836">
    <p class='ocr_par' dir='ltr' id='par_1_59' title="bbox 161 2800 950 2836">
     <span class='ocr_line' id='line_1_59' title="bbox 161 2800 950 2836; baseline -0.008 -4"><span class='ocrx_word' id='word_1_452' title='bbox 161 2807 202 2832; x_wconf 82' lang='lat' dir='ltr'><strong>riit</strong></span> <span class='ocrx_word' id='word_1_453' title='bbox 217 2813 224 2833; x_wconf 90' lang='lat'>:</span> <span class='ocrx_word' id='word_1_454' title='bbox 238 2806 410 2834; x_wconf 88' lang='lat' dir='ltr'><strong>occasionem</strong></span> <span class='ocrx_word' id='word_1_455' title='bbox 425 2803 568 2831; x_wconf 86' lang='lat' dir='ltr'><strong>accedendi</strong></span> <span class='ocrx_word' id='word_1_456' title='bbox 581 2801 687 2829; x_wconf 88' lang='lat' dir='ltr'><strong>diabolo</strong></span> <span class='ocrx_word' id='word_1_457' title='bbox 697 2800 819 2836; x_wconf 74' lang='lat' dir='ltr'><strong>przebcns</strong></span> <span class='ocrx_word' id='word_1_458' title='bbox 828 2821 835 2832; x_wconf 92' lang='lat'><strong>,</strong></span> <span class='ocrx_word' id='word_1_459' title='bbox 848 2804 878 2827; x_wconf 89' lang='lat' dir='ltr'><strong>ut</strong></span> <span class='ocrx_word' id='word_1_460' title='bbox 890 2807 950 2827; x_wconf 90' lang='lat' dir='ltr'><strong>con-</strong></span> 
     </span>
    </p>
   </div>
   <div class='ocr_carea' id='block_1_60' title="bbox 161 2848 949 2887">
    <p class='ocr_par' dir='ltr' id='par_1_60' title="bbox 161 2848 949 2887">
     <span class='ocr_line' id='line_1_60' title="bbox 161 2848 949 2887; baseline -0.006 -9"><span class='ocrx_word' id='word_1_461' title='bbox 161 2859 265 2887; x_wconf 76' lang='lat' dir='ltr'><strong>gressus</strong></span> <span class='ocrx_word' id='word_1_462' title='bbox 288 2851 448 2880; x_wconf 85' lang='lat' dir='ltr'><strong>ostenderet</strong></span> <span class='ocrx_word' id='word_1_463' title='bbox 462 2870 469 2884; x_wconf 89' lang='lat'><strong>,</strong></span> <span class='ocrx_word' id='word_1_464' title='bbox 482 2848 614 2884; x_wconf 88' lang='lat' dir='ltr'><strong>quomodo</strong></span> <span class='ocrx_word' id='word_1_465' title='bbox 624 2851 759 2883; x_wconf 86' lang='lat' dir='ltr'><strong>oporteret</strong></span> <span class='ocrx_word' id='word_1_466' title='bbox 777 2853 903 2881; x_wconf 85' lang='lat' dir='ltr'><strong>superare</strong></span> <span class='ocrx_word' id='word_1_467' title='bbox 918 2854 949 2874; x_wconf 85' lang='lat' dir='ltr'><strong>ac</strong></span> 
     </span>
    </p>
   </div>
   <div class='ocr_carea' id='block_1_61' title="bbox 740 109 1206 145">
    <p class='ocr_par' dir='ltr' id='par_1_61' title="bbox 740 109 1206 145">
     <span class='ocr_line' id='line_1_61' title="bbox 740 109 1206 145; baseline 0.002 -2"><span class='ocrx_word' id='word_1_468' title='bbox 740 115 772 143; x_wconf 87' lang='lat' dir='ltr'><strong>lN</strong></span> <span class='ocrx_word' id='word_1_469' title='bbox 790 109 992 142; x_wconf 65' lang='lat' dir='ltr'><strong>MATTHAEUM</strong></span> <span class='ocrx_word' id='word_1_470' title='bbox 1011 110 1124 141; x_wconf 78' lang='lat' dir='ltr'><strong>HOMlL.</strong></span> <span class='ocrx_word' id='word_1_471' title='bbox 1141 114 1206 145; x_wconf 80' lang='lat' dir='ltr'><strong>Xlli.</strong></span> 
     </span>
    </p>
   </div>
   <div class='ocr_carea' id='block_1_62' title="bbox 1755 126 1808 154">
    <p class='ocr_par' dir='ltr' id='par_1_62' title="bbox 1755 126 1808 154">
     <span class='ocr_line' id='line_1_62' title="bbox 1755 126 1808 154; baseline 0.019 -1"><span class='ocrx_word' id='word_1_472' title='bbox 1755 126 1808 154; x_wconf 69' lang='lat' dir='ltr'><strong>2W</strong></span> 
     </span>
    </p>
   </div>
   <div class='ocr_carea' id='block_1_63' title="bbox 1017 174 1804 217">
    <p class='ocr_par' dir='ltr' id='par_1_63' title="bbox 1017 174 1804 217">
     <span class='ocr_line' id='line_1_63' title="bbox 1017 174 1804 217; baseline 0.013 -17"><span class='ocrx_word' id='word_1_473' title='bbox 1017 174 1134 202; x_wconf 88' lang='lat' dir='ltr'><strong>vincere.</strong></span> <span class='ocrx_word' id='word_1_474' title='bbox 1158 177 1203 204; x_wconf 91' lang='lat' dir='ltr'><strong>Sic</strong></span> <span class='ocrx_word' id='word_1_475' title='bbox 1224 182 1252 204; x_wconf 86' lang='lat' dir='ltr'><strong>et</strong></span> <span class='ocrx_word' id='word_1_476' title='bbox 1275 177 1383 206; x_wconf 68' lang='lat' dir='ltr'><strong>athletae</strong></span> <span class='ocrx_word' id='word_1_477' title='bbox 1413 177 1512 207; x_wconf 86' lang='lat' dir='ltr'><strong>faciunt</strong></span> <span class='ocrx_word' id='word_1_478' title='bbox 1527 190 1533 208; x_wconf 93' lang='lat'>:</span> <span class='ocrx_word' id='word_1_479' title='bbox 1550 188 1611 208; x_wconf 90' lang='lat' dir='ltr'><strong>nam</strong></span> <span class='ocrx_word' id='word_1_480' title='bbox 1639 187 1668 209; x_wconf 92' lang='lat' dir='ltr'><strong>ut</strong></span> <span class='ocrx_word' id='word_1_481' title='bbox 1686 183 1804 217; x_wconf 83' lang='lat' dir='ltr'><strong>discipu-</strong></span> 
     </span>
    </p>
   </div>
   <div class='ocr_carea' id='block_1_64' title="bbox 1017 222 1805 261">
    <p class='ocr_par' dir='ltr' id='par_1_64' title="bbox 1017 222 1805 261">
     <span class='ocr_line' id='line_1_64' title="bbox 1017 222 1805 261; baseline 0.009 -13"><span class='ocrx_word' id='word_1_482' title='bbox 1017 222 1056 248; x_wconf 87' lang='lat' dir='ltr'><strong>los</strong></span> <span class='ocrx_word' id='word_1_483' title='bbox 1077 229 1140 250; x_wconf 89' lang='lat' dir='ltr'><strong>suos</strong></span> <span class='ocrx_word' id='word_1_484' title='bbox 1162 223 1276 251; x_wconf 87' lang='lat' dir='ltr'><strong>doceant</strong></span> <span class='ocrx_word' id='word_1_485' title='bbox 1287 225 1422 259; x_wconf 84' lang='lat' dir='ltr'><strong>quomodo</strong></span> <span class='ocrx_word' id='word_1_486' title='bbox 1441 226 1549 253; x_wconf 86' lang='lat' dir='ltr'><strong>vincere</strong></span> <span class='ocrx_word' id='word_1_487' title='bbox 1571 231 1712 261; x_wconf 86' lang='lat' dir='ltr'><strong>oporteat,</strong></span> <span class='ocrx_word' id='word_1_488' title='bbox 1736 229 1805 255; x_wconf 85' lang='lat' dir='ltr'><strong>ultro</strong></span> 
     </span>
    </p>
   </div>
   <div class='ocr_carea' id='block_1_65' title="bbox 1015 269 1805 306">
    <p class='ocr_par' dir='ltr' id='par_1_65' title="bbox 1015 269 1805 306">
     <span class='ocr_line' id='line_1_65' title="bbox 1015 269 1805 306; baseline 0.006 -11"><span class='ocrx_word' id='word_1_489' title='bbox 1015 275 1075 295; x_wconf 90' lang='lat' dir='ltr'><strong>cum</strong></span> <span class='ocrx_word' id='word_1_490' title='bbox 1096 269 1154 296; x_wconf 89' lang='lat' dir='ltr'><strong>aliis</strong></span> <span class='ocrx_word' id='word_1_491' title='bbox 1176 269 1202 296; x_wconf 91' lang='lat' dir='ltr'><strong>in</strong></span> <span class='ocrx_word' id='word_1_492' title='bbox 1225 270 1349 304; x_wconf 66' lang='lat' dir='ltr'><strong>palaestra</strong></span> <span class='ocrx_word' id='word_1_493' title='bbox 1371 278 1401 297; x_wconf 88' lang='lat' dir='ltr'><strong>se</strong></span> <span class='ocrx_word' id='word_1_494' title='bbox 1422 272 1603 306; x_wconf 87' lang='lat' dir='ltr'><strong>complicant,</strong></span> <span class='ocrx_word' id='word_1_495' title='bbox 1626 273 1653 300; x_wconf 90' lang='lat' dir='ltr'><strong>in</strong></span> <span class='ocrx_word' id='word_1_496' title='bbox 1676 272 1805 300; x_wconf 87' lang='lat' dir='ltr'><strong>adversa-</strong></span> 
     </span>
    </p>
   </div>
   <div class='ocr_carea' id='block_1_66' title="bbox 1015 316 1803 353">
    <p class='ocr_par' dir='ltr' id='par_1_66' title="bbox 1015 316 1803 353">
     <span class='ocr_line' id='line_1_66' title="bbox 1015 316 1803 353; baseline 0.005 -11"><span class='ocrx_word' id='word_1_497' title='bbox 1015 316 1115 343; x_wconf 88' lang='lat' dir='ltr'><strong>riorum</strong></span> <span class='ocrx_word' id='word_1_498' title='bbox 1142 317 1301 352; x_wconf 85' lang='lat' dir='ltr'><strong>corporibus</strong></span> <span class='ocrx_word' id='word_1_499' title='bbox 1326 318 1506 352; x_wconf 89' lang='lat' dir='ltr'><strong>spectaculum</strong></span> <span class='ocrx_word' id='word_1_500' title='bbox 1539 318 1603 353; x_wconf 90' lang='lat' dir='ltr'><strong>ipsis</strong></span> <span class='ocrx_word' id='word_1_501' title='bbox 1625 318 1803 350; x_wconf 84' lang='lat' dir='ltr'><strong>exhibentes.</strong></span> 
     </span>
    </p>
   </div>
   <div class='ocr_carea' id='block_1_67' title="bbox 1015 363 1803 399">
    <p class='ocr_par' dir='ltr' id='par_1_67' title="bbox 1015 363 1803 399">
     <span class='ocr_line' id='line_1_67' title="bbox 1015 363 1803 399; baseline 0.004 -9"><span class='ocrx_word' id='word_1_502' title='bbox 1015 367 1044 390; x_wconf 86' lang='lat' dir='ltr'><strong>ut</strong></span> <span class='ocrx_word' id='word_1_503' title='bbox 1069 363 1190 392; x_wconf 87' lang='lat' dir='ltr'><strong>vincendi</strong></span> <span class='ocrx_word' id='word_1_504' title='bbox 1219 364 1327 392; x_wconf 92' lang='lat' dir='ltr'><strong>modum</strong></span> <span class='ocrx_word' id='word_1_505' title='bbox 1363 365 1491 392; x_wconf 88' lang='lat' dir='ltr'><strong>ediscant.</strong></span> <span class='ocrx_word' id='word_1_506' title='bbox 1521 365 1597 399; x_wconf 88' lang='lat' dir='ltr'><strong>Quod</strong></span> <span class='ocrx_word' id='word_1_507' title='bbox 1627 370 1690 393; x_wconf 91' lang='lat' dir='ltr'><strong>tunc</strong></span> <span class='ocrx_word' id='word_1_508' title='bbox 1718 366 1803 394; x_wconf 89' lang='lat' dir='ltr'><strong>etiam</strong></span> 
     </span>
    </p>
   </div>
   <div class='ocr_carea' id='block_1_68' title="bbox 1015 408 1804 443">
    <p class='ocr_par' dir='ltr' id='par_1_68' title="bbox 1015 408 1804 443">
     <span class='ocr_line' id='line_1_68' title="bbox 1015 408 1804 443; baseline 0.004 -8"><span class='ocrx_word' id='word_1_509' title='bbox 1015 408 1114 436; x_wconf 85' lang='lat' dir='ltr'><strong>factum</strong></span> <span class='ocrx_word' id='word_1_510' title='bbox 1127 414 1177 436; x_wconf 91' lang='lat' dir='ltr'><strong>est.</strong></span> <span class='ocrx_word' id='word_1_511' title='bbox 1189 409 1257 443; x_wconf 87' lang='lat' dir='ltr'><strong>Quia</strong></span> <span class='ocrx_word' id='word_1_512' title='bbox 1279 411 1349 437; x_wconf 93' lang='lat' dir='ltr'><strong>enim</strong></span> <span class='ocrx_word' id='word_1_513' title='bbox 1374 410 1511 438; x_wconf 87' lang='lat' dir='ltr'><strong>diabolum</strong></span> <span class='ocrx_word' id='word_1_514' title='bbox 1533 411 1640 438; x_wconf 88' lang='lat' dir='ltr'><strong>volebat</strong></span> <span class='ocrx_word' id='word_1_515' title='bbox 1664 411 1697 438; x_wconf 91' lang='lat' dir='ltr'><strong>ad</strong></span> <span class='ocrx_word' id='word_1_516' title='bbox 1717 417 1804 439; x_wconf 90' lang='lat' dir='ltr'><strong>certa-</strong></span> 
     </span>
    </p>
   </div>
   <div class='ocr_carea' id='block_1_69' title="bbox 1013 455 1804 492">
    <p class='ocr_par' dir='ltr' id='par_1_69' title="bbox 1013 455 1804 492">
     <span class='ocr_line' id='line_1_69' title="bbox 1013 455 1804 492; baseline 0.004 -10"><span class='ocrx_word' id='word_1_517' title='bbox 1013 462 1074 482; x_wconf 90' lang='lat' dir='ltr'><strong>men</strong></span> <span class='ocrx_word' id='word_1_518' title='bbox 1084 456 1229 488; x_wconf 82' lang='lat' dir='ltr'><strong>attrahere,</strong></span> <span class='ocrx_word' id='word_1_519' title='bbox 1253 455 1349 483; x_wconf 87' lang='lat' dir='ltr'><strong>famem</strong></span> <span class='ocrx_word' id='word_1_520' title='bbox 1363 462 1454 484; x_wconf 88' lang='lat' dir='ltr'><strong>notam</strong></span> <span class='ocrx_word' id='word_1_521' title='bbox 1469 457 1519 492; x_wconf 88' lang='lat' dir='ltr'><strong>ipsi</strong></span> <span class='ocrx_word' id='word_1_522' title='bbox 1532 456 1604 490; x_wconf 87' lang='lat' dir='ltr'><strong>fecit,</strong></span> <span class='ocrx_word' id='word_1_523' title='bbox 1629 458 1804 486; x_wconf 86' lang='lat' dir='ltr'><strong>accedentem</strong></span> 
     </span>
    </p>
   </div>
   <div class='ocr_carea' id='block_1_70' title="bbox 1015 502 1802 538">
    <p class='ocr_par' dir='ltr' id='par_1_70' title="bbox 1015 502 1802 538">
     <span class='ocr_line' id='line_1_70' title="bbox 1015 502 1802 538; baseline 0.004 -10"><span class='ocrx_word' id='word_1_524' title='bbox 1015 502 1135 536; x_wconf 75' lang='lat' dir='ltr'><strong>excepit,</strong></span> <span class='ocrx_word' id='word_1_525' title='bbox 1151 507 1347 538; x_wconf 86' lang='lat' dir='ltr'><strong>exceptumque</strong></span> <span class='ocrx_word' id='word_1_526' title='bbox 1360 504 1454 536; x_wconf 88' lang='lat' dir='ltr'><strong>semel,</strong></span> <span class='ocrx_word' id='word_1_527' title='bbox 1469 504 1510 531; x_wconf 89' lang='lat' dir='ltr'><strong>bis</strong></span> <span class='ocrx_word' id='word_1_528' title='bbox 1524 508 1550 530; x_wconf 89' lang='lat' dir='ltr'><strong>et</strong></span> <span class='ocrx_word' id='word_1_529' title='bbox 1562 508 1611 536; x_wconf 90' lang='lat' dir='ltr'><strong>ter,</strong></span> <span class='ocrx_word' id='word_1_530' title='bbox 1637 505 1722 538; x_wconf 91' lang='lat' dir='ltr'><strong>ipsum</strong></span> <span class='ocrx_word' id='word_1_531' title='bbox 1741 512 1802 531; x_wconf 89' lang='lat' dir='ltr'><strong>cum</strong></span> 
     </span>
    </p>
   </div>
   <div class='ocr_carea' id='block_1_71' title="bbox 1012 546 1803 583">
    <p class='ocr_par' dir='ltr' id='par_1_71' title="bbox 1012 546 1803 583">
     <span class='ocr_line' id='line_1_71' title="bbox 1012 546 1803 583; baseline 0.001 -9"><span class='ocrx_word' id='word_1_532' title='bbox 1012 546 1140 575; x_wconf 89' lang='lat' dir='ltr'><strong>facilitate</strong></span> <span class='ocrx_word' id='word_1_533' title='bbox 1162 547 1212 575; x_wconf 90' lang='lat' dir='ltr'><strong>sibi</strong></span> <span class='ocrx_word' id='word_1_534' title='bbox 1225 553 1393 583; x_wconf 87' lang='lat' dir='ltr'><strong>competente</strong></span> <span class='ocrx_word' id='word_1_535' title='bbox 1407 550 1557 583; x_wconf 88' lang='lat' dir='ltr'><strong>prostravit.</strong></span> <span class='ocrx_word' id='word_1_536' title='bbox 1570 549 1622 576; x_wconf 87' lang='lat' dir='ltr'><strong>Sed</strong></span> <span class='ocrx_word' id='word_1_537' title='bbox 1646 557 1680 577; x_wconf 90' lang='lat' dir='ltr'><strong>ne</strong></span> <span class='ocrx_word' id='word_1_538' title='bbox 1700 549 1749 577; x_wconf 88' lang='lat' dir='ltr'><strong>has</strong></span> <span class='ocrx_word' id='word_1_539' title='bbox 1764 550 1803 575; x_wconf 92' lang='lat' dir='ltr'><strong>vi—</strong></span> 
     </span>
    </p>
   </div>
   <div class='ocr_carea' id='block_1_72' title="bbox 1011 594 1801 630">
    <p class='ocr_par' dir='ltr' id='par_1_72' title="bbox 1011 594 1801 630">
     <span class='ocr_line' id='line_1_72' title="bbox 1011 594 1801 630; baseline 0.003 -10"><span class='ocrx_word' id='word_1_540' title='bbox 1011 594 1111 620; x_wconf 88' lang='lat' dir='ltr'><strong>ctorias</strong></span> <span class='ocrx_word' id='word_1_541' title='bbox 1132 598 1367 628; x_wconf 75' lang='lat' dir='ltr'><strong>prtetercurrentes</strong></span> <span class='ocrx_word' id='word_1_542' title='bbox 1378 615 1385 627; x_wconf 98' lang='lat'><strong>,</strong></span> <span class='ocrx_word' id='word_1_543' title='bbox 1400 595 1506 622; x_wconf 89' lang='lat' dir='ltr'><strong>utilitati</strong></span> <span class='ocrx_word' id='word_1_544' title='bbox 1530 599 1626 622; x_wconf 72' lang='lat' dir='ltr'><strong>vestrae</strong></span> <span class='ocrx_word' id='word_1_545' title='bbox 1640 595 1740 630; x_wconf 90' lang='lat' dir='ltr'><strong>aliquid</strong></span> <span class='ocrx_word' id='word_1_546' title='bbox 1753 595 1801 622; x_wconf 83' lang='lat' dir='ltr'><strong>dc-</strong></span> 
     </span>
    </p>
   </div>
   <div class='ocr_carea' id='block_1_73' title="bbox 1002 639 1801 676">
    <p class='ocr_par' dir='ltr' id='par_1_73' title="bbox 1002 639 1801 676">
     <span class='ocr_line' id='line_1_73' title="bbox 1002 639 1801 676; baseline 0.003 -10"><span class='ocrx_word' id='word_1_547' title='bbox 1002 639 1159 672; x_wconf 87' lang='lat' dir='ltr'><strong>.trahamus,</strong></span> <span class='ocrx_word' id='word_1_548' title='bbox 1174 648 1189 666; x_wconf 91' lang='lat' dir='ltr'><strong>a</strong></span> <span class='ocrx_word' id='word_1_549' title='bbox 1204 640 1290 674; x_wconf 92' lang='lat' dir='ltr'><strong>primo</strong></span> <span class='ocrx_word' id='word_1_550' title='bbox 1310 648 1454 675; x_wconf 80' lang='lat' dir='ltr'><strong>congressu</strong></span> <span class='ocrx_word' id='word_1_551' title='bbox 1467 641 1521 668; x_wconf 91' lang='lat' dir='ltr'><strong>orsi</strong></span> <span class='ocrx_word' id='word_1_552' title='bbox 1535 661 1542 674; x_wconf 88' lang='lat'><strong>,</strong></span> <span class='ocrx_word' id='word_1_553' title='bbox 1569 641 1689 676; x_wconf 79' lang='lat' dir='ltr'><strong>singulos</strong></span> <span class='ocrx_word' id='word_1_554' title='bbox 1703 640 1801 668; x_wconf 89' lang='lat' dir='ltr'><strong>deinde</strong></span> 
     </span>
    </p>
   </div>
   <div class='ocr_carea' id='block_1_74' title="bbox 1011 686 1801 720">
    <p class='ocr_par' dir='ltr' id='par_1_74' title="bbox 1011 686 1801 720">
     <span class='ocr_line' id='line_1_74' title="bbox 1011 686 1801 720; baseline 0.004 -8"><span class='ocrx_word' id='word_1_555' title='bbox 1011 690 1135 713; x_wconf 86' lang='lat' dir='ltr'><strong>accurate</strong></span> <span class='ocrx_word' id='word_1_556' title='bbox 1147 686 1325 720; x_wconf 85' lang='lat' dir='ltr'><strong>exploremus.</strong></span> <span class='ocrx_word' id='word_1_557' title='bbox 1339 687 1468 720; x_wconf 86' lang='lat' dir='ltr'><strong>Quoniam</strong></span> <span class='ocrx_word' id='word_1_558' title='bbox 1482 687 1584 720; x_wconf 90' lang='lat' dir='ltr'><strong>esuriit,</strong></span> <span class='ocrx_word' id='word_1_559' title='bbox 1602 687 1656 715; x_wconf 84' lang='lat' dir='ltr'><strong>ait;</strong></span> <span class='ocrx_word' id='word_1_560' title='bbox 1676 688 1702 715; x_wconf 78' lang='grc'><strong>5.</strong></span> <span class='ocrx_word' id='word_1_561' title='bbox 1723 688 1801 714; x_wconf 77' lang='lat' dir='ltr'><strong>Acce-</strong></span> 
     </span>
    </p>
   </div>
   <div class='ocr_carea' id='block_1_75' title="bbox 1011 731 1801 768">
    <p class='ocr_par' dir='ltr' id='par_1_75' title="bbox 1011 731 1801 768">
     <span class='ocr_line' id='line_1_75' title="bbox 1011 731 1801 768; baseline 0.001 -10"><span class='ocrx_word' id='word_1_562' title='bbox 1011 731 1073 759; x_wconf 70' lang='lat' dir='ltr'><strong>dens</strong></span> <span class='ocrx_word' id='word_1_563' title='bbox 1086 736 1195 758; x_wconf 83' lang='lat' dir='ltr'><strong>tentator</strong></span> <span class='ocrx_word' id='word_1_564' title='bbox 1207 732 1271 758; x_wconf 71' lang='lat' dir='ltr'><strong>dixit</strong></span> <span class='ocrx_word' id='word_1_565' title='bbox 1284 733 1325 759; x_wconf 75' lang='lat' dir='ltr'><strong>ei:</strong></span> <span class='ocrx_word' id='word_1_566' title='bbox 1346 732 1376 759; x_wconf 85' lang='lat' dir='ltr'><strong>Si</strong></span> <span class='ocrx_word' id='word_1_567' title='bbox 1390 732 1474 759; x_wconf 84' lang='lat' dir='ltr'><strong>Filius</strong></span> <span class='ocrx_word' id='word_1_568' title='bbox 1488 732 1536 759; x_wconf 75' lang='lat' dir='ltr'><strong>Dei</strong></span> <span class='ocrx_word' id='word_1_569' title='bbox 1548 741 1588 765; x_wconf 82' lang='lat' dir='ltr'><strong>es,</strong></span> <span class='ocrx_word' id='word_1_570' title='bbox 1604 732 1645 759; x_wconf 76' lang='lat' dir='ltr'><strong>dit:</strong></span> <span class='ocrx_word' id='word_1_571' title='bbox 1665 738 1692 759; x_wconf 83' lang='lat' dir='ltr'><strong>ut</strong></span> <span class='ocrx_word' id='word_1_572' title='bbox 1702 733 1801 768; x_wconf 74' lang='lat' dir='ltr'><strong>lapides</strong></span> 
     </span>
    </p>
   </div>
   <div class='ocr_carea' id='block_1_76' title="bbox 1009 778 1799 813">
    <p class='ocr_par' dir='ltr' id='par_1_76' title="bbox 1009 778 1799 813">
     <span class='ocr_line' id='line_1_76' title="bbox 1009 778 1799 813; baseline 0.001 -8"><span class='ocrx_word' id='word_1_573' title='bbox 1009 778 1052 806; x_wconf 78' lang='lat' dir='ltr'><strong>isti</strong></span> <span class='ocrx_word' id='word_1_574' title='bbox 1062 787 1139 813; x_wconf 80' lang='lat' dir='ltr'><strong>panes</strong></span> <span class='ocrx_word' id='word_1_575' title='bbox 1150 779 1222 813; x_wconf 77' lang='lat' dir='ltr'><strong>ﬁant.</strong></span> <span class='ocrx_word' id='word_1_576' title='bbox 1245 779 1310 812; x_wconf 87' lang='lat' dir='ltr'><strong>Quia</strong></span> <span class='ocrx_word' id='word_1_577' title='bbox 1332 779 1403 805; x_wconf 87' lang='lat' dir='ltr'><strong>enim</strong></span> <span class='ocrx_word' id='word_1_578' title='bbox 1425 779 1546 806; x_wconf 88' lang='lat' dir='ltr'><strong>audierat</strong></span> <span class='ocrx_word' id='word_1_579' title='bbox 1559 787 1652 806; x_wconf 89' lang='lat' dir='ltr'><strong>vocem</strong></span> <span class='ocrx_word' id='word_1_580' title='bbox 1680 780 1713 807; x_wconf 89' lang='lat' dir='ltr'><strong>de</strong></span> <span class='ocrx_word' id='word_1_581' title='bbox 1732 780 1799 806; x_wconf 66' lang='lat' dir='ltr'><strong>ctelo</strong></span> 
     </span>
    </p>
   </div>
   <div class='ocr_carea' id='block_1_77' title="bbox 1009 816 1797 861">
    <p class='ocr_par' dir='ltr' id='par_1_77' title="bbox 1009 816 1797 861">
     <span class='ocr_line' id='line_1_77' title="bbox 1009 816 1797 861; baseline 0.003 -10"><span class='ocrx_word' id='word_1_582' title='bbox 1009 824 1142 852; x_wconf 87' lang='lat' dir='ltr'><strong>dicentem</strong></span> <span class='ocrx_word' id='word_1_583' title='bbox 1153 833 1159 851; x_wconf 92' lang='lat'>:</span> <span class='ocrx_word' id='word_1_584' title='bbox 1177 824 1226 851; x_wconf 81' lang='lat' dir='ltr'><strong>Hic</strong></span> <span class='ocrx_word' id='word_1_585' title='bbox 1238 830 1274 851; x_wconf 84' lang='lat' dir='ltr'><strong>est</strong></span> <span class='ocrx_word' id='word_1_586' title='bbox 1287 823 1370 852; x_wconf 79' lang='lat' dir='ltr'><strong>Filius</strong></span> <span class='ocrx_word' id='word_1_587' title='bbox 1379 816 1448 852; x_wconf 70' lang='lat' dir='ltr'><strong>mea:</strong></span> <span class='ocrx_word' id='word_1_588' title='bbox 1456 825 1562 853; x_wconf 79' lang='lat' dir='ltr'><strong>dilectus</strong></span> <span class='ocrx_word' id='word_1_589' title='bbox 1574 826 1678 861; x_wconf 81' lang='lat' dir='ltr'><strong>(Matth.</strong></span> <span class='ocrx_word' id='word_1_590' title='bbox 1691 827 1717 854; x_wconf 77' lang='lat'><strong>5.</strong></span> <span class='ocrx_word' id='word_1_591' title='bbox 1728 827 1772 860; x_wconf 76' lang='lat' dir='ltr'><strong>l7)</strong></span> <span class='ocrx_word' id='word_1_592' title='bbox 1788 834 1797 858; x_wconf 82' lang='lat'><strong>;</strong></span> 
     </span>
    </p>
   </div>
   <div class='ocr_carea' id='block_1_78' title="bbox 1009 869 1793 905">
    <p class='ocr_par' dir='ltr' id='par_1_78' title="bbox 1009 869 1793 905">
     <span class='ocr_line' id='line_1_78' title="bbox 1009 869 1793 905; baseline 0.004 -10"><span class='ocrx_word' id='word_1_593' title='bbox 1009 869 1130 896; x_wconf 88' lang='lat' dir='ltr'><strong>audierat</strong></span> <span class='ocrx_word' id='word_1_594' title='bbox 1146 869 1207 896; x_wconf 87' lang='lat' dir='ltr'><strong>item</strong></span> <span class='ocrx_word' id='word_1_595' title='bbox 1222 869 1352 896; x_wconf 78' lang='lat' dir='ltr'><strong>Joannem</strong></span> <span class='ocrx_word' id='word_1_596' title='bbox 1369 874 1441 896; x_wconf 87' lang='lat' dir='ltr'><strong>tanta</strong></span> <span class='ocrx_word' id='word_1_597' title='bbox 1456 870 1489 896; x_wconf 92' lang='lat' dir='ltr'><strong>de</strong></span> <span class='ocrx_word' id='word_1_598' title='bbox 1507 870 1564 905; x_wconf 88' lang='lat' dir='ltr'><strong>ipso</strong></span> <span class='ocrx_word' id='word_1_599' title='bbox 1589 870 1793 903; x_wconf 83' lang='lat' dir='ltr'><strong>testificantem;</strong></span> 
     </span>
    </p>
   </div>
   <div class='ocr_carea' id='block_1_79' title="bbox 1008 914 1797 949">
    <p class='ocr_par' dir='ltr' id='par_1_79' title="bbox 1008 914 1797 949">
     <span class='ocr_line' id='line_1_79' title="bbox 1008 914 1797 949; baseline 0.004 -8"><span class='ocrx_word' id='word_1_600' title='bbox 1008 914 1158 949; x_wconf 88' lang='lat' dir='ltr'><strong>deindeque</strong></span> <span class='ocrx_word' id='word_1_601' title='bbox 1169 914 1236 942; x_wconf 90' lang='lat' dir='ltr'><strong>vidit</strong></span> <span class='ocrx_word' id='word_1_602' title='bbox 1260 915 1334 941; x_wconf 93' lang='lat' dir='ltr'><strong>illum</strong></span> <span class='ocrx_word' id='word_1_603' title='bbox 1357 915 1517 942; x_wconf 84' lang='lat' dir='ltr'><strong>esurientem</strong></span> <span class='ocrx_word' id='word_1_604' title='bbox 1531 923 1537 941; x_wconf 87' lang='lat'><strong>:</strong></span> <span class='ocrx_word' id='word_1_605' title='bbox 1553 915 1670 943; x_wconf 88' lang='lat' dir='ltr'><strong>incertus</strong></span> <span class='ocrx_word' id='word_1_606' title='bbox 1691 916 1797 944; x_wconf 86' lang='lat' dir='ltr'><strong>demum</strong></span> 
     </span>
    </p>
   </div>
   <div class='ocr_carea' id='block_1_80' title="bbox 1008 960 1796 996">
    <p class='ocr_par' dir='ltr' id='par_1_80' title="bbox 1008 960 1796 996">
     <span class='ocr_line' id='line_1_80' title="bbox 1008 960 1796 996; baseline 0 -8"><span class='ocrx_word' id='word_1_607' title='bbox 1008 966 1082 992; x_wconf 86' lang='lat' dir='ltr'><strong>erat;</strong></span> <span class='ocrx_word' id='word_1_608' title='bbox 1097 968 1182 996; x_wconf 88' lang='lat' dir='ltr'><strong>neque</strong></span> <span class='ocrx_word' id='word_1_609' title='bbox 1196 960 1268 987; x_wconf 91' lang='lat' dir='ltr'><strong>enim</strong></span> <span class='ocrx_word' id='word_1_610' title='bbox 1281 961 1366 994; x_wconf 90' lang='lat' dir='ltr'><strong>ipsum</strong></span> <span class='ocrx_word' id='word_1_611' title='bbox 1382 961 1516 987; x_wconf 87' lang='lat' dir='ltr'><strong>hominem</strong></span> <span class='ocrx_word' id='word_1_612' title='bbox 1543 968 1603 988; x_wconf 88' lang='lat' dir='ltr'><strong>esse</strong></span> <span class='ocrx_word' id='word_1_613' title='bbox 1630 969 1724 995; x_wconf 91' lang='lat' dir='ltr'><strong>purum</strong></span> <span class='ocrx_word' id='word_1_614' title='bbox 1736 969 1796 989; x_wconf 87' lang='lat' dir='ltr'><strong>cre-</strong></span> 
     </span>
    </p>
   </div>
   <div class='ocr_carea' id='block_1_81' title="bbox 1008 1006 1796 1042">
    <p class='ocr_par' dir='ltr' id='par_1_81' title="bbox 1008 1006 1796 1042">
     <span class='ocr_line' id='line_1_81' title="bbox 1008 1006 1796 1042; baseline 0.001 -9"><span class='ocrx_word' id='word_1_615' title='bbox 1008 1006 1072 1033; x_wconf 89' lang='lat' dir='ltr'><strong>dere</strong></span> <span class='ocrx_word' id='word_1_616' title='bbox 1086 1011 1199 1041; x_wconf 84' lang='lat' dir='ltr'><strong>poterat,</strong></span> <span class='ocrx_word' id='word_1_617' title='bbox 1224 1006 1258 1033; x_wconf 91' lang='lat' dir='ltr'><strong>ob</strong></span> <span class='ocrx_word' id='word_1_618' title='bbox 1268 1014 1298 1032; x_wconf 85' lang='lat' dir='ltr'><strong>ea</strong></span> <span class='ocrx_word' id='word_1_619' title='bbox 1310 1014 1369 1040; x_wconf 73' lang='lat' dir='ltr'><strong>qua:</strong></span> <span class='ocrx_word' id='word_1_620' title='bbox 1383 1006 1416 1033; x_wconf 91' lang='lat' dir='ltr'><strong>de</strong></span> <span class='ocrx_word' id='word_1_621' title='bbox 1428 1006 1474 1032; x_wconf 92' lang='lat' dir='ltr'><strong>illo</strong></span> <span class='ocrx_word' id='word_1_622' title='bbox 1487 1006 1558 1033; x_wconf 90' lang='lat' dir='ltr'><strong>dicta</strong></span> <span class='ocrx_word' id='word_1_623' title='bbox 1576 1006 1696 1039; x_wconf 88' lang='lat' dir='ltr'><strong>fuerant,</strong></span> <span class='ocrx_word' id='word_1_624' title='bbox 1709 1014 1796 1042; x_wconf 87' lang='lat' dir='ltr'><strong>neque</strong></span> 
     </span>
    </p>
   </div>
   <div class='ocr_carea' id='block_1_82' title="bbox 1008 1052 1796 1087">
    <p class='ocr_par' dir='ltr' id='par_1_82' title="bbox 1008 1052 1796 1087">
     <span class='ocr_line' id='line_1_82' title="bbox 1008 1052 1796 1087; baseline 0 -7"><span class='ocrx_word' id='word_1_625' title='bbox 1008 1061 1069 1080; x_wconf 90' lang='lat' dir='ltr'><strong>eum</strong></span> <span class='ocrx_word' id='word_1_626' title='bbox 1078 1053 1172 1079; x_wconf 85' lang='lat' dir='ltr'><strong>Fiiium</strong></span> <span class='ocrx_word' id='word_1_627' title='bbox 1187 1053 1232 1080; x_wconf 91' lang='lat' dir='ltr'><strong>Dei</strong></span> <span class='ocrx_word' id='word_1_628' title='bbox 1247 1053 1396 1085; x_wconf 83' lang='lat' dir='ltr'><strong>admittere,</strong></span> <span class='ocrx_word' id='word_1_629' title='bbox 1408 1052 1477 1087; x_wconf 92' lang='lat' dir='ltr'><strong>quod</strong></span> <span class='ocrx_word' id='word_1_630' title='bbox 1487 1052 1588 1079; x_wconf 87' lang='lat' dir='ltr'><strong>videret</strong></span> <span class='ocrx_word' id='word_1_631' title='bbox 1599 1052 1672 1080; x_wconf 92' lang='lat' dir='ltr'><strong>illum</strong></span> <span class='ocrx_word' id='word_1_632' title='bbox 1683 1054 1796 1080; x_wconf 87' lang='lat' dir='ltr'><strong>esurire.</strong></span> 
     </span>
    </p>
   </div>
   <div class='ocr_carea' id='block_1_83' title="bbox 1008 1097 1796 1134">
    <p class='ocr_par' dir='ltr' id='par_1_83' title="bbox 1008 1097 1796 1134">
     <span class='ocr_line' id='line_1_83' title="bbox 1008 1097 1796 1134; baseline 0 -9"><span class='ocrx_word' id='word_1_633' title='bbox 1008 1099 1175 1134; x_wconf 86' lang='lat' dir='ltr'><strong>Quapropter</strong></span> <span class='ocrx_word' id='word_1_634' title='bbox 1200 1098 1295 1125; x_wconf 89' lang='lat' dir='ltr'><strong>dubius</strong></span> <span class='ocrx_word' id='word_1_635' title='bbox 1315 1098 1407 1130; x_wconf 82' lang='lat' dir='ltr'><strong>animi,</strong></span> <span class='ocrx_word' id='word_1_636' title='bbox 1428 1097 1522 1125; x_wconf 90' lang='lat' dir='ltr'><strong>dubias</strong></span> <span class='ocrx_word' id='word_1_637' title='bbox 1536 1098 1632 1125; x_wconf 88' lang='lat' dir='ltr'><strong>emittit</strong></span> <span class='ocrx_word' id='word_1_638' title='bbox 1647 1106 1736 1125; x_wconf 88' lang='lat' dir='ltr'><strong>voces.</strong></span> <span class='ocrx_word' id='word_1_639' title='bbox 1758 1099 1796 1125; x_wconf 81' lang='lat' dir='ltr'><strong>Ac</strong></span> 
     </span>
    </p>
   </div>
   <div class='ocr_carea' id='block_1_84' title="bbox 1007 1144 1794 1180">
    <p class='ocr_par' dir='ltr' id='par_1_84' title="bbox 1007 1144 1794 1180">
     <span class='ocr_line' id='line_1_84' title="bbox 1007 1144 1794 1180; baseline 0.001 -9"><span class='ocrx_word' id='word_1_640' title='bbox 1007 1145 1230 1180; x_wconf 88' lang='lat' dir='ltr'><strong>quemadmodum</strong></span> <span class='ocrx_word' id='word_1_641' title='bbox 1244 1144 1348 1171; x_wconf 85' lang='lat' dir='ltr'><strong>Adamo</strong></span> <span class='ocrx_word' id='word_1_642' title='bbox 1362 1145 1387 1171; x_wconf 91' lang='lat' dir='ltr'><strong>in</strong></span> <span class='ocrx_word' id='word_1_643' title='bbox 1401 1144 1531 1178; x_wconf 90' lang='lat' dir='ltr'><strong>principio</strong></span> <span class='ocrx_word' id='word_1_644' title='bbox 1543 1145 1648 1172; x_wconf 87' lang='lat' dir='ltr'><strong>obviam</strong></span> <span class='ocrx_word' id='word_1_645' title='bbox 1666 1145 1775 1173; x_wconf 86' lang='lat' dir='ltr'><strong>veniens</strong></span> <span class='ocrx_word' id='word_1_646' title='bbox 1786 1167 1794 1178; x_wconf 86' lang='lat'><strong>,</strong></span> 
     </span>
    </p>
   </div>
   <div class='ocr_carea' id='block_1_85' title="bbox 1007 1190 1794 1226">
    <p class='ocr_par' dir='ltr' id='par_1_85' title="bbox 1007 1190 1794 1226">
     <span class='ocr_line' id='line_1_85' title="bbox 1007 1190 1794 1226; baseline 0.003 -9"><span class='ocrx_word' id='word_1_647' title='bbox 1007 1199 1067 1226; x_wconf 74' lang='lat' dir='ltr'><strong>qua:</strong></span> <span class='ocrx_word' id='word_1_648' title='bbox 1083 1198 1134 1218; x_wconf 92' lang='lat' dir='ltr'><strong>non</strong></span> <span class='ocrx_word' id='word_1_649' title='bbox 1150 1196 1228 1218; x_wconf 88' lang='lat' dir='ltr'><strong>erant</strong></span> <span class='ocrx_word' id='word_1_650' title='bbox 1240 1190 1325 1225; x_wconf 82' lang='lat' dir='ltr'><strong>ﬁngit,</strong></span> <span class='ocrx_word' id='word_1_651' title='bbox 1341 1195 1368 1217; x_wconf 89' lang='lat' dir='ltr'><strong>ut</strong></span> <span class='ocrx_word' id='word_1_652' title='bbox 1379 1198 1437 1225; x_wconf 64' lang='lat' dir='ltr'><strong>quae</strong></span> <span class='ocrx_word' id='word_1_653' title='bbox 1452 1195 1529 1217; x_wconf 87' lang='lat' dir='ltr'><strong>erant</strong></span> <span class='ocrx_word' id='word_1_654' title='bbox 1546 1190 1692 1218; x_wconf 89' lang='lat' dir='ltr'><strong>edisceret:</strong></span> <span class='ocrx_word' id='word_1_655' title='bbox 1710 1191 1744 1218; x_wconf 90' lang='lat' dir='ltr'><strong>ita</strong></span> <span class='ocrx_word' id='word_1_656' title='bbox 1767 1196 1794 1219; x_wconf 85' lang='lat' dir='ltr'><strong>ct</strong></span> 
     </span>
    </p>
   </div>
   <div class='ocr_carea' id='block_1_86' title="bbox 1006 1236 1794 1271">
    <p class='ocr_par' dir='ltr' id='par_1_86' title="bbox 1006 1236 1794 1271">
     <span class='ocr_line' id='line_1_86' title="bbox 1006 1236 1794 1271; baseline -0.001 -7"><span class='ocrx_word' id='word_1_657' title='bbox 1006 1244 1085 1270; x_wconf 91' lang='lat' dir='ltr'><strong>nunc,</strong></span> <span class='ocrx_word' id='word_1_658' title='bbox 1095 1245 1155 1264; x_wconf 91' lang='lat' dir='ltr'><strong>cum</strong></span> <span class='ocrx_word' id='word_1_659' title='bbox 1175 1245 1226 1263; x_wconf 92' lang='lat' dir='ltr'><strong>non</strong></span> <span class='ocrx_word' id='word_1_660' title='bbox 1236 1236 1306 1264; x_wconf 88' lang='lat' dir='ltr'><strong>clare</strong></span> <span class='ocrx_word' id='word_1_661' title='bbox 1317 1240 1490 1271; x_wconf 78' lang='lat' dir='ltr'><strong>cognosceret</strong></span> <span class='ocrx_word' id='word_1_662' title='bbox 1502 1243 1626 1263; x_wconf 86' lang='lat' dir='ltr'><strong>arcanum</strong></span> <span class='ocrx_word' id='word_1_663' title='bbox 1638 1237 1794 1264; x_wconf 64' lang='lat' dir='ltr'><strong>oeconomia:</strong></span> 
     </span>
    </p>
   </div>
   <div class='ocr_carea' id='block_1_87' title="bbox 1007 1282 1793 1319">
    <p class='ocr_par' dir='ltr' id='par_1_87' title="bbox 1007 1282 1793 1319">
     <span class='ocr_line' id='line_1_87' title="bbox 1007 1282 1793 1319; baseline 0 -10"><span class='ocrx_word' id='word_1_664' title='bbox 1007 1284 1174 1319; x_wconf 81' lang='lat' dir='ltr'><strong>mysterium,</strong></span> <span class='ocrx_word' id='word_1_665' title='bbox 1192 1290 1240 1310; x_wconf 91' lang='lat' dir='ltr'><strong>nec</strong></span> <span class='ocrx_word' id='word_1_666' title='bbox 1254 1283 1313 1317; x_wconf 86' lang='lat' dir='ltr'><strong>quis</strong></span> <span class='ocrx_word' id='word_1_667' title='bbox 1334 1287 1406 1310; x_wconf 87' lang='lat' dir='ltr'><strong>esset</strong></span> <span class='ocrx_word' id='word_1_668' title='bbox 1433 1282 1476 1309; x_wconf 89' lang='lat' dir='ltr'><strong>ille</strong></span> <span class='ocrx_word' id='word_1_669' title='bbox 1492 1286 1555 1309; x_wconf 91' lang='lat' dir='ltr'><strong>tunc</strong></span> <span class='ocrx_word' id='word_1_670' title='bbox 1581 1290 1699 1317; x_wconf 76' lang='lat' dir='ltr'><strong>pra-scus</strong></span> <span class='ocrx_word' id='word_1_671' title='bbox 1711 1303 1718 1313; x_wconf 89' lang='lat'><strong>,</strong></span> <span class='ocrx_word' id='word_1_672' title='bbox 1742 1283 1793 1309; x_wconf 87' lang='lat' dir='ltr'><strong>alia</strong></span> 
     </span>
    </p>
   </div>
   <div class='ocr_carea' id='block_1_88' title="bbox 1007 1328 1795 1363">
    <p class='ocr_par' dir='ltr' id='par_1_88' title="bbox 1007 1328 1795 1363">
     <span class='ocr_line' id='line_1_88' title="bbox 1007 1328 1795 1363; baseline -0.001 -7"><span class='ocrx_word' id='word_1_673' title='bbox 1007 1333 1114 1356; x_wconf 86' lang='lat' dir='ltr'><strong>nectere</strong></span> <span class='ocrx_word' id='word_1_674' title='bbox 1128 1330 1194 1356; x_wconf 89' lang='lat' dir='ltr'><strong>retia</strong></span> <span class='ocrx_word' id='word_1_675' title='bbox 1208 1329 1328 1359; x_wconf 88' lang='lat' dir='ltr'><strong>molitur,</strong></span> <span class='ocrx_word' id='word_1_676' title='bbox 1340 1329 1415 1363; x_wconf 89' lang='lat' dir='ltr'><strong>queis</strong></span> <span class='ocrx_word' id='word_1_677' title='bbox 1429 1328 1546 1363; x_wconf 89' lang='lat' dir='ltr'><strong>putabat,</strong></span> <span class='ocrx_word' id='word_1_678' title='bbox 1560 1328 1586 1355; x_wconf 92' lang='lat' dir='ltr'><strong>id</strong></span> <span class='ocrx_word' id='word_1_679' title='bbox 1599 1329 1669 1363; x_wconf 91' lang='lat' dir='ltr'><strong>quod</strong></span> <span class='ocrx_word' id='word_1_680' title='bbox 1683 1329 1795 1356; x_wconf 80' lang='lat' dir='ltr'><strong>abscon-</strong></span> 
     </span>
    </p>
   </div>
   <div class='ocr_carea' id='block_1_89' title="bbox 1006 1373 1792 1409">
    <p class='ocr_par' dir='ltr' id='par_1_89' title="bbox 1006 1373 1792 1409">
     <span class='ocr_line' id='line_1_89' title="bbox 1006 1373 1792 1409; baseline -0.001 -7"><span class='ocrx_word' id='word_1_681' title='bbox 1006 1375 1090 1402; x_wconf 89' lang='lat' dir='ltr'><strong>ditum</strong></span> <span class='ocrx_word' id='word_1_682' title='bbox 1106 1374 1303 1409; x_wconf 58' lang='lat' dir='ltr'><strong>obscurumque</strong></span> <span class='ocrx_word' id='word_1_683' title='bbox 1328 1379 1385 1401; x_wconf 82' lang='lat' dir='ltr'><strong>erat</strong></span> <span class='ocrx_word' id='word_1_684' title='bbox 1404 1382 1433 1401; x_wconf 90' lang='lat' dir='ltr'><strong>se</strong></span> <span class='ocrx_word' id='word_1_685' title='bbox 1448 1373 1550 1400; x_wconf 86' lang='lat' dir='ltr'><strong>discere</strong></span> <span class='ocrx_word' id='word_1_686' title='bbox 1574 1381 1662 1408; x_wconf 87' lang='lat' dir='ltr'><strong>posse.</strong></span> <span class='ocrx_word' id='word_1_687' title='bbox 1692 1374 1792 1408; x_wconf 84' lang='lat' dir='ltr'><strong>Ecquid</strong></span> 
     </span>
    </p>
   </div>
   <div class='ocr_carea' id='block_1_90' title="bbox 1006 1420 1791 1455">
    <p class='ocr_par' dir='ltr' id='par_1_90' title="bbox 1006 1420 1791 1455">
     <span class='ocr_line' id='line_1_90' title="bbox 1006 1420 1791 1455; baseline 0.001 -8"><span class='ocrx_word' id='word_1_688' title='bbox 1006 1421 1061 1448; x_wconf 88' lang='lat' dir='ltr'><strong>ait?</strong></span> <span class='ocrx_word' id='word_1_689' title='bbox 1077 1421 1106 1447; x_wconf 86' lang='lat' dir='ltr'><strong>Si</strong></span> <span class='ocrx_word' id='word_1_690' title='bbox 1122 1420 1208 1448; x_wconf 81' lang='lat' dir='ltr'><strong>Filius</strong></span> <span class='ocrx_word' id='word_1_691' title='bbox 1226 1421 1273 1447; x_wconf 82' lang='lat' dir='ltr'><strong>Dei</strong></span> <span class='ocrx_word' id='word_1_692' title='bbox 1285 1429 1320 1453; x_wconf 81' lang='lat' dir='ltr'><strong>es,</strong></span> <span class='ocrx_word' id='word_1_693' title='bbox 1330 1421 1370 1447; x_wconf 81' lang='lat' dir='ltr'><strong>dic</strong></span> <span class='ocrx_word' id='word_1_694' title='bbox 1388 1425 1414 1446; x_wconf 86' lang='lat' dir='ltr'><strong>ut</strong></span> <span class='ocrx_word' id='word_1_695' title='bbox 1434 1420 1532 1454; x_wconf 76' lang='lat' dir='ltr'><strong>lapides</strong></span> <span class='ocrx_word' id='word_1_696' title='bbox 1549 1421 1591 1447; x_wconf 82' lang='lat' dir='ltr'><strong>isti</strong></span> <span class='ocrx_word' id='word_1_697' title='bbox 1617 1429 1693 1452; x_wconf 80' lang='lat' dir='ltr'><strong>panes</strong></span> <span class='ocrx_word' id='word_1_698' title='bbox 1718 1422 1791 1455; x_wconf 84' lang='lat' dir='ltr'><strong>ﬁant.</strong></span> 
     </span>
    </p>
   </div>
   <div class='ocr_carea' id='block_1_91' title="bbox 1004 1464 1793 1500">
    <p class='ocr_par' dir='ltr' id='par_1_91' title="bbox 1004 1464 1793 1500">
     <span class='ocr_line' id='line_1_91' title="bbox 1004 1464 1793 1500; baseline -0.003 -6"><span class='ocrx_word' id='word_1_699' title='bbox 1004 1466 1061 1494; x_wconf 92' lang='lat' dir='ltr'><strong>Non</strong></span> <span class='ocrx_word' id='word_1_700' title='bbox 1075 1466 1151 1498; x_wconf 87' lang='lat' dir='ltr'><strong>dixit,</strong></span> <span class='ocrx_word' id='word_1_701' title='bbox 1163 1465 1292 1499; x_wconf 84' lang='lat' dir='ltr'><strong>Quoniam</strong></span> <span class='ocrx_word' id='word_1_702' title='bbox 1306 1465 1408 1497; x_wconf 90' lang='lat' dir='ltr'><strong>esuris;</strong></span> <span class='ocrx_word' id='word_1_703' title='bbox 1421 1465 1479 1497; x_wconf 89' lang='lat' dir='ltr'><strong>sed,</strong></span> <span class='ocrx_word' id='word_1_704' title='bbox 1494 1464 1525 1492; x_wconf 87' lang='lat' dir='ltr'><strong>Si</strong></span> <span class='ocrx_word' id='word_1_705' title='bbox 1536 1464 1619 1492; x_wconf 80' lang='lat' dir='ltr'><strong>Filius</strong></span> <span class='ocrx_word' id='word_1_706' title='bbox 1629 1465 1676 1492; x_wconf 86' lang='lat' dir='ltr'><strong>Dei</strong></span> <span class='ocrx_word' id='word_1_707' title='bbox 1691 1474 1733 1492; x_wconf 79' lang='lat' dir='ltr'><strong>es:</strong></span> <span class='ocrx_word' id='word_1_708' title='bbox 1747 1474 1793 1500; x_wconf 90' lang='lat' dir='ltr'><strong>pu-</strong></span> 
     </span>
    </p>
   </div>
   <div class='ocr_carea' id='block_1_92' title="bbox 1007 1510 1792 1546">
    <p class='ocr_par' dir='ltr' id='par_1_92' title="bbox 1007 1510 1792 1546">
     <span class='ocr_line' id='line_1_92' title="bbox 1007 1510 1792 1546; baseline 0.001 -8"><span class='ocrx_word' id='word_1_709' title='bbox 1007 1516 1065 1538; x_wconf 88' lang='lat' dir='ltr'><strong>tans</strong></span> <span class='ocrx_word' id='word_1_710' title='bbox 1078 1520 1107 1538; x_wconf 88' lang='lat' dir='ltr'><strong>se</strong></span> <span class='ocrx_word' id='word_1_711' title='bbox 1122 1519 1201 1546; x_wconf 86' lang='lat' dir='ltr'><strong>posse</strong></span> <span class='ocrx_word' id='word_1_712' title='bbox 1213 1511 1286 1538; x_wconf 91' lang='lat' dir='ltr'><strong>illum</strong></span> <span class='ocrx_word' id='word_1_713' title='bbox 1299 1511 1434 1546; x_wconf 77' lang='lat' dir='ltr'><strong>pellicere.</strong></span> <span class='ocrx_word' id='word_1_714' title='bbox 1457 1510 1519 1537; x_wconf 85' lang='lat' dir='ltr'><strong>ideo</strong></span> <span class='ocrx_word' id='word_1_715' title='bbox 1531 1510 1628 1539; x_wconf 85' lang='lat' dir='ltr'><strong>famem</strong></span> <span class='ocrx_word' id='word_1_716' title='bbox 1643 1511 1734 1543; x_wconf 87' lang='lat' dir='ltr'><strong>tacuit,</strong></span> <span class='ocrx_word' id='word_1_717' title='bbox 1758 1520 1792 1539; x_wconf 91' lang='lat' dir='ltr'><strong>ne</strong></span> 
     </span>
    </p>
   </div>
   <div class='ocr_carea' id='block_1_93' title="bbox 1003 1556 1791 1592">
    <p class='ocr_par' dir='ltr' id='par_1_93' title="bbox 1003 1556 1791 1592">
     <span class='ocr_line' id='line_1_93' title="bbox 1003 1556 1791 1592; baseline -0.001 -7"><span class='ocrx_word' id='word_1_718' title='bbox 1003 1558 1138 1585; x_wconf 84' lang='lat' dir='ltr'><strong>videretur</strong></span> <span class='ocrx_word' id='word_1_719' title='bbox 1153 1557 1215 1585; x_wconf 92' lang='lat' dir='ltr'><strong>illud</strong></span> <span class='ocrx_word' id='word_1_720' title='bbox 1232 1558 1281 1592; x_wconf 92' lang='lat' dir='ltr'><strong>ipsi</strong></span> <span class='ocrx_word' id='word_1_721' title='bbox 1295 1557 1412 1592; x_wconf 88' lang='lat' dir='ltr'><strong>proferre</strong></span> <span class='ocrx_word' id='word_1_722' title='bbox 1424 1561 1451 1584; x_wconf 90' lang='lat' dir='ltr'><strong>ut</strong></span> <span class='ocrx_word' id='word_1_723' title='bbox 1463 1557 1646 1592; x_wconf 81' lang='lat' dir='ltr'><strong>exprobraret.</strong></span> <span class='ocrx_word' id='word_1_724' title='bbox 1657 1556 1723 1584; x_wconf 91' lang='lat' dir='ltr'><strong>Cum</strong></span> <span class='ocrx_word' id='word_1_725' title='bbox 1738 1565 1791 1584; x_wconf 84' lang='lat' dir='ltr'><strong>non</strong></span> 
     </span>
    </p>
   </div>
   <div class='ocr_carea' id='block_1_94' title="bbox 1004 1603 1793 1638">
    <p class='ocr_par' dir='ltr' id='par_1_94' title="bbox 1004 1603 1793 1638">
     <span class='ocr_line' id='line_1_94' title="bbox 1004 1603 1793 1638; baseline -0.003 -7"><span class='ocrx_word' id='word_1_726' title='bbox 1004 1609 1095 1631; x_wconf 78' lang='lat' dir='ltr'><strong>nasse!</strong></span> <span class='ocrx_word' id='word_1_727' title='bbox 1114 1604 1185 1631; x_wconf 88' lang='lat' dir='ltr'><strong>enim</strong></span> <span class='ocrx_word' id='word_1_728' title='bbox 1214 1611 1303 1631; x_wconf 88' lang='lat' dir='ltr'><strong>rerum</strong></span> <span class='ocrx_word' id='word_1_729' title='bbox 1326 1611 1385 1638; x_wconf 67' lang='lat' dir='ltr'><strong>qua:</strong></span> <span class='ocrx_word' id='word_1_730' title='bbox 1400 1603 1623 1638; x_wconf 87' lang='lat' dir='ltr'><strong>dispensabantur</strong></span> <span class='ocrx_word' id='word_1_731' title='bbox 1634 1604 1793 1637; x_wconf 80' lang='lat' dir='ltr'><strong>magnitudi-</strong></span> 
     </span>
    </p>
   </div>
   <div class='ocr_carea' id='block_1_95' title="bbox 1004 1648 1794 1684">
    <p class='ocr_par' dir='ltr' id='par_1_95' title="bbox 1004 1648 1794 1684">
     <span class='ocr_line' id='line_1_95' title="bbox 1004 1648 1794 1684; baseline -0.003 -7"><span class='ocrx_word' id='word_1_732' title='bbox 1004 1659 1075 1682; x_wconf 86' lang='lat' dir='ltr'><strong>nem,</strong></span> <span class='ocrx_word' id='word_1_733' title='bbox 1093 1650 1117 1677; x_wconf 90' lang='lat' dir='ltr'><strong>id</strong></span> <span class='ocrx_word' id='word_1_734' title='bbox 1130 1650 1166 1677; x_wconf 93' lang='lat' dir='ltr'><strong>illi</strong></span> <span class='ocrx_word' id='word_1_735' title='bbox 1182 1649 1280 1684; x_wconf 89' lang='lat' dir='ltr'><strong>probro</strong></span> <span class='ocrx_word' id='word_1_736' title='bbox 1291 1649 1347 1676; x_wconf 91' lang='lat' dir='ltr'><strong>fore</strong></span> <span class='ocrx_word' id='word_1_737' title='bbox 1361 1649 1469 1683; x_wconf 85' lang='lat' dir='ltr'><strong>putabat</strong></span> <span class='ocrx_word' id='word_1_738' title='bbox 1484 1654 1665 1684; x_wconf 87' lang='lat' dir='ltr'><strong>:quapropter</strong></span> <span class='ocrx_word' id='word_1_739' title='bbox 1681 1648 1794 1675; x_wconf 83' lang='lat' dir='ltr'><strong>adulan-</strong></span> 
     </span>
    </p>
   </div>
   <div class='ocr_carea' id='block_1_96' title="bbox 1005 1695 1791 1731">
    <p class='ocr_par' dir='ltr' id='par_1_96' title="bbox 1005 1695 1791 1731">
     <span class='ocr_line' id='line_1_96' title="bbox 1005 1695 1791 1731; baseline -0.003 -7"><span class='ocrx_word' id='word_1_740' title='bbox 1005 1699 1038 1724; x_wconf 90' lang='lat' dir='ltr'><strong>tis</strong></span> <span class='ocrx_word' id='word_1_741' title='bbox 1051 1705 1125 1724; x_wconf 91' lang='lat' dir='ltr'><strong>more</strong></span> <span class='ocrx_word' id='word_1_742' title='bbox 1141 1696 1253 1724; x_wconf 87' lang='lat' dir='ltr'><strong>subdole</strong></span> <span class='ocrx_word' id='word_1_743' title='bbox 1273 1696 1429 1731; x_wconf 85' lang='lat' dir='ltr'><strong>dignitatem</strong></span> <span class='ocrx_word' id='word_1_744' title='bbox 1457 1696 1516 1729; x_wconf 88' lang='lat' dir='ltr'><strong>ejus</strong></span> <span class='ocrx_word' id='word_1_745' title='bbox 1541 1695 1624 1722; x_wconf 90' lang='lat' dir='ltr'><strong>solam</strong></span> <span class='ocrx_word' id='word_1_746' title='bbox 1650 1699 1791 1722; x_wconf 88' lang='lat' dir='ltr'><strong>memorat.</strong></span> 
     </span>
    </p>
   </div>
   <div class='ocr_carea' id='block_1_97' title="bbox 1004 1741 1793 1778">
    <p class='ocr_par' dir='ltr' id='par_1_97' title="bbox 1004 1741 1793 1778">
     <span class='ocr_line' id='line_1_97' title="bbox 1004 1741 1793 1778; baseline -0.004 -8"><span class='ocrx_word' id='word_1_747' title='bbox 1004 1744 1071 1778; x_wconf 88' lang='lat' dir='ltr'><strong>Quid</strong></span> <span class='ocrx_word' id='word_1_748' title='bbox 1094 1744 1174 1778; x_wconf 77' lang='lat' dir='ltr'><strong>igitur</strong></span> <span class='ocrx_word' id='word_1_749' title='bbox 1185 1742 1325 1770; x_wconf 88' lang='lat' dir='ltr'><strong>Christus?</strong></span> <span class='ocrx_word' id='word_1_750' title='bbox 1334 1741 1444 1769; x_wconf 88' lang='lat' dir='ltr'><strong>Fastum</strong></span> <span class='ocrx_word' id='word_1_751' title='bbox 1452 1741 1510 1776; x_wconf 88' lang='lat' dir='ltr'><strong>ejus</strong></span> <span class='ocrx_word' id='word_1_752' title='bbox 1520 1741 1671 1776; x_wconf 89' lang='lat' dir='ltr'><strong>deprimens</strong></span> <span class='ocrx_word' id='word_1_753' title='bbox 1681 1762 1688 1772; x_wconf 93' lang='lat'><strong>,</strong></span> <span class='ocrx_word' id='word_1_754' title='bbox 1703 1746 1793 1768; x_wconf 80' lang='lat' dir='ltr'><strong>osten—</strong></span> 
     </span>
    </p>
   </div>
   <div class='ocr_carea' id='block_1_98' title="bbox 1004 1786 1792 1825">
    <p class='ocr_par' dir='ltr' id='par_1_98' title="bbox 1004 1786 1792 1825">
     <span class='ocr_line' id='line_1_98' title="bbox 1004 1786 1792 1825; baseline -0.008 -7"><span class='ocrx_word' id='word_1_755' title='bbox 1004 1791 1123 1825; x_wconf 89' lang='lat' dir='ltr'><strong>densque</strong></span> <span class='ocrx_word' id='word_1_756' title='bbox 1137 1797 1186 1817; x_wconf 89' lang='lat' dir='ltr'><strong>nec</strong></span> <span class='ocrx_word' id='word_1_757' title='bbox 1197 1789 1356 1823; x_wconf 87' lang='lat' dir='ltr'><strong>probrosum</strong></span> <span class='ocrx_word' id='word_1_758' title='bbox 1371 1787 1398 1814; x_wconf 89' lang='lat' dir='ltr'><strong>id</strong></span> <span class='ocrx_word' id='word_1_759' title='bbox 1414 1795 1475 1814; x_wconf 86' lang='lat' dir='ltr'><strong>esse</strong></span> <span class='ocrx_word' id='word_1_760' title='bbox 1492 1786 1561 1822; x_wconf 90' lang='lat' dir='ltr'><strong>quod</strong></span> <span class='ocrx_word' id='word_1_761' title='bbox 1577 1786 1726 1818; x_wconf 87' lang='lat' dir='ltr'><strong>acciderat,</strong></span> <span class='ocrx_word' id='word_1_762' title='bbox 1743 1794 1792 1813; x_wconf 86' lang='lat' dir='ltr'><strong>nec</strong></span> 
     </span>
    </p>
   </div>
   <div class='ocr_carea' id='block_1_99' title="bbox 1007 1832 1790 1872">
    <p class='ocr_par' dir='ltr' id='par_1_99' title="bbox 1007 1832 1790 1872">
     <span class='ocr_line' id='line_1_99' title="bbox 1007 1832 1790 1872; baseline -0.009 -8"><span class='ocrx_word' id='word_1_763' title='bbox 1007 1836 1136 1872; x_wconf 86' lang='lat' dir='ltr'><strong>sapientia</strong></span> <span class='ocrx_word' id='word_1_764' title='bbox 1151 1843 1198 1862; x_wconf 89' lang='lat' dir='ltr'><strong>sua</strong></span> <span class='ocrx_word' id='word_1_765' title='bbox 1214 1834 1362 1868; x_wconf 77' lang='lat' dir='ltr'><strong>indignum,</strong></span> <span class='ocrx_word' id='word_1_766' title='bbox 1375 1833 1446 1868; x_wconf 91' lang='lat' dir='ltr'><strong>quod</strong></span> <span class='ocrx_word' id='word_1_767' title='bbox 1457 1833 1501 1860; x_wconf 91' lang='lat' dir='ltr'><strong>ille</strong></span> <span class='ocrx_word' id='word_1_768' title='bbox 1512 1832 1646 1859; x_wconf 90' lang='lat' dir='ltr'><strong>adulando</strong></span> <span class='ocrx_word' id='word_1_769' title='bbox 1655 1836 1773 1858; x_wconf 87' lang='lat' dir='ltr'><strong>tacuerat</strong></span> <span class='ocrx_word' id='word_1_770' title='bbox 1783 1853 1790 1865; x_wconf 88' lang='lat'><strong>,</strong></span> 
     </span>
    </p>
   </div>
   <div class='ocr_carea' id='block_1_100' title="bbox 1006 1877 1794 1915">
    <p class='ocr_par' dir='ltr' id='par_1_100' title="bbox 1006 1877 1794 1915">
     <span class='ocr_line' id='line_1_100' title="bbox 1006 1877 1794 1915; baseline -0.006 -6"><span class='ocrx_word' id='word_1_771' title='bbox 1006 1883 1056 1909; x_wconf 85' lang='lat' dir='ltr'><strong>huc</strong></span> <span class='ocrx_word' id='word_1_772' title='bbox 1069 1883 1095 1909; x_wconf 89' lang='lat' dir='ltr'><strong>in</strong></span> <span class='ocrx_word' id='word_1_773' title='bbox 1108 1881 1223 1908; x_wconf 90' lang='lat' dir='ltr'><strong>medium</strong></span> <span class='ocrx_word' id='word_1_774' title='bbox 1236 1879 1339 1915; x_wconf 90' lang='lat' dir='ltr'><strong>profert</strong></span> <span class='ocrx_word' id='word_1_775' title='bbox 1350 1887 1382 1906; x_wconf 89' lang='lat' dir='ltr'><strong>ac</strong></span> <span class='ocrx_word' id='word_1_776' title='bbox 1396 1879 1477 1906; x_wconf 90' lang='lat' dir='ltr'><strong>dicit:</strong></span> <span class='ocrx_word' id='word_1_777' title='bbox 1493 1879 1521 1906; x_wconf 76' lang='grc'><strong>4.</strong></span> <span class='ocrx_word' id='word_1_778' title='bbox 1535 1877 1596 1905; x_wconf 87' lang='lat' dir='ltr'><strong>Non</strong></span> <span class='ocrx_word' id='word_1_779' title='bbox 1608 1878 1635 1904; x_wconf 84' lang='lat' dir='ltr'><strong>in</strong></span> <span class='ocrx_word' id='word_1_780' title='bbox 1650 1878 1704 1905; x_wconf 85' lang='lat' dir='ltr'><strong>solo</strong></span> <span class='ocrx_word' id='word_1_781' title='bbox 1727 1886 1794 1912; x_wconf 76' lang='lat' dir='ltr'><strong>pane</strong></span> 
     </span>
    </p>
   </div>
   <div class='ocr_carea' id='block_1_101' title="bbox 1004 1923 1793 1958">
    <p class='ocr_par' dir='ltr' id='par_1_101' title="bbox 1004 1923 1793 1958">
     <span class='ocr_line' id='line_1_101' title="bbox 1004 1923 1793 1958; baseline -0.009 -2"><span class='ocrx_word' id='word_1_782' title='bbox 1004 1930 1067 1956; x_wconf 79' lang='lat' dir='ltr'><strong>vivet</strong></span> <span class='ocrx_word' id='word_1_783' title='bbox 1077 1929 1161 1956; x_wconf 74' lang='lat' dir='ltr'><strong>hoino.</strong></span> <span class='ocrx_word' id='word_1_784' title='bbox 1185 1927 1231 1955; x_wconf 88' lang='lat' dir='ltr'><strong>Sic</strong></span> <span class='ocrx_word' id='word_1_785' title='bbox 1242 1935 1256 1953; x_wconf 91' lang='lat' dir='ltr'><strong>a</strong></span> <span class='ocrx_word' id='word_1_786' title='bbox 1270 1926 1429 1953; x_wconf 88' lang='lat' dir='ltr'><strong>necessitate</strong></span> <span class='ocrx_word' id='word_1_787' title='bbox 1444 1924 1544 1952; x_wconf 86' lang='lat' dir='ltr'><strong>ventris</strong></span> <span class='ocrx_word' id='word_1_788' title='bbox 1559 1923 1660 1958; x_wconf 90' lang='lat' dir='ltr'><strong>incipit.</strong></span> <span class='ocrx_word' id='word_1_789' title='bbox 1673 1923 1713 1950; x_wconf 90' lang='lat' dir='ltr'><strong>Tu</strong></span> <span class='ocrx_word' id='word_1_790' title='bbox 1728 1931 1793 1950; x_wconf 88' lang='lat' dir='ltr'><strong>vero</strong></span> 
     </span>
    </p>
   </div>
   <div class='ocr_carea' id='block_1_102' title="bbox 1005 1968 1792 2007">
    <p class='ocr_par' dir='ltr' id='par_1_102' title="bbox 1005 1968 1792 2007">
     <span class='ocr_line' id='line_1_102' title="bbox 1005 1968 1792 2007; baseline -0.008 -6"><span class='ocrx_word' id='word_1_791' title='bbox 1005 1975 1069 2002; x_wconf 92' lang='lat' dir='ltr'><strong>mihi</strong></span> <span class='ocrx_word' id='word_1_792' title='bbox 1084 1972 1192 2007; x_wconf 81' lang='lat' dir='ltr'><strong>maligni</strong></span> <span class='ocrx_word' id='word_1_793' title='bbox 1205 1971 1335 1999; x_wconf 61' lang='lat' dir='ltr'><strong>daemonis</strong></span> <span class='ocrx_word' id='word_1_794' title='bbox 1345 1970 1489 1998; x_wconf 89' lang='lat' dir='ltr'><strong>versutiam</strong></span> <span class='ocrx_word' id='word_1_795' title='bbox 1511 1969 1644 2004; x_wconf 89' lang='lat' dir='ltr'><strong>perpende</strong></span> <span class='ocrx_word' id='word_1_796' title='bbox 1657 1989 1664 2002; x_wconf 86' lang='lat'><strong>,</strong></span> <span class='ocrx_word' id='word_1_797' title='bbox 1679 1973 1706 1996; x_wconf 90' lang='lat' dir='ltr'><strong>et</strong></span> <span class='ocrx_word' id='word_1_798' title='bbox 1721 1968 1792 1996; x_wconf 94' lang='lat' dir='ltr'><strong>unde</strong></span> 
     </span>
    </p>
   </div>
   <div class='ocr_carea' id='block_1_103' title="bbox 1005 2015 1792 2053">
    <p class='ocr_par' dir='ltr' id='par_1_103' title="bbox 1005 2015 1792 2053">
     <span class='ocr_line' id='line_1_103' title="bbox 1005 2015 1792 2053; baseline -0.01 -3"><span class='ocrx_word' id='word_1_799' title='bbox 1005 2027 1141 2050; x_wconf 85' lang='lat' dir='ltr'><strong>certamen</strong></span> <span class='ocrx_word' id='word_1_800' title='bbox 1158 2019 1274 2053; x_wconf 88' lang='lat' dir='ltr'><strong>incipiat,</strong></span> <span class='ocrx_word' id='word_1_801' title='bbox 1301 2021 1328 2045; x_wconf 91' lang='lat' dir='ltr'><strong>et</strong></span> <span class='ocrx_word' id='word_1_802' title='bbox 1339 2016 1472 2052; x_wconf 86' lang='lat' dir='ltr'><strong>quomodo</strong></span> <span class='ocrx_word' id='word_1_803' title='bbox 1487 2023 1541 2043; x_wconf 62' lang='lat' dir='ltr'><strong>sua:</strong></span> <span class='ocrx_word' id='word_1_804' title='bbox 1557 2023 1608 2042; x_wconf 91' lang='lat' dir='ltr'><strong>non</strong></span> <span class='ocrx_word' id='word_1_805' title='bbox 1621 2015 1792 2042; x_wconf 87' lang='lat' dir='ltr'><strong>obliviscatur</strong></span> 
     </span>
    </p>
   </div>
   <div class='ocr_carea' id='block_1_104' title="bbox 1005 2060 1790 2098">
    <p class='ocr_par' dir='ltr' id='par_1_104' title="bbox 1005 2060 1790 2098">
     <span class='ocr_line' id='line_1_104' title="bbox 1005 2060 1790 2098; baseline -0.013 -3"><span class='ocrx_word' id='word_1_806' title='bbox 1005 2067 1081 2095; x_wconf 88' lang='lat' dir='ltr'><strong>artis.</strong></span> <span class='ocrx_word' id='word_1_807' title='bbox 1094 2066 1134 2093; x_wconf 86' lang='lat' dir='ltr'><strong>Ab</strong></span> <span class='ocrx_word' id='word_1_808' title='bbox 1148 2065 1181 2092; x_wconf 87' lang='lat' dir='ltr'><strong>iis</strong></span> <span class='ocrx_word' id='word_1_809' title='bbox 1191 2065 1264 2092; x_wconf 91' lang='lat' dir='ltr'><strong>enim</strong></span> <span class='ocrx_word' id='word_1_810' title='bbox 1275 2063 1351 2098; x_wconf 87' lang='lat' dir='ltr'><strong>queis</strong></span> <span class='ocrx_word' id='word_1_811' title='bbox 1365 2062 1479 2096; x_wconf 92' lang='lat' dir='ltr'><strong>primum</strong></span> <span class='ocrx_word' id='word_1_812' title='bbox 1495 2061 1630 2087; x_wconf 90' lang='lat' dir='ltr'><strong>hominem</strong></span> <span class='ocrx_word' id='word_1_813' title='bbox 1642 2060 1790 2095; x_wconf 85' lang='lat' dir='ltr'><strong>dejecerat,</strong></span> 
     </span>
    </p>
   </div>
   <div class='ocr_carea' id='block_1_105' title="bbox 1004 2106 1791 2142">
    <p class='ocr_par' dir='ltr' id='par_1_105' title="bbox 1004 2106 1791 2142">
     <span class='ocr_line' id='line_1_105' title="bbox 1004 2106 1791 2142; baseline -0.013 0"><span class='ocrx_word' id='word_1_814' title='bbox 1004 2121 1036 2142; x_wconf 89' lang='lat' dir='ltr'><strong>ac</strong></span> <span class='ocrx_word' id='word_1_815' title='bbox 1049 2113 1181 2141; x_wconf 85' lang='lat' dir='ltr'><strong>sexcentis</strong></span> <span class='ocrx_word' id='word_1_816' title='bbox 1193 2112 1271 2139; x_wconf 86' lang='lat' dir='ltr'><strong>malis</strong></span> <span class='ocrx_word' id='word_1_817' title='bbox 1284 2107 1527 2140; x_wconf 72' lang='lat' dir='ltr'><strong>circumdederat‘,</strong></span> <span class='ocrx_word' id='word_1_818' title='bbox 1545 2107 1579 2133; x_wconf 88' lang='lat' dir='ltr'><strong>ab</strong></span> <span class='ocrx_word' id='word_1_819' title='bbox 1592 2106 1685 2134; x_wconf 89' lang='lat' dir='ltr'><strong>iisdem</strong></span> <span class='ocrx_word' id='word_1_820' title='bbox 1700 2106 1791 2133; x_wconf 90' lang='lat' dir='ltr'><strong>dolum</strong></span> 
     </span>
    </p>
   </div>
   <div class='ocr_carea' id='block_1_106' title="bbox 1005 2152 1792 2191">
    <p class='ocr_par' dir='ltr' id='par_1_106' title="bbox 1005 2152 1792 2191">
     <span class='ocr_line' id='line_1_106' title="bbox 1005 2152 1792 2191; baseline -0.014 -3"><span class='ocrx_word' id='word_1_821' title='bbox 1005 2160 1097 2191; x_wconf 90' lang='lat' dir='ltr'><strong>nectit,</strong></span> <span class='ocrx_word' id='word_1_822' title='bbox 1112 2159 1145 2186; x_wconf 89' lang='lat' dir='ltr'><strong>dc</strong></span> <span class='ocrx_word' id='word_1_823' title='bbox 1158 2157 1257 2185; x_wconf 86' lang='lat' dir='ltr'><strong>ventris</strong></span> <span class='ocrx_word' id='word_1_824' title='bbox 1271 2155 1471 2190; x_wconf 88' lang='lat' dir='ltr'><strong>intemperantia</strong></span> <span class='ocrx_word' id='word_1_825' title='bbox 1486 2153 1590 2187; x_wconf 90' lang='lat' dir='ltr'><strong>loquor.</strong></span> <span class='ocrx_word' id='word_1_826' title='bbox 1602 2152 1698 2179; x_wconf 84' lang='lat' dir='ltr'><strong>Multos</strong></span> <span class='ocrx_word' id='word_1_827' title='bbox 1712 2152 1792 2179; x_wconf 87' lang='lat' dir='ltr'><strong>etiam</strong></span> 
     </span>
    </p>
   </div>
   <div class='ocr_carea' id='block_1_107' title="bbox 1009 2199 1791 2235">
    <p class='ocr_par' dir='ltr' id='par_1_107' title="bbox 1009 2199 1791 2235">
     <span class='ocr_line' id='line_1_107' title="bbox 1009 2199 1791 2235; baseline -0.015 -1"><span class='ocrx_word' id='word_1_828' title='bbox 1009 2214 1080 2234; x_wconf 90' lang='lat' dir='ltr'><strong>nunc</strong></span> <span class='ocrx_word' id='word_1_829' title='bbox 1094 2205 1189 2232; x_wconf 88' lang='lat' dir='ltr'><strong>stultos</strong></span> <span class='ocrx_word' id='word_1_830' title='bbox 1201 2203 1294 2230; x_wconf 89' lang='lat' dir='ltr'><strong>audire</strong></span> <span class='ocrx_word' id='word_1_831' title='bbox 1305 2207 1355 2234; x_wconf 86' lang='lat' dir='ltr'><strong>est,</strong></span> <span class='ocrx_word' id='word_1_832' title='bbox 1372 2201 1415 2235; x_wconf 93' lang='lat' dir='ltr'><strong>qui</strong></span> <span class='ocrx_word' id='word_1_833' title='bbox 1426 2199 1515 2226; x_wconf 88' lang='lat' dir='ltr'><strong>dicunt</strong></span> <span class='ocrx_word' id='word_1_834' title='bbox 1527 2202 1652 2225; x_wconf 85' lang='lat' dir='ltr'><strong>sexcenta</strong></span> <span class='ocrx_word' id='word_1_835' title='bbox 1664 2205 1710 2232; x_wconf 87' lang='lat' dir='ltr'><strong>per</strong></span> <span class='ocrx_word' id='word_1_836' title='bbox 1724 2204 1791 2223; x_wconf 77' lang='lat' dir='ltr'><strong>ven-</strong></span> 
     </span>
    </p>
   </div>
   <div class='ocr_carea' id='block_1_108' title="bbox 1008 2242 1796 2280">
    <p class='ocr_par' dir='ltr' id='par_1_108' title="bbox 1008 2242 1796 2280">
     <span class='ocr_line' id='line_1_108' title="bbox 1008 2242 1796 2280; baseline -0.015 -1"><span class='ocrx_word' id='word_1_837' title='bbox 1008 2257 1075 2280; x_wconf 90' lang='lat' dir='ltr'><strong>trem</strong></span> <span class='ocrx_word' id='word_1_838' title='bbox 1089 2251 1158 2278; x_wconf 90' lang='lat' dir='ltr'><strong>mala</strong></span> <span class='ocrx_word' id='word_1_839' title='bbox 1172 2250 1242 2276; x_wconf 86' lang='lat' dir='ltr'><strong>illata</strong></span> <span class='ocrx_word' id='word_1_840' title='bbox 1253 2254 1322 2275; x_wconf 89' lang='lat' dir='ltr'><strong>esse.</strong></span> <span class='ocrx_word' id='word_1_841' title='bbox 1337 2246 1372 2273; x_wconf 87' lang='lat' dir='ltr'><strong>At</strong></span> <span class='ocrx_word' id='word_1_842' title='bbox 1381 2245 1501 2272; x_wconf 90' lang='lat' dir='ltr'><strong>Christus</strong></span> <span class='ocrx_word' id='word_1_843' title='bbox 1528 2242 1673 2271; x_wconf 89' lang='lat' dir='ltr'><strong>ostendens</strong></span> <span class='ocrx_word' id='word_1_844' title='bbox 1696 2243 1796 2269; x_wconf 81' lang='lat' dir='ltr'><strong>virtute</strong></span> 
     </span>
    </p>
   </div>
   <div class='ocr_carea' id='block_1_109' title="bbox 1004 2287 1797 2334">
    <p class='ocr_par' dir='ltr' id='par_1_109' title="bbox 1004 2287 1797 2334">
     <span class='ocr_line' id='line_1_109' title="bbox 1004 2287 1797 2334; baseline -0.016 -8"><span class='ocrx_word' id='word_1_845' title='bbox 1004 2297 1146 2334; x_wconf 62' lang='lat' dir='ltr'><strong>praeditum</strong></span> <span class='ocrx_word' id='word_1_846' title='bbox 1159 2303 1211 2322; x_wconf 91' lang='lat' dir='ltr'><strong>non</strong></span> <span class='ocrx_word' id='word_1_847' title='bbox 1222 2301 1301 2329; x_wconf 68' lang='lat' dir='ltr'><strong>posse</strong></span> <span class='ocrx_word' id='word_1_848' title='bbox 1314 2289 1511 2327; x_wconf 83' lang='lat' dir='ltr'><strong>haetyranuide</strong></span> <span class='ocrx_word' id='word_1_849' title='bbox 1529 2288 1652 2323; x_wconf 88' lang='lat' dir='ltr'><strong>compelli</strong></span> <span class='ocrx_word' id='word_1_850' title='bbox 1674 2287 1797 2334; x_wconf 17' lang='lat' dir='ltr'><strong>adrqua&#39;f</strong></span> 
     </span>
    </p>
   </div>
   <div class='ocr_carea' id='block_1_110' title="bbox 1006 2333 1794 2372">
    <p class='ocr_par' dir='ltr' id='par_1_110' title="bbox 1006 2333 1794 2372">
     <span class='ocr_line' id='line_1_110' title="bbox 1006 2333 1794 2372; baseline -0.018 0"><span class='ocrx_word' id='word_1_851' title='bbox 1006 2333 1069 2372; x_wconf 87' lang='lat' dir='ltr'><strong>dam</strong></span> <span class='ocrx_word' id='word_1_852' title='bbox 1093 2347 1186 2370; x_wconf 85' lang='lat' dir='ltr'><strong>contra</strong></span> <span class='ocrx_word' id='word_1_853' title='bbox 1199 2341 1322 2368; x_wconf 88' lang='lat' dir='ltr'><strong>decorem</strong></span> <span class='ocrx_word' id='word_1_854' title='bbox 1338 2336 1511 2367; x_wconf 87' lang='lat' dir='ltr'><strong>admittenda,</strong></span> <span class='ocrx_word' id='word_1_855' title='bbox 1525 2340 1551 2362; x_wconf 90' lang='lat' dir='ltr'><strong>et</strong></span> <span class='ocrx_word' id='word_1_856' title='bbox 1564 2334 1656 2366; x_wconf 78' lang='lat' dir='ltr'><strong>esurit,</strong></span> <span class='ocrx_word' id='word_1_857' title='bbox 1670 2337 1696 2360; x_wconf 93' lang='lat' dir='ltr'><strong>et</strong></span> <span class='ocrx_word' id='word_1_858' title='bbox 1707 2333 1794 2368; x_wconf 88' lang='lat' dir='ltr'><strong>jussui</strong></span> 
     </span>
    </p>
   </div>
   <div class='ocr_carea' id='block_1_111' title="bbox 1006 2380 1794 2424">
    <p class='ocr_par' dir='ltr' id='par_1_111' title="bbox 1006 2380 1794 2424">
     <span class='ocr_line' id='line_1_111' title="bbox 1006 2380 1794 2424; baseline -0.018 -6"><span class='ocrx_word' id='word_1_859' title='bbox 1006 2398 1058 2418; x_wconf 91' lang='lat' dir='ltr'><strong>non</strong></span> <span class='ocrx_word' id='word_1_860' title='bbox 1072 2393 1157 2424; x_wconf 86' lang='lat' dir='ltr'><strong>paret,</strong></span> <span class='ocrx_word' id='word_1_861' title='bbox 1167 2387 1267 2414; x_wconf 89' lang='lat' dir='ltr'><strong>docens</strong></span> <span class='ocrx_word' id='word_1_862' title='bbox 1282 2386 1308 2412; x_wconf 94' lang='lat' dir='ltr'><strong>in</strong></span> <span class='ocrx_word' id='word_1_863' title='bbox 1330 2385 1403 2411; x_wconf 90' lang='lat' dir='ltr'><strong>nullo</strong></span> <span class='ocrx_word' id='word_1_864' title='bbox 1411 2382 1522 2416; x_wconf 91' lang='lat' dir='ltr'><strong>obsequi</strong></span> <span class='ocrx_word' id='word_1_865' title='bbox 1536 2380 1642 2408; x_wconf 87' lang='lat' dir='ltr'><strong>diabolo</strong></span> <span class='ocrx_word' id='word_1_866' title='bbox 1652 2387 1699 2406; x_wconf 90' lang='lat' dir='ltr'><strong>nos</strong></span> <span class='ocrx_word' id='word_1_867' title='bbox 1714 2386 1794 2413; x_wconf 50' lang='lat' dir='ltr'><strong>opma</strong></span> 
     </span>
    </p>
   </div>
   <div class='ocr_carea' id='block_1_112' title="bbox 1005 2424 1792 2469">
    <p class='ocr_par' dir='ltr' id='par_1_112' title="bbox 1005 2424 1792 2469">
     <span class='ocr_line' id='line_1_112' title="bbox 1005 2424 1792 2469; baseline -0.018 -5"><span class='ocrx_word' id='word_1_868' title='bbox 1005 2441 1072 2464; x_wconf 89' lang='lat' dir='ltr'><strong>tere.</strong></span> <span class='ocrx_word' id='word_1_869' title='bbox 1087 2435 1153 2469; x_wconf 87' lang='lat' dir='ltr'><strong>Quia</strong></span> <span class='ocrx_word' id='word_1_870' title='bbox 1164 2433 1235 2461; x_wconf 90' lang='lat' dir='ltr'><strong>enim</strong></span> <span class='ocrx_word' id='word_1_871' title='bbox 1249 2432 1350 2467; x_wconf 89' lang='lat' dir='ltr'><strong>primus</strong></span> <span class='ocrx_word' id='word_1_872' title='bbox 1363 2430 1442 2457; x_wconf 91' lang='lat' dir='ltr'><strong>homo</strong></span> <span class='ocrx_word' id='word_1_873' title='bbox 1456 2427 1507 2455; x_wconf 89' lang='lat' dir='ltr'><strong>hoc</strong></span> <span class='ocrx_word' id='word_1_874' title='bbox 1520 2431 1596 2462; x_wconf 90' lang='lat' dir='ltr'><strong>pacto</strong></span> <span class='ocrx_word' id='word_1_875' title='bbox 1612 2426 1693 2453; x_wconf 88' lang='lat' dir='ltr'><strong>Deum</strong></span> <span class='ocrx_word' id='word_1_876' title='bbox 1707 2424 1792 2451; x_wconf 80' lang='lat' dir='ltr'><strong>oii&#39;en-</strong></span> 
     </span>
    </p>
   </div>
   <div class='ocr_carea' id='block_1_113' title="bbox 1005 2470 1793 2516">
    <p class='ocr_par' dir='ltr' id='par_1_113' title="bbox 1005 2470 1793 2516">
     <span class='ocr_line' id='line_1_113' title="bbox 1005 2470 1793 2516; baseline -0.019 -6"><span class='ocrx_word' id='word_1_877' title='bbox 1005 2483 1083 2510; x_wconf 87' lang='lat' dir='ltr'><strong>derat</strong></span> <span class='ocrx_word' id='word_1_878' title='bbox 1098 2482 1183 2516; x_wconf 79' lang='lat' dir='ltr'><strong>legem</strong></span> <span class='ocrx_word' id='word_1_879' title='bbox 1204 2483 1396 2513; x_wconf 82' lang='lat' dir='ltr'><strong>transgressus,</strong></span> <span class='ocrx_word' id='word_1_880' title='bbox 1419 2482 1452 2502; x_wconf 87' lang='lat' dir='ltr'><strong>ex</strong></span> <span class='ocrx_word' id='word_1_881' title='bbox 1467 2471 1613 2501; x_wconf 85' lang='lat' dir='ltr'><strong>abundanti</strong></span> <span class='ocrx_word' id='word_1_882' title='bbox 1640 2476 1667 2498; x_wconf 90' lang='lat' dir='ltr'><strong>te</strong></span> <span class='ocrx_word' id='word_1_883' title='bbox 1691 2470 1770 2498; x_wconf 89' lang='lat' dir='ltr'><strong>docet</strong></span> <span class='ocrx_word' id='word_1_884' title='bbox 1784 2490 1793 2502; x_wconf 86' lang='lat'><strong>,</strong></span> 
     </span>
    </p>
   </div>
   <div class='ocr_carea' id='block_1_114' title="bbox 1006 2517 1792 2562">
    <p class='ocr_par' dir='ltr' id='par_1_114' title="bbox 1006 2517 1792 2562">
     <span class='ocr_line' id='line_1_114' title="bbox 1006 2517 1792 2562; baseline -0.017 -5"><span class='ocrx_word' id='word_1_885' title='bbox 1006 2528 1110 2557; x_wconf 87' lang='lat' dir='ltr'><strong>etiamsi</strong></span> <span class='ocrx_word' id='word_1_886' title='bbox 1121 2527 1159 2560; x_wconf 91' lang='lat' dir='ltr'><strong>id,</strong></span> <span class='ocrx_word' id='word_1_887' title='bbox 1171 2526 1241 2562; x_wconf 88' lang='lat' dir='ltr'><strong>quod</strong></span> <span class='ocrx_word' id='word_1_888' title='bbox 1253 2525 1296 2552; x_wconf 92' lang='lat' dir='ltr'><strong>ille</strong></span> <span class='ocrx_word' id='word_1_889' title='bbox 1307 2524 1393 2558; x_wconf 83' lang='lat' dir='ltr'><strong>jubet,</strong></span> <span class='ocrx_word' id='word_1_890' title='bbox 1405 2520 1582 2556; x_wconf 75' lang='lat' dir='ltr'><strong>transgressio</strong></span> <span class='ocrx_word' id='word_1_891' title='bbox 1595 2526 1646 2546; x_wconf 93' lang='lat' dir='ltr'><strong>non</strong></span> <span class='ocrx_word' id='word_1_892' title='bbox 1659 2518 1704 2550; x_wconf 85' lang='lat' dir='ltr'><strong>sit,</strong></span> <span class='ocrx_word' id='word_1_893' title='bbox 1716 2525 1749 2544; x_wconf 88' lang='lat' dir='ltr'><strong>ne</strong></span> <span class='ocrx_word' id='word_1_894' title='bbox 1757 2517 1792 2544; x_wconf 76' lang='lat' dir='ltr'><strong>sit</strong></span> 
     </span>
    </p>
   </div>
   <div class='ocr_carea' id='block_1_115' title="bbox 1007 2565 1794 2608">
    <p class='ocr_par' dir='ltr' id='par_1_115' title="bbox 1007 2565 1794 2608">
     <span class='ocr_line' id='line_1_115' title="bbox 1007 2565 1794 2608; baseline -0.019 -5"><span class='ocrx_word' id='word_1_895' title='bbox 1007 2576 1087 2603; x_wconf 91' lang='lat' dir='ltr'><strong>etiam</strong></span> <span class='ocrx_word' id='word_1_896' title='bbox 1103 2571 1340 2608; x_wconf 89' lang='lat' dir='ltr'><strong>obtemperaudum</strong></span> <span class='ocrx_word' id='word_1_897' title='bbox 1351 2577 1420 2597; x_wconf 89' lang='lat' dir='ltr'><strong>esse.</strong></span> <span class='ocrx_word' id='word_1_898' title='bbox 1438 2566 1540 2602; x_wconf 87' lang='lat' dir='ltr'><strong>Ecquid</strong></span> <span class='ocrx_word' id='word_1_899' title='bbox 1555 2565 1794 2600; x_wconf 86' lang='lat' dir='ltr'><strong>transgressionem</strong></span> 
     </span>
    </p>
   </div>
   <div class='ocr_carea' id='block_1_116' title="bbox 1007 2608 1795 2653">
    <p class='ocr_par' dir='ltr' id='par_1_116' title="bbox 1007 2608 1795 2653">
     <span class='ocr_line' id='line_1_116' title="bbox 1007 2608 1795 2653; baseline -0.02 -4"><span class='ocrx_word' id='word_1_900' title='bbox 1007 2621 1086 2649; x_wconf 88' lang='lat' dir='ltr'><strong>dico?</strong></span> <span class='ocrx_word' id='word_1_901' title='bbox 1099 2619 1156 2647; x_wconf 85' lang='lat' dir='ltr'><strong>Etsi</strong></span> <span class='ocrx_word' id='word_1_902' title='bbox 1167 2617 1229 2653; x_wconf 90' lang='lat' dir='ltr'><strong>quid</strong></span> <span class='ocrx_word' id='word_1_903' title='bbox 1244 2617 1308 2643; x_wconf 89' lang='lat' dir='ltr'><strong>utile</strong></span> <span class='ocrx_word' id='word_1_904' title='bbox 1321 2615 1412 2642; x_wconf 89' lang='lat' dir='ltr'><strong>dicant</strong></span> <span class='ocrx_word' id='word_1_905' title='bbox 1422 2613 1573 2644; x_wconf 68' lang='lat' dir='ltr'><strong>dmmones,</strong></span> <span class='ocrx_word' id='word_1_906' title='bbox 1589 2610 1692 2644; x_wconf 89' lang='lat' dir='ltr'><strong>inquit,</strong></span> <span class='ocrx_word' id='word_1_907' title='bbox 1709 2615 1741 2635; x_wconf 85' lang='lat' dir='ltr'><strong>nc</strong></span> <span class='ocrx_word' id='word_1_908' title='bbox 1756 2608 1795 2634; x_wconf 83' lang='lat' dir='ltr'><strong>sic</strong></span> 
     </span>
    </p>
   </div>
   <div class='ocr_carea' id='block_1_117' title="bbox 1005 2653 1796 2704">
    <p class='ocr_par' dir='ltr' id='par_1_117' title="bbox 1005 2653 1796 2704">
     <span class='ocr_line' id='line_1_117' title="bbox 1005 2653 1796 2704; baseline -0.021 -8"><span class='ocrx_word' id='word_1_909' title='bbox 1005 2675 1112 2704; x_wconf 90' lang='lat' dir='ltr'><strong>quoque</strong></span> <span class='ocrx_word' id='word_1_910' title='bbox 1126 2666 1177 2693; x_wconf 85' lang='lat' dir='ltr'><strong>illis</strong></span> <span class='ocrx_word' id='word_1_911' title='bbox 1189 2663 1320 2691; x_wconf 87' lang='lat' dir='ltr'><strong>attendas.</strong></span> <span class='ocrx_word' id='word_1_912' title='bbox 1347 2661 1392 2688; x_wconf 89' lang='lat' dir='ltr'><strong>Sic</strong></span> <span class='ocrx_word' id='word_1_913' title='bbox 1416 2659 1487 2687; x_wconf 89' lang='lat' dir='ltr'><strong>enim</strong></span> <span class='ocrx_word' id='word_1_914' title='bbox 1503 2659 1548 2685; x_wconf 90' lang='lat' dir='ltr'><strong>ille</strong></span> <span class='ocrx_word' id='word_1_915' title='bbox 1562 2657 1705 2704; x_wconf 46' lang='lat' dir='ltr'><strong>distinentis</strong></span> <span class='ocrx_word' id='word_1_916' title='bbox 1723 2653 1796 2704; x_wconf 82' lang='lat' dir='ltr'><strong>loqui</strong></span> 
     </span>
    </p>
   </div>
   <div class='ocr_carea' id='block_1_118' title="bbox 1006 2699 1831 2748">
    <p class='ocr_par' dir='ltr' id='par_1_118' title="bbox 1006 2699 1831 2748">
     <span class='ocr_line' id='line_1_118' title="bbox 1006 2699 1831 2748; baseline -0.022 -6"><span class='ocrx_word' id='word_1_917' title='bbox 1006 2699 1100 2745; x_wconf 69' lang='lat' dir='ltr'><strong>vetuit.</strong></span> <span class='ocrx_word' id='word_1_918' title='bbox 1115 2710 1293 2748; x_wconf 63' lang='lat' dir='ltr'><strong>praedicantes</strong></span> <span class='ocrx_word' id='word_1_919' title='bbox 1306 2708 1394 2742; x_wconf 90' lang='lat' dir='ltr'><strong>ipsum</strong></span> <span class='ocrx_word' id='word_1_920' title='bbox 1405 2712 1466 2732; x_wconf 89' lang='lat' dir='ltr'><strong>esse</strong></span> <span class='ocrx_word' id='word_1_921' title='bbox 1489 2705 1537 2732; x_wconf 87' lang='lat' dir='ltr'><strong>Dei</strong></span> <span class='ocrx_word' id='word_1_922' title='bbox 1555 2703 1650 2748; x_wconf 86' lang='lat' dir='ltr'><strong>Filium</strong></span> <span class='ocrx_word' id='word_1_923' title='bbox 1672 2699 1796 2748; x_wconf 32' lang='lat' dir='ltr'><strong>(Lucas.</strong></span> <span class='ocrx_word' id='word_1_924' title='bbox 1829 2727 1831 2729; x_wconf 95' lang='lat'><em>_</em></span> 
     </span>
    </p>
   </div>
   <div class='ocr_carea' id='block_1_119' title="bbox 1006 2745 1792 2795">
    <p class='ocr_par' dir='ltr' id='par_1_119' title="bbox 1006 2745 1792 2795">
     <span class='ocr_line' id='line_1_119' title="bbox 1006 2745 1792 2795; baseline -0.023 -6"><span class='ocrx_word' id='word_1_925' title='bbox 1006 2761 1067 2795; x_wconf 80' lang='grc'><strong>55).</strong></span> <span class='ocrx_word' id='word_1_926' title='bbox 1096 2745 1196 2786; x_wconf 74' lang='lat' dir='ltr'><strong>Paulus</strong></span> <span class='ocrx_word' id='word_1_927' title='bbox 1219 2755 1283 2782; x_wconf 90' lang='lat' dir='ltr'><strong>item</strong></span> <span class='ocrx_word' id='word_1_928' title='bbox 1306 2752 1420 2786; x_wconf 88' lang='lat' dir='ltr'><strong>idipsum</strong></span> <span class='ocrx_word' id='word_1_929' title='bbox 1456 2750 1603 2779; x_wconf 84' lang='lat' dir='ltr'><strong>clamantes</strong></span> <span class='ocrx_word' id='word_1_930' title='bbox 1630 2745 1792 2780; x_wconf 86' lang='lat' dir='ltr'><strong>increpavit,</strong></span> 
     </span>
    </p>
   </div>
   <div class='ocr_carea' id='block_1_120' title="bbox 1038 2830 1793 2876">
    <p class='ocr_par' dir='ltr' id='par_1_120' title="bbox 1038 2830 1793 2876">
     <span class='ocr_line' id='line_1_120' title="bbox 1038 2830 1793 2876; baseline -0.028 -3"><span class='ocrx_word' id='word_1_931' title='bbox 1038 2850 1046 2864; x_wconf 68' lang='grc' dir='ltr'>ί</span> <span class='ocrx_word' id='word_1_932' title='bbox 1057 2844 1159 2876; x_wconf 80' lang='lat' dir='ltr'><strong>L&#39;nus,‘et</strong></span> <span class='ocrx_word' id='word_1_933' title='bbox 1173 2844 1295 2869; x_wconf 70' lang='lat' dir='ltr'><strong>sexcentos</strong></span> <span class='ocrx_word' id='word_1_934' title='bbox 1306 2839 1366 2865; x_wconf 70' lang='lat' dir='ltr'><strong>alios</strong></span> <span class='ocrx_word' id='word_1_935' title='bbox 1375 2835 1505 2863; x_wconf 80' lang='lat' dir='ltr'><strong>innumeris</strong></span> <span class='ocrx_word' id='word_1_936' title='bbox 1515 2833 1584 2860; x_wconf 75' lang='lat' dir='ltr'><strong>malis</strong></span> <span class='ocrx_word' id='word_1_937' title='bbox 1596 2830 1793 2859; x_wconf 69' lang='lat' dir='ltr'><strong>circumdederat.</strong></span> 
     </span>
    </p>
   </div>
  </div>
