2073 3127
252 110 302 138 ειι

250 165 355 195 etiamsi
374 164 411 196 id,
431 163 502 200 quod
529 161 674 193 dicebant,
699 159 766 187 utile
786 162 878 191 esset;
903 156 951 184 sed
979 156 1038 184 illos

252 213 336 249 magis
366 211 501 247 magisque
524 207 692 242 deprimens,
706 211 853 238 eorumque
867 207 962 230 contra
990 209 1040 229 nos

252 259 361 286 insidias
373 258 526 286 obstruens.
539 255 618 283 etiam
629 260 691 280 cum
704 251 829 279 salutaria
840 250 962 285 dogmata
973 257 1043 284 prte-

252 305 386 336 dicarcnt,
397 301 581 338 propulsabat,
595 307 688 328 eorum
702 298 844 325 obstruens
857 303 915 329 ora,
924 295 1043 331 ipsisque

253 349 390 376 silentium
405 349 540 382 imperans
556 346 623 381 (Aet.
638 345 682 372 l6.
697 343 752 378 i8).
766 342 868 370 Idcirco
892 348 977 376 neque
999 340 1044 367 hic

253 394 376 422 Christus
395 393 473 421 dictis
492 391 607 420 annuit:
626 389 673 417 sed
684 388 748 424 quid
771 387 849 414 ait“?
865 386 926 413 Non
947 386 974 413 in
988 385 1044 413 solo

254 449 320 476 pane
332 440 395 467 uiuet
413 439 497 466 homo.
508 436 584 470 Quod
595 443 659 463 vero
667 434 740 466 dicit,
755 431 905 468 hnjusmodi
919 436 976 459 est:
992 430 1044 458 Po-

255 486 388 514 testDeus
399 486 479 512 etiam
502 482 586 510 verbo
599 480 764 509 esurientem
788 478 871 509 alere,
894 484 929 504 ex
954 475 1045 504 Veteri

256 533 395 567 Scriptura
410 529 592 558 testimonium
613 527 739 558 atl‘crens.
752 532 785 553 ac
801 524 913 557 docens,
924 522 1046 558 quamvis

243 574 245 582 ¹
258 580 417 609 esuriamus,
435 576 556 612 quamvis
568 574 640 602 aliud
653 572 790 609 quidpiam
805 571 954 606 patiamur,
966 575 1046 597 nurn-

255 633 334 661 quam
349 632 363 651 a
378 623 490 651 Domino
502 619 683 649 absistendum
694 625 764 645 esse.

246 675 248 694 I
265 659 272 661 -
292 672 318 698 Ξ.
335 668 411 703 Quod
431 669 453 696 si
475 668 534 702 quis
546 665 659 698 dixerit,
682 663 763 692 Certe
783 661 924 697 oportebat
932 660 958 688 id
971 659 1047 688 exhi-

257 717 338 744 bere:
353 713 522 750 respondebo
540 712 589 747 ipsi
601 732 608 742 ,
618 711 686 743 Cnr,
710 714 738 736 et
749 716 801 744 qua
813 708 847 735 de
863 707 966 735 causa?
988 705 1048 734 Non

257 763 340 794 enim,
362 766 390 787 ut
403 759 534 791 crederet,
556 757 582 784 id
605 757 650 784 ille
664 755 788 787 dicebat;
811 753 859 781 sed
873 757 902 780 ut
916 756 1047 788 quantum

257 807 433 842 opinabatur,
469 805 504 833 de
535 802 722 831 incredulitate
751 801 837 835 ipsum
865 798 1047 826 convinceret.

258 851 479 887 Quandoquidem
501 850 602 885 primos
613 847 735 876 homines
749 846 789 873 sic
815 844 937 878 decepit,
957 847 985 870 ct
1002 842 1050 870 de—

259 898 417 928 monstravit
431 898 502 932 ipsos
514 904 567 923 non
582 894 695 922 multum
705 893 760 919 Deo
774 890 895 918 credere.
905 889 972 916 Nam
986 896 1051 915 con-

261 946 339 974 traria
355 946 387 972 iis
399 953 459 980 qua:
475 943 545 970 Deus
563 940 734 975 dixeratipse
749 937 901 974 pollicitus,
917 935 988 962 inani
1001 941 1048 962 eos

260 999 308 1026 spe
323 991 429 1022 inilans,
445 993 526 1023 atque
547 987 573 1014 in
588 985 802 1013 incredulitatem
824 982 969 1016 conjiciens
981 1001 988 1012 ,
1011 980 1051 1007 sic

260 1038 339 1064 etiam
354 1044 386 1063 ex
406 1035 438 1062 iis
452 1042 511 1070 quae
526 1032 699 1068 pOSsidebant
722 1030 800 1057 bouis
815 1027 924 1063 dejecit.
951 1026 1048 1053 \‘crnm

260 1083 383 1110 Christus
397 1088 458 1108 sese
470 1083 610 1109 monstrat,
621 1084 709 1110 neque
723 1074 839 1105 diabolo,
855 1080 939 1107 nequc
949 1071 1051 1098 .ludaxis

261 1129 354 1156 eadem
369 1135 428 1162 qua:
438 1125 558 1153 diabolus
566 1122 741 1151 sentientibus
754 1120 993 1154 obtemperantem,
1003 1123 1052 1143 nos

262 1174 360 1208 ubique
374 1173 485 1203 docens,
501 1168 605 1197 etiamsi
617 1167 750 1203 possimus
762 1164 861 1199 aliquid
875 1163 992 1198 operari,
1009 1162 1051 1188 ni-

263 1219 301 1246 hil
314 1224 402 1246 tamen
418 1221 519 1243 temere
532 1220 559 1242 et
570 1215 628 1241 sine
641 1220 719 1240 causa
731 1210 883 1238 faciendum
897 1216 958 1236 csse
969 1228 976 1240 ,
998 1208 1052 1234 imo

263 1272 315 1292 nec
326 1264 348 1291 si
360 1262 504 1290 necessitas
518 1261 607 1290 instet.
616 1258 722 1286 diabolo
732 1264 792 1284 esse
803 1253 1050 1289 obtemperandum.

263 1310 332 1345 Quid
344 1310 431 1344 agitur
445 1306 626 1335 exsecrandus
640 1305 685 1332 ille
693 1304 779 1330 victus
793 1302 855 1329 fecit
868 1302 880 1328 ?
907 1301 1051 1334 Postquam

264 1357 376 1385 suadere
391 1363 442 1382 non
459 1357 584 1389 potuerat
597 1356 625 1378 ut
637 1352 740 1385 jnssnm
754 1351 957 1383 exsequeretur,
972 1346 1053 1372 etiam

264 1409 337 1431 tanta
351 1403 467 1429 instante
479 1400 561 1431 fame,
578 1399 612 1425 ad
624 1397 696 1424 aliud
709 1394 828 1431 procedit
838 1393 948 1420 dicens:
972 1392 999 1420 6.
1023 1391 1053 1419 Si

265 1449 349 1476 Filius
362 1447 410 1474 Dei
424 1456 459 1480 es,
474 1446 545 1472 mitte
559 1450 582 1472 te
599 1445 726 1471 deorsum.
752 1441 883 1475 Scriptum
905 1443 943 1466 est
963 1439 1029 1465 enim
1042 1445 1050 1464 :

266 1494 392 1528 Quoniam
413 1491 509 1527 angelis
533 1490 585 1517 suis
607 1487 736 1515 mandavit
762 1486 793 1512 de
807 1491 845 1517 te,
861 1490 883 1512 et
897 1486 924 1511 in
938 1484 1054 1510 manibus

266 1539 352 1566 tollent
363 1543 386 1565 te
405 1537 486 1572 (Psal.
501 1535 615 1569 90.“).
642 1534 696 1561 Cur
723 1531 837 1567 singulis
860 1529 1052 1558 tentationibus

268 1585 320 1612 hoc
333 1582 481 1619 pra‘mittit,
494 1581 524 1608 Si
540 1580 623 1607 Filius
638 1579 686 1606 Dei
697 1578 745 1605 es?
768 1576 843 1610 Quod
858 1576 912 1611 jam
926 1575 1000 1610 prius
1015 1574 1054 1602 ie-

266 1635 349 1662 cerat,
359 1628 385 1656 id
398 1632 425 1655 et.
434 1635 503 1655 nunc
517 1627 588 1653 facit.
604 1626 677 1652 Sient
691 1624 762 1651 enim
772 1628 836 1650 tunc
853 1622 909 1649 Deo
924 1619 1053 1648 detrahe-

266 1675 313 1703 bat
326 1675 366 1702 his
379 1674 478 1706 verbis,
502 1673 662 1706 Quocumque
675 1670 716 1696 die
739 1667 896 1696 contederitis
907 1689 914 1699 ,
940 1667 1056 1702 aperien-

268 1727 309 1749 tur
333 1721 399 1748 oculi
419 1720 492 1746 vestri
513 1718 590 1752 (Gen.
604 1718 630 1745 5.
647 1717 699 1751 5);
725 1716 766 1742 his
795 1713 938 1741 ostendere
964 1713 1056 1739 volens

268 1769 340 1802 ipsos
363 1766 488 1800 deceptos
504 1772 534 1792 ac
546 1763 654 1791 delusos
678 1762 774 1793 tuisse,
797 1760 914 1794 nihilque
935 1757 1056 1786 benclicii

268 1813 422 1847 accepisse:
437 1812 472 1838 ita
499 1815 526 1837 ct
539 1809 582 1836 hic
600 1809 714 1843 idipsum
736 1805 907 1833 subindicans
927 1804 964 1831 ait
987 1812 994 1830 :
1020 1803 1058 1830 'l‘e

269 1859 367 1886 frustra
381 1857 464 1884 lilium
478 1855 602 1886 vocavit,
618 1861 650 1880 ac
672 1853 742 1879 dono
758 1856 783 1878 te
798 1850 890 1878 fefellit
906 1860 912 1877 :
938 1853 1012 1876 certe
1035 1848 1058 1875 si

270 1912 323 1931 non
341 1904 376 1930 ita
391 1911 420 1930 se
433 1909 477 1929 res
487 1901 594 1933 habeat,
610 1897 736 1927 ostendas
754 1897 832 1924 nobis
845 1900 953 1932 oportet
977 1900 1003 1922 te
1017 1900 1057 1921 Ia-

271 1946 327 1978 lem'
347 1949 446 1976 habere
473 1950 642 1982 potestatem.
659 1943 759 1971 Deinde
773 1963 780 1976 ,
792 1942 920 1977 quoniam
934 1949 967 1968 cx
983 1940 1058 1968 Scri-

271 1996 356 2032 ptnris
370 1996 454 2029 ipsum
472 1994 623 2028 alloquutus
633 1995 706 2024 erat,
721 1990 778 2025 ipse
793 1995 899 2024 quoque
923 1987 1060 2023 prapheta:

272 2041 450 2069 testimonium
464 2039 552 2067 aifcrt.

308 2088 429 2115 Diabolus
438 2095 481 2120 per
493 2085 639 2122 patientiam
649 2088 789 2119 superatur.
797 2094 833 2102 -ι
842 2081 895 2109 Cur
908 2088 972 2116 ergo
984 2080 1062 2108 Chri-

273 2139 329 2161 stus
352 2141 403 2160 non
425 2132 591 2166 indignatus,
608 2138 659 2156 non
673 2132 845 2162 exasperatus
859 2131 918 2160 est,
935 2125 981 2153 sed
1000 2133 1062 2152 cum

245 2194 248 2207 ι
273 2178 475 2207 mansuetudine
490 2176 570 2204 multa
587 2182 678 2202 rursus
689 2182 722 2201 ex
742 2173 888 2207 Seripturis
901 2172 986 2206 ipsum
997 2171 1062 2197 allo-

273 2226 372 2261 quitur,
387 2224 498 2251 dicens:
511 2223 538 2248 7.
554 2221 613 2248 Non
628 2219 732 2247 tentubis
748 2218 885 2245 Dominum
898 2217 978 2243 Deum
992 2222 1062 2242 tuum

274 2271 362 2306 (Deut.
377 2271 404 2297 6.
418 2268 478 2305 l6)?
495 2268 528 2296 Ut
542 2275 591 2294 nos
608 2266 713 2297 doceat,
729 2272 782 2292 non
793 2271 840 2298 per
851 2263 936 2298 signa,
953 2262 1000 2289 sed
1017 2269 1064 2296 per

273 2316 429 2352 patientiam
444 2312 624 2348 superandum
638 2311 772 2338 diabolum
786 2316 856 2342 esse,
873 2308 990 2343 nihilque
1002 2315 1062 2334 om-

274 2363 338 2390 n‘ino
360 2361 393 2389 ad
408 2359 612 2388 ostentationem
627 2365 687 2385 esse
711 2355 870 2384 faciendum.
897 2354 960 2389 Ejus
984 2361 1064 2388 porro

275 2407 415 2435 stultitiam
429 2406 470 2433 vel
482 2405 515 2432 ab
527 2413 560 2432 eo
574 2403 643 2439 quod
656 2403 743 2430 attulit
758 2400 910 2428 testimonio
918 2399 1063 2434 perpende.

274 2452 340 2480 Nam
353 2451 502 2480 testimonia
515 2458 530 2477 a
540 2449 651 2476 Domino
665 2448 743 2475 allata
760 2447 838 2474 ambo
853 2444 997 2472 admodum
1017 2451 1067 2479 op-

275 2502 389 2533 portune
399 2497 514 2524 adhibita
529 2499 606 2528 sunt;
618 2501 677 2530 qua:
691 2498 778 2520 autem
791 2492 880 2520 abillo
891 2495 1064 2526 usurpantur,

242 2560 246 2564 ~
277 2549 377 2571 temere
390 2547 418 2570 et
429 2543 517 2577 inepte
530 2540 711 2576 proferuntur,
727 2546 775 2565 nec
787 2538 819 2564 ad
832 2545 888 2564 rem
902 2536 1064 2572 propositam

277 2588 478 2618 accommodata
492 2594 563 2616 sunt.
576 2587 667 2622 Neque
680 2585 751 2613 enim
767 2583 830 2612 illud
840 2604 848 2617 ,
869 2583 998 2617 Scriptum
1012 2585 1048 2608 est
1057 2602 1066 2614 ,

279 2635 382 2670 Angelis
393 2634 446 2661 suis
461 2633 587 2660 mandavit
608 2632 639 2658 de
663 2635 696 2664 te,
716 2629 809 2657 suadet
821 2636 881 2656 sese
903 2627 1066 2662 praecipitem

279 2681 344 2709 dare
358 2689 366 2708 :
382 2679 498 2714 alioquin
511 2686 576 2706 vero
588 2686 641 2705 non
652 2677 686 2704 de
701 2676 815 2704 Domino
827 2675 879 2702 hoc
897 2674 1003 2701 dicitur.
1017 2674 1066 2700 At-

282 2733 370 2755 tamen
383 2727 435 2754 hoc
448 2726 492 2754 ille
514 2733 566 2752 non
579 2724 686 2756 refellit,
702 2722 752 2750 etsi
764 2719 956 2749 contumeliose
977 2718 1069 2746 diabo-

283 2775 324 2802 lus
337 2773 407 2801 dicto
420 2779 482 2800 usus
491 2771 593 2803 luisset,
605 2769 734 2804 valdeque
745 2767 879 2796 contrario
887 2773 977 2794 sensu.
986 2764 1069 2793 Nemo

312 2831 321 2847 ⁸
339 2833 412 2860 Unus,
423 2829 466 2855 sed
477 2827 544 2854 illum
555 2825 650 2860 placide
660 2823 794 2857 redarguit,
806 2822 897 2849 dicens.

616 103 646 132 ὃ.
665 100 806 132 JOANNIS
823 96 1060 129 CIIRYSOSTOMI
1079 97 1235 126 ABCIIIEP.
1259 94 1528 125 CONSTANTINOP.

1831 96 1885 126 ΞΙΞ

1095 155 1166 182 enim
1181 163 1196 182 ιι
1212 155 1279 182 Filio
1294 155 1341 182 Dei
1358 154 1409 182 hoc
1422 154 1506 189 petit,
1519 153 1674 182 seddiaboli
1690 157 1718 181 et
1732 153 1885 183 daemonum

1094 201 1236 229 consilium
1243 204 1284 228 est
1294 208 1323 228 se
1336 199 1464 228 deorsum
1478 200 1583 227 mittere
1595 208 1602 227 :
1617 200 1664 227 Dei
1677 207 1752 233 vero,
1766 200 1887 235 jacentcs

1094 248 1209 283 erigere.
1222 247 1288 274 Nam
1304 247 1327 274 si
1343 247 1487 282 potentiam
1501 246 1643 275 ostendere
1663 251 1816 281 oporteret,
1832 255 1887 275 non

1095 294 1212 328 seipsum
1227 292 1369 326 mittendo,
1379 292 1422 320 vel
1432 292 1632 328 praecipitando,
1642 292 1689 320 sed
1697 292 1766 320 alios
1777 299 1885 320 servat»

1095 339 1142 372 do,
1156 339 1182 383 id
1193 339 1310 367 iecisset.
1330 337 1453 373 Seipsum
1466 339 1538 366 enim
1554 338 1580 366 in
1600 343 1734 374 praerupta
1745 344 1772 366 et
1793 340 1886 374 put-ci-

1096 386 1160 421 pitia
1181 385 1297 418 mittere,
1310 384 1344 412 ad
1358 384 1455 412 diaboli
1471 383 1630 420 phalangem
1645 385 1768 420 pertinet.
1781 385 1826 414 Sic
1842 386 1889 420 igi-

1097 435 1140 458 tur
1167 430 1214 458 ille
1227 430 1354 458 seductor
1366 430 1464 464 ubique
1478 437 1558 465 agere
1572 430 1648 458 solet.
1666 430 1719 458 Sed
1739 430 1780 458 his
1799 431 1887 464 dictis,

1097 476 1220 504 Christus
1232 484 1286 504 non
1298 484 1328 504 se
1340 481 1429 503 tamen
1442 476 1553 508 revelat,
1566 476 1612 504 sed
1623 478 1699 511 quasi
1714 477 1794 504 homo
1807 478 1831 505 ei
1847 478 1889 505 in-

1098 523 1175 550 terim
1188 523 1314 558 loquitur.
1328 522 1395 550 Nam
1403 522 1473 557 quod
1486 522 1562 555 dixit,
1578 521 1639 549 Non
1651 523 1677 549 in
1686 523 1741 549 solo
1756 531 1821 558 pane
1828 524 1889 550 vivet

1099 569 1184 601 homo,
1199 573 1279 604 atque
1289 568 1364 601 illud,
1375 567 1436 595 Non
1447 568 1552 594 tentabis
1566 568 1702 595 Dominum
1714 568 1794 595 Duum
1807 574 1888 600 tuum,

1065 652 1070 656 .
1099 622 1154 641 non
1168 621 1229 642 sese
1240 614 1385 642 admodum
1410 613 1604 651 nianil'estantis
1625 619 1693 646 erat,
1712 615 1760 642 sed
1775 622 1836 643 sese
1856 623 1889 642 ex

1099 663 1257 687 exterarum
1271 659 1408 686 hominum
1422 667 1533 687 numero
1546 659 1716 687 declarantis.
1731 660 1771 687 Ne
1785 661 1890 688 mireris

1100 711 1181 739 porro
1193 705 1216 732 si
1230 704 1367 732 Christum
1381 705 1530 739 alloquens,
1547 712 1576 732 se
1589 705 1689 732 circum
1704 714 1776 740 saepe
1793 711 1889 734 vertat.

1100 750 1330 784 Quemadmodum
1346 751 1417 778 enim
1433 750 1545 785 pugiles,
1568 758 1629 778 cum
1646 751 1733 779 letalia
1757 753 1892 787 accipiunt

1100 796 1212 824 vulnera
1224 817 1232 829 ,
1248 796 1405 831 sanguinem
1435 796 1699 830 cirenmemittentes,
1715 803 1742 825 et
1763 799 1892 834 vertigine

1101 842 1171 876 capti
1185 841 1409 869 circumferuntur
1422 849 1430 869 :
1446 842 1485 869 sic
1500 847 1527 870 et
1542 842 1586 870 ille
1605 850 1621 869 ιι
1636 843 1719 877 prima
1735 849 1762 870 et
1776 844 1892 872 secunda

1102 887 1179 922 plaga
1190 887 1390 920 obtenebratus,
1404 895 1464 922 quae
1479 887 1505 914 in
1528 893 1644 915 mentem
1660 889 1770 916 veniunt
1792 890 1892 925 simpli-

1101 936 1169 962 citer
1184 936 1283 969 profert
1294 955 1302 967 ,
1316 939 1343 962 et
1361 934 1394 961 ad
1409 935 1516 962 tertium
1531 943 1704 970 congressum
1719 937 1851 971 procedit.
1865 939 1892 964 8.

1102 980 1137 1007 Et
1145 986 1274 1014 assumpto
1285 989 1313 1006 eo
1326 981 1351 1006 in
1364 985 1472 1007 montem
1486 981 1612 1007 excelsum
1624 1002 1632 1013 ,
1647 982 1755 1008 ostendit
1774 982 1796 1008 ei
1809 983 1894 1009 omnia

1102 1035 1180 1062 regna
1191 1027 1198 1042 ¹
1209 1035 1216 1059 ς
1229 1026 1254 1053 9.
1268 1031 1290 1052 et
1300 1027 1363 1052 dixit
1377 1034 1386 1052 :
1397 1025 1460 1052 Haec
1472 1027 1556 1052 omnia
1568 1026 1612 1052 tibi
1622 1027 1687 1053 dubo
1700 1028 1720 1054 si
1731 1028 1822 1054 cadens
1832 1028 1894 1054 ado-

1103 1072 1196 1099 raveris
1211 1079 1259 1098 me.
1272 1072 1314 1098 10.
1326 1071 1398 1098 Tunc
1409 1071 1469 1098 dicit
1485 1072 1506 1098 ci
1521 1079 1530 1098 :
1550 1071 1619 1098 Vade
1641 1077 1705 1099 retro
1727 1081 1774 1104 me,
1794 1078 1893 1100 satam.

1104 1118 1233 1151 Scriptura
1243 1123 1278 1144 est
1289 1118 1354 1144 enim
1366 1125 1375 1144 :
1388 1117 1524 1144 Dominum
1542 1117 1623 1144 Deum
1638 1124 1707 1145 tuum
1722 1119 1856 1151 adorabis,
1873 1124 1895 1146 et

1103 1165 1141 1191 illi
1156 1164 1202 1191 soli
1217 1164 1307 1190 servies
1320 1163 1406 1199 (Deut.
1417 1164 1442 1190 6.
1458 1165 1510 1198 l5).
1525 1164 1590 1197 Quia
1606 1164 1676 1191 enim
1687 1165 1742 1200 jam
1752 1166 1776 1192 in
1791 1165 1895 1192 Patrem

1104 1212 1189 1246 ipsum
1206 1215 1361 1245 peccaverat
1373 1232 1381 1243 ,
1408 1212 1495 1237 omnia
1509 1219 1570 1245 qua:
1592 1211 1662 1238 illius
1675 1217 1752 1239 erant
1770 1219 1817 1238 sua
1836 1219 1896 1239 esse

1104 1258 1206 1290 dicens,
1222 1262 1249 1284 et.
1267 1265 1296 1284 sc
1313 1257 1392 1283 deum
1408 1257 1525 1292 proliteri
1538 1257 1678 1289 stridebat,
1694 1262 1724 1284 ut
1746 1263 1896 1285 creatorem

1106 1305 1234 1338 universi,
1252 1311 1314 1332 tunc
1339 1305 1504 1339 increpavit;
1533 1313 1619 1339 neque
1634 1312 1693 1332 cum
1715 1305 1895 1337 vehementia,

1105 1351 1151 1378 sed
1166 1351 1323 1386 simpliciter
1335 1358 1341 1376 :
1363 1349 1432 1376 Vade
1445 1355 1510 1376 retro
1523 1358 1572 1383 me,
1594 1355 1694 1377 satana.
1704 1351 1779 1384 Quod
1793 1351 1896 1386 jussuni

1105 1397 1189 1432 magis
1209 1401 1286 1428 erat,
1313 1403 1393 1430 quant
1420 1396 1577 1430 increpatio.
1599 1396 1682 1424 Simul
1698 1397 1796 1432 quippe
1819 1397 1895 1429 dixit,

1110 1442 1190 1475 Vnde,
1203 1447 1231 1470 et
1244 1442 1343 1477 iugavit
1355 1442 1438 1470 illum.
1450 1442 1542 1477 Neque
1549 1442 1619 1469 enim
1631 1443 1696 1470 alias
1709 1443 1758 1477 ipsi
1775 1444 1897 1470 tentatio—

1106 1496 1154 1516 nes
1169 1488 1274 1516 obtulit.

1141 1535 1167 1563 4.
1182 1534 1314 1568 Quomodo
1329 1535 1442 1562 Christus
1455 1543 1552 1562 omnem
1565 1536 1724 1562 tentationcm
1738 1544 1898 1563 consumatu-

1107 1582 1178 1609 verit.
1193 1581 1287 1608 Contra
1301 1580 1408 1607 habendi
1419 1581 1627 1615 cupiditatem.—
1638 1581 1671 1608 Et
1682 1582 1831 1616 quomodo.
1856 1583 1897 1609 in-

1107 1627 1192 1662 quies,
1208 1627 1293 1664 Lucas
1306 1627 1353 1659 ait,
1368 1627 1453 1661 ipsum
1464 1634 1571 1654 omnem
1588 1628 1760 1655 teutationem
1775 1636 1899 1656 consum-

1108 1674 1224 1700 mavisse
1237 1672 1312 1707 (Luc.
1329 1673 1355 1700 4.
1372 1673 1439 1708 l5)?
1456 1673 1565 1700 Videtur
1587 1674 1651 1700 mihi
1667 1679 1695 1700 ut
1708 1675 1793 1708 capita
1814 1679 1900 1702 tenta—

1109 1720 1210 1746 tionnm
1220 1719 1434 1750 diceret,omnes
1447 1718 1556 1751 dixisse,
1568 1719 1642 1754 quasi
1653 1719 1713 1746 aliis
1725 1720 1774 1746 hoc
1789 1729 1900 1748 numero

1108 1765 1318 1800 comprehensis.
1333 1765 1398 1792 Nam
1411 1765 1466 1792 lucc
1478 1765 1557 1796 mala,
1568 1765 1705 1792 innumera
1719 1766 1769 1792 alia
1783 1767 1900 1801 complc-

1109 1817 1227 1845 ctuntur,
1238 1812 1323 1838 ventri
1336 1811 1446 1842 servire,
1459 1811 1492 1837 ad
1503 1819 1597 1838 vanam
1610 1812 1721 1846 gloriam
1735 1812 1796 1846 quid
1810 1820 1899 1846 agerc,

1110 1858 1210 1885 furioso
1228 1857 1398 1892 pecuniarum
1420 1864 1512 1884 amore
1534 1857 1629 1884 teneri.
1654 1856 1729 1889 Quod
1743 1865 1803 1884 cum
1819 1857 1901 1885 sciret

1110 1904 1258 1932 sceleratus
1283 1904 1342 1936 ille,
1367 1902 1491 1930 omnibus
1512 1903 1696 1936 valentiorem,
1724 1903 1900 1932 insatiabilem

1111 1950 1226 1979 habendi
1239 1950 1423 1985 cupiditatem,
1434 1950 1554 1976 ultimam
1569 1950 1670 1984 posuit;
1687 1950 1711 1977 id
1723 1950 1778 1985 jam
1795 1955 1857 1978 ante
1873 1956 1901 1977 ct

1111 2004 1126 2023 a
1142 1996 1271 2031 principio
1290 1995 1450 2031 parturiens,
1474 1995 1520 2022 sed
1543 2001 1706 2030 postremum
1720 2003 1841 2028 servans,
1859 2000 1901 2022 ut-

1112 2048 1174 2077 pote
1188 2041 1300 2069 validius
1317 2041 1432 2068 cmteris.
1456 2041 1518 2068 Haec
1531 2041 1629 2075 quippe
1652 2041 1734 2076 ipsius
1749 2042 1902 2068 certaminis

1113 2088 1154 2115 lex
1167 2092 1220 2121 est,
1243 2093 1271 2114 ut
1284 2095 1344 2122 qua:
1354 2087 1477 2114 videntur
1494 2087 1527 2113 ad
1550 2087 1772 2121 supplantandum
1788 2088 1902 2122 aptiora,

1112 2139 1248 2170 postrema
1260 2134 1363 2161 all'erat.
1379 2133 1454 2166 Quod
1470 2133 1549 2160 etiam
1568 2133 1637 2160 circa
1652 2132 1748 2160 Jobunt
1772 2133 1842 2160 fecit.
1858 2134 1904 2160 Id-

1113 2180 1184 2207 circo
1198 2179 1241 2206 hic
1255 2187 1333 2207 orsus
1342 2179 1375 2206 ab
1390 2179 1421 2206 iis
1435 2187 1494 2214 quae
1509 2179 1665 2205 videbantur
1677 2179 1822 2207 inlirmiora
1832 2187 1902 2213 esse,

1114 2225 1148 2253 ad
1162 2225 1292 2252 valentius
1305 2225 1435 2259 procedit.
1459 2224 1598 2258 Quomodo
1620 2230 1709 2252 autem
1730 2225 1781 2253 hoc
1805 2227 1904 2254 malum

1114 2271 1222 2298 vincere
1236 2271 1360 2305 oportet?
1375 2270 1407 2297 Ut
1419 2270 1542 2299 Christus
1551 2270 1652 2303 docuit,
1665 2271 1698 2298 ad
1713 2271 1796 2298 Deum
1811 2272 1906 2299 conin-

1115 2317 1211 2352 giendo
1234 2325 1242 2344 :
1268 2317 1345 2344 itaut
1358 2324 1408 2344 nec
1430 2318 1499 2343 lame
1513 2317 1695 2350 concidamus,
1716 2318 1856 2346 credentes
1881 2320 1906 2346 ei

1116 2364 1160 2399 qui
1176 2367 1264 2399 potest
1278 2363 1357 2390 etiam
1372 2363 1453 2390 verbo
1464 2370 1582 2397 pascere,
1601 2371 1650 2390 nec
1667 2363 1692 2390 in
1703 2363 1780 2391 bonis
1793 2373 1852 2399 qua:
1863 2371 1909 2392 ac-

1116 2414 1247 2449 cepimus,
1260 2412 1381 2440 datorcm
1393 2417 1537 2445 tentemus;
1553 2412 1601 2440 sed
1615 2420 1729 2447 superna
1744 2412 1827 2447 gloria
1842 2419 1907 2439 con-

1117 2460 1194 2492 tenti,
1211 2459 1333 2486 humana:
1345 2459 1442 2486 nullam
1459 2459 1603 2486 habeamus
1613 2459 1755 2492 rationem,
1770 2463 1797 2487 et
1811 2458 1908 2493 ubique

1117 2505 1189 2540 quod
1202 2504 1364 2539 superﬂuum
1374 2509 1425 2536 est,
1435 2504 1624 2539 despiciamns.
1636 2503 1706 2531 ΝιΙιίι
1719 2504 1789 2531 enim
1801 2503 1835 2530 ita
1849 2503 1908 2530 dia-

1118 2550 1181 2578 bolo
1195 2550 1331 2578 subditum
1350 2550 1448 2582 reddit,
1463 2555 1490 2577 nt
1505 2550 1663 2577 insatiabilis
1676 2549 1790 2577 habendi
1805 2549 1908 2584 cupidi-

1119 2601 1172 2630 tas,
1189 2601 1216 2624 et
1228 2596 1349 2623 avaritia.
1367 2596 1447 2631 quue
1460 2605 1492 2623 cx
1507 2597 1539 2624 iis
1551 2604 1610 2630 quae
1626 2603 1696 2622 nunc
1708 2595 1833 2623 eveniunt
1848 2602 1909 2622 cer—

1120 2649 1186 2670 nere
1213 2646 1265 2670 est.
1285 2641 1354 2668 Sunt
1375 2642 1445 2669 enim
1470 2642 1515 2676 qui
1542 2642 1653 2670 dicant:
1670 2641 1732 2668 Ila-c
1753 2641 1842 2668 omnia
1863 2640 1910 2668 tibi

1120 2687 1262 2720 dabimus,
1290 2687 1312 2715 si
1340 2687 1438 2714 cadens
1467 2686 1777 2714 adoraveris:homiues
1803 2686 1910 2721 quidem

1121 2738 1227 2765 natura,
1243 2732 1290 2760 sed
1312 2733 1488 2760 instrumenta
1503 2733 1600 2760 diaboli
1613 2732 1711 2760 ell‘ccti.
1730 2732 1794 2760 Nam
1809 2737 1837 2759 et
1849 2737 1913 2759 tunc

1153 2789 1161 2804 ¹
1180 2792 1234 2823 post
1245 2788 1289 2823 bas
1299 2795 1380 2819 voces
1393 2788 1473 2815 omnia
1483 2794 1566 2820 regna,
1579 2788 1675 2819 quidam
1684 2787 1783 2819 addunt,
1795 2787 1880 2813 mundi
1890 2791 1913 2813 et

1122 2818 1225 2852 gloriam
1237 2819 1298 2851 ejus.
