2073 3127
208 166 259 195 9.15

209 234 259 252 non
276 232 322 260 per
335 232 366 251 se
376 224 478 261 solum,
491 223 539 250 sed
548 230 595 258 per
603 222 653 249 alia
667 221 786 257 quaedam
797 222 881 257 ipsum
895 228 999 256 aggres-

208 278 252 297 sus
274 274 314 297 est
329 278 336 295 ε
352 270 424 304 quod
443 269 584 297 declarans
595 268 680 294 Lucas
699 267 803 295 dicebat
818 276 825 294 :
839 267 880 294 Ad
903 273 1000 300 tempus

208 316 320 342 discessit
333 315 365 342 ab
377 315 423 341 illo
438 314 521 349 (Luc.
532 314 559 341 4.
573 313 640 350 15);
656 313 795 341 declarans
808 312 895 348 ipsum
908 317 999 347 postea

207 370 267 389 cum
280 361 395 396 propriis
407 361 458 388 sibi
474 361 657 388 instrumentis
669 359 825 387 accessisse.
841 360 884 387 ll.
900 359 934 386 Et
944 367 999 386 ecce

207 408 292 441 angeli
303 412 472 438 accesserunt,
488 412 512 434 et
526 406 703 433 ministrabant
721 405 753 432 ei.
767 404 833 432 Cum
846 405 918 432 enim
939 412 998 432 con-

208 454 295 481 flictus
319 458 394 485 erat,
413 460 467 480 non
493 453 556 480 sivit
573 452 635 479 illos
650 459 797 486 apparere,
820 459 855 478 ne
867 457 928 478 mox
954 458 998 478 ca-

208 499 333 534 piendum
351 498 574 534 perterrefaceret
588 506 596 524 :
611 501 750 532 postquam
766 501 854 524 autem
866 497 940 524 illum
952 504 1000 531 per

208 550 303 573 cuncta
323 545 481 578 confutavit,
503 550 530 572 et
544 544 652 579 fugavit,
669 548 733 571 tunc
745 548 874 579 apparent
891 543 929 570 illi
945 551 953 570 :
970 548 999 570 ut

205 588 295 616 discas
303 593 328 615 te
336 594 600 624 quoque.postquam
608 590 639 616 ad
648 591 801 625 exemplum
810 590 869 625 ejus
878 591 999 623 viceris‘,

205 635 240 661 ab
246 633 541 668 angeliscxcipiendum
548 642 608 662 esse
615 635 849 670 plaudentibus,ac
855 644 902 671 per
910 636 1001 664 omnia

206 680 379 714 stipantibus.
390 680 436 708 Sic
448 681 520 708 enim
532 686 558 708 et
566 680 700 709 Lazarum
714 687 776 717 post
788 682 925 710 fornacem
936 690 999 717 pau-

206 727 411 761 pertatis,famis
418 732 444 754 et
451 728 681 762 angustiaangeli
690 728 998 764 excipientesabierunt.

207 772 354 807 Siquidem,
371 772 461 807 utjam
475 771 541 804 dixi,
557 771 639 798 multa
650 771 773 798 Christus
785 778 856 798 nunc
869 771 996 803 ostendit,

206 819 304 853 quibus
319 826 368 846 nos
384 818 513 845 fruemur.
532 817 599 851 Quia
615 817 694 852 igitur
708 816 766 844 haec
786 817 874 843 omnia
887 821 996 851 propter

206 869 232 891 te
244 864 310 891 facta
326 868 398 896 sunt,
415 863 484 890 hanc
510 863 613 890 imitare
625 883 633 896 ,
649 867 677 889 et
698 862 823 889 :emularc
845 863 994 890 victoriam.

206 909 240 936 Et
250 909 273 936 si
293 909 353 944 quis
367 916 400 936 ex
411 908 483 935 illius
498 908 632 936 daemonis
646 908 774 935 ministris
797 912 823 934 te
841 907 929 940 adeat,
950 908 995 942 qui

205 954 267 981 talia
276 954 370 989 sapiat,
383 954 549 988 exprobrans
563 953 610 980 tibi
620 961 652 980 ac
666 953 776 981 dicens:
788 953 917 980 Mirabilis
938 961 995 980 nia-

204 1007 326 1034 guusque
341 1007 381 1032 es,
406 1004 525 1027 montem
540 998 654 1026 transfer
669 1007 675 1026 :
691 1006 724 1026 ne
738 998 863 1030 turberis,
884 1006 918 1026 ne
937 1006 996 1026 mo-

204 1045 307 1077 vearis;
323 1045 369 1072 sed
379 1053 439 1072 cum
449 1044 652 1072 mansuetudine
662 1044 804 1079 responde,
814 1049 842 1070 ut
854 1044 994 1071 Dominum

202 1091 300 1118 audisti
315 1091 447 1118 dicentem
465 1100 471 1118 :
487 1091 547 1118 Non
556 1091 660 1118 tentabis
671 1090 806 1116 Dominum
817 1090 898 1117 Deum
912 1095 993 1117 tuum.

202 1137 249 1164 Sin
261 1137 304 1164 ille
319 1137 429 1172 gloriam
451 1136 648 1171 potentiamque
662 1135 777 1163 offerens
788 1140 868 1170 atque
880 1135 994 1162 immen-

200 1191 259 1211 sam
273 1184 326 1210 vim
340 1183 507 1215 divitiarum,
522 1182 634 1210 adorare
649 1187 675 1209 te
694 1182 786 1216 jubeat
797 1202 804 1214 ,
820 1186 864 1217 sta.
876 1181 992 1209 fortiter.

200 1230 258 1258 Non
270 1230 342 1258 enim
353 1235 446 1258 contra
459 1237 627 1257 communem
644 1229 782 1255 Dominum
802 1232 920 1256 nostrum
935 1235 994 1254 om-

200 1277 275 1304 nium
297 1282 399 1304 tantum
414 1277 464 1304 hoc
479 1276 540 1304 fecit
559 1275 698 1307 diabolus;
722 1275 768 1302 sed
782 1274 862 1302 etiam
874 1273 993 1309 quotidie

199 1323 226 1350 in
248 1322 368 1357 singulos
382 1322 440 1357 ejus
456 1329 548 1349 servos
561 1321 608 1348 has
622 1321 747 1348 admovet
768 1319 923 1351 machinas;
938 1327 992 1347 non

199 1373 302 1396 L’llllllll]
313 1369 338 1396 in
354 1369 500 1400 montibus,
510 1370 536 1395 in
547 1367 671 1400 desertis,
681 1366 726 1394 sed
733 1367 813 1394 etiam
829 1366 856 1393 in
869 1367 991 1400 urbibus,

200 1416 225 1441 in
241 1415 318 1447 foris,
334 1415 359 1442 in
375 1414 565 1446 tribunalibus;
586 1420 672 1447 neque
687 1420 736 1446 per
749 1419 778 1439 se
797 1413 882 1441 solum
905 1414 950 1440 sed
964 1417 992 1440 et

198 1469 246 1496 per
255 1460 378 1488 homines
390 1465 520 1496 cognatos
530 1464 647 1486 nostros.
656 1458 722 1492 Quid
736 1458 813 1495 igitur
820 1459 991 1486 faciendum?

197 1506 256 1535 Non
271 1505 437 1534 credendttm
451 1507 476 1533 ei
490 1526 497 1537 ,
513 1512 643 1541 auresque
658 1510 720 1533 sunt
732 1504 913 1538 ubstruendie,
925 1504 991 1532 adu-

197 1554 320 1590 latorqne
342 1553 404 1582 odio
425 1552 565 1580 habendus
581 1561 588 1579 :
605 1557 633 1579 ct
653 1559 714 1580 cum
732 1551 832 1586 majora
849 1551 988 1586 promittit,

198 1606 255 1628 tum
271 1600 354 1635 magis
368 1599 489 1627 aversari
502 1607 563 1626 eum
578 1602 693 1633 oportet.
707 1597 844 1632 Siquidem
859 1601 887 1624 et
906 1596 988 1623 Evam

197 1654 259 1674 cum
273 1654 321 1680 spe
334 1645 437 1680 majore
449 1644 555 1677 extulit,
572 1648 635 1671 tunc
643 1643 751 1678 dejecit,
760 1643 928 1677 maximaque
939 1642 988 1676 ipsi

198 1692 288 1720 intulit
303 1692 382 1719 mala.
399 1691 489 1718 Hostis
504 1691 601 1726 quippe
613 1695 653 1717 est
675 1689 857 1722 inexorabilis,
873 1688 988 1716 bellum-

197 1747 250 1773 que
262 1743 355 1766 contra
369 1746 418 1765 nos
433 1738 550 1772 suscepit
561 1736 738 1771 implacabile.
754 1735 809 1763 Nec
826 1736 860 1762 ita
874 1743 923 1762 nos
945 1743 989 1762 sa-

196 1785 245 1813 luti
260 1789 360 1813 nostrae
376 1784 526 1817 studemus,
541 1788 570 1810 ut
583 1783 628 1810 ille
643 1787 740 1810 nostra:
755 1781 892 1817 perniciei.
909 1782 987 1808 Aver-

196 1839 286 1859 semur
306 1831 394 1866 itaque
421 1830 506 1862 illum,
533 1837 585 1857 non
601 1829 690 1856 verbis
705 1832 806 1856 tantum
817 1848 825 1860 ,
846 1827 892 1854 sed
906 1827 986 1854 etiam

195 1877 338 1912 operibus;
366 1884 418 1903 non
440 1880 528 1903 mente
550 1874 654 1906 solum,
669 1873 717 1901 sed
738 1873 851 1905 actibus,
867 1872 986 1907 nihilque

194 1922 264 1958 quod
280 1922 330 1957 ipsi
352 1922 476 1956 placitum
489 1921 523 1948 sit
537 1921 664 1948 faciamus
681 1928 687 1946 :
702 1919 741 1946 sic
753 1918 843 1946 omnia
858 1925 917 1953 qua:
932 1918 986 1944 Deo

195 1969 290 2003 placita
305 1972 367 1994 sunt
381 1967 519 1994 faciemus.
534 1965 599 1993 Nam
612 1964 694 1992 multa
709 1964 752 1991 ille
764 1963 915 1998 pollicetur,
933 1970 985 1990 non

195 2021 224 2044 ut
237 2016 302 2048 det,
318 2015 366 2042 sed
381 2020 411 2041 ut
425 2013 549 2048 accipiat.
561 2012 601 2040 Ex
617 2012 709 2046 rapina
724 2010 873 2046 pollicetur,
889 2014 917 2036 ut
938 2017 986 2036 au-

195 2062 262 2090 ferat
275 2068 386 2096 regnum
401 2059 583 2093 etjustiliam;
600 2057 740 2085 thesauros
755 2055 781 2082 in
797 2060 868 2083 terra
880 2062 928 2082 ceu
943 2055 984 2082 la-

194 2114 279 2142 queos
292 2106 404 2134 tendens
419 2109 499 2139 atque
514 2111 621 2136 casses,
645 2107 674 2130 ut
691 2107 720 2130 et
733 2101 774 2128 his
794 2105 821 2129 et
834 2100 985 2128 czclestibus

195 2154 281 2188 privet
308 2152 442 2179 thesauris
458 2159 465 2177 :
481 2150 536 2177 vult
561 2156 611 2177 nos
634 2149 677 2175 hic
703 2147 845 2180 ditescere,
871 2155 906 2174 ne
932 2146 985 2173 illic

194 2200 366 2226 ditescamus.
383 2198 430 2225 Sin
445 2205 496 2224 non
514 2197 597 2231 possit
617 2203 666 2222 nos
688 2202 736 2229 per
759 2194 865 2221 divitias
883 2193 917 2220 ab
940 2193 983 2220 illa

195 2251 268 2272 sorte
281 2245 391 2279 ejicere,
405 2244 527 2276 alteram,
543 2251 590 2277 per
600 2245 782 2277 paupertatem
794 2247 899 2274 nempe,
915 2239 984 2265 viam

194 2292 241 2319 init
256 2301 263 2318 :
280 2291 350 2326 quod
367 2291 392 2317 iu
409 2290 459 2317 Job
482 2289 553 2316 fecit.
577 2289 644 2314 Cum
664 2287 758 2314 viderit
773 2286 844 2312 enini
871 2284 935 2312 nihil
958 2284 982 2311 ei

194 2337 317 2365 nocuisse
339 2336 445 2364 divitias
457 2356 464 2366 ,
481 2343 527 2369 per
541 2337 722 2369 paupertatem
737 2332 802 2359 retia
818 2331 910 2361 nectit.
935 2329 984 2356 bac

194 2385 234 2410 \ia
261 2390 373 2418 sperans
397 2389 427 2409 se
447 2380 586 2408 victoriam
608 2383 805 2414 reportaturum
835 2383 894 2403 esse
910 2385 916 2403 ;
931 2384 984 2410 quo

194 2430 256 2465 quid
277 2429 385 2456 stultius
397 2435 458 2455 esse
480 2426 582 2461 possit?
597 2425 647 2459 Qui
668 2425 740 2452 enim
763 2423 868 2450 divitias
884 2427 985 2455 tempe-

194 2482 285 2502 ranter
298 2477 367 2502 ferre
382 2474 477 2509 potuit,
494 2473 577 2500 multo
593 2471 676 2506 magis
687 2474 867 2506 paupertatem
880 2467 984 2495 fortiter

193 2524 260 2548 feret
271 2529 279 2548 :
292 2526 319 2548 et
328 2521 372 2555 qui
384 2523 531 2554 prmsentes
540 2518 646 2545 divitias
655 2524 706 2544 non
718 2515 879 2550 concupivit,
888 2515 985 2540 absen-

195 2573 234 2594 tes
249 2575 302 2593 non
318 2570 432 2599 quaeret,
446 2562 670 2599 quemadmodum
697 2568 784 2595 neque
807 2561 898 2587 beatus
921 2559 982 2590 ille;

192 2614 239 2641 sed
261 2621 293 2641 ex
315 2617 474 2648 paupertate
492 2618 597 2638 rursum
613 2608 778 2644 Splendidior
800 2606 910 2635 effectus
931 2610 982 2632 est.

192 2661 257 2688 Nam
271 2660 378 2687 divitias
390 2658 499 2694 quidem
512 2657 616 2684 auferre
627 2656 711 2691 potuit
724 2654 856 2688 malignus
870 2652 916 2680 ille
928 2651 984 2678 da:-

193 2715 271 2737 mon;
291 2706 432 2733 caritatem
447 2710 511 2730 Vero
527 2709 588 2737 erga
611 2702 692 2728 Deum
709 2707 761 2727 non
784 2698 863 2725 modo
878 2696 984 2724 auferre

193 2761 245 2780 non
259 2752 360 2786 potuit,
377 2750 426 2777 sed
443 2749 521 2776 etiam
537 2747 722 2775 ferventiorem
738 2744 867 2775 reddidit,
883 2743 984 2777 ipsum-

192 2807 244 2834 que
257 2797 385 2825 nudatum
397 2794 529 2825 omnibus,
543 2793 660 2828 pluribus
673 2790 774 2819 curavit
786 2788 927 2825 splendere
937 2787 986 2814 bo-

219 2858 227 2873 ι
243 2854 381 2886 Legeratin
388 2854 473 2877 Greco
478 2852 528 2886 iter:
534 2848 835 2886 exaivmvalontefalconius
841 2845 980 2886 Latineque

191 2875 665 2919 reddidzrai‘,‘posiqimbt'illosiiceris.
686 2877 784 2904 Videsis
799 2883 855 2908 qua}
874 2875 899 2900 in
916 2875 982 2900 hunc

192 2911 383 2943 locumrnotatit
402 2912 540 2939 Fridericus
557 2911 634 2937 Fie-d.

783 164 815 190 lN
835 161 1038 192 MATTIIJEUM
1057 164 1172 192 HOMIL.
1194 165 1261 193 Xlll.

1790 165 1843 192 εει

1052 222 1111 256 nis;
1135 222 1249 259 ideoque
1272 223 1336 259 quid
1355 224 1458 252 consilii
1481 229 1589 258 caperet
1614 223 1758 252 nesciebat.
1784 226 1844 259 Quo

1052 270 1142 305 plures
1154 270 1225 297 enim
1241 270 1377 305 infligebat
1388 270 1488 305 plagas,
1509 278 1543 298 eo
1555 270 1728 300 valentiorem
1748 279 1843 300 cerne-

1051 315 1107 343 bat.
1123 314 1239 350 ldeoque
1252 316 1376 343 omnibus
1390 315 1498 342 tentatis
1512 320 1540 342 et
1553 314 1688 351 adhibitis,
1700 316 1760 352 quia
1774 317 1840 344 nihil

1052 362 1136 396 magis
1146 362 1310 396 proficiebat,
1325 362 1360 389 ad
1371 367 1447 389 vetus
1463 361 1526 389 illud
1535 361 1616 389 telum
1625 362 1718 394 currit,
1731 370 1840 390 uxorem

1051 415 1162 443 nempe,
1184 412 1211 435 et
1225 413 1360 443 assumpta
1376 407 1549 443 providentiae
1568 407 1652 440 larva,
1676 408 1842 436 calamitates

1051 453 1110 488 ejus
1121 453 1308 480 miserabiliter
1321 458 1348 480 et
1366 453 1465 488 tragice
1486 452 1623 485 describit.
1642 457 1670 480 et
1689 453 1797 480 simulat
1811 461 1840 480 sc

1051 498 1231 534 perniciosum
1255 498 1319 526 illud
1339 498 1406 526 dare
1420 499 1580 531 consilium,
1604 503 1634 526 ut
1660 498 1704 526 ille
1724 506 1739 526 a
1763 499 1840 526 malis

1050 551 1160 579 prorsus
1173 544 1309 571 liberetur.
1325 543 1377 572 Sed
1392 551 1480 579 neque
1493 544 1528 571 ita
1544 543 1700 579 praevaluit:
1715 544 1755 572 vir
1768 545 1838 572 enim

1050 590 1095 617 ille
1106 590 1276 617 admirandus
1287 590 1344 625 cjus
1354 597 1442 617 escam
1453 589 1649 622 animadvertit,
1659 597 1691 617 ac
1703 597 1764 617 cum
1775 590 1840 617 mul-

1051 641 1076 664 ta
1089 636 1227 671 prudentia
1239 637 1325 669 uxori,
1339 636 1396 672 ejus
1410 643 1489 663 suasu
1504 636 1633 671 loquenti,
1648 643 1679 663 os
1693 636 1837 663 obstruxit.

1085 682 1111 709 5.
1129 682 1156 709 Id
1170 681 1239 716 quod
1256 682 1336 709 etiam
1352 690 1400 708 nos
1413 681 1499 709 facere
1511 682 1649 713 convenit;
1664 681 1767 709 etiamsi
1785 682 1837 708 fra-

1050 727 1107 760 tris,
1123 727 1226 755 etiamsi
1247 727 1343 760 amici,
1358 729 1407 754 etsi
1430 728 1521 754 uxoris
1535 728 1575 755 vel
1589 728 1700 755 alterius
1712 727 1839 762 cujusque

1048 780 1189 808 personam
1202 773 1324 806 induens,
1339 780 1391 800 non
1405 774 1575 807 congruentia
1591 773 1723 808 loquatur,
1740 781 1791 799 non
1804 780 1837 800 ex

1048 827 1162 854 persona
1189 819 1322 854 loquentis
1341 819 1482 846 consilium
1502 820 1639 854 excipere,
1659 819 1707 847 sed
1732 819 1835 846 ratione

1047 866 1189 901 perniciosi
1203 865 1308 893 consilii
1332 865 1389 892 lucc
1410 865 1543 892 dicentem
1565 866 1681 892 aversari
1697 865 1836 893 debemus.

1047 912 1184 947 Siquidem
1200 919 1271 939 nunc
1294 911 1374 938 etiam
1389 911 1487 938 similia
1503 911 1583 938 multa
1600 911 1672 944 facit,
1687 916 1714 938 et
1723 918 1838 940 commt-

1046 957 1187 985 serationis
1198 957 1297 984 larvam
1306 957 1433 987 assumit;
1447 964 1479 984 ac
1490 956 1552 983 dum
1565 956 1712 984 benevolus
1723 957 1838 990 videtur,

1047 1003 1196 1038 perniciosa
1214 1008 1241 1030 et
1263 1003 1357 1038 quovis
1370 1009 1473 1028 veneno
1485 1001 1617 1030 deteriora
1637 1003 1723 1030 fundit
1742 1003 1836 1031 verba.

1045 1049 1112 1076 Nam
1132 1048 1164 1076 ad
1191 1053 1379 1076 nocumcntum
1394 1047 1513 1081 adulari,
1540 1048 1656 1080 diaboli;
1677 1048 1711 1076 ad
1738 1049 1834 1077 bonurn

1046 1093 1224 1130 praestandum
1236 1094 1382 1128 carripere,
1396 1095 1442 1122 Dei
1452 1100 1501 1122 est.
1517 1094 1555 1122 Ne
1566 1095 1654 1129 itaque
1662 1094 1834 1130 decipiantur,

1046 1147 1132 1174 neque
1147 1147 1195 1174 per
1210 1147 1317 1167 omnem
1332 1140 1440 1167 modum
1455 1139 1622 1174 tranquillam
1636 1145 1770 1167 sectemur
1791 1141 1833 1167 vi-

1045 1190 1109 1213 tam.
1126 1185 1208 1219 Quem
1222 1187 1291 1213 enim
1305 1186 1388 1220 diligit
1401 1185 1469 1212 Deus
1480 1206 1488 1218 ,
1505 1186 1611 1221 castigat
1630 1185 1720 1220 (Prot'.
1734 1186 1760 1213 5.
1778 1186 1835 1220 l2),

1044 1232 1140 1267 inquit.
1154 1232 1220 1260 Cum
1231 1233 1320 1267 itaque
1335 1231 1454 1266 improbe
1467 1232 1585 1258 viventes
1600 1231 1679 1258 rebus
1700 1232 1835 1266 prosperis

1042 1278 1172 1311 fruimur,
1203 1282 1266 1305 tunc
1286 1277 1400 1304 maxime
1424 1276 1560 1304 doleamus
1577 1285 1583 1301 :
1600 1280 1739 1311 peccantes
1763 1278 1833 1304 enim

1043 1332 1149 1360 semper
1161 1324 1257 1352 timere
1271 1327 1394 1358 oportet:
1408 1326 1461 1349 tum
1475 1329 1538 1350 vero
1553 1322 1668 1349 maxime
1682 1329 1742 1350 cum
1759 1323 1834 1350 triste

1044 1370 1110 1399 nihil
1129 1371 1253 1406 patimur.
1277 1369 1388 1404 Quando
1402 1368 1473 1395 enim
1487 1375 1536 1402 per
1556 1372 1644 1402 partes
1658 1367 1726 1395 Deus
1741 1375 1833 1403 poenas

1042 1417 1133 1452 exigit,
1147 1416 1273 1444 leviorem
1295 1420 1369 1450 parat
1382 1414 1541 1445 vindictam;
1558 1413 1664 1448 quando
1675 1418 1762 1440 autem
1775 1421 1835 1441 sce-

1042 1463 1096 1491 lera
1108 1461 1209 1497 singula
1219 1461 1270 1488 fert
1281 1461 1418 1496 patienter,
1427 1459 1452 1486 in
1465 1467 1585 1494 magnam
1597 1466 1646 1486 nos
1660 1459 1685 1485 in
1699 1459 1732 1486 iis
1743 1466 1834 1493 perse-

1041 1512 1165 1537 verantes
1181 1511 1299 1535 reservat
1314 1506 1450 1533 ultionem.
1465 1505 1530 1532 Nam
1545 1505 1566 1531 si
1583 1505 1671 1539 probis
1682 1505 1830 1532 necessaria

1040 1561 1082 1584 est
1096 1554 1204 1582 afflictio
1214 1574 1223 1587 ,
1236 1553 1320 1580 multo
1342 1552 1425 1587 magis
1440 1551 1619 1586 peccantibus.
1634 1550 1702 1578 Vide
1717 1558 1830 1584 namque

1040 1605 1166 1637 quantam
1181 1600 1226 1627 Dei
1241 1598 1395 1634 patientiam
1409 1602 1537 1632 expertus
1551 1597 1662 1629 Pharao,
1681 1601 1829 1624 extremum

1040 1648 1154 1682 denique
1169 1653 1217 1681 pro
1230 1645 1354 1672 omnibus
1370 1644 1417 1671 luit
1431 1642 1599 1677 supplicium;
1611 1646 1675 1676 quot
1688 1642 1828 1669 criminum

1040 1701 1101 1721 reus
1113 1690 1375 1722 Nabuchodonosor,
1402 1688 1520 1715 onmium
1536 1687 1641 1714 tandem
1656 1694 1748 1721 poenas
1763 1687 1827 1715 luit:

1039 1740 1113 1768 dives
1132 1739 1194 1766 item
1215 1737 1275 1772 quia
1298 1735 1363 1763 nihil
1386 1735 1428 1761 hic
1443 1740 1622 1760 :erumnarum
1640 1739 1732 1767 passus
1755 1737 1827 1762 erat.

1039 1785 1098 1813 ideo
1112 1784 1225 1812 maxime
1250 1782 1330 1809 miser
1344 1781 1392 1808 fuit
1403 1789 1410 1812 ;
1423 1779 1482 1814 quia
1496 1780 1521 1806 in
1543 1779 1591 1805 hac
1603 1779 1654 1805 vita
1672 1778 1809 1806 deliciatus
1819 1799 1826 1811 ,

1039 1831 1101 1859 illuc
1112 1830 1176 1858 abiit
1186 1829 1303 1855 omnium
1320 1834 1412 1862 pmnas
1424 1826 1544 1857 daturus,
1561 1824 1604 1851 ubi
1619 1824 1716 1851 nullam
1730 1824 1755 1851 in
1772 1832 1829 1851 tua-

1039 1877 1071 1904 lis
1083 1875 1291 1903 consolationem
1303 1873 1420 1908 reperire
1432 1876 1500 1899 erat.
1514 1872 1638 1898 Attamen
1651 1871 1757 1905 quidam
1766 1876 1826 1897 sunt

1038 1923 1073 1950 ita
1090 1921 1175 1957 frigidi
1191 1925 1217 1948 et
1231 1920 1315 1951 stulti,
1327 1923 1356 1945 ut
1369 1918 1507 1953 praesentia
1520 1920 1620 1943 tantum
1635 1923 1740 1951 semper
1752 1923 1823 1950 qua:-

1038 1973 1106 1999 rant,
1116 1972 1142 1995 et
1151 1967 1207 1993 haec
1220 1964 1328 1992 ridicula
1339 1963 1418 1991 verba
1432 1963 1579 1997 proferant:
1591 1961 1696 1987 lutcritn
1707 1968 1824 1995 priesen-

1038 2016 1106 2043 tibus
1121 2013 1193 2041 fruar
1203 2011 1335 2043 omnibus;
1346 2015 1408 2037 tunc
1416 2009 1450 2036 de
1463 2008 1571 2035 incertis
1582 2005 1751 2041 prospiciam;
1761 2013 1826 2033 ven-

1037 2061 1070 2089 tri
1084 2059 1235 2094 indulgebo,
1250 2056 1428 2091 voluptatibus
1440 2054 1570 2086 serviam,
1586 2052 1680 2080 abutar
1702 2053 1825 2086 praesenti

1037 2108 1099 2134 vita.
1129 2107 1166 2133 Da
1193 2104 1257 2132 mihi
1286 2103 1442 2130 hodiernum
1458 2101 1540 2132 diem,
1564 2105 1591 2126 et
1610 2099 1701 2133 accipe
1730 2098 1825 2125 crasti-

1037 2161 1110 2181 num.
1131 2152 1153 2180 0
1172 2152 1306 2186 ingentem
1332 2147 1488 2176 stultitiam!
1513 2146 1540 2172 In
1562 2154 1615 2181 quo
1640 2145 1674 2172 ab
1698 2144 1779 2172 hircis
1799 2149 1826 2171 ct

1037 2200 1123 2235 porcis
1143 2197 1269 2226 differunt
1285 2195 1329 2231 qui
1352 2195 1414 2221 talia
1432 2192 1593 2228 loquuntur?
1618 2192 1684 2219 Nam
1711 2191 1734 2218 si
1758 2198 1824 2223 eos,

1036 2246 1080 2281 qui
1099 2244 1131 2272 ad
1156 2250 1266 2271 uxorem
1291 2241 1402 2276 proximi
1417 2240 1456 2267 sui
1471 2239 1604 2271 binninnt,
1620 2246 1672 2265 non
1686 2237 1749 2264 sinit
1761 2244 1826 2272 pro-

1037 2292 1116 2327 pbeta
1139 2289 1262 2316 homines
1274 2287 1392 2322 reputari
1408 2285 1473 2321 (Jer.
1489 2286 1515 2313 5.
1527 2285 1554 2317 ὃ)
1566 2305 1573 2315 ,
1594 2284 1653 2318 quis
1672 2291 1721 2310 nos
1733 2283 1825 2317 culpa-

1036 2337 1074 2364 bit
1088 2337 1110 2363 si
1123 2336 1173 2363 bos
1188 2335 1287 2366 hircos,
1302 2340 1397 2367 porcos
1411 2336 1437 2359 et
1461 2331 1542 2358 asinis
1557 2329 1752 2364 insipientiores
1766 2335 1826 2356 esse

1036 2382 1229 2413 existimemus,
1254 2379 1298 2415 qui
1320 2379 1431 2406 clariora
1445 2377 1492 2408 iis,
1513 2384 1573 2411 quaa
1587 2375 1671 2402 oculis
1692 2374 1824 2407 videntur,

1037 2429 1137 2456 incerta
1153 2434 1212 2454 esse
1226 2425 1338 2460 putant?
1351 2424 1378 2451 Si
1392 2423 1462 2451 enim
1478 2422 1540 2449 nulli
1557 2421 1601 2448 alii
1616 2420 1713 2452 credis,
1725 2419 1828 2447 daemo-

1036 2474 1113 2501 nibus
1131 2472 1225 2500 saltem
1238 2470 1313 2498 atlsla
1330 2469 1393 2497 dunt
1411 2468 1599 2498 verberantur;
1617 2466 1650 2493 iis
1661 2465 1763 2492 scilicet
1780 2464 1826 2499 qui

1036 2520 1063 2548 in
1080 2518 1223 2554 perniciem
1239 2522 1355 2544 nostram
1375 2515 1440 2542 nihil
1454 2522 1505 2541 non
1519 2513 1611 2540 dicunt
1630 2515 1657 2539 et
1669 2515 1760 2546 agunt.
1771 2510 1826 2538 Ne-

1036 2574 1088 2601 que
1101 2565 1171 2592 enim
1186 2563 1238 2590 hoc
1258 2566 1401 2596 negaturus
1417 2567 1456 2592 es,
1471 2559 1543 2593 ipsos
1569 2564 1665 2591 nempe
1683 2556 1749 2583 nihil
1772 2563 1824 2583 non

1036 2619 1115 2647 agere
1128 2617 1156 2637 ut
1166 2609 1295 2637 desidiam
1310 2613 1426 2635 nostram
1441 2609 1565 2640 augeant,
1578 2604 1707 2639 gelicnnm
1725 2607 1825 2629 metum

1036 2657 1167 2688 auferant,
1184 2655 1354 2688 efficiamque
1367 2657 1396 2680 ut
1421 2651 1510 2679 futuro
1521 2650 1621 2686 judicio
1643 2649 1724 2676 fidem
1743 2655 1823 2681 nege-

1037 2711 1106 2730 mus.
1130 2703 1253 2729 Attamen
1269 2700 1313 2735 qui
1328 2700 1385 2726 luet:
1406 2698 1525 2732 cupiunt,
1545 2696 1689 2723 clamantes
1715 2698 1743 2720 et
1765 2692 1825 2719 ulu-

1036 2749 1122 2775 lantes
1143 2754 1233 2781 stt-pe,
1249 2749 1379 2772 tormenta
1404 2743 1457 2770 illic
1479 2742 1596 2769 adhibita
1608 2739 1824 2776 praedicant(a).

1036 2793 1113 2822 Unde
1133 2792 1213 2827 igitur
1236 2791 1293 2818 hate
1308 2790 1410 2822 dicunt,
1438 2793 1465 2816 et
1478 2792 1570 2816 contra
1591 2794 1671 2822 quam
1684 2785 1774 2813 volunt
1787 2785 1824 2811 lo-

1067 2860 1104 2915 (q)
1120 2863 1176 2890 Qua:
1192 2859 1231 2883 hic
1245 2858 1278 2884 de
1293 2856 1450 2882 daemoniau"
1463 2855 1590 2880 dicuntur-
1609 2854 1740 2879 observatu
1751 2849 1824 2881 digna

1067 2899 1082 2915 l'l
1097 2907 1102 2913 .

1037 2898 1102 2916 ειιῐιι..
