2073 3127
215 168 268 195 915

214 222 350 260 quuntur?
371 222 428 250 Non
454 221 505 249 alia
532 221 566 248 de
587 228 687 253 causa,
713 227 793 255 quam
815 218 886 254 quod
913 216 1006 252 majori

213 272 334 299 cruciatu
345 273 494 306 'cogantur.
509 268 600 303 Neque
615 268 685 295 enim
710 267 809 294 vellent
823 270 919 300 sponte
943 271 1008 291 con-

214 318 304 351 ﬁteri,
327 318 369 345 vel
396 324 425 344 se
451 325 465 343 a
491 315 602 343 mortuis
630 314 781 341 hominibus
806 311 945 347 torqueri,
964 310 1007 337 vel

212 374 242 393 se
265 364 375 392 omnino
391 370 471 398 grave
485 361 621 397 quidpiam
638 362 701 395 pati.
716 359 772 393 Qua
792 365 856 392 ergo
879 356 912 384 de
927 363 1007 383 causa

213 411 270 439 hzcc
293 419 309 438 a
324 418 367 438 me
386 410 455 437 dicta
482 408 564 436 sunt?
584 407 650 441 Quia
674 406 820 438 daemones,
844 404 890 439 qui
914 402 1008 430 nolunt

212 457 285 486 credi
309 456 470 493 gehennam,
494 461 581 482 tamen
608 453 757 488 gehennam
780 451 961 479 conﬁtentur:
979 454 1007 477 tu

213 511 277 531 vero
299 503 344 538 qui
367 507 440 529 tanto
454 500 572 536 dignaris
595 499 707 531 horrore,
723 498 821 534 quique
836 496 1006 525 lnell'abillum

212 557 324 577 consors
345 556 375 575 es
394 547 600 583 mysteriorum,
629 553 679 572 nec
713 545 773 571 illos
795 543 924 576 imitaris,
959 542 1007 569 sed

212 596 294 622 etiam
320 594 372 622 illis
394 593 512 621 deterior
533 592 618 620 factus
642 599 682 618 es.
706 590 814 626 Ecquis,
830 589 944 624 inquies,
972 588 1008 616 ab

213 641 318 669 inferno
339 641 421 671 venit,
447 644 475 667 et
496 639 554 666 haec
575 637 728 665 nuntiavit?
750 636 804 664 Sed
829 641 856 663 et
878 635 912 662 de
933 635 1007 662 earlis

212 687 273 722 quis
296 687 376 718 venit,
391 686 512 720 dixitque
537 685 619 713 Deum
638 691 699 712 esse
722 683 767 718 qui
782 683 870 710 omnia
886 681 1008 710 creavit?

213 731 289 766 Quod
314 737 402 759 autem
433 731 549 758 animam
575 730 720 757 habeamus
739 729 810 756 unde
831 728 918 764 palam
944 727 1008 754 est?

213 779 240 805 Si
256 778 328 805 enim
350 778 394 805 illa
418 777 504 804 solum
525 785 585 811 quae
609 776 659 803 sub
678 781 815 810 aspectum
830 774 929 801 cadunt
946 781 1006 800 cre-

213 825 317 851 diturus
337 832 376 856 es,
402 831 434 850 ac
445 823 479 850 de
495 824 560 854 Deo,
575 823 609 850 de
632 823 744 858 angelis,
771 821 804 849 de
824 826 913 849 tuente
935 820 1007 848 etde

213 871 301 898 anima
315 870 430 903 dubitas,
445 870 485 898 sic
506 869 551 897 tibi
563 869 654 897 omnia
669 869 788 896 veritatis
807 868 931 903 dogmata
947 875 1008 903 pes-

213 919 272 940 sum
323 912 409 940 ibunt.
432 912 513 947 Atqui
527 912 549 940 si
571 911 622 940 sub
643 919 751 939 sensum
766 911 923 939 cadentibus
947 917 1005 938 tan-

215 962 270 985 tum
290 958 330 985 vis
340 957 460 991 credere,
474 957 652 986 invisibilibus
664 957 748 992 magis
762 965 841 993 quam
857 957 1007 984 visibilibus

213 1004 308 1033 credas
327 1009 441 1039 oportet.
456 1004 532 1038 Quod
551 1004 573 1032 si
589 1004 748 1039 stupendum
762 1004 884 1032 videatur
897 1004 923 1031 id
937 1004 1007 1039 quod

213 1050 278 1083 dixi,
293 1054 410 1078 attamen
422 1057 514 1078 verum
534 1054 562 1077 et
581 1049 650 1085 apud
667 1055 757 1078 mente
770 1050 896 1085 praeditos
908 1051 934 1077 in
943 1057 1008 1077 con-

214 1095 286 1124 fesso
293 1101 344 1124 est.
356 1096 431 1124 Oculi
440 1097 511 1124 enim
524 1104 596 1131 saepe
607 1096 744 1129 falluntur,
757 1104 809 1124 non
827 1097 852 1124 in
868 1097 1007 1124 invisibili-

213 1142 264 1170 bus
271 1146 372 1169 tatttum
384 1142 454 1177 (hazc
462 1145 560 1178 quippe
574 1150 626 1170 non
638 1144 759 1178 norunt),
770 1143 818 1171 sed
827 1143 853 1171 in
864 1143 916 1170 illis
926 1144 1006 1171 etiam

213 1195 273 1223 qua:
299 1196 412 1216 cernere
441 1189 490 1217 sibi
517 1189 660 1222 videntur;
686 1189 810 1217 obstante
833 1189 935 1217 scilicet
961 1194 1008 1217 aut

213 1231 357 1265 distanlia,
383 1236 430 1259 aut
452 1239 533 1264 aere,
561 1236 607 1260 aut
631 1236 721 1260 mente
746 1233 800 1260 alio
815 1232 934 1266 intenta,
961 1238 1008 1261 aut

213 1277 265 1310 ira,
289 1282 335 1304 aut
358 1276 553 1310 sollicitudine,
572 1283 619 1304 aut
640 1278 772 1306 sexcentis
797 1278 857 1306 aliis
886 1278 1007 1306 obicibus

212 1321 411 1349 accurationem
438 1320 593 1350 tollentibus
621 1331 627 1349 :
659 1323 755 1350 animm
786 1328 874 1351 autem
904 1324 1007 1359 cogita-

213 1367 269 1400 tio,
291 1367 313 1394 si
338 1367 487 1394 divinarum
512 1367 711 1403 Scripturarum
736 1369 794 1396 luce
817 1369 1006 1404 perfundatur,

212 1414 361 1442 accuratius
374 1422 406 1442 ac
428 1414 526 1442 certius
551 1422 640 1442 rerum
660 1415 789 1450 judicium
808 1415 886 1444 feret.
909 1416 1007 1445 Neita.

212 1467 264 1495 que
275 1467 323 1487 nos
337 1460 409 1495 ipsos
419 1460 515 1489 frustm
526 1461 699 1497 decipiamus,
707 1470 774 1490 neve
784 1467 880 1497 prteter
889 1463 950 1490 vitm
965 1470 1007 1491 se-

211 1506 321 1541 gnitiem
331 1506 482 1541 lmjusmodi
491 1507 659 1542 dogmatibus
667 1513 780 1543 partam,
796 1509 876 1536 etiam
885 1516 934 1544 pro
942 1509 1007 1544 ipsis

212 1552 380 1587 dogmatibus
392 1553 543 1588 graviorem
559 1553 636 1581 nobis
650 1554 704 1581 vim
719 1554 786 1589 ignis
797 1555 1005 1581 accumuleinus.

213 1598 292 1626 Certe
307 1599 330 1626 si
350 1599 480 1634 judicium
508 1607 561 1627 non
581 1606 640 1634 est,
664 1608 751 1636 neque
769 1607 863 1636 poenas
884 1601 1007 1629 dabimus

212 1646 355 1680 scelerum,
372 1655 459 1682 neque
471 1648 593 1676 laborum
601 1649 710 1683 prtemia
720 1656 927 1685 consequemur.
943 1650 1007 1678 Per-

212 1691 331 1726 pendite,
346 1700 447 1727 quteso,
459 1701 512 1728 quo
527 1694 636 1721 tendant
645 1694 818 1729 blasphemiae
829 1701 934 1729 vestrm,
946 1704 1006 1723 cum

212 1737 309 1771 dicitis,
328 1738 412 1766 Deum
425 1738 536 1774 justum,
548 1740 650 1773 mitem,
667 1745 705 1767 tot
724 1740 829 1768 labores
842 1741 1007 1776 sudoresque

212 1783 362 1818 despicere.
379 1783 414 1811 Et
425 1785 560 1820 quomodo
574 1785 631 1813 haec
645 1787 740 1814 rationi
756 1795 874 1814 consona
887 1787 1006 1816 fuerint?

250 1829 442 1856 Demonstratur
464 1832 602 1858 mercedem
628 1832 713 1859 virtuti
736 1838 759 1859 et
783 1833 842 1860 vitio
861 1842 960 1868 pwnam
980 1835 1007 1861 in

213 1874 293 1901 altera
307 1875 357 1901 vita
371 1876 501 1902 reservari.
521 1892 556 1896 —
576 1877 631 1904 Etsi
646 1878 717 1905 enim
737 1886 790 1905 non
812 1879 919 1908 aliunde
931 1901 937 1912 ,
951 1880 1006 1907 sal-

214 1925 265 1948 tem
283 1928 318 1948 ex
335 1921 366 1948 iis
380 1929 439 1956 qua:
452 1921 477 1948 in
491 1921 572 1950 domo
586 1927 630 1950 tua
652 1928 782 1958 geruntur
805 1924 863 1952 haec
877 1925 985 1960 explora
996 1947 1005 1959 ,

212 1970 241 1994 et
254 1971 315 1994 tunc
325 1975 405 2002 quam
420 1967 533 1995 absurda
549 1969 606 1996 htec
616 1970 669 1996 sint
682 1969 878 2005 deprehendes.
894 1970 1006 1999 Etiamsi

212 2013 284 2041 enim
299 2013 442 2040 admodum
455 2013 616 2041 inhumanus
630 2015 667 2042 sis
681 2023 712 2043 ae
722 2015 840 2043 crudelis
853 2038 860 2048 ,
877 2016 930 2044 imo
942 2016 1006 2051 ipsis

212 2059 278 2087 feris
290 2059 441 2094 immanior,
456 2061 541 2088 nolles
553 2067 625 2089 certe
639 2069 744 2089 servum
760 2068 833 2090 tuum
846 2063 1006 2091 benevolum

212 2105 259 2132 tibi
271 2106 387 2134 moriens
398 2107 456 2133 sine
474 2107 586 2141 pnemio
598 2108 747 2143 relinquere
756 2129 765 2141 ,
776 2109 823 2136 sed
843 2113 870 2136 et
883 2109 1006 2137 libertate

212 2151 296 2180 donas
306 2173 314 2186 ,
326 2157 354 2180 et
363 2153 483 2187 pecunia:
492 2161 603 2180 munere
616 2162 623 2186 ;
638 2159 666 2181 et
679 2155 740 2190 quia
753 2159 779 2182 tu
793 2155 926 2183 decedens
941 2156 1006 2183 nihil

213 2205 289 2234 potos
304 2200 372 2227 ultra
391 2200 441 2232 ipsi
455 2200 576 2228 conferre
587 2200 648 2228 boni
659 2222 667 2234 ,
692 2201 718 2228 id
732 2201 801 2236 apud
818 2201 932 2230 heredes
947 2207 1006 2230 tuos

211 2253 300 2278 curas,
314 2253 411 2281 rogans
423 2245 542 2281 nihilque
556 2254 609 2274 non
623 2254 716 2281 agens,
730 2251 758 2274 ut
767 2255 800 2274 ne
814 2248 857 2275 ille
868 2249 926 2276 sine
939 2257 1006 2276 mer-

211 2291 277 2319 cede
288 2296 403 2319 maneat.
416 2292 496 2327 Atqui
507 2292 530 2320 si
546 2297 572 2319 tu
589 2300 703 2327 nequam
714 2293 794 2320 homo
804 2314 812 2328 ,
825 2294 860 2321 ita
875 2294 1007 2322 humanus

211 2336 395 2372 benignusque
404 2344 433 2364 es
447 2345 511 2372 erga
531 2338 674 2371 famulum,
689 2346 724 2365 an
742 2339 872 2367 immensa
896 2340 942 2367 Dei
956 2341 1004 2367 bo—

211 2382 296 2414 nitas,
319 2382 460 2411 inen’abilis
481 2383 648 2419 benignitas,
663 2388 736 2412 tanta
750 2384 794 2412 illa
809 2386 985 2413 mansuetudo
997 2408 1004 2420 ,

212 2427 326 2455 famulos
347 2435 425 2462 suos,
442 2428 567 2462 Petrum,
582 2429 704 2463 Paulum,
726 2429 854 2458 Iacobum
876 2436 902 2458 et
925 2431 1008 2459 Joan-

212 2481 293 2506 nem,
315 2473 433 2508 quotidie
454 2479 564 2510 propter
591 2475 666 2502 illum
693 2476 859 2510 esurientes,
881 2477 1005 2511 vinctos,

212 2519 360 2554 [lagellatos
370 2542 377 2553 ,
394 2520 518 2549 ﬂuctibus
531 2522 684 2556 demersos,
700 2523 763 2551 feris
776 2523 912 2559 objectos,
927 2526 1007 2552 morti

213 2566 341 2599 traditos,
355 2567 460 2603 aliaque
474 2569 612 2597 innumera
626 2577 730 2604 passos,
741 2570 912 2599 incoronatos
928 2572 1007 2599 relin-

212 2613 298 2646 quet?
312 2614 477 2648 Agonotheta
492 2623 557 2644 sane
568 2617 698 2644 victorem
710 2617 736 2644 in
750 2617 896 2654 Olympicis
911 2619 1007 2653 praedi-

213 2664 257 2686 cat
268 2664 296 2687 et
304 2665 431 2692 coronat,
448 2660 530 2688 herus
542 2668 649 2690 servum
658 2683 667 2696 ,
682 2670 731 2691 rex
749 2663 860 2692 militem
873 2664 1006 2698 honorat,

214 2710 242 2732 et
253 2706 367 2741 quisque
379 2706 486 2734 demum
497 2708 570 2735 illum
584 2709 630 2744 qui
642 2709 693 2737 sibi
707 2709 897 2738 ministraverit
911 2711 1008 2745 quibus

215 2757 304 2786 potest
318 2753 395 2780 bonis
409 2759 563 2782 remunerat
577 2764 584 2783 :
600 2755 722 2791 Deosque
736 2757 823 2790 solus,
845 2762 904 2791 post
919 2762 1008 2785 tantos

214 2798 327 2826 sudores
341 2804 368 2826 et
388 2799 506 2834 labores,
529 2808 579 2828 nec
599 2809 709 2836 parvum
724 2810 774 2830 nec
799 2810 922 2838 magnum
943 2804 1008 2838 ipsis

213 2843 313 2871 bonum
334 2845 454 2879 confert,
469 2847 516 2875 sed
536 2848 600 2882 justi
622 2848 659 2875 illi
679 2856 710 2876 ac
722 2849 760 2883 pii
775 2849 843 2882 viri,
857 2850 903 2885 qui
927 2857 1008 2878 omne

215 2891 319 2919 virtutis
337 2899 422 2927 genus
451 2893 590 2930 adierunt,
615 2895 709 2924 eadem
733 2900 811 2924 erttnt
834 2895 1006 2933 conditione,

573 163 602 191 S.
622 162 760 192 JOANNIS
777 159 1017 190 CHRYSOSTOMI
1037 159 1195 189 ARCHIEP.
1216 159 1494 190 CONSTANTINOP.

1795 161 1848 190 2115

1059 226 1114 253 qua
1138 219 1250 251 mtechi,
1273 219 1431 253 parricidas.
1461 220 1604 247 homicidae
1626 219 1848 254 tumulorumque

1059 264 1242 292 eﬂ‘ossores‘?
1258 265 1348 300 Ecqua
1364 266 1428 292 insit
1441 267 1467 292 in
1489 267 1531 294 his
1550 267 1635 293 ratio?
1654 267 1682 293 Si
1697 267 1771 294 enim
1781 267 1849 293 nihil

1061 312 1131 340 ultra
1139 318 1182 340 est
1192 317 1252 347 post
1268 313 1418 341 discessum
1427 321 1460 340 ex
1475 314 1526 341 hac
1542 315 1608 345 vita.
1618 315 1673 341 etsi
1693 319 1786 341 nostra
1795 315 1850 341 sint

1060 361 1203 394 prasentis
1211 361 1410 388 vitalimitibus
1419 361 1635 395 circumscripta,
1649 362 1675 388 in
1682 362 1778 388 eodem
1786 365 1851 388 sunt

1059 404 1130 427 statu
1142 405 1169 427 et
1184 400 1248 427 hiet
1260 401 1296 427 illi
1309 409 1316 431 ;
1332 401 1385 428 itno
1398 408 1450 428 non
1469 401 1564 428 eodem
1585 402 1611 428 in
1624 406 1704 428 statu.
1725 401 1754 429 Si
1768 403 1852 434 enim,

1059 446 1204 474 secundum
1219 452 1245 474 te
1255 467 1261 479 ,
1289 447 1399 482 posthac
1413 447 1508 474 eodem
1522 448 1549 474 in
1568 452 1638 475 statu
1653 448 1706 475 sint
1720 457 1727 475 τ
1742 452 1770 475 at
1787 448 1830 475 hic
1843 468 1853 481 ,

1060 493 1096 520 illi
1112 494 1137 520 in
1153 493 1352 528 tranquillitate,
1364 495 1389 520 hi
1402 494 1427 520 111
1442 494 1573 528 supplicio
1587 498 1642 521 toto
1656 499 1777 529 tempore
1790 503 1852 521 rer-

1059 539 1108 566 sati
1121 544 1191 566 sunt.
1207 540 1304 574 Ecquis
1318 547 1446 576 tyrannus
1459 540 1599 573 immanis,
1622 540 1681 575 quis
1696 540 1777 568 horno
1789 548 1852 568 cru-

1059 585 1127 613 delis
1140 590 1168 613 et
1178 586 1337 613 inhumanus
1348 593 1441 613 servos
1455 585 1629 621 subditosque
1641 593 1706 614 suos
1718 588 1757 613 sic
1769 594 1854 614 exoc-

1060 632 1120 667 pit’
1133 632 1224 660 Viden‘
1246 632 1380 668 ingentem
1404 631 1593 660 absurditatem
1605 652 1613 664 ,
1629 637 1657 660 et
1675 634 1720 668 qui
1744 633 1805 660 linis
1818 633 1853 660 sit

1060 678 1120 706 talis
1133 678 1284 706 ratiocinii?
1298 677 1388 713 Itaque
1398 678 1420 705 si
1434 678 1508 705 nullo
1519 678 1582 711 alio,
1597 678 1649 706 hoc
1660 679 1756 706 saltem
1767 679 1852 706 ratio-

1059 724 1130 751 cinio
1143 724 1276 756 eruditus.
1300 724 1370 751 hanc
1389 725 1532 758 pessimam
1554 724 1708 759 opinionem
1723 724 1852 759 repudia,

1059 769 1119 805 fuge
1131 770 1257 797 malitiam
1268 791 1276 803 ,
1288 774 1315 797 et
1328 770 1433 797 labores
1447 777 1495 804 pro
1507 770 1604 798 virtute
1615 771 1720 805 suscipe
1729 790 1737 803 ,
1749 775 1775 798 et
1790 774 1854 797 tunc

1058 816 1127 843 scies
1141 822 1230 843 nostra
1243 824 1294 843 non
1306 823 1366 844 esse
1379 817 1519 851 prmsentis
1528 817 1588 843 vitae
1601 816 1728 843 limitibus
1740 817 1854 844 circum-

1059 862 1169 896 scripta.
1196 861 1223 889 Si
1247 862 1306 896 quis
1334 867 1422 889 autem
1448 867 1550 897 quarrat
1571 870 1585 889 a
1608 867 1634 890 te
1649 871 1655 889 :
1670 862 1769 897 Ecquis
1790 863 1852 890 inde

1059 908 1168 935 veniens
1181 907 1223 935 illa
1235 908 1384 935 nuntiavit?
1407 908 1540 943 responde
1558 908 1596 936 illi
1612 918 1618 936 :
1635 908 1721 936 llomo
1743 909 1850 944 quidem

1058 954 1165 981 nullus:
1181 961 1242 981 nam
1261 954 1284 981 si
1299 954 1379 981 homo
1399 958 1486 986 esset,
1509 962 1562 981 non
1577 954 1614 981 illi
1627 953 1757 981 creditum
1779 962 1852 989 saepe

1058 999 1162 1034 fuisset,
1179 1005 1269 1035 utpote
1287 1001 1331 1036 qui
1346 1008 1389 1028 res
1401 1005 1574 1036 exaggerant
1593 1001 1821 1036 ampliﬁcaretque
1842 1010 1849 1028 :

1059 1047 1214 1082 angelorum
1228 1054 1293 1074 vero
1307 1047 1435 1074 Dominus
1449 1047 1493 1074 illa
1503 1047 1592 1074 omnia
1605 1051 1729 1074 accurate
1742 1047 1850 1074 nuutia-

1058 1093 1106 1119 vit.
1133 1092 1202 1126 Quid
1227 1099 1291 1127 ergo
1306 1100 1373 1128 opus
1385 1092 1509 1125 homine,
1530 1100 1591 1120 cum
1616 1092 1638 1118 is
1653 1091 1698 1126 qui
1721 1099 1813 1127 pt‘enas
1835 1100 1849 1118 a

1059 1137 1137 1165 nobis
1160 1143 1302 1165 exacturus
1319 1142 1378 1170 est,
1393 1138 1511 1173 quotidie
1531 1138 1629 1165 clamet
1648 1145 1678 1165 se
1702 1138 1850 1173 gehennam

1059 1183 1211 1219 paravisse,
1226 1188 1253 1210 et
1268 1191 1377 1218 regnum
1402 1191 1591 1211 concessurum
1605 1191 1681 1217 esse,
1703 1184 1852 1218 horumque

1059 1230 1136 1258 nobis
1145 1235 1299 1264 argumenta
1313 1230 1383 1257 clara
1400 1230 1538 1265 praebeat?
1562 1229 1627 1257 Nam
1642 1229 1663 1257 si
1681 1238 1733 1257 non
1746 1229 1851 1264 judica-

1059 1280 1134 1304 turus
1145 1281 1226 1308 esset,
1239 1284 1272 1304 ne
1287 1276 1329 1303 hic
1342 1276 1448 1311 quidem
1461 1283 1585 1310 umquam
1600 1283 1692 1310 pinnas
1706 1275 1850 1310 exegisset.

1059 1322 1163 1350 Etenim
1178 1323 1203 1350 id
1214 1330 1320 1358 quoque
1334 1322 1468 1357 quomodo
1480 1330 1540 1349 cum
1552 1323 1654 1349 ratione
1664 1327 1803 1354 consonet,
1817 1329 1850 1349 ex

1059 1369 1215 1397 facinorosis
1228 1370 1295 1397 alios
1310 1369 1414 1404 puniri,
1430 1369 1498 1397 alios
1513 1369 1643 1396 minime?
1661 1369 1726 1396 Nam
1741 1369 1764 1396 si
1782 1369 1851 1396 Deus

1058 1423 1186 1451 personas
1198 1423 1253 1442 non
1263 1416 1369 1449 accipit,
1382 1414 1453 1450 quod
1467 1422 1558 1442 verum
1572 1419 1646 1441 certe
1661 1419 1711 1447 cst,
1723 1422 1770 1441 cur
1780 1414 1851 1442 hunc

1060 1462 1129 1489 ultus
1142 1466 1183 1489 est
1195 1483 1202 1494 ,
1219 1461 1290 1489 hune
1308 1461 1416 1496 impune
1430 1461 1504 1488 abire
1519 1460 1600 1488 sivit?
1615 1460 1670 1488 lloc
1683 1461 1754 1488 enim
1766 1460 1852 1496 unju-

1058 1516 1115 1536 rem
1138 1516 1216 1542 quam
1239 1515 1318 1543 supra
1341 1508 1410 1535 dicta
1429 1507 1612 1535 dilllcollatem
1635 1511 1733 1534 movet.
1756 1506 1808 1534 Sed
1827 1507 1851 1534 si

1058 1554 1130 1584 bono
1144 1563 1187 1582 me
1205 1555 1294 1582 animo
1309 1554 1402 1582 audire
1415 1554 1552 1582 volueritis
1562 1574 1570 1587 ,
1586 1554 1655 1581 hanc
1669 1561 1775 1590 quoque
1797 1553 1851 1581 Iol-

1059 1609 1152 1629 vemus
1176 1601 1360 1637 qumstionem.
1377 1601 1505 1634 Qumnam
1519 1608 1584 1635 ergo
1598 1601 1695 1628 solutio
1713 1601 1775 1641 est?
1796 1600 1852 1628 Nec

1058 1649 1092 1676 ab
1117 1648 1240 1676 omnibus
1263 1648 1306 1676 hic
1319 1656 1413 1684 ptenas
1432 1649 1533 1683 exigit,
1547 1656 1580 1675 ne
1600 1648 1633 1675 de
1655 1648 1852 1675 resurrectione

1058 1695 1184 1730 desperes
1197 1699 1223 1722 et
1235 1695 1268 1722 de
1282 1694 1370 1722 futuro
1382 1694 1492 1729 judicio,
1503 1694 1578 1729 quasi
1591 1701 1684 1721 omnes
1698 1694 1741 1721 hic
1756 1700 1849 1728 poenas

1058 1741 1180 1769 dederint
1193 1751 1199 1768 :
1215 1748 1300 1775 neque
1311 1747 1404 1767 omnes
1421 1740 1528 1774 impune
1542 1740 1606 1766 sinit
1618 1739 1708 1771 abire;
1725 1747 1760 1766 ne
1773 1744 1850 1774 putes

1058 1787 1146 1814 omnia
1170 1787 1228 1814 sine
1249 1786 1302 1813 ttlla
1327 1785 1493 1821 providentia
1506 1785 1563 1821 geri
1581 1794 1587 1811 :
1607 1785 1653 1812 sed
1673 1789 1701 1812 et
1716 1785 1809 1820 punit,
1823 1788 1850 1811 et

1058 1843 1112 1862 non
1124 1835 1214 1868 punit.-
1222 1835 1288 1862 Cum
1306 1834 1379 1869 punit
1392 1839 1500 1865 autent,
1515 1832 1650 1866 ostendit,
1667 1840 1696 1859 se
1718 1832 1797 1859 etiam
1817 1831 1853 1859 b

1058 1881 1110 1908 illis
1122 1882 1167 1915 qui
1189 1881 1232 1909 hic
1247 1882 1317 1916 plexi
1331 1886 1392 1908 sunt
1407 1888 1500 1914 pmnas
1521 1880 1576 1907 illic
1598 1885 1752 1907 exacturum
1773 1886 1852 1911 esse;

1058 1935 1118 1955 cum
1134 1935 1197 1955 vero
1213 1936 1264 1955 non
1280 1928 1355 1963 punit
1367 1948 1374 1960 ,
1389 1933 1415 1955 te
1433 1927 1465 1954 ad
1481 1926 1643 1954 credendum
1664 1926 1762 1953 inducit
1772 1946 1780 1957 ,
1792 1933 1853 1953 esse

1058 1978 1119 2009 post
1143 1981 1283 2001 excessum
1304 1982 1336 2001 ex
1359 1973 1409 2000 hac
1422 1974 1474 2000 vita
1486 1972 1603 2000 tribunal
1624 1971 1796 1999 horrendum.
1823 1971 1852 1999 Si

1057 2027 1138 2055 porro
1152 2020 1239 2054 priora
1252 2019 1361 2046 omnino
1383 2019 1527 2054 negligeret
1537 2039 1545 2051 ,
1566 2018 1653 2045 nullos
1668 2018 1711 2045 hic
1723 2018 1830 2053 puniret
1842 2037 1852 2050 ,

1059 2065 1145 2093 nullos
1167 2066 1302 2093 beneficiis
1321 2065 1440 2092 al’liceret
1456 2074 1463 2092 :
1484 2072 1553 2092 nunc
1572 2069 1661 2092 autem
1679 2065 1753 2091 vides
1777 2064 1852 2091 illum

1059 2117 1167 2146 propter
1181 2116 1205 2139 te
1218 2115 1245 2138 ct
1257 2111 1351 2139 ca:lum
1364 2111 1518 2138 extendisse
1528 2133 1535 2144 ,
1547 2116 1573 2138 et
1589 2111 1672 2138 solem
1687 2110 1852 2144 accendisse,

1059 2162 1086 2185 et
1103 2163 1200 2185 terram
1215 2157 1358 2191 fundasse,
1372 2162 1399 2185 et
1413 2165 1486 2185 mare
1500 2157 1600 2185 fudisse
1612 2179 1619 2190 ,
1634 2162 1660 2184 et
1681 2164 1770 2184 aerem
1786 2165 1853 2192 pan-

1058 2203 1129 2231 disse
1140 2225 1146 2236 ,
1160 2209 1187 2231 et
1202 2204 1270 2231 lunze
1280 2211 1374 2231 cursus
1388 2204 1563 2238 disposuisse,
1584 2209 1610 2230 et
1632 2203 1693 2230 anni
1709 2207 1854 2237 tempesta-

1060 2250 1130 2277 tibus
1159 2250 1281 2276 immotas
1308 2250 1433 2277 statuisse
1459 2249 1549 2285 leges,
1582 2254 1732 2284 czeteraque
1763 2249 1853 2276 omnia

1059 2297 1142 2331 ipsius
1153 2301 1218 2323 nutu
1231 2300 1354 2324 accurate
1365 2304 1474 2324 cursum
1491 2303 1567 2323 suum
1583 2296 1721 2330 perﬁcere.
1733 2296 1767 2322 At
1780 2295 1852 2322 enim

1058 2347 1152 2370 natura
1161 2346 1261 2376 nostra,
1275 2347 1368 2369 natura
1379 2349 1483 2377 quoque
1497 2341 1732 2373 irrationabilium,
1743 2348 1855 2376 serpen-

1059 2389 1124 2416 tium
1137 2409 1145 2422 ,
1175 2389 1360 2424 gradentium,
1382 2389 1545 2419 volantium,
1573 2388 1737 2420 natantium,
1759 2395 1853 2414 eorum

1058 2443 1119 2470 quae
1130 2436 1155 2462 in
1168 2426 1268 2470 stagnis
1279 2456 1286 2468 ,
1300 2436 1325 2462 111
1346 2435 1462 2462 fontibus
1474 2455 1480 2467 ,
1492 2435 1520 2462 111
1537 2434 1702 2467 ﬂuminibus,
1716 2435 1742 2461 in
1757 2434 1854 2461 tumlti-

1059 2481 1110 2508 bus
1120 2502 1127 2514 ,
1144 2481 1170 2508 in
1184 2481 1296 2509 Saltibus
1307 2503 1314 2514 ,
1338 2481 1365 2508 in
1379 2481 1502 2508 domibus
1515 2502 1522 2514 ,
1549 2481 1574 2508 in
1593 2488 1655 2507 acre
1667 2501 1673 2512 ,
1689 2481 1715 2507 in
1734 2480 1835 2514 campis
1846 2501 1854 2512 ,

1061 2529 1174 2563 plant-.e,
1197 2529 1312 2559 semina,
1327 2528 1436 2555 arbores
1450 2536 1496 2555 seu
1511 2528 1649 2555 silvestres
1659 2548 1666 2560 ,
1681 2535 1728 2554 seu
1742 2527 1831 2554 sativa:
1844 2546 1851 2558 ,

1060 2577 1203 2604 fructuosa:
1213 2576 1256 2603 vel
1265 2575 1445 2609 infructuosae,
1456 2576 1545 2603 omnia
1555 2575 1661 2602 demum
1673 2575 1707 2601 ab
1719 2573 1850 2601 indi-fessa

1061 2622 1104 2649 illa
1120 2630 1199 2649 manu
1211 2626 1282 2649 mota
1298 2622 1378 2649 vitam
1399 2625 1517 2649 nostram
1533 2623 1637 2654 fovent,
1663 2629 1716 2648 non
1729 2620 1762 2648 ad
1779 2628 1856 2647 usum

1061 2672 1175 2701 tantum,
1189 2668 1237 2696 sed
1250 2669 1329 2696 etiam
1343 2668 1376 2696 ad
1390 2668 1576 2696 liberalitatem
1590 2668 1768 2696 exercendam
1782 2672 1808 2694 et
1821 2667 1854 2694 ad

1061 2713 1216 2742 famulatum
1238 2715 1415 2742 ministerium
1427 2722 1504 2742 suum
1518 2714 1596 2742 nobis
1611 2715 1767 2749 pra-bentia.
1782 2713 1855 2740 Tau-

1062 2763 1118 2786 tum
1132 2760 1222 2794 itaque
1231 2760 1323 2787 videns
1338 2767 1426 2787 rerum
1438 2759 1558 2787 ordinem
1571 2760 1621 2787 etsi
1635 2760 1757 2795 exiguam
1768 2759 1857 2787 solum

1061 2805 1119 2840 ejus
1142 2811 1243 2840 partem
1267 2806 1414 2833 referamus
1426 2826 1434 2839 ,
1448 2806 1538 2832 dicere
1557 2805 1639 2833 audes
1652 2826 1659 2838 ,
1675 2812 1737 2832 eum
1751 2804 1797 2840 qui
1820 2808 1861 2833 tot

1064 2856 1189 2886 tantaque
1214 2856 1322 2887 propter
1337 2857 1362 2879 te
1375 2855 1499 2887 operatus
1513 2856 1562 2885 est,
1580 2852 1606 2880 in
1617 2851 1745 2880 extremis
1760 2857 1786 2879 te
1809 2859 1860 2880 ne-

1094 2903 1104 2919 ι
1122 2901 1180 2933 Alii,
1205 2909 1379 2936 murorumque
1399 2902 1535 2935 θίασοι-κ.
1747 2903 1750 2906 ’
