2073 3127
216 112 272 141 ΞΠ

207 179 359 211 glecturum
374 185 436 205 esse
446 181 491 209 ,et
504 183 564 203 cum
577 174 659 202 asinis
672 178 700 200 et
712 172 798 207 porcis
810 175 944 198 mortuum
958 169 1001 197 di—

207 225 354 252 missurum
376 224 528 258 jacentem;
543 229 575 249 ac
588 226 727 256 postquam
741 223 767 246 te
781 221 854 245 lauto
866 216 1002 252 religionis

206 270 281 298 dono
296 269 446 302 honoravit,
460 277 513 304 quo
527 273 553 296 te
563 267 664 301 angelis
678 265 805 300 mqualem
818 263 890 296 fecit,
903 267 929 290 te
942 266 1004 297 post

210 321 352 343 sexcentos
376 316 482 342 labores
505 318 532 342 et
546 313 658 342 sudores
677 309 885 346 despectorum?
901 307 1002 342 Ecquid

212 360 309 388 rationi
324 361 412 387 minus
432 358 601 387 consonum?
616 357 679 384 Haec
700 355 814 391 quippe,
827 354 879 381 etsi
901 360 956 380 nos
963 357 1003 379 ta-

210 414 336 438 ceamus,
355 405 457 440 lapides
471 404 640 436 clamabunt,
661 403 696 430 ita
708 405 773 429 'suut
791 400 861 427 clara
875 403 903 426 et
917 397 1003 426 mani-

212 453 289 485 festa,
307 451 393 486 magis
405 459 484 486 quam
501 450 550 486 ipsi
563 449 664 477 solarcs
682 447 759 475 radii.
774 446 838 474 Haec
852 445 932 480 igitur
945 452 1005 472 om-

212 499 256 524 nia
269 497 430 532 cogitantes.
447 500 473 523 et
486 497 512 523 in
526 496 622 523 animis
635 494 735 522 nostris
748 497 820 520 certa
831 494 980 518 statuentes
991 511 1000 523 ,

215 550 313 576 nempe
329 546 388 576 post
399 542 537 569 decessum
551 549 586 569 ex
597 541 646 568 hac
664 540 730 572 vita,
747 546 796 566 nos
808 536 941 564 horrendo
954 535 1004 562 tri-

213 589 307 616 bunali
327 589 460 617 sistendos
472 596 532 616 esse
541 608 549 620 ,
564 587 695 615 rationem
709 585 861 613 reddituros
875 583 908 610 de
921 582 1005 618 gestis

783 114 814 141 bN
835 111 1037 141 MATTHEUM
1056 110 1169 139 llOMlL.
1191 111 1249 139 XIV

1791 112 1844 140 2l8

1053 169 1191 202 omnibus,
1207 176 1299 204 pinnas
1310 169 1435 202 daturos,
1448 175 1476 198 et
1489 171 1617 199 ultionem
1632 177 1805 207 aperturos,
1819 174 1843 202 si

1055 215 1089 242 in-
1095 215 1210 250 peccatis
1225 222 1396 248 maneamus;
1410 221 1501 244 contra
1514 224 1579 244 vero
1590 218 1698 245 coronis
1712 222 1739 245 et
1751 219 1844 245 ineffa-

1054 260 1151 288 bilibus
1167 260 1243 288 bonis
1265 260 1418 293 donandus,
1430 261 1451 288 si
1465 269 1547 296 parvo
1561 266 1680 297 tempore
1693 263 1770 290 nobis
1782 264 1847 298 ipsis

1034 310 1038 314 ”
1055 307 1192 334 attendere
1206 306 1385 339 voluerimus;
1395 314 1487 334 eorum
1502 308 1546 342 qui
1558 307 1600 334 his
1611 308 1743 335 contraria
1756 308 1846 337 dicere

1055 352 1154 380 audent
1175 360 1222 380 ora
1236 353 1405 380 obstruamus
1417 374 1424 386 ,
1440 358 1468 381 et
1482 354 1531 389 ipsi
1546 354 1664 381 veritatis
1677 355 1746 384 viam
1762 355 1844 390 eliga-

1056 406 1116 426 mus
1126 420 1134 432 ,
1151 403 1179 426 ut
1190 406 1251 426 cum
1265 399 1360 427 ﬁducia
1370 400 1531 434 competenti
1544 400 1580 427 ad
1594 400 1710 427 tribunal
1724 401 1789 428 illud
1801 408 1847 428 ac-

1056 444 1196 478 cedentes,
1216 445 1285 472 bona
1296 445 1373 472 nobis
1388 445 1519 479 promissa
1530 453 1724 480 consequamur
1735 467 1743 479 ,
1759 447 1843 481 gratia

1057 495 1084 517 et
1097 489 1259 524 benignitate
1272 489 1375 517 Domini
1391 490 1474 517 nostri
1493 490 1557 518 Jesu
1575 490 1690 524 Christi,
1705 491 1748 518 cui
1763 491 1847 526 gloria

1057 539 1084 562 et
1098 535 1239 570 imperium
1249 556 1257 569 ,
1272 543 1344 563 nunc
1360 540 1388 563 et
1401 543 1522 571 semper,
1537 540 1565 563 et
1583 537 1610 563 in
1623 536 1724 563 saecula
1735 536 1848 564 saaculo-

1058 588 1128 608 rum.
1146 582 1244 608 Amen.

212 647 1838 661 —____________..—_—._______—___.

882 682 1058 715 HOMILIA
1080 681 1166 712 xw.
1209 672 1212 677 '

214 753 283 781 CAP.
298 753 327 781 Ι.
353 761 379 780 v.
397 752 441 780 ΤΞ.
465 752 528 780 Cum
551 751 661 778 audisset
684 749 774 780 Jetus,
799 747 865 782 quod
892 744 1005 772 Joanne:

320 798 426 825 traditus
440 802 512 829 esset,
526 797 626 824 secessit
639 797 665 823 in
678 794 810 822 Galilaeam
819 814 826 826 ,
842 797 898 820 etc.

252 845 262 871 1
297 844 352 871 Cur
366 851 475 870 rursum
485 842 617 870 secessit?
637 841 671 869 Ut
684 848 733 868 nos
747 840 873 870 doceret,
893 846 926 866 ue
937 837 1006 864 ultro

215 890 377 917 tcutationes
390 889 516 917 adeamus
525 910 533 922 ,
545 888 592 916 sed
605 888 731 915 cedamus
746 886 833 922 potius
846 893 877 913 ac
888 885 1007 913 decline-

216 943 286 962 mus.
300 935 391 970 Neque
404 935 476 962 enim
488 935 589 962 crimen
605 938 646 961 est
655 955 662 966 ,
677 941 729 961 non
743 939 804 961 sese
819 933 845 959 in
858 931 1006 967 periculum

216 982 365 1016 conjicere,
390 981 437 1008 sed
462 981 488 1008 iu
503 981 622 1016 periculo
646 988 698 1007 non
720 980 824 1007 fortiter
845 984 927 1006 stare.
951 978 1008 1006 Hoc

217 1027 296 1062 igitur
307 1027 406 1054 docens
416 1047 424 1060 ,
439 1031 467 1054 et
475 1026 591 1054 Iudaica:
604 1026 709 1053 invidia:
724 1025 832 1060 pattlum
845 1024 1007 1056 concedens,

217 1072 318 1100 secedit
332 1073 358 1099 in
371 1073 538 1107 Capernaum
547 1092 555 1105 ,
567 1072 644 1099 simul
655 1071 823 1107 prophetiam
835 1071 948 1106 implens
959 1091 966 1102 ,
980 1075 1008 1097 et

187 1144 190 1147 .
217 1119 341 1146 doctores
356 1119 428 1146 orbis
447 1119 522 1154 quasi
542 1119 643 1154 piscatu
665 1126 762 1153 capere
779 1117 909 1145 festinans
924 1125 931 1144 :
947 1117 1007 1152 quia

219 1165 255 1192 ibi
280 1165 359 1192 sedes
383 1165 516 1192 habebant
537 1172 584 1192 sua
605 1169 710 1192 utentes
721 1168 788 1191 arte.
803 1163 844 1191 Τιι
858 1171 922 1191 vero
944 1162 1009 1190 mihi

218 1211 370 1246 perpendes
383 1211 473 1243 velim,
488 1210 623 1246 quomodo
635 1215 728 1246 gentes
740 1210 872 1243 aditurus,
883 1217 898 1237 a
909 1209 1009 1237 Iudaeis

219 1263 325 1290 semper
338 1256 493 1283 occasiones
506 1256 628 1290 accipiat.
642 1255 710 1282 Nam
723 1255 766 1282 hic
780 1255 927 1282 Prodromo
942 1254 1008 1282 insi-

219 1302 278 1329 dias
302 1307 435 1329 struentes
450 1323 458 1335 ,
486 1307 645 1337 captumque
669 1302 770 1330 carceri
802 1301 984 1336 mancipantes
999 1322 1007 1334 ,

220 1348 306 1382 ipsum
323 1347 348 1374 iu
363 1347 498 1375 Galilzeam
511 1347 629 1382 gentium
642 1347 815 1382 compellunt.
830 1346 906 1381 Quod
918 1351 1010 1374 autem

220 1401 271 1420 nec
292 1393 429 1421 Judaicam
449 1397 555 1428 gentem
578 1401 610 1420 ex
632 1398 706 1428 parte
730 1396 935 1424 commemoret,
960 1399 1011 1420 nec

221 1445 316 1465 omnes
329 1439 478 1466 subindicet
493 1438 593 1472 tribus,
606 1439 666 1466 vide
680 1438 812 1473 quomodo
835 1438 920 1465 locum
936 1438 1011 1465 illum

220 1483 365 1518 distinguat
379 1484 506 1518 propheta
522 1485 562 1511 his
577 1484 663 1511 verbis
678 1492 685 1510 :
701 1484 744 1512 15.
762 1483 839 1511 Terra
858 1483 974 1510 Zabuton
988 1488 1012 1510 et

221 1535 288 1556 terra
302 1529 480 1562 Nephlhalim,
493 1530 533 1556 nia
547 1530 625 1556 maris
645 1534 715 1557 trans
736 1529 875 1556 Iordanem
885 1549 892 1562 ,
905 1529 1012 1557 Gatilaea

221 1576 332 1610 gentium
348 1584 357 1603 :
375 1575 419 1603 16.
437 1576 546 1611 populus
569 1577 611 1610 qui
631 1576 731 1603 sedebat
752 1576 779 1602 in
800 1568 907 1603 tenebris
922 1597 930 1610 ,
950 1576 1012 1603 vidit

222 1622 302 1649 lucem
315 1630 433 1657 magnam
447 1621 526 1658 (lsai.
543 1622 569 1650 9.
587 1622 648 1656 1.2)
663 1631 669 1649 :
687 1622 812 1650 tenebras
825 1622 867 1649 hic
882 1630 934 1649 non
948 1629 1012 1649 sen-

222 1669 286 1696 siles
299 1669 356 1696 illas
370 1677 478 1702 vocans,
489 1669 534 1696 sed
545 1676 663 1696 errorem
678 1669 902 1704 impietatemque.
914 1669 1013 1702 Quam-

223 1715 316 1741 obrem
340 1715 428 1742 intulit
452 1727 459 1742 -.
484 1715 661 1741 Habitanlibus
691 1715 717 1741 in
753 1715 854 1750 regione
875 1719 899 1742 ct
924 1715 1014 1742 umbra

222 1761 311 1787 mortis
320 1761 383 1794 ,qu
395 1765 451 1787 orta
464 1767 500 1787 est
514 1762 559 1788 eis.
571 1760 606 1788 Ut
618 1761 690 1788 enim
700 1761 816 1788 disceres
826 1781 833 1793 ,
846 1769 907 1788 eum
927 1768 1014 1796 neque

224 1806 258 1834 de
273 1806 330 1833 luce
340 1827 347 1839 ,
364 1814 449 1841 neque
464 1806 497 1833 de
518 1807 633 1833 tenebris
656 1807 799 1834 sensilibus
813 1807 901 1841 loqui,
926 1807 1012 1834 lucem

223 1859 391 1885 memorans,
402 1860 454 1879 non
471 1852 625 1886 simpliciter
639 1852 724 1880 lucem
740 1853 853 1885 vocavit,
865 1852 911 1880 sed
926 1853 1013 1880 lucem

225 1905 359 1933 magnam,
372 1905 452 1932 quam
467 1898 530 1924 alibi
547 1905 635 1925 veram
649 1897 779 1932 appellat;
795 1898 828 1925 de
841 1898 958 1925 tenebris
971 1905 1014 1925 au-

224 1947 277 1970 tem
290 1943 368 1970 verba
381 1942 481 1970 faciens
494 1963 503 1976 ,
527 1943 648 1970 umbram
663 1944 756 1970 mortis
778 1944 894 1971 vocavit.
914 1943 1015 1971 Deinde

224 1989 369 2017 ostendens
382 1997 434 2016 non
448 1989 519 2023 ipsos
533 1993 683 2024 quaerentes
707 1989 854 2022 invenisse,
870 1989 915 2017 sed
929 1989 1014 2017 Deum

225 2035 290 2069 ipsis
310 2041 425 2069 superne
444 2034 598 2069 apparuisse
608 2055 616 2067 ,
631 2035 668 2061 ait
681 2043 689 2061 :
703 2034 761 2062 Lux
775 2040 831 2061 orta
843 2040 880 2062 est
894 2035 928 2062 eis
938 2055 947 2067 ,
964 2034 1015 2062 hoc

225 2084 283 2111 est,
299 2079 354 2114 ipsa
369 2080 412 2106 lux
426 2085 483 2106 orta
497 2084 538 2107 est
548 2086 574 2107 et
588 2080 690 2107 refulsit
705 2089 711 2106 :
727 2089 779 2108 non
795 2080 845 2115 ipsi
863 2080 965 2115 priores
980 2079 1014 2107 ad

227 2125 313 2153 lucem
328 2130 509 2153 accnrreruut.
525 2126 629 2153 Etenim
647 2131 709 2154 ante
719 2126 818 2154 Christi
830 2126 973 2154 adventum
988 2126 1014 2154 in

227 2173 353 2200 extremis
374 2173 432 2199 sitte
453 2179 497 2200 res
509 2172 646 2200 hominum
659 2178 744 2201 erant.
759 2172 851 2208 Neque
864 2173 936 2200 enim
955 2180 1014 2199 am-

226 2218 352 2245 bulabant
370 2218 397 2245 in
415 2218 549 2252 tenebris,
565 2218 611 2245 sed
624 2218 751 2246 sedebant
771 2218 797 2245 in
819 2219 934 2246 tenebris
951 2217 988 2254 (a)
1006 2227 1014 2244 τ

227 2262 296 2297 quod
309 2263 413 2298 signum
429 2267 486 2290 erat
497 2263 570 2297 ipsos
582 2270 632 2290 nec
644 2270 766 2298 sperasse
777 2263 882 2298 quidem
904 2270 933 2290 se
945 2263 1014 2290 libe-

226 2308 325 2335 randos
339 2316 400 2336 esse
416 2309 512 2343 :quasi
533 2309 605 2336 enim
626 2309 776 2342 nescirent,
798 2317 851 2345 quo
867 2309 1011 2344 proceden-

227 2354 291 2381 dum
301 2359 384 2387 esset,
394 2354 433 2382 sic
442 2362 459 2381 a
468 2355 585 2383 tenebris
599 2355 784 2390 comprehensi
798 2355 937 2390 sedebant,
953 2364 1014 2384 cum

228 2407 263 2426 ue
277 2405 348 2427 stare
363 2400 468 2435 quidem
482 2405 600 2435 possent.

264 2445 314 2472 Cur
325 2445 437 2473 Joannes
449 2451 507 2474 ante
515 2446 641 2474 Christum
651 2447 805 2482 praedicavit.
815 2463 851 2468 —
861 2448 904 2476 17.
916 2448 1017 2477 Exinde

227 2492 302 2526 coepit
322 2492 398 2519 Iesu:
416 2492 554 2527 praedicare
573 2497 596 2520 et
615 2493 697 2520 dicere
711 2501 721 2520 :
736 2493 912 2521 Paenitentiam
930 2495 1015 2530 agite,

227 2538 439 2572 appropinquavit
453 2538 519 2565 enim
536 2546 642 2573 regnum
658 2538 786 2565 calorum.
802 2538 919 2572 Exinde,
932 2547 1017 2574 quan-

227 2583 348 2611 donam?
361 2584 399 2611 Ex
411 2591 465 2619 quo
477 2584 592 2612 Joannes
607 2585 634 2612 in
647 2592 781 2612 carcerem
796 2589 885 2613 trusus
898 2589 948 2613 est.
962 2586 1017 2614 Cur

228 2635 317 2657 autem
331 2638 384 2658 non
399 2638 414 2658 a
427 2631 557 2666 principio
576 2631 729 2667 praedicavit
747 2632 818 2659 illis?
832 2637 859 2660 et
872 2632 934 2668 quid
949 2640 1017 2668 opus

259 2708 295 2739 (a)
311 2707 384 2740 Atqui
409 2709 435 2734 in
456 2708 574 2734 Hebraico
595 2708 686 2741 legitur
706 2716 714 2734 :
732 2712 817 2751 Tan:
829 2699 931 2739 ω’)ΒΠΠ
941 2715 1016 2747 D‘Ji'l,

229 2757 256 2787 ει
265 2753 367 2787 Vulgata
378 2757 450 2781 recte
461 2755 537 2780 vertit
548 2761 555 2779 :
564 2755 669 2787 Populus
677 2755 718 2787 qui
725 2756 861 2782 ambulabat
871 2757 898 2782 in
906 2758 1017 2784 tenebris.

229 2784 524 2818 YeruafChrysostomus,
533 2784 728 2811 ooncibnator'um
738 2794 815 2818 more,
826 2789 901 2812 verba
913 2793 943 2815 ut
949 2794 1019 2815 erant

228 2817 319 2876 Si.“
329 2816 444 2847 discutit,
455 2819 482 2842 et
497 2816 525 2842 ad
537 2821 707 2850 argumentum
718 2824 789 2844 suum
799 2816 844 2851 pro
860 2818 936 2847 lubito
945 2827 1017 2847 usur-

1062 746 1119 770 erat
1131 741 1243 776 Joanne,
1257 751 1317 771 cum
1331 751 1442 779 operum
1458 745 1606 773 testimonia
1621 746 1707 781 ipsum
1723 746 1852 782 praedica-

1059 787 1141 815 rent?
1155 787 1189 816 Ut
1205 788 1267 816 inde
1278 789 1358 817 etiam
1372 789 1459 817 discas
1473 790 1533 825 ejus
1544 790 1710 825 dignitatem,
1725 791 1851 826 quoniam

1060 834 1284 869 quemadmodum
1296 835 1385 868 Pater,
1399 835 1457 871 ipse
1469 843 1575 871 quoque
1589 837 1731 872 prophetas
1752 837 1831 865 habet
1843 846 1850 864 :

1061 880 1132 915 quod
1145 885 1171 908 et
1184 880 1326 908 Zacharias
1339 881 1443 910 dicebat
1459 892 1466 908 :
1480 882 1513 909 Et
1525 887 1563 916 tu,
1578 891 1650 918 puer,
1664 883 1795 920 Propheta
1807 885 1852 913 Αι-

1061 926 1151 954 ιὶεεεηιί
1162 926 1289 954 vocaberis
1299 927 1374 963 (Luc.
1390 929 1414 956 1.
1429 928 1493 964 7B);
1509 934 1535 956 et
1555 934 1583 957 ut
1597 930 1697 957 nullam
1710 931 1852 966 impuden-

1061 971 1132 1000 tibus
1147 972 1246 1000 Iudaeis
1266 981 1358 1001 ansam
1381 975 1543 1009 relinqueret
1559 985 1566 1002 :
1582 976 1651 1011 quod
1673 977 1730 1012 ipse
1748 985 1853 1012 quoque

1062 1017 1187 1046 iudicavit
1198 1018 1288 1047 dicens
1300 1028 1307 1046 :
1325 1019 1398 1047 Venit
1411 1019 1524 1048 Joannes
1538 1029 1616 1056 neque
1630 1023 1796 1056 manducone,
1810 1031 1854 1050 ne-

1061 1071 1109 1098 que
1126 1063 1211 1091 bibens
1220 1084 1227 1097 ,
1241 1069 1265 1091 et
1279 1065 1366 1092 dicunt
1379 1073 1389 1092 :
1401 1064 1562 1093 Pannonium
1581 1067 1663 1095 habet.
1683 1067 1755 1095 Venit
1770 1067 1854 1096 Filio:

1061 1109 1170 1137 hominis
1180 1111 1335 1139 manducone
1346 1116 1369 1139 et
1380 1111 1473 1144 bibens,
1490 1117 1511 1140 et
1525 1113 1610 1140 dicunt
1625 1121 1634 1140 :
1646 1113 1712 1140 Ecce
1726 1115 1799 1141 homo
1811 1123 1855 1142 vo-

1062 1164 1111 1183 rax
1120 1161 1144 1183 et
1153 1157 1204 1183 uini
1217 1162 1325 1193 potator,
1340 1157 1531 1193 publicanorum
1541 1164 1565 1186 et
1576 1165 1735 1194 peccatorum
1747 1161 1853 1188 amicus.

1062 1200 1096 1228 Et
1111 1202 1252 1237 jurtiﬁcata
1264 1207 1302 1231 est
1314 1203 1440 1238 sapientia
1453 1213 1470 1232 a
1482 1204 1542 1237 ﬁliis
1555 1205 1608 1232 suis
1622 1204 1733 1240 (Matth.
1749 1207 1792 1234 Η.
1809 1206 1853 1235 18.

1063 1247 1126 1282 l9).
1149 1248 1273 1283 Alioquin
1297 1250 1476 1277 necessarium
1498 1254 1573 1283 erat,
1595 1255 1625 1278 ut
1642 1259 1672 1278 ea
1692 1259 1751 1286 quae
1769 1252 1854 1286 ipsum

1063 1294 1235 1328 Spectabant,
1250 1295 1283 1323 ab
1296 1295 1347 1323 alio
1366 1295 1439 1331 prius
1458 1296 1626 1329 dicerentur,
1644 1305 1722 1333 quam
1737 1298 1771 1325 ab
1785 1299 1853 1333 ipso.

1064 1338 1093 1366 Si
1114 1339 1185 1366 enim
1209 1344 1270 1375 post
1288 1344 1327 1367 tot
1347 1345 1471 1376 tantaque
1491 1342 1641 1369 testimonia
1659 1347 1686 1369 et
1699 1349 1855 1378 argumenta

1063 1385 1188 1413 dicebant
1202 1395 1209 1413 :
1225 1385 1262 1413 Tu
1277 1387 1445 1414 testimonium
1462 1388 1575 1422 perhibes
1587 1388 1618 1415 de
1631 1389 1708 1423 leipso
1720 1410 1727 1422 ,
1744 1390 1856 1417 testimo-

1064 1431 1135 1457 nium
1147 1436 1216 1458 tuum
1230 1439 1280 1459 non
1292 1437 1330 1459 est
1342 1440 1427 1459 verum
1442 1432 1531 1468 (Joan.
1546 1433 1572 1460 8.
1588 1432 1633 1469 l5)
1648 1442 1653 1460 :
1670 1434 1692 1461 si
1706 1434 1769 1461 nihil
1784 1435 1856 1469 prius

1065 1476 1176 1504 dixisset
1187 1476 1315 1510 Joannes,
1330 1482 1356 1504 et
1370 1477 1428 1512 ipse
1441 1478 1468 1505 in
1483 1479 1599 1506 medium
1619 1486 1787 1514 progressus,
1799 1481 1856 1515 pri-

1066 1529 1125 1549 mus
1138 1521 1171 1549 de
1184 1529 1213 1550 se
1226 1523 1407 1551 testimonium
1420 1523 1609 1559 perhibuisset,
1620 1524 1683 1559 quid
1696 1533 1748 1552 non
1760 1526 1859 1553 dicturi

1065 1567 1161 1594 erant?
1174 1567 1319 1603 Propterea
1334 1576 1420 1604 neque
1433 1569 1587 1603 praedicavit
1599 1573 1662 1597 ante
1675 1570 1758 1603 illum,
1770 1578 1856 1605 neque

1065 1612 1138 1647 signa
1150 1612 1242 1646 edidit,
1255 1612 1341 1640 donec
1354 1614 1380 1641 in
1392 1621 1527 1641 carcerem
1543 1614 1586 1641 ille
1599 1614 1759 1648 truderetur,
1772 1624 1806 1643 ne
1817 1617 1856 1644 sic

1065 1657 1207 1685 multitudo
1229 1658 1395 1686 scinderetur
1413 1660 1439 1686 in
1460 1665 1559 1694 partes.
1581 1660 1683 1688 Idcirco
1701 1662 1802 1688 nullum
1818 1662 1856 1689 si-

1065 1712 1146 1740 gnum
1163 1704 1225 1732 fecit
1242 1704 1358 1733 Joannes
1370 1725 1378 1739 ,
1392 1710 1422 1733 ut
1435 1705 1484 1733 hac
1498 1706 1601 1734 ratione
1614 1707 1809 1735 multitudinem
1823 1708 1861 1735 ad‘

1065 1751 1154 1778 Jesum
1168 1751 1303 1785 alliceret,
1318 1751 1380 1779 dum
1393 1752 1520 1780 miracula
1539 1752 1571 1780 ad
1591 1752 1676 1788 ipsum
1698 1753 1799 1781 turbam
1815 1758 1857 1781 at-

1066 1795 1211 1824 traherent.
1226 1796 1255 1824 Si
1269 1797 1341 1824 enim
1365 1801 1425 1832 post
1442 1802 1480 1824 tot
1494 1801 1678 1833 tantarumque
1692 1806 1780 1825 rerum
1800 1799 1857 1826 dis-

1066 1842 1248 1877 pensationem
1259 1863 1266 1875 ,
1281 1847 1308 1870 et
1322 1849 1384 1870 ante
1398 1847 1424 1870 et
1439 1847 1577 1878 postquam
1591 1843 1707 1871 Joannes
1722 1844 1748 1871 in
1767 1851 1857 1872 carce-

1065 1896 1123 1916 rem
1134 1893 1223 1916 trusus
1237 1893 1288 1922 est,
1301 1888 1424 1923 discipuli
1437 1888 1547 1916 Joannis
1560 1889 1656 1917 invidia
1669 1889 1782 1924 quadam
1794 1898 1857 1924 erga

1065 1933 1156 1961 Jesum
1175 1933 1241 1961 moti
1261 1933 1436 1966 videbantur;
1451 1934 1474 1961 si
1489 1934 1563 1961 multi
1579 1942 1659 1969 porro
1677 1943 1728 1962 non
1749 1935 1856 1970 ipsum,

1071 1974 1118 2003 sed
1131 1974 1262 2003 Joannem
1270 1975 1410 2005 Christum
1425 1986 1486 2007 esse
1498 1979 1702 2009 arbitrabantur
1717 1992 1724 2010 :
1745 1983 1767 2011 si
1783 1985 1854 2012 nihil

1070 2020 1168 2048 horum
1183 2020 1284 2049 factum
1295 2028 1378 2055 esset,
1389 2024 1454 2059 quid
1463 2033 1517 2052 non
1534 2031 1693 2055 eventurum
1701 2031 1781 2057 erat?
1793 2030 1863 2059 ideo

1071 2068 1212 2096 Matthazus
1220 2069 1452 2106 significatipsum
1466 2076 1624 2108 eotempore
1636 2076 1783 2109 praedicare
1797 2085 1854 2106 cte-

1069 2115 1152 2149 pisse,
1161 2116 1272 2144 etinitio
1280 2116 1398 2152 idipsum
1407 2118 1500 2146 docuit
1512 2120 1584 2154 quod
1595 2120 1714 2150 Joannes
1726 2124 1859 2158 pradica—

1069 2165 1156 2194 verat,
1168 2169 1219 2190 nec
1233 2163 1382 2198 quidquam
1399 2164 1433 2192 de
1444 2166 1580 2201 seipsoin
1599 2175 1648 2195 sua
1662 2169 1855 2202 praedicatione

1069 2205 1198 2241 loquitur.
1236 2207 1303 2235 Nam
1317 2210 1465 2244 optandum
1480 2216 1538 2239 erat
1554 2218 1582 2239 ut
1597 2213 1663 2241 illud
1682 2214 1789 2241 interim
1807 2215 1858 2242 ad-

1070 2252 1232 2285 mitteretur,
1247 2254 1467 2290 quandoquidem
1481 2257 1601 2284 noudnm
1613 2264 1807 2294 congruentem
1821 2260 1855 2288 de

1069 2297 1128 2333 ipso
1143 2299 1278 2327 habebant
1292 2300 1457 2335 opinionem.

1102 2343 1130 2371 2.
1153 2343 1268 2379 Ideoque
1287 2345 1314 2372 in
1336 2345 1466 2380 principio
1487 2345 1552 2372 nihil
1573 2346 1713 2372 molestum
1732 2350 1759 2371 et
1777 2353 1857 2381 grave

1066 2388 1150 2423 dixit,
1165 2394 1194 2417 ut
1206 2389 1267 2423 ille,
1283 2397 1336 2417 non
1348 2390 1461 2417 securim
1472 2411 1480 2423 ,
1496 2398 1549 2417 non
1563 2390 1661 2424 lignum
1674 2395 1789 2424 sectum,
1805 2399 1858 2418 non

1066 2435 1254 2468 ventilabrum,
1268 2443 1358 2463 aream
1370 2435 1412 2463 vel
1433 2436 1519 2470 ignem
1539 2436 1779 2472 inexstinguibiiem
1799 2445 1857 2465 me-

1066 2480 1279 2514 moravit;-sed‘a
1291 2481 1367 2509 bonis
1377 2488 1464 2514 orsus,
1476 2481 1556 2508 caelos
1566 2487 1696 2509 memorat
1707 2487 1736 2509 et
1747 2490 1858 2518 regnum

1069 2526 1122 2553 illic
1134 2531 1254 2562 paratum
1268 2526 1445 2554 audientibus.
1460 2526 1503 2554 18.
1518 2526 1550 2553 Et
1563 2527 1694 2554 ambulans
1703 2528 1780 2563 juxta
1789 2536 1862 2556 mare

1069 2571 1199 2604 Galilaatz,
1215 2571 1276 2598 vidit
1289 2571 1352 2599 duos
1370 2571 1478 2606 fratres,
1497 2571 1625 2599 Simonem
1638 2573 1681 2607 qui
1693 2573 1856 2608 cognomina-

1068 2617 1142 2644 batur
1154 2617 1246 2645 Petrus
1256 2638 1264 2651 ,
1282 2621 1305 2644 et
1321 2618 1448 2645 Andream
1462 2620 1567 2654 fratrem
1581 2619 1652 2654 ejus,
1666 2619 1791 2647 mittentes
1807 2623 1861 2647 rete

1069 2665 1096 2691 in
1109 2672 1179 2691 mare
1191 2671 1202 2692 :
1214 2668 1285 2692 erant
1298 2664 1365 2691 enim
1378 2664 1526 2700 piscatores,
1542 2665 1585 2693 l9.
1601 2670 1625 2692 et
1636 2665 1672 2692 ait
1683 2665 1736 2693 illis
1748 2674 1759 2693 :
1773 2664 1860 2693 Venite

1070 2715 1127 2745 post
1139 2718 1188 2741 me,
1204 2714 1227 2737 et
1242 2710 1334 2745 faciam
1347 2718 1390 2738 oo:
1404 2711 1540 2746 piscatores
1555 2711 1692 2739 hominum.
1704 2712 1751 2739 20.
1767 2711 1803 2739 Hi
1813 2720 1859 2739 ωας

1071 2759 1120 2782 tem
1136 2754 1230 2782 relictis
1248 2754 1340 2782 retibus
1352 2775 1360 2788 ,
1374 2756 1471 2791 sequuti
1485 2760 1544 2783 sunt
1556 2764 1623 2783 eum.
1642 2756 1723 2792 Atqui
1741 2755 1858 2784 Joannes

1070 2801 1108 2829 ait
1126 2809 1174 2829 eos
1196 2801 1249 2829 alio
1270 2802 1351 2830 modo
1369 2802 1451 2830 fuisse
1469 2807 1577 2831 vocatos
1592 2811 1600 2830 ;
1613 2803 1684 2831 unde
1698 2803 1784 2838 palam
1798 2807 1860 2836 est,

1071 2850 1139 2877 hanc
1150 2849 1293 2877 secundam
1313 2849 1393 2879 fuisse
1407 2850 1572 2879 vocationem
1588 2858 1596 2878 :
1609 2849 1777 2886 idipsumque
1787 2857 1869 2884 saepe,
