2073 3127
206 94 258 122 219

205 148 299 176 videre
310 152 362 175 est.
374 145 411 174 lbi
425 153 539 181 namque
554 144 662 177 dicitur,
676 151 736 172 cum
751 144 867 172 nondum
880 143 996 172 Joannes

204 194 341 229 coniectus
360 193 454 221 luisset
474 192 501 220 in
520 199 672 224 carcerem,
688 191 761 226 ipsos
774 191 938 223 accessisse;
954 190 998 218 hic

204 249 279 273 vero,
291 245 429 275 postquam
438 239 575 273 conjectus
586 237 681 265 fuerat.
691 237 748 264 lllic
758 236 878 264 Andreas
887 237 998 265 vocabat

204 286 311 313 l’etrum
325 295 332 317 ;
352 285 395 312 hic
414 285 507 311 ambos
524 283 611 311 Jesus.
631 283 664 310 Et
682 283 798 310 Joannes
811 282 917 317 quidem
937 283 974 310 ait
988 289 995 311 :
1012 282 1014 284 ’

208 331 301 359 Videns
316 331 392 358 Iesus
408 331 537 358 Simonem
550 330 696 361 venientem,
712 330 776 356 dixit
789 337 799 356 :
812 329 851 356 Tu
864 337 890 356 es
907 329 996 356 Simon

203 379 272 412 ﬁlius
291 377 367 405 Jome
377 385 387 409 ;
406 383 433 404 tu
451 377 578 404 vocaberis
596 376 711 411 Cephas.
731 376 799 410 quod
819 375 997 410 interpretatur

203 423 296 450 Petrus
308 422 396 459 (Jaan.
412 424 437 450 t.
449 423 506 458 42),
518 422 658 449 Mattheus
669 429 731 448 vero
743 422 789 453 ait,
801 422 855 455 jam
866 421 904 448 sic
914 420 995 448 fuisse

202 473 325 496 vocatum
341 478 347 496 :
368 467 472 500 Videris.
488 468 581 503 inquit,
598 467 738 499 Simonem,
750 467 793 501 qui
807 466 935 493 dicebatur
945 466 997 493 Pe~

204 519 267 542 truc.
281 515 334 542 Sed
346 515 425 541 etiam
436 521 450 541 a
462 514 532 546 loco,
543 521 575 540 ex
587 520 640 548 quo
649 512 735 539 vocati
745 516 819 544 sunt,
832 512 901 547 quod
914 512 995 539 etiam

202 560 264 587 alibi
280 567 352 594 saepe
370 559 462 586 videre
474 563 515 586 est
530 566 536 584 :
552 558 614 584 hinc
627 557 709 592 liquet
722 557 802 585 etiam
813 578 821 591 ,
835 557 905 592 quod
920 557 995 585 facile

201 603 337 635 ohediant,
350 607 377 629 et
388 602 477 629 omnia
490 602 643 637 relinquant
655 610 662 633 ;
675 601 730 635 jam
743 600 813 628 enim
827 600 910 636 probe
922 602 995 635 prius

202 650 299 676 eruditi
319 649 434 676 fuerant.
455 648 511 675 Illic
526 648 596 675 enim
617 647 757 675 exhibetur
770 647 890 675 Andreas
904 647 930 674 in
944 646 994 674 ἀη-
1006 655 1012 661 ·

200 703 274 722 nium
289 695 409 727 veniens,
424 700 451 722 et
465 694 547 722 multa
561 693 689 725 audiens;
704 693 747 720 hic
765 698 864 726 autem,
880 700 932 720 ttno
945 700 992 720 au-

201 741 256 768 dito
269 740 360 773 verbo,
376 740 464 767 statim
478 739 582 774 sequuti
597 744 668 766 sunt.
683 738 831 766 Verisimile
843 738 940 773 quippe
953 743 994 766 est

201 787 260 814 illos
270 794 328 814 cum
340 789 354 813 a
368 785 497 821 principio
511 785 614 820 sequuti
631 782 753 817 fuissent,
765 784 888 811 dimissos
902 788 993 819 postea

201 834 302 866 fuisse;
322 842 383 861 cum
406 838 494 860 autem
515 832 648 861 vidissent.
662 831 790 859 Joannem
811 831 837 858 in
857 839 991 858 carcerem

202 889 303 909 trusum
321 881 402 908 fuisse
414 902 421 913 ,
439 881 509 914 ipsus
524 884 585 907 tunc
601 879 761 911 recessisse,
778 883 857 913 atque
869 878 901 905 ad
917 886 991 905 suam

200 932 285 955 artem
299 925 419 954 rediisse.
431 925 476 953 Sic
489 925 578 960 itaque
592 924 650 952 illos
664 925 796 958 piscantes
810 924 920 951 invenit.
933 922 992 958 Ipso

200 980 264 1001 vero
279 981 365 1007 neque
384 972 442 999 illos
455 979 515 999 cum
530 971 604 998 abire
624 970 722 997 vellent
744 969 819 996 initio
840 969 990 1003 prohibuit,

201 1026 287 1054 neque
307 1026 367 1046 cum
391 1017 562 1044 recessissent
582 1023 665 1050 usque
680 1015 705 1041 in
719 1015 797 1042 tinent
810 1014 929 1047 dimisit;
945 1013 992 1041 sed

200 1069 339 1100 postquam
360 1063 486 1090 recedere
501 1062 624 1094 sivisset,
639 1060 713 1088 venit
731 1068 836 1088 rursum
857 1061 929 1096 ipsos
947 1068 992 1088 re-

200 1112 330 1146 petiturus
346 1121 352 1138 :
366 1110 410 1145 qui
424 1109 545 1145 egregius
558 1113 599 1136 est
613 1108 768 1143 piscationis
781 1106 885 1134 modus.

234 1156 334 1184 Christo
348 1157 401 1183 sine
414 1164 485 1182 mora
500 1153 730 1188 obtemperandum.
745 1168 782 1172 —
796 1151 933 1187 Perpende
946 1160 989 1179 au-

200 1206 253 1230 tem
267 1203 371 1230 illorum
385 1209 412 1229 et
423 1202 501 1228 tidem
513 1205 539 1228 et
549 1199 736 1228 obedientiam.
751 1198 854 1226 Etenim
867 1200 891 1226 in
904 1199 992 1226 medio

199 1256 282 1283 opere
296 1248 380 1281 (scitis
392 1253 480 1274 autern
495 1254 573 1282 quam
587 1245 662 1273 avida
676 1253 719 1273 res
734 1245 768 1272 sit
782 1245 903 1280 piscatio)
918 1245 991 1272 illum

198 1294 335 1329 iubentem
350 1293 489 1320 audientes
499 1314 506 1325 ,
520 1300 572 1319 non
586 1291 763 1324 distulerunt,
776 1299 862 1326 neque
876 1291 991 1318 cunctati

198 1345 260 1367 sunt
272 1349 278 1366 :
291 1348 343 1367 non
355 1340 490 1371 dixerunt,
503 1338 611 1365 Reversi
625 1337 745 1370 domum,
758 1338 920 1372 propinquos
931 1337 992 1364 allo-

198 1393 312 1420 quemur
327 1393 335 1412 :
350 1385 396 1412 sed
416 1384 514 1412 relictis
535 1383 658 1410 omnibus
679 1383 783 1417 sequuti
802 1388 880 1416 sunt,
895 1391 990 1418 quent-

198 1430 341 1458 admodum
358 1436 385 1457 et
404 1430 515 1457 Elis-eus
536 1429 598 1456 fecit
615 1436 675 1456 cum
698 1427 766 1455 Elia.
786 1427 876 1456 Talem
894 1429 991 1464 quippe

198 1477 320 1504 tlhristus
334 1476 511 1503 obedientiam
524 1475 619 1510 quaerit
637 1482 652 1501 ι
673 1475 749 1501 nobis
762 1496 769 1508 ,
783 1475 817 1501 ita
839 1481 866 1502 ut
883 1483 916 1502 ne
931 1483 990 1502 mo-

198 1529 289 1551 mento
306 1523 413 1558 quidem
433 1523 559 1556 temporis
578 1521 731 1549 differamus
742 1542 749 1553 ,
764 1521 867 1549 etiamsi
881 1521 944 1556 quid
957 1529 990 1549 ex

199 1568 341 1596 admodum
362 1568 523 1595 necessariis
542 1575 636 1602 urgere
650 1567 780 1594 videatur.
795 1566 896 1594 Idcirco
910 1566 990 1594 alium

198 1615 349 1642 venientem
370 1619 397 1641 et
419 1617 555 1648 rogantem
573 1613 622 1639 sibi
642 1612 734 1639 liceret
754 1612 868 1647 sepelire
887 1617 989 1647 patrem

198 1668 287 1689 suum.
302 1667 334 1686 ne
348 1659 411 1686 illud
426 1658 531 1692 quidem
542 1657 629 1685 facere
643 1658 772 1692 permisit.
784 1657 937 1690 ostendens,
949 1665 992 1685 se-

198 1705 296 1740 quendi
319 1704 452 1731 Christum
475 1703 590 1730 ofﬁciunt
614 1711 674 1730 esse
695 1703 820 1730 omnibus
841 1703 992 1731 anteferen-

198 1753 260 1780 dum
275 1751 380 1786 (Matth.
394 1750 421 1779 8.
436 1750 467 1777 2i
484 1749 541 1786 ‘22).
556 1750 584 1777 Si
599 1757 662 1777 vero
675 1749 775 1777 dixeris
790 1758 797 1776 :
813 1749 925 1777 Maxima
935 1754 992 1777 erat

199 1798 341 1833 promissio
357 1807 363 1824 :
378 1796 439 1824 ideo
454 1796 568 1823 maxime
581 1795 664 1823 miror
677 1796 747 1826 illos,
760 1795 830 1831 quod
849 1803 908 1823 cum
925 1803 991 1823 non-

199 1844 261 1870 dum
281 1843 385 1878 signum
405 1842 551 1875 vidissent,
567 1845 646 1868 tantm
665 1841 835 1876 promissioni
849 1841 927 1869 fidem
941 1841 990 1868 ha-

171 1911 174 1915 .
198 1889 325 1926 inierint,
337 1893 365 1916 et
375 1888 466 1916 omnia
487 1887 684 1922 postposuerint
697 1893 726 1915 ut
739 1887 875 1915 Christum
895 1895 991 1922 seque-

200 1940 293 1963 rentur
307 1943 314 1961 :
327 1926 575 1963 nummi-ediderunt
589 1941 618 1961 se
633 1941 712 1968 posse
725 1942 773 1969 per
783 1933 876 1961 eadem
893 1934 971 1961 verba
982 1955 990 1966 ,

199 1982 276 2016 queis
293 1981 362 2017 capti
384 1974 506 2014 fuerant,
529 1981 595 2009 alios
617 1981 723 2016 piscari.
747 1981 793 2009 llis
815 1982 903 2017 itaque
926 1982 990 2009 illud

201 2027 322 2062 promisit
338 2026 459 2055 :Jacoho
476 2032 564 2054 autem
577 2031 606 2055 et
619 2027 716 2054 Joanni
732 2027 797 2054 nihil
814 2028 900 2055 simile
914 2028 990 2055 dixit.

199 2074 265 2101 Nam
280 2074 398 2108 priorum
415 2073 587 2107 obsequentia
604 2072 644 2099 his
658 2073 727 2100 viam
742 2073 853 2107 paravit.
869 2074 991 2109 Alioquin

200 2127 264 2147 vero
274 2119 328 2153 jam
341 2118 499 2153 plurima'de
515 2118 572 2152 ipso
585 2117 733 2146 audierant.
746 2118 812 2146 Vide
825 2127 903 2154 porro
913 2127 991 2154 quam

200 2171 323 2194 accurate
345 2165 420 2192 nobis
441 2164 544 2191 illorum
566 2169 747 2199 paupertatem
764 2164 870 2192 indicet.
892 2165 993 2192 Invenit

200 2211 272 2239 enim
287 2211 347 2238 illos
360 2209 511 2238 reﬁcientes
529 2211 594 2237 retia
616 2218 672 2237 sua.
689 2210 772 2237 Tanta
794 2215 852 2238 erat
870 2216 990 2245 egestas,

200 2261 230 2283 ut
245 2261 333 2283 vetera
348 2261 537 2287 restaurarent,
554 2255 623 2290 quod
639 2263 691 2282 non
704 2260 815 2290 possent
827 2256 877 2282 alia
891 2264 989 2283 emere.

199 2303 255 2331 Nec
275 2302 384 2329 minima
405 2302 509 2329 interim
532 2302 588 2327 lin-e
605 2305 646 2328 est
667 2302 770 2327 virtutis
786 2301 992 2334 demonstratio,

200 2353 383 2385 paupertatem
400 2348 434 2375 ita
456 2348 534 2375 facile
551 2348 621 2374 ferre
633 2368 641 2380 ,
654 2356 687 2374 ex
706 2348 786 2381 justis
805 2347 938 2374 laboribus
953 2349 993 2374 vi-

201 2401 272 2423 ctum
285 2402 387 2429 parare,
402 2398 490 2421 mutua
504 2393 615 2420 invicem
627 2393 738 2420 caritate
748 2393 878 2425 connecti.
891 2398 992 2427 patrem

201 2448 291 2467 secum
305 2439 413 2471 habere,
426 2439 527 2473 ipsique
540 2437 671 2465 famulari.
686 2437 828 2472 Postquam
841 2438 920 2472 igitur
933 2438 993 2465 illos

203 2490 320 2520 piscatus
334 2486 435 2517 fuisset,
448 2490 509 2511 tunc
521 2485 602 2518 capit
615 2483 667 2510 illis
681 2483 857 2518 praesentibus
866 2484 993 2511 miracula

203 2533 284 2559 edere
295 2553 303 2565 ,
319 2539 417 2566 perque
431 2539 461 2558 ea
476 2539 535 2565 qua-
549 2538 565 2557 a
578 2530 679 2557 Joanne
691 2530 724 2557 de
739 2529 795 2564 ipso
809 2530 877 2557 dicta
891 2531 994 2557 fuerant

204 2576 388 2604 conﬁrmabat.
404 2576 555 2610 Synagogas
569 2582 649 2609 porro
665 2575 858 2609 frequentabat,
874 2574 936 2602 hinc
947 2575 994 2603 Ju-

204 2622 277 2649 daeos
292 2622 390 2649 docens
402 2629 432 2649 se
445 2628 497 2648 non
513 2628 572 2648 esse
586 2621 640 2648 Deo
652 2620 829 2647 adversarium
838 2641 846 2654 ,
859 2621 902 2648 vel
916 2621 994 2648 sedu-

205 2675 317 2702 ctorem,
329 2668 375 2696 sed
385 2676 447 2696 cum
460 2668 539 2696 Patre
549 2668 757 2695 consentientem
768 2667 916 2696 advenisse.
927 2669 993 2696 Cum

205 2723 294 2742 autem
308 2715 334 2742 in
349 2715 415 2742 locis
431 2718 594 2748 versaretur,
605 2721 658 2741 non
673 2712 752 2741 modo
765 2713 935 2748 prmdicabat,
947 2714 996 2742 sed

206 2762 287 2789 etiam
302 2761 376 2796 signa
392 2759 495 2788 edebat.

242 2807 269 2835 5.
286 2804 387 2842 Ubique
396 2806 481 2840 enim,
497 2805 520 2834 si
531 2804 636 2841 quando
648 2812 691 2834 res
706 2805 811 2835 insolita
821 2811 848 2835 et
859 2807 994 2843 inopinata

610 87 640 116 S.
653 87 791 116 JOANNIS
807 85 1046 116 CHRYSOSTOHI
1064 88 1222 117 ARCHIEP.
1241 90 1507 120 CONSTANTINOP.

1792 95 1847 124 2‘20

1050 144 1169 177 accidat,
1185 146 1209 174 si
1229 153 1326 174 novum
1346 148 1486 176 inducatur
1505 149 1565 177 vita:
1585 150 1752 184 institutum,
1768 151 1844 187 slgna

1050 190 1117 218 solet
1133 191 1201 219 Deus
1215 191 1320 226 facere,
1335 195 1460 228 potentia:
1475 200 1531 222 suae
1546 196 1654 231 pignora
1675 198 1797 232 praebens
1812 199 1844 225 iis

1049 236 1094 271 qui
1114 237 1186 272 leges
1200 239 1349 273 suscepturi
1363 244 1434 266 sunt.
1454 239 1499 268 Sic
1517 241 1606 276 itaque
1626 248 1686 269 cum
1708 242 1842 271 hominem

1049 278 1166 309 facturus
1180 288 1256 316 erat,
1274 284 1399 311 mundum
1418 289 1504 312 totum
1521 286 1638 318 creavit,
1655 292 1771 322 tuncque
1790 288 1842 323 ipsi

1049 327 1133 362 legem
1156 329 1226 356 illam
1239 330 1247 345 ¹
1265 331 1292 357 in
1315 331 1436 365 paradiso
1454 332 1538 359 dedit.
1556 333 1589 360 Et
1608 340 1668 360 cum
1689 333 1753 362 Noae
1770 335 1844 370 leges

1048 374 1182 408 positums
1196 380 1263 408 erat,
1278 381 1372 410 magna
1388 385 1492 405 rursum
1507 378 1629 407 exhibuit
1643 380 1779 412 miracula,
1793 386 1843 416 per

1047 426 1107 454 quae
1123 424 1203 448 totam
1217 423 1376 449 restauravit
1387 429 1547 457 creaturam,
1559 429 1586 452 ct
1598 425 1761 454 horrendum
1777 426 1840 455 illud

1048 466 1156 501 pelagus
1170 474 1218 502 per
1230 473 1328 496 anmnn
1345 474 1427 497 totum
1445 471 1566 499 obtinere
1578 474 1682 500 curavit
1694 495 1701 506 ,
1717 481 1765 509 per
1777 483 1837 509 qua:

1047 511 1128 538 etiam
1151 511 1251 546 justum
1278 514 1352 541 illum
1379 515 1405 542 in
1432 520 1504 544 tanta
1531 521 1689 552 tempestate
1711 522 1838 549 servavit.

1048 557 1162 585 Abrahte
1176 565 1281 592 quoque
1296 561 1379 588 multa
1402 562 1476 596 signa
1497 564 1638 597 praestitit;
1653 566 1726 593 Verbi
1742 572 1820 595 causa
1831 588 1839 599 ,

1049 604 1185 632 victoriam
1200 605 1225 631 in
1240 606 1321 639 bello,
1336 607 1439 642 plagam
1454 609 1585 637 Pharaoni
1601 611 1756 645 iinmissam,
1770 620 1784 640 a
1798 621 1840 649 pe-

1047 649 1137 677 riculis
1154 651 1327 685 ereptionem.
1344 652 1465 689 Cumque
1486 655 1585 683 Iudaeis
1604 656 1676 691 leges
1693 662 1840 686 statmurus

1046 700 1127 727 esset,
1142 695 1268 722 miracula
1283 697 1325 723 illa
1342 696 1413 730 fecit,
1428 703 1455 725 ct
1468 700 1587 735 prodigia
1608 709 1712 736 magna,
1727 707 1842 737 tuncque

1046 739 1132 774 legem
1148 739 1230 767 dedit.
1244 741 1281 768 Ita
1297 747 1323 769 et
1336 751 1406 771 nunc
1420 744 1554 772 excelsum
1572 747 1715 781 quodpiam
1731 748 1842 776 institue-

1047 790 1101 813 tum
1123 787 1297 820 inducturus,
1314 796 1398 824 eaque
1414 790 1533 818 dicturus
1553 791 1604 819 illis
1618 800 1677 827 qua:
1694 802 1842 829 numquam

1045 833 1202 866 audierant,
1215 833 1373 862 mirabilium
1385 837 1540 870 operatione
1549 837 1618 865 dicta
1629 846 1675 865 sua
1686 847 1734 866 con
1740 829 1836 869 lii-luat.

1045 879 1176 912 Quoniam
1189 881 1259 907 enim
1275 888 1383 915 regnum
1399 882 1471 910 illtld.
1484 883 1554 916 quod
1569 884 1771 918 praedicabatur.
1783 894 1840 913 non

1044 925 1206 958 apparebat,
1225 933 1259 952 ex
1279 926 1311 952 iis
1330 934 1390 961 qua:
1412 927 1462 954 sub
1485 934 1621 963 aspectum
1646 931 1790 963 cadebant,
1813 932 1843 959 id.

1045 970 1113 1004 quod
1133 971 1266 997 occultum
1284 977 1341 998 erat
1361 972 1528 1000 manifestum
1551 975 1622 1002 fecit.
1639 975 1673 1002 Et
1693 976 1753 1003 vide
1774 978 1842 1005 mihi

1044 1021 1172 1050 quantum
1194 1017 1328 1052 superﬂua
1348 1018 1413 1045 vitet
1431 1020 1592 1054 evangelism
1605 1041 1612 1051 .
1631 1023 1766 1056 quomodo
1785 1031 1838 1049 non

1044 1061 1164 1096 singulos
1186 1069 1278 1089 eorum
1301 1064 1345 1098 qtti
1369 1064 1454 1091 sanati
1476 1070 1538 1092 sunt
1561 1073 1770 1098 commemoret,
1792 1069 1842 1095 ενα

1044 1107 1117 1134 brevi
1129 1115 1252 1135 sermone
1264 1109 1401 1136 innttntera
1413 1109 1485 1144 signa
1499 1116 1694 1144 praetercurrat.
1706 1112 1771 1139 Nam
1782 1113 1837 1141 ait:

1044 1152 1089 1179 24.
1108 1152 1257 1180 Obtulerurtt
1272 1154 1293 1180 ei
1308 1163 1395 1181 mtmes
1408 1155 1473 1182 male
1488 1155 1604 1182 [tabentes
1616 1157 1691 1184 variis
1705 1158 1837 1192 languori-

1044 1198 1089 1225 bus
1100 1219 1107 1231 ,
1120 1203 1142 1225 et
1158 1200 1286 1226 tormentis
1299 1205 1427 1235 correptas
1436 1221 1443 1233 ,
1458 1201 1583 1227 damoniu
1595 1202 1712 1229 [tabentes
1721 1224 1728 1232 .
1744 1203 1837 1230 lunati-

1043 1253 1095 1277 cos,
1106 1245 1267 1281 paralyticos,
1280 1251 1301 1272 et
1310 1247 1407 1273 sanavit
1418 1255 1469 1276 eos.
1480 1247 1577 1274 Verum
1588 1247 1622 1275 ab
1633 1249 1677 1275 illo
1687 1249 1836 1284 inquiritur,

1043 1297 1091 1318 cur
1104 1298 1118 1317 a
1132 1291 1205 1317 nullo
1218 1298 1309 1318 eorum
1327 1292 1404 1319 fidem
1418 1293 1523 1327 exegit?
1537 1293 1628 1327 Neque
1640 1295 1710 1321 enim
1722 1295 1799 1328 dixit,
1813 1296 1841 1322 iit

1043 1336 1114 1371 quod
1136 1341 1226 1371 postea
1247 1337 1346 1365 dixisse
1365 1344 1489 1365 narratur
1504 1348 1510 1365 z
1523 1339 1638 1366 Creditis
1653 1348 1696 1367 me
1717 1340 1779 1367 illud
1799 1340 1838 1368 fa-

1043 1390 1105 1410 ccre
1123 1388 1201 1416 posse
1216 1382 1328 1418 (Matth.
1344 1383 1369 1410 9.
1390 1383 1425 1411 28
1437 1384 1465 1419 )?
1482 1385 1543 1419 quia
1564 1385 1680 1412 nontlum
1702 1387 1839 1420 potestatis

1043 1436 1098 1456 Sua:
1110 1430 1267 1457 documenta
1283 1429 1402 1457 dederat.
1417 1430 1539 1465 Alioquin
1554 1439 1617 1458 vero
1630 1439 1662 1459 ex
1677 1440 1709 1459 eo
1721 1433 1790 1467 quod
1803 1433 1840 1461 ad:

1045 1484 1105 1502 ctun
1121 1476 1277 1502 accederent
1290 1497 1297 1507 ,
1313 1476 1434 1511 aliosque
1448 1477 1619 1509 inducercnt,
1637 1486 1688 1504 non
1705 1479 1836 1506 modicam

1043 1521 1206 1557 exhibebant
1224 1521 1312 1548 fidem.
1335 1521 1400 1548 Nam
1421 1530 1453 1549 ex
1474 1522 1617 1558 longinquo
1637 1531 1722 1558 a-gros
1739 1524 1837 1552 affere-

1043 1566 1124 1598 bant,
1140 1575 1191 1593 non
1206 1567 1325 1599 allaturi,
1343 1567 1392 1594 nisi
1409 1575 1529 1602 magnam
1544 1568 1577 1595 de
1593 1568 1637 1595 illo
1651 1570 1838 1604 conci-pissent.

1043 1613 1205 1646 opinionem.
1218 1613 1252 1639 Et
1265 1621 1312 1640 nos
1325 1621 1429 1647 quoque
1440 1613 1512 1640 illum
1526 1622 1669 1648 sequamur
1682 1624 1688 1641 :
1701 1624 1760 1642 nam
1773 1616 1839 1643 mul-

1046 1659 1079 1685 tis
1092 1659 1172 1686 animi
1187 1659 1287 1685 morbis
1300 1659 1462 1691 laboramus,
1478 1666 1505 1686 et
1519 1659 1566 1687 hos
1580 1660 1624 1687 ille
1639 1661 1770 1696 praecipue
1783 1662 1840 1689 vult

1043 1713 1147 1732 Curare.
1163 1704 1224 1732 ldeo
1237 1706 1306 1732 cnitn
1323 1705 1366 1732 illa
1383 1707 1450 1733 mala
1463 1711 1548 1739 curat,
1565 1711 1592 1733 Ill
1606 1707 1663 1734 lucc
1676 1708 1790 1742 expullat
1805 1717 1840 1736 ex

1043 1750 1182 1778 animabus
1197 1751 1304 1778 uestris.
1319 1751 1483 1778 Accctlatnus
1498 1752 1576 1786 igitur
1587 1751 1619 1779 ad
1635 1761 1706 1783 eum.
1721 1753 1839 1789 nihilque

1043 1797 1169 1824 s:uculare
1184 1802 1304 1831 petamus
1314 1818 1321 1829 ,
1336 1797 1382 1824 sed
1396 1798 1578 1825 remissionem
1595 1805 1762 1833 peccatomm
1779 1805 1838 1828 :et—

1043 1844 1114 1871 enim
1128 1843 1206 1870 etiam
1221 1851 1291 1870 nunc
1302 1842 1355 1875 dat,
1368 1844 1390 1870 si
1401 1843 1540 1878 diligenter
1550 1852 1667 1878 agatnus.
1680 1845 1753 1872 ’l‘unc
1763 1846 1837 1873 enim

1044 1888 1070 1915 in
1092 1889 1195 1923 Syriam
1215 1888 1273 1922 ejus
1293 1889 1361 1915 fama
1377 1888 1495 1921 volarat;
1512 1897 1582 1915 nunc
1598 1897 1662 1916 vero
1685 1898 1732 1924 per
1752 1895 1840 1918 totum

1043 1935 1144 1962 orbem.
1163 1934 1195 1961 Et
1215 1934 1251 1961 illi
1269 1934 1374 1969 quidem
1390 1934 1527 1961 audientes
1539 1935 1647 1969 ,.ipsum
1661 1936 1839 1964 daetnoniacos

1043 1980 1189 2012 curavisse,
1204 1980 1401 2007 concurrebant
1416 1988 1422 2005 :
1439 1985 1465 2006 tu
1477 1987 1540 2007 vero
1555 1981 1637 2007 multo
1651 1981 1777 2016 majorem
1791 1991 1838 2017 po-

1044 2026 1145 2053 testatis
1169 2026 1250 2059 ipsius
1270 2026 1460 2060 experientiam
1481 2031 1573 2053 nactus
1592 2034 1643 2053 non
1664 2028 1767 2063 surgis,
1784 2037 1837 2056 non

1043 2071 1145 2098 curris?
1158 2071 1210 2099 Sed
1224 2071 1260 2098 illi
1274 2070 1379 2106 quidem
1392 2077 1417 2098 et
1432 2072 1542 2106 patriam
1560 2072 1725 2106 reliquerunt
1736 2078 1763 2100 et
1774 2074 1838 2101 ami-

1043 2125 1089 2144 cos
1104 2122 1130 2144 ct
1146 2123 1289 2152 cognatos;
1304 2121 1330 2143 tu
1344 2125 1408 2144 vero
1421 2125 1454 2144 ne
1473 2117 1554 2145 domo
1573 2118 1678 2152 quidem
1691 2120 1764 2146 exire
1778 2127 1837 2147 sus:

1044 2163 1115 2190 tines
1125 2184 1132 2195 ,
1146 2168 1174 2190 ut
1188 2163 1298 2189 accedas
1310 2184 1317 2194 ,
1331 2167 1358 2189 et
1371 2163 1447 2197 longe
1461 2163 1568 2190 meliora
1581 2164 1770 2199 etinsequaris?
1781 2165 1841 2193 lmo

1044 2217 1096 2235 non
1112 2208 1162 2235 hoc
1174 2216 1187 2234 a
1203 2213 1229 2235 te
1249 2208 1431 2243 postulamus;
1446 2207 1491 2235 sed
1512 2209 1607 2235 malam
1627 2210 1713 2236 solum
1733 2209 1838 2244 depono

1044 2253 1278 2285 consuetudinem,
1298 2257 1325 2280 ct
1340 2253 1412 2280 domi
1434 2261 1544 2280 mancus
1565 2262 1626 2280 cum
1651 2255 1702 2281 tuis
1723 2255 1837 2283 salutem

1045 2299 1120 2326 facile
1139 2298 1265 2333 consequi
1286 2298 1393 2332 poteris.
1408 2296 1465 2325 lam
1482 2307 1545 2326 vero
1560 2299 1581 2325 si
1602 2299 1696 2326 morbo
1708 2308 1839 2334 corporeo

1045 2344 1197 2371 laboremus
1207 2364 1214 2376 ,
1230 2343 1318 2370 omnia
1339 2344 1448 2371 facimus
1458 2364 1464 2376 ,
1480 2345 1569 2371 omnia
1589 2353 1728 2372 movemus
1739 2366 1746 2377 ,
1763 2350 1791 2372 ut
1805 2347 1840 2373 ab

1045 2390 1089 2417 illa
1104 2390 1223 2417 molestia
1236 2397 1360 2417 eruamur
1372 2399 1379 2417 :
1390 2390 1477 2416 anima
1490 2398 1553 2417 vero
1565 2396 1654 2418 nostra
1671 2391 1740 2419 male
1750 2399 1780 2419 se
1793 2392 1840 2418 lia-

1044 2436 1142 2468 bente,
1159 2441 1316 2462 cunctamur
1333 2440 1361 2462 et
1381 2435 1535 2470 refugimus.
1555 2435 1616 2463 ldco
1636 2445 1722 2472 neque
1737 2437 1771 2464 ab
1786 2437 1839 2465 illis

1045 2481 1208 2513 liberamur;
1232 2482 1355 2515 quoniam
1377 2489 1436 2515 qua:
1456 2483 1604 2510 necessaria
1627 2488 1705 2516 sunt,
1727 2483 1840 2512 minoris

1045 2529 1172 2555 momenti
1185 2527 1306 2559 facimus,
1320 2536 1379 2562 qua:
1391 2536 1456 2556 vero
1470 2529 1580 2556 minoris
1593 2530 1732 2563 momenti,
1745 2538 1839 2558 neces-

1045 2574 1114 2600 saria
1136 2573 1258 2600 ducimus
1274 2583 1280 2600 :
1297 2578 1323 2600 et
1346 2573 1476 2600 malorum
1498 2573 1570 2602 fonte
1588 2575 1699 2602 dimisso
1712 2596 1719 2608 ,
1740 2576 1839 2603 rivulos

1047 2624 1159 2654 purgare
1172 2619 1302 2646 volumus.
1315 2619 1390 2653 Quod
1405 2620 1475 2647 enim
1490 2620 1644 2648 morborum
1655 2623 1776 2656 corporis
1787 2622 1838 2649 ani-

1047 2672 1097 2691 ma:
1111 2664 1260 2699 malignitas
1274 2673 1354 2692 causa
1370 2665 1414 2698 sit,
1429 2666 1591 2702 paralyticos
1603 2667 1650 2695 ille
1663 2668 1767 2702 triginta
1779 2673 1839 2696 octo

1047 2718 1177 2737 annorum
1195 2711 1291 2745 (Jomt.
1307 2712 1357 2745 5),
1376 2711 1421 2738 ille
1438 2712 1507 2739 alius
1526 2720 1574 2747 per
1590 2717 1691 2740 tectum
1706 2713 1840 2741 demissus

1046 2755 1128 2790 (Luc.
1142 2756 1245 2792 5).mte
1252 2758 1313 2786 illos
1330 2764 1392 2784 vero
1401 2757 1468 2784 Cain
1480 2758 1675 2785 demonstravit
1691 2763 1837 2794 :sazpeque

1081 2811 1088 2827 ¹
1107 2811 1201 2841 Quidam
1211 2815 1274 2844 3155.,
1287 2815 1386 2844 tuncque
1395 2812 1442 2844 ipsi
1452 2812 1567 2839 mundum
1579 2813 1658 2846 illum;
1671 2817 1750 2840 minus
1755 2816 1836 2839 recte.
