  <div class='ocr_page' id='page_1' title='image "/cluster/home/n/w/nwhite01/storage/ocr_20150623/57-58/njp.32101077772653/153.png"; bbox 0 0 2073 3127; ppageno 0'>
   <div class='ocr_carea' id='block_1_1' title="bbox 634 99 1537 130">
    <p class='ocr_par' dir='ltr' id='par_1_1' title="bbox 634 99 1537 130">
     <span class='ocr_line' id='line_1_1' title="bbox 634 99 1537 130; baseline 0 0"><span class='ocrx_word' id='word_1_1' title='bbox 634 101 664 130; x_wconf 79' lang='lat' dir='ltr'><strong>S.</strong></span> <span class='ocrx_word' id='word_1_2' title='bbox 683 100 822 129; x_wconf 72' lang='lat' dir='ltr'><strong>JOANNIS</strong></span> <span class='ocrx_word' id='word_1_3' title='bbox 839 99 1078 129; x_wconf 73' lang='lat' dir='ltr'><strong>CIIRYSOSTOMI</strong></span> <span class='ocrx_word' id='word_1_4' title='bbox 1097 100 1255 129; x_wconf 78' lang='lat' dir='ltr'><strong>ARCBIEP.</strong></span> <span class='ocrx_word' id='word_1_5' title='bbox 1269 101 1537 130; x_wconf 77' lang='lat' dir='ltr'><strong>CONSTANTINOP.</strong></span> 
     </span>
    </p>
   </div>
   <div class='ocr_carea' id='block_1_2' title="bbox 275 167 1905 180">
    <p class='ocr_par' dir='ltr' id='par_1_2' title="bbox 275 167 1905 180">
     <span class='ocr_line' id='line_1_2' title="bbox 275 167 1905 180; baseline -0.001 -2"><span class='ocrx_word' id='word_1_6' title='bbox 275 167 1905 180; x_wconf 79' lang='lat'><strong>—-——————-—————-——-————-——————————-————</strong></span> 
     </span>
    </p>
   </div>
   <div class='ocr_carea' id='block_1_3' title="bbox 947 203 1214 234">
    <p class='ocr_par' dir='ltr' id='par_1_3' title="bbox 947 203 1214 234">
     <span class='ocr_line' id='line_1_3' title="bbox 947 203 1214 234; baseline 0 0"><span class='ocrx_word' id='word_1_7' title='bbox 947 203 1121 234; x_wconf 75' lang='lat' dir='ltr'><strong>HOMILIA</strong></span> <span class='ocrx_word' id='word_1_8' title='bbox 1142 203 1214 234; x_wconf 78' lang='lat' dir='ltr'><strong>XV.</strong></span> 
     </span>
    </p>
   </div>
   <div class='ocr_carea' id='block_1_4' title="bbox 272 275 1064 307">
    <p class='ocr_par' dir='ltr' id='par_1_4' title="bbox 272 275 1064 307">
     <span class='ocr_line' id='line_1_4' title="bbox 272 275 1064 307; baseline -0.008 0"><span class='ocrx_word' id='word_1_9' title='bbox 272 279 336 307; x_wconf 77' lang='lat' dir='ltr'><strong>CAP.</strong></span> <span class='ocrx_word' id='word_1_10' title='bbox 352 279 379 306; x_wconf 89' lang='lat'><strong>5.</strong></span> <span class='ocrx_word' id='word_1_11' title='bbox 394 286 420 305; x_wconf 79' lang='grc' dir='ltr'><strong>ν.</strong></span> <span class='ocrx_word' id='word_1_12' title='bbox 433 279 459 306; x_wconf 75' lang='grc'><strong>1.</strong></span> <span class='ocrx_word' id='word_1_13' title='bbox 476 277 569 304; x_wconf 78' lang='lat' dir='ltr'><strong>Videas</strong></span> <span class='ocrx_word' id='word_1_14' title='bbox 593 281 677 304; x_wconf 83' lang='lat' dir='ltr'><strong>autem</strong></span> <span class='ocrx_word' id='word_1_15' title='bbox 701 275 776 303; x_wconf 77' lang='lat' dir='ltr'><strong>Jssus</strong></span> <span class='ocrx_word' id='word_1_16' title='bbox 800 277 897 306; x_wconf 76' lang='lat' dir='ltr'><strong>turbas,</strong></span> <span class='ocrx_word' id='word_1_17' title='bbox 911 275 1024 302; x_wconf 80' lang='lat' dir='ltr'><strong>ascendit</strong></span> <span class='ocrx_word' id='word_1_18' title='bbox 1036 275 1064 302; x_wconf 80' lang='lat' dir='ltr'><strong>in</strong></span> 
     </span>
    </p>
   </div>
   <div class='ocr_carea' id='block_1_5' title="bbox 308 322 1063 355">
    <p class='ocr_par' dir='ltr' id='par_1_5' title="bbox 308 322 1063 355">
     <span class='ocr_line' id='line_1_5' title="bbox 308 322 1063 355; baseline -0.005 -3"><span class='ocrx_word' id='word_1_19' title='bbox 308 330 425 352; x_wconf 84' lang='lat' dir='ltr'><strong>montem.</strong></span> <span class='ocrx_word' id='word_1_20' title='bbox 442 323 476 351; x_wconf 88' lang='lat' dir='ltr'><strong>Et</strong></span> <span class='ocrx_word' id='word_1_21' title='bbox 491 333 548 352; x_wconf 87' lang='lat' dir='ltr'><strong>cum</strong></span> <span class='ocrx_word' id='word_1_22' title='bbox 566 323 681 355; x_wconf 74' lang='lat' dir='ltr'><strong>sedisset,</strong></span> <span class='ocrx_word' id='word_1_23' title='bbox 696 327 852 349; x_wconf 73' lang='lat' dir='ltr'><strong>accesserunt</strong></span> <span class='ocrx_word' id='word_1_24' title='bbox 867 322 901 348; x_wconf 86' lang='lat' dir='ltr'><strong>ad</strong></span> <span class='ocrx_word' id='word_1_25' title='bbox 915 330 971 348; x_wconf 89' lang='lat' dir='ltr'><strong>eum</strong></span> <span class='ocrx_word' id='word_1_26' title='bbox 984 322 1063 348; x_wconf 80' lang='lat' dir='ltr'><strong>disci-</strong></span> 
     </span>
    </p>
   </div>
   <div class='ocr_carea' id='block_1_6' title="bbox 307 367 1064 407">
    <p class='ocr_par' dir='ltr' id='par_1_6' title="bbox 307 367 1064 407">
     <span class='ocr_line' id='line_1_6' title="bbox 307 367 1064 407; baseline -0.007 -9"><span class='ocrx_word' id='word_1_27' title='bbox 307 371 363 407; x_wconf 83' lang='lat' dir='ltr'><strong>puli</strong></span> <span class='ocrx_word' id='word_1_28' title='bbox 375 371 446 407; x_wconf 71' lang='lat' dir='ltr'><strong>ejus:</strong></span> <span class='ocrx_word' id='word_1_29' title='bbox 455 371 483 397; x_wconf 76' lang='grc'><strong>2.</strong></span> <span class='ocrx_word' id='word_1_30' title='bbox 497 375 522 397; x_wconf 80' lang='lat' dir='ltr'><strong>et</strong></span> <span class='ocrx_word' id='word_1_31' title='bbox 539 370 653 405; x_wconf 80' lang='lat' dir='ltr'><strong>aperiens</strong></span> <span class='ocrx_word' id='word_1_32' title='bbox 665 377 693 396; x_wconf 82' lang='lat' dir='ltr'><strong>os</strong></span> <span class='ocrx_word' id='word_1_33' title='bbox 707 377 779 396; x_wconf 78' lang='lat' dir='ltr'><strong>suum</strong></span> <span class='ocrx_word' id='word_1_34' title='bbox 791 368 894 395; x_wconf 75' lang='lat' dir='ltr'><strong>docebat</strong></span> <span class='ocrx_word' id='word_1_35' title='bbox 908 376 949 394; x_wconf 78' lang='lat' dir='ltr'><strong>eos</strong></span> <span class='ocrx_word' id='word_1_36' title='bbox 958 367 1008 403; x_wconf 81' lang='grc' dir='ltr'><strong>(α),</strong></span> <span class='ocrx_word' id='word_1_37' title='bbox 1024 367 1064 394; x_wconf 86' lang='lat' dir='ltr'><strong>di-</strong></span> 
     </span>
    </p>
   </div>
   <div class='ocr_carea' id='block_1_7' title="bbox 306 413 1065 451">
    <p class='ocr_par' dir='ltr' id='par_1_7' title="bbox 306 413 1065 451">
     <span class='ocr_line' id='line_1_7' title="bbox 306 413 1065 451; baseline -0.007 -7"><span class='ocrx_word' id='word_1_38' title='bbox 306 425 385 444; x_wconf 69' lang='lat' dir='ltr'><strong>cens:</strong></span> <span class='ocrx_word' id='word_1_39' title='bbox 401 416 470 443; x_wconf 80' lang='lat' dir='ltr'><strong>Beati</strong></span> <span class='ocrx_word' id='word_1_40' title='bbox 485 424 611 451; x_wconf 79' lang='lat' dir='ltr'><strong>pauperes</strong></span> <span class='ocrx_word' id='word_1_41' title='bbox 622 415 733 450; x_wconf 79' lang='lat' dir='ltr'><strong>spiritu,</strong></span> <span class='ocrx_word' id='word_1_42' title='bbox 755 415 874 450; x_wconf 84' lang='lat' dir='ltr'><strong>quoniam</strong></span> <span class='ocrx_word' id='word_1_43' title='bbox 898 413 1012 449; x_wconf 78' lang='lat' dir='ltr'><strong>ipsorum</strong></span> <span class='ocrx_word' id='word_1_44' title='bbox 1025 417 1065 440; x_wconf 80' lang='lat' dir='ltr'><strong>est-</strong></span> 
     </span>
    </p>
   </div>
   <div class='ocr_carea' id='block_1_8' title="bbox 305 464 556 499">
    <p class='ocr_par' dir='ltr' id='par_1_8' title="bbox 305 464 556 499">
     <span class='ocr_line' id='line_1_8' title="bbox 305 464 556 499; baseline -0.008 -8"><span class='ocrx_word' id='word_1_45' title='bbox 305 472 412 499; x_wconf 74' lang='lat' dir='ltr'><strong>regnum</strong></span> <span class='ocrx_word' id='word_1_46' title='bbox 426 464 556 490; x_wconf 69' lang='lat' dir='ltr'><strong>calorum.</strong></span> 
     </span>
    </p>
   </div>
   <div class='ocr_carea' id='block_1_9' title="bbox 306 549 1064 586">
    <p class='ocr_par' dir='ltr' id='par_1_9' title="bbox 306 549 1064 586">
     <span class='ocr_line' id='line_1_9' title="bbox 306 549 1064 586; baseline -0.007 -5"><span class='ocrx_word' id='word_1_47' title='bbox 306 554 334 581; x_wconf 70' lang='grc'><strong>1.</strong></span> <span class='ocrx_word' id='word_1_48' title='bbox 361 553 456 580; x_wconf 80' lang='lat' dir='ltr'><strong>Christi</strong></span> <span class='ocrx_word' id='word_1_49' title='bbox 470 552 592 579; x_wconf 82' lang='lat' dir='ltr'><strong>modestia</strong></span> <span class='ocrx_word' id='word_1_50' title='bbox 603 552 685 586; x_wconf 78' lang='lat' dir='ltr'><strong>qualis</strong></span> <span class='ocrx_word' id='word_1_51' title='bbox 699 556 722 578; x_wconf 88' lang='lat' dir='ltr'><strong>et</strong></span> <span class='ocrx_word' id='word_1_52' title='bbox 734 551 859 586; x_wconf 82' lang='lat' dir='ltr'><strong>quomodo</strong></span> <span class='ocrx_word' id='word_1_53' title='bbox 873 550 1006 577; x_wconf 84' lang='lat' dir='ltr'><strong>imitanda.</strong></span> <span class='ocrx_word' id='word_1_54' title='bbox 1022 549 1064 577; x_wconf 65' lang='lat' dir='ltr'><strong><em>Ex</em></strong></span> 
     </span>
    </p>
   </div>
   <div class='ocr_carea' id='block_1_10' title="bbox 270 595 1064 635">
    <p class='ocr_par' dir='ltr' id='par_1_10' title="bbox 270 595 1064 635">
     <span class='ocr_line' id='line_1_10' title="bbox 270 595 1064 635; baseline -0.003 -10"><span class='ocrx_word' id='word_1_55' title='bbox 270 598 362 635; x_wconf 77' lang='lat' dir='ltr'><strong>agendi</strong></span> <span class='ocrx_word' id='word_1_56' title='bbox 371 599 470 626; x_wconf 71' lang='lat' dir='ltr'><strong>ratione</strong></span> <span class='ocrx_word' id='word_1_57' title='bbox 482 598 574 624; x_wconf 80' lang='lat' dir='ltr'><strong>Christi</strong></span> <span class='ocrx_word' id='word_1_58' title='bbox 587 597 723 624; x_wconf 72' lang='lat' dir='ltr'><strong>Manichci</strong></span> <span class='ocrx_word' id='word_1_59' title='bbox 731 597 809 624; x_wconf 80' lang='lat' dir='ltr'><strong>obiter</strong></span> <span class='ocrx_word' id='word_1_60' title='bbox 819 596 978 631; x_wconf 77' lang='lat' dir='ltr'><strong>refellantur.</strong></span> <span class='ocrx_word' id='word_1_61' title='bbox 989 595 1064 624; x_wconf 85' lang='lat' dir='ltr'><strong>Chri-</strong></span> 
     </span>
    </p>
   </div>
   <div class='ocr_carea' id='block_1_11' title="bbox 270 642 1064 678">
    <p class='ocr_par' dir='ltr' id='par_1_11' title="bbox 270 642 1064 678">
     <span class='ocr_line' id='line_1_11' title="bbox 270 642 1064 678; baseline -0.004 -7"><span class='ocrx_word' id='word_1_62' title='bbox 270 650 323 672; x_wconf 76' lang='lat' dir='ltr'><strong>stus</strong></span> <span class='ocrx_word' id='word_1_63' title='bbox 341 643 482 678; x_wconf 75' lang='lat' dir='ltr'><strong>discipulos</strong></span> <span class='ocrx_word' id='word_1_64' title='bbox 503 643 635 678; x_wconf 81' lang='lat' dir='ltr'><strong>alloquens</strong></span> <span class='ocrx_word' id='word_1_65' title='bbox 658 648 737 670; x_wconf 87' lang='lat' dir='ltr'><strong>totum</strong></span> <span class='ocrx_word' id='word_1_66' title='bbox 763 643 845 669; x_wconf 87' lang='lat' dir='ltr'><strong>orbeut</strong></span> <span class='ocrx_word' id='word_1_67' title='bbox 866 642 1013 677; x_wconf 77' lang='lat' dir='ltr'><strong>alloquitur.</strong></span> <span class='ocrx_word' id='word_1_68' title='bbox 1027 657 1064 662; x_wconf 95' lang='lat'>—</span> 
     </span>
    </p>
   </div>
   <div class='ocr_carea' id='block_1_12' title="bbox 272 687 1062 724">
    <p class='ocr_par' dir='ltr' id='par_1_12' title="bbox 272 687 1062 724">
     <span class='ocr_line' id='line_1_12' title="bbox 272 687 1062 724; baseline -0.003 -8"><span class='ocrx_word' id='word_1_69' title='bbox 272 689 337 717; x_wconf 84' lang='lat' dir='ltr'><strong>Vide</strong></span> <span class='ocrx_word' id='word_1_70' title='bbox 349 697 428 724; x_wconf 89' lang='lat' dir='ltr'><strong>quam</strong></span> <span class='ocrx_word' id='word_1_71' title='bbox 443 697 456 716; x_wconf 80' lang='grc' dir='ltr'><strong>ιι</strong></span> <span class='ocrx_word' id='word_1_72' title='bbox 481 689 550 716; x_wconf 83' lang='lat' dir='ltr'><strong>fastu</strong></span> <span class='ocrx_word' id='word_1_73' title='bbox 571 694 598 716; x_wconf 91' lang='lat' dir='ltr'><strong>et</strong></span> <span class='ocrx_word' id='word_1_74' title='bbox 611 689 757 716; x_wconf 86' lang='lat' dir='ltr'><strong>ambitione</strong></span> <span class='ocrx_word' id='word_1_75' title='bbox 778 688 813 716; x_wconf 87' lang='lat' dir='ltr'><strong>sit</strong></span> <span class='ocrx_word' id='word_1_76' title='bbox 833 688 946 715; x_wconf 86' lang='lat' dir='ltr'><strong>alienus.</strong></span> <span class='ocrx_word' id='word_1_77' title='bbox 970 687 1062 723; x_wconf 82' lang='lat' dir='ltr'><strong>Neque</strong></span> 
     </span>
    </p>
   </div>
   <div class='ocr_carea' id='block_1_13' title="bbox 270 735 1062 768">
    <p class='ocr_par' dir='ltr' id='par_1_13' title="bbox 270 735 1062 768">
     <span class='ocr_line' id='line_1_13' title="bbox 270 735 1062 768; baseline -0.001 -6"><span class='ocrx_word' id='word_1_78' title='bbox 270 736 340 763; x_wconf 92' lang='lat' dir='ltr'><strong>enim</strong></span> <span class='ocrx_word' id='word_1_79' title='bbox 354 743 444 763; x_wconf 84' lang='lat' dir='ltr'><strong>secum</strong></span> <span class='ocrx_word' id='word_1_80' title='bbox 459 735 637 763; x_wconf 83' lang='lat' dir='ltr'><strong>circumduxit</strong></span> <span class='ocrx_word' id='word_1_81' title='bbox 650 744 708 768; x_wconf 87' lang='lat' dir='ltr'><strong>eos,</strong></span> <span class='ocrx_word' id='word_1_82' title='bbox 719 735 765 763; x_wconf 88' lang='lat' dir='ltr'><strong>sed</strong></span> <span class='ocrx_word' id='word_1_83' title='bbox 779 743 840 763; x_wconf 94' lang='lat' dir='ltr'><strong>cum</strong></span> <span class='ocrx_word' id='word_1_84' title='bbox 853 735 939 762; x_wconf 83' lang='lat' dir='ltr'><strong>morbi</strong></span> <span class='ocrx_word' id='word_1_85' title='bbox 950 735 1062 762; x_wconf 83' lang='lat' dir='ltr'><strong>curandi</strong></span> 
     </span>
    </p>
   </div>
   <div class='ocr_carea' id='block_1_14' title="bbox 270 780 1062 817">
    <p class='ocr_par' dir='ltr' id='par_1_14' title="bbox 270 780 1062 817">
     <span class='ocr_line' id='line_1_14' title="bbox 270 780 1062 817; baseline -0.001 -9"><span class='ocrx_word' id='word_1_86' title='bbox 270 785 358 813; x_wconf 84' lang='lat' dir='ltr'><strong>erant,</strong></span> <span class='ocrx_word' id='word_1_87' title='bbox 370 783 427 816; x_wconf 88' lang='lat' dir='ltr'><strong>ipse</strong></span> <span class='ocrx_word' id='word_1_88' title='bbox 442 781 571 809; x_wconf 76' lang='lat' dir='ltr'><strong>circuibat</strong></span> <span class='ocrx_word' id='word_1_89' title='bbox 588 781 720 817; x_wconf 87' lang='lat' dir='ltr'><strong>undique,</strong></span> <span class='ocrx_word' id='word_1_90' title='bbox 737 785 765 809; x_wconf 88' lang='lat' dir='ltr'><strong>et</strong></span> <span class='ocrx_word' id='word_1_91' title='bbox 785 781 865 808; x_wconf 87' lang='lat' dir='ltr'><strong>urbes</strong></span> <span class='ocrx_word' id='word_1_92' title='bbox 879 785 906 808; x_wconf 87' lang='lat' dir='ltr'><strong>et</strong></span> <span class='ocrx_word' id='word_1_93' title='bbox 919 780 980 808; x_wconf 77' lang='lat' dir='ltr'><strong>loca</strong></span> <span class='ocrx_word' id='word_1_94' title='bbox 997 780 1062 808; x_wconf 90' lang='lat' dir='ltr'><strong>visi-</strong></span> 
     </span>
    </p>
   </div>
   <div class='ocr_carea' id='block_1_15' title="bbox 266 826 1063 863">
    <p class='ocr_par' dir='ltr' id='par_1_15' title="bbox 266 826 1063 863">
     <span class='ocr_line' id='line_1_15' title="bbox 266 826 1063 863; baseline 0 -9"><span class='ocrx_word' id='word_1_95' title='bbox 266 834 329 856; x_wconf 73' lang='lat' dir='ltr'><strong>mus</strong></span> <span class='ocrx_word' id='word_1_96' title='bbox 342 838 348 855; x_wconf 96' lang='lat'><strong>:</strong></span> <span class='ocrx_word' id='word_1_97' title='bbox 363 828 469 863; x_wconf 81' lang='lat' dir='ltr'><strong>quando</strong></span> <span class='ocrx_word' id='word_1_98' title='bbox 483 834 572 855; x_wconf 89' lang='lat' dir='ltr'><strong>autem</strong></span> <span class='ocrx_word' id='word_1_99' title='bbox 586 828 661 855; x_wconf 90' lang='lat' dir='ltr'><strong>turba</strong></span> <span class='ocrx_word' id='word_1_100' title='bbox 684 828 787 859; x_wconf 83' lang='lat' dir='ltr'><strong>aderat,</strong></span> <span class='ocrx_word' id='word_1_101' title='bbox 802 835 855 854; x_wconf 91' lang='lat' dir='ltr'><strong>uno</strong></span> <span class='ocrx_word' id='word_1_102' title='bbox 874 828 900 854; x_wconf 94' lang='lat' dir='ltr'><strong>in</strong></span> <span class='ocrx_word' id='word_1_103' title='bbox 914 826 974 854; x_wconf 89' lang='lat' dir='ltr'><strong>loco</strong></span> <span class='ocrx_word' id='word_1_104' title='bbox 990 834 1063 854; x_wconf 87' lang='lat' dir='ltr'><strong>cam-</strong></span> 
     </span>
    </p>
   </div>
   <div class='ocr_carea' id='block_1_16' title="bbox 272 872 1064 908">
    <p class='ocr_par' dir='ltr' id='par_1_16' title="bbox 272 872 1064 908">
     <span class='ocr_line' id='line_1_16' title="bbox 272 872 1064 908; baseline 0.001 -9"><span class='ocrx_word' id='word_1_105' title='bbox 272 875 352 908; x_wconf 80' lang='lat' dir='ltr'><strong>pestri</strong></span> <span class='ocrx_word' id='word_1_106' title='bbox 374 874 447 901; x_wconf 88' lang='lat' dir='ltr'><strong>sedet</strong></span> <span class='ocrx_word' id='word_1_107' title='bbox 461 895 468 905; x_wconf 90' lang='lat'><strong>,</strong></span> <span class='ocrx_word' id='word_1_108' title='bbox 487 877 540 901; x_wconf 84' lang='lat' dir='ltr'><strong>no‘u</strong></span> <span class='ocrx_word' id='word_1_109' title='bbox 554 874 579 900; x_wconf 91' lang='lat' dir='ltr'><strong>in</strong></span> <span class='ocrx_word' id='word_1_110' title='bbox 594 874 659 901; x_wconf 88' lang='lat' dir='ltr'><strong>urbe</strong></span> <span class='ocrx_word' id='word_1_111' title='bbox 673 878 718 900; x_wconf 89' lang='lat' dir='ltr'><strong>aut</strong></span> <span class='ocrx_word' id='word_1_112' title='bbox 733 873 759 900; x_wconf 92' lang='lat' dir='ltr'><strong>in</strong></span> <span class='ocrx_word' id='word_1_113' title='bbox 773 873 862 900; x_wconf 88' lang='lat' dir='ltr'><strong>medio</strong></span> <span class='ocrx_word' id='word_1_114' title='bbox 877 873 935 900; x_wconf 87' lang='lat' dir='ltr'><strong>foro</strong></span> <span class='ocrx_word' id='word_1_115' title='bbox 947 894 954 904; x_wconf 90' lang='lat'><strong>,</strong></span> <span class='ocrx_word' id='word_1_116' title='bbox 972 873 1019 900; x_wconf 89' lang='lat' dir='ltr'><strong>sed</strong></span> <span class='ocrx_word' id='word_1_117' title='bbox 1035 872 1064 900; x_wconf 89' lang='lat' dir='ltr'><strong>in</strong></span> 
     </span>
    </p>
   </div>
   <div class='ocr_carea' id='block_1_17' title="bbox 273 918 1063 952">
    <p class='ocr_par' dir='ltr' id='par_1_17' title="bbox 273 918 1063 952">
     <span class='ocr_line' id='line_1_17' title="bbox 273 918 1063 952; baseline -0.006 -2"><span class='ocrx_word' id='word_1_118' title='bbox 273 927 374 951; x_wconf 84' lang='lat' dir='ltr'><strong>monte.</strong></span> <span class='ocrx_word' id='word_1_119' title='bbox 394 920 419 947; x_wconf 91' lang='lat' dir='ltr'><strong>in</strong></span> <span class='ocrx_word' id='word_1_120' title='bbox 435 920 552 952; x_wconf 85' lang='lat' dir='ltr'><strong>deserto,</strong></span> <span class='ocrx_word' id='word_1_121' title='bbox 568 925 597 947; x_wconf 87' lang='lat' dir='ltr'><strong>ut</strong></span> <span class='ocrx_word' id='word_1_122' title='bbox 610 919 706 946; x_wconf 87' lang='lat' dir='ltr'><strong>doceat</strong></span> <span class='ocrx_word' id='word_1_123' title='bbox 717 926 766 946; x_wconf 89' lang='lat' dir='ltr'><strong>nos</strong></span> <span class='ocrx_word' id='word_1_124' title='bbox 780 919 846 946; x_wconf 88' lang='lat' dir='ltr'><strong>nihil</strong></span> <span class='ocrx_word' id='word_1_125' title='bbox 860 918 893 946; x_wconf 88' lang='lat' dir='ltr'><strong>ad</strong></span> <span class='ocrx_word' id='word_1_126' title='bbox 907 919 1063 946; x_wconf 80' lang='lat' dir='ltr'><strong>ostentatio-</strong></span> 
     </span>
    </p>
   </div>
   <div class='ocr_carea' id='block_1_18' title="bbox 270 965 1063 999">
    <p class='ocr_par' dir='ltr' id='par_1_18' title="bbox 270 965 1063 999">
     <span class='ocr_line' id='line_1_18' title="bbox 270 965 1063 999; baseline -0.003 -5"><span class='ocrx_word' id='word_1_127' title='bbox 270 976 331 996; x_wconf 97' lang='lat' dir='ltr'><strong>nem</strong></span> <span class='ocrx_word' id='word_1_128' title='bbox 343 968 489 995; x_wconf 85' lang='lat' dir='ltr'><strong>faciendum</strong></span> <span class='ocrx_word' id='word_1_129' title='bbox 508 974 576 999; x_wconf 78' lang='lat' dir='ltr'><strong>esse,</strong></span> <span class='ocrx_word' id='word_1_130' title='bbox 598 970 625 993; x_wconf 86' lang='lat' dir='ltr'><strong>et</strong></span> <span class='ocrx_word' id='word_1_131' title='bbox 648 974 663 993; x_wconf 92' lang='lat' dir='ltr'><strong>a</strong></span> <span class='ocrx_word' id='word_1_132' title='bbox 678 966 774 993; x_wconf 89' lang='lat' dir='ltr'><strong>mediis</strong></span> <span class='ocrx_word' id='word_1_133' title='bbox 787 965 947 992; x_wconf 81' lang='lat' dir='ltr'><strong>tumultibus</strong></span> <span class='ocrx_word' id='word_1_134' title='bbox 968 965 1063 993; x_wconf 85' lang='lat' dir='ltr'><strong>absce-</strong></span> 
     </span>
    </p>
   </div>
   <div class='ocr_carea' id='block_1_19' title="bbox 270 1011 1063 1050">
    <p class='ocr_par' dir='ltr' id='par_1_19' title="bbox 270 1011 1063 1050">
     <span class='ocr_line' id='line_1_19' title="bbox 270 1011 1063 1050; baseline -0.001 -10"><span class='ocrx_word' id='word_1_135' title='bbox 270 1015 385 1042; x_wconf 84' lang='lat' dir='ltr'><strong>dendum</strong></span> <span class='ocrx_word' id='word_1_136' title='bbox 395 1035 402 1047; x_wconf 92' lang='lat'><strong>,</strong></span> <span class='ocrx_word' id='word_1_137' title='bbox 417 1021 478 1042; x_wconf 87' lang='lat' dir='ltr'><strong>cum</strong></span> <span class='ocrx_word' id='word_1_138' title='bbox 504 1013 617 1042; x_wconf 80' lang='lat' dir='ltr'><strong>maxime</strong></span> <span class='ocrx_word' id='word_1_139' title='bbox 632 1012 812 1050; x_wconf 86' lang='lat' dir='ltr'><strong>philosophari</strong></span> <span class='ocrx_word' id='word_1_140' title='bbox 836 1016 960 1047; x_wconf 76' lang='lat' dir='ltr'><strong>Oportet,</strong></span> <span class='ocrx_word' id='word_1_141' title='bbox 976 1011 1063 1048; x_wconf 82' lang='lat' dir='ltr'><strong>dequo</strong></span> 
     </span>
    </p>
   </div>
   <div class='ocr_carea' id='block_1_20' title="bbox 270 1058 1062 1089">
    <p class='ocr_par' dir='ltr' id='par_1_20' title="bbox 270 1058 1062 1089">
     <span class='ocr_line' id='line_1_20' title="bbox 270 1058 1062 1089; baseline -0.004 -1"><span class='ocrx_word' id='word_1_142' title='bbox 270 1061 428 1089; x_wconf 87' lang='lat' dir='ltr'><strong>necessariis</strong></span> <span class='ocrx_word' id='word_1_143' title='bbox 442 1061 521 1088; x_wconf 85' lang='lat' dir='ltr'><strong>rebus</strong></span> <span class='ocrx_word' id='word_1_144' title='bbox 545 1060 690 1087; x_wconf 78' lang='lat' dir='ltr'><strong>disserere.</strong></span> <span class='ocrx_word' id='word_1_145' title='bbox 706 1059 773 1087; x_wconf 90' lang='lat' dir='ltr'><strong>Cum</strong></span> <span class='ocrx_word' id='word_1_146' title='bbox 791 1058 954 1086; x_wconf 83' lang='lat' dir='ltr'><strong>ascendisset</strong></span> <span class='ocrx_word' id='word_1_147' title='bbox 973 1063 1062 1085; x_wconf 82' lang='lat' dir='ltr'><strong>autem</strong></span> 
     </span>
    </p>
   </div>
   <div class='ocr_carea' id='block_1_21' title="bbox 269 1103 1062 1142">
    <p class='ocr_par' dir='ltr' id='par_1_21' title="bbox 269 1103 1062 1142">
     <span class='ocr_line' id='line_1_21' title="bbox 269 1103 1062 1142; baseline -0.003 -10"><span class='ocrx_word' id='word_1_148' title='bbox 269 1113 349 1142; x_wconf 78' lang='lat' dir='ltr'><strong>atque</strong></span> <span class='ocrx_word' id='word_1_149' title='bbox 361 1107 486 1139; x_wconf 78' lang='lat' dir='ltr'><strong>sedisset,</strong></span> <span class='ocrx_word' id='word_1_150' title='bbox 502 1109 673 1133; x_wconf 81' lang='lat' dir='ltr'><strong>accesserunt</strong></span> <span class='ocrx_word' id='word_1_151' title='bbox 682 1104 817 1140; x_wconf 85' lang='lat' dir='ltr'><strong>discipuli.</strong></span> <span class='ocrx_word' id='word_1_152' title='bbox 827 1103 919 1132; x_wconf 82' lang='lat' dir='ltr'><strong>Viden‘</strong></span> <span class='ocrx_word' id='word_1_153' title='bbox 929 1111 1023 1131; x_wconf 90' lang='lat' dir='ltr'><strong>eorum</strong></span> <span class='ocrx_word' id='word_1_154' title='bbox 1035 1103 1062 1130; x_wconf 92' lang='lat' dir='ltr'><strong>iu</strong></span> 
     </span>
    </p>
   </div>
   <div class='ocr_carea' id='block_1_22' title="bbox 267 1151 1063 1187">
    <p class='ocr_par' dir='ltr' id='par_1_22' title="bbox 267 1151 1063 1187">
     <span class='ocr_line' id='line_1_22' title="bbox 267 1151 1063 1187; baseline -0.003 -9"><span class='ocrx_word' id='word_1_155' title='bbox 267 1153 365 1180; x_wconf 78' lang='lat' dir='ltr'><strong>virtute</strong></span> <span class='ocrx_word' id='word_1_156' title='bbox 379 1152 536 1187; x_wconf 85' lang='lat' dir='ltr'><strong>profectum,</strong></span> <span class='ocrx_word' id='word_1_157' title='bbox 548 1157 576 1179; x_wconf 88' lang='lat' dir='ltr'><strong>et</strong></span> <span class='ocrx_word' id='word_1_158' title='bbox 585 1151 720 1186; x_wconf 86' lang='lat' dir='ltr'><strong>quomodo</strong></span> <span class='ocrx_word' id='word_1_159' title='bbox 736 1155 847 1186; x_wconf 87' lang='lat' dir='ltr'><strong>repente</strong></span> <span class='ocrx_word' id='word_1_160' title='bbox 860 1151 987 1178; x_wconf 85' lang='lat' dir='ltr'><strong>meliores</strong></span> <span class='ocrx_word' id='word_1_161' title='bbox 1000 1153 1063 1176; x_wconf 84' lang='lat' dir='ltr'><strong>sunt</strong></span> 
     </span>
    </p>
   </div>
   <div class='ocr_carea' id='block_1_23' title="bbox 268 1197 1061 1233">
    <p class='ocr_par' dir='ltr' id='par_1_23' title="bbox 268 1197 1061 1233">
     <span class='ocr_line' id='line_1_23' title="bbox 268 1197 1061 1233; baseline -0.003 -9"><span class='ocrx_word' id='word_1_162' title='bbox 268 1199 373 1226; x_wconf 71' lang='lat' dir='ltr'><strong>effecti?</strong></span> <span class='ocrx_word' id='word_1_163' title='bbox 384 1198 457 1226; x_wconf 82' lang='lat' dir='ltr'><strong>Multi</strong></span> <span class='ocrx_word' id='word_1_164' title='bbox 468 1206 582 1233; x_wconf 86' lang='lat' dir='ltr'><strong>namque</strong></span> <span class='ocrx_word' id='word_1_165' title='bbox 592 1197 781 1224; x_wconf 81' lang='lat' dir='ltr'><strong>miraculorum</strong></span> <span class='ocrx_word' id='word_1_166' title='bbox 792 1200 956 1232; x_wconf 78' lang='lat' dir='ltr'><strong>spectatores</strong></span> <span class='ocrx_word' id='word_1_167' title='bbox 967 1198 1061 1228; x_wconf 78' lang='lat' dir='ltr'><strong>erant;</strong></span> 
     </span>
    </p>
   </div>
   <div class='ocr_carea' id='block_1_24' title="bbox 269 1242 1058 1279">
    <p class='ocr_par' dir='ltr' id='par_1_24' title="bbox 269 1242 1058 1279">
     <span class='ocr_line' id='line_1_24' title="bbox 269 1242 1058 1279; baseline -0.001 -8"><span class='ocrx_word' id='word_1_168' title='bbox 269 1244 296 1272; x_wconf 87' lang='lat' dir='ltr'><strong>hi</strong></span> <span class='ocrx_word' id='word_1_169' title='bbox 312 1252 376 1272; x_wconf 83' lang='lat' dir='ltr'><strong>vero</strong></span> <span class='ocrx_word' id='word_1_170' title='bbox 391 1252 514 1279; x_wconf 79' lang='lat' dir='ltr'><strong>magnum</strong></span> <span class='ocrx_word' id='word_1_171' title='bbox 528 1243 662 1278; x_wconf 82' lang='lat' dir='ltr'><strong>quidpiam</strong></span> <span class='ocrx_word' id='word_1_172' title='bbox 676 1247 703 1270; x_wconf 92' lang='lat' dir='ltr'><strong>et</strong></span> <span class='ocrx_word' id='word_1_173' title='bbox 713 1242 849 1271; x_wconf 80' lang='lat' dir='ltr'><strong>excelsum</strong></span> <span class='ocrx_word' id='word_1_174' title='bbox 861 1242 954 1270; x_wconf 89' lang='lat' dir='ltr'><strong>audire</strong></span> <span class='ocrx_word' id='word_1_175' title='bbox 964 1242 1058 1277; x_wconf 83' lang='lat' dir='ltr'><strong>cupie~</strong></span> 
     </span>
    </p>
   </div>
   <div class='ocr_carea' id='block_1_25' title="bbox 268 1288 1061 1326">
    <p class='ocr_par' dir='ltr' id='par_1_25' title="bbox 268 1288 1061 1326">
     <span class='ocr_line' id='line_1_25' title="bbox 268 1288 1061 1326; baseline -0.004 -8"><span class='ocrx_word' id='word_1_176' title='bbox 268 1291 350 1318; x_wconf 83' lang='lat' dir='ltr'><strong>bant:</strong></span> <span class='ocrx_word' id='word_1_177' title='bbox 366 1290 436 1326; x_wconf 90' lang='lat' dir='ltr'><strong>quod</strong></span> <span class='ocrx_word' id='word_1_178' title='bbox 451 1291 532 1317; x_wconf 88' lang='lat' dir='ltr'><strong>etiam</strong></span> <span class='ocrx_word' id='word_1_179' title='bbox 546 1290 619 1316; x_wconf 91' lang='lat' dir='ltr'><strong>illum</strong></span> <span class='ocrx_word' id='word_1_180' title='bbox 633 1289 666 1316; x_wconf 90' lang='lat' dir='ltr'><strong>ad</strong></span> <span class='ocrx_word' id='word_1_181' title='bbox 682 1288 832 1316; x_wconf 86' lang='lat' dir='ltr'><strong>docendum</strong></span> <span class='ocrx_word' id='word_1_182' title='bbox 847 1288 963 1322; x_wconf 84' lang='lat' dir='ltr'><strong>induxit,</strong></span> <span class='ocrx_word' id='word_1_183' title='bbox 979 1293 1061 1324; x_wconf 90' lang='lat' dir='ltr'><strong>utque</strong></span> 
     </span>
    </p>
   </div>
   <div class='ocr_carea' id='block_1_26' title="bbox 268 1336 1061 1372">
    <p class='ocr_par' dir='ltr' id='par_1_26' title="bbox 268 1336 1061 1372">
     <span class='ocr_line' id='line_1_26' title="bbox 268 1336 1061 1372; baseline -0.004 -6"><span class='ocrx_word' id='word_1_184' title='bbox 268 1338 318 1366; x_wconf 90' lang='lat' dir='ltr'><strong>hos</strong></span> <span class='ocrx_word' id='word_1_185' title='bbox 336 1339 469 1366; x_wconf 89' lang='lat' dir='ltr'><strong>ordiretur</strong></span> <span class='ocrx_word' id='word_1_186' title='bbox 482 1345 620 1365; x_wconf 88' lang='lat' dir='ltr'><strong>sermones</strong></span> <span class='ocrx_word' id='word_1_187' title='bbox 634 1337 733 1365; x_wconf 75' lang='lat' dir='ltr'><strong>effecit.</strong></span> <span class='ocrx_word' id='word_1_188' title='bbox 754 1336 846 1372; x_wconf 86' lang='lat' dir='ltr'><strong>Neque</strong></span> <span class='ocrx_word' id='word_1_189' title='bbox 861 1337 931 1364; x_wconf 88' lang='lat' dir='ltr'><strong>enim</strong></span> <span class='ocrx_word' id='word_1_190' title='bbox 947 1343 1061 1371; x_wconf 85' lang='lat' dir='ltr'><strong>corpora</strong></span> 
     </span>
    </p>
   </div>
   <div class='ocr_carea' id='block_1_27' title="bbox 268 1382 1061 1416">
    <p class='ocr_par' dir='ltr' id='par_1_27' title="bbox 268 1382 1061 1416">
     <span class='ocr_line' id='line_1_27' title="bbox 268 1382 1061 1416; baseline -0.003 -5"><span class='ocrx_word' id='word_1_191' title='bbox 268 1390 368 1412; x_wconf 89' lang='lat' dir='ltr'><strong>tantum</strong></span> <span class='ocrx_word' id='word_1_192' title='bbox 389 1384 515 1416; x_wconf 79' lang='lat' dir='ltr'><strong>curabat,</strong></span> <span class='ocrx_word' id='word_1_193' title='bbox 530 1383 576 1411; x_wconf 85' lang='lat' dir='ltr'><strong>sed</strong></span> <span class='ocrx_word' id='word_1_194' title='bbox 601 1384 681 1411; x_wconf 82' lang='lat' dir='ltr'><strong>etiam</strong></span> <span class='ocrx_word' id='word_1_195' title='bbox 704 1383 807 1410; x_wconf 86' lang='lat' dir='ltr'><strong>animas</strong></span> <span class='ocrx_word' id='word_1_196' title='bbox 826 1382 1007 1415; x_wconf 81' lang='lat' dir='ltr'><strong>emendabat,</strong></span> <span class='ocrx_word' id='word_1_197' title='bbox 1029 1390 1061 1410; x_wconf 90' lang='lat' dir='ltr'><strong>ac</strong></span> 
     </span>
    </p>
   </div>
   <div class='ocr_carea' id='block_1_28' title="bbox 267 1421 1062 1461">
    <p class='ocr_par' dir='ltr' id='par_1_28' title="bbox 267 1421 1062 1461">
     <span class='ocr_line' id='line_1_28' title="bbox 267 1421 1062 1461; baseline -0.003 -3"><span class='ocrx_word' id='word_1_198' title='bbox 267 1438 373 1458; x_wconf 89' lang='lat' dir='ltr'><strong>rursum</strong></span> <span class='ocrx_word' id='word_1_199' title='bbox 388 1431 421 1458; x_wconf 87' lang='lat' dir='ltr'><strong>ab</strong></span> <span class='ocrx_word' id='word_1_200' title='bbox 444 1430 493 1457; x_wconf 88' lang='lat' dir='ltr'><strong>hac</strong></span> <span class='ocrx_word' id='word_1_201' title='bbox 507 1421 570 1457; x_wconf 80' lang='lat' dir='ltr'><strong>cura</strong></span> <span class='ocrx_word' id='word_1_202' title='bbox 585 1429 618 1456; x_wconf 92' lang='lat' dir='ltr'><strong>ad</strong></span> <span class='ocrx_word' id='word_1_203' title='bbox 633 1429 705 1456; x_wconf 80' lang='lat' dir='ltr'><strong>illam</strong></span> <span class='ocrx_word' id='word_1_204' title='bbox 721 1429 837 1461; x_wconf 84' lang='lat' dir='ltr'><strong>redibat,</strong></span> <span class='ocrx_word' id='word_1_205' title='bbox 863 1429 903 1456; x_wconf 92' lang='lat' dir='ltr'><strong>sic</strong></span> <span class='ocrx_word' id='word_1_206' title='bbox 926 1429 1002 1456; x_wconf 82' lang='lat' dir='ltr'><strong>utilia</strong></span> <span class='ocrx_word' id='word_1_207' title='bbox 1016 1436 1062 1456; x_wconf 83' lang='lat' dir='ltr'><strong>va-</strong></span> 
     </span>
    </p>
   </div>
   <div class='ocr_carea' id='block_1_29' title="bbox 267 1473 1062 1515">
    <p class='ocr_par' dir='ltr' id='par_1_29' title="bbox 267 1473 1062 1515">
     <span class='ocr_line' id='line_1_29' title="bbox 267 1473 1062 1515; baseline -0.005 -10"><span class='ocrx_word' id='word_1_208' title='bbox 267 1478 354 1510; x_wconf 86' lang='lat' dir='ltr'><strong>rians,</strong></span> <span class='ocrx_word' id='word_1_209' title='bbox 369 1481 396 1504; x_wconf 85' lang='lat' dir='ltr'><strong>et</strong></span> <span class='ocrx_word' id='word_1_210' title='bbox 409 1476 551 1504; x_wconf 86' lang='lat' dir='ltr'><strong>verborum</strong></span> <span class='ocrx_word' id='word_1_211' title='bbox 566 1475 694 1503; x_wconf 70' lang='lat' dir='ltr'><strong>doctrinae</strong></span> <span class='ocrx_word' id='word_1_212' title='bbox 707 1482 820 1510; x_wconf 84' lang='lat' dir='ltr'><strong>operum</strong></span> <span class='ocrx_word' id='word_1_213' title='bbox 834 1474 996 1515; x_wconf 79' lang='lat' dir='ltr'><strong>documenta</strong></span> <span class='ocrx_word' id='word_1_214' title='bbox 1012 1473 1062 1501; x_wconf 86' lang='lat' dir='ltr'><strong>mi-</strong></span> 
     </span>
    </p>
   </div>
   <div class='ocr_carea' id='block_1_30' title="bbox 266 1521 1061 1558">
    <p class='ocr_par' dir='ltr' id='par_1_30' title="bbox 266 1521 1061 1558">
     <span class='ocr_line' id='line_1_30' title="bbox 266 1521 1061 1558; baseline -0.005 -7"><span class='ocrx_word' id='word_1_215' title='bbox 266 1529 354 1557; x_wconf 86' lang='lat' dir='ltr'><strong>scens,</strong></span> <span class='ocrx_word' id='word_1_216' title='bbox 366 1523 456 1558; x_wconf 86' lang='lat' dir='ltr'><strong>sicque</strong></span> <span class='ocrx_word' id='word_1_217' title='bbox 468 1521 631 1556; x_wconf 89' lang='lat' dir='ltr'><strong>impudentia</strong></span> <span class='ocrx_word' id='word_1_218' title='bbox 645 1522 833 1549; x_wconf 68' lang='lat' dir='ltr'><strong>htereticorum</strong></span> <span class='ocrx_word' id='word_1_219' title='bbox 844 1521 987 1548; x_wconf 83' lang='lat' dir='ltr'><strong>obstruens</strong></span> <span class='ocrx_word' id='word_1_220' title='bbox 1003 1527 1061 1555; x_wconf 85' lang='lat' dir='ltr'><strong>ora,</strong></span> 
     </span>
    </p>
   </div>
   <div class='ocr_carea' id='block_1_31' title="bbox 266 1566 1060 1603">
    <p class='ocr_par' dir='ltr' id='par_1_31' title="bbox 266 1566 1060 1603">
     <span class='ocr_line' id='line_1_31' title="bbox 266 1566 1060 1603; baseline -0.003 -7"><span class='ocrx_word' id='word_1_221' title='bbox 266 1570 330 1597; x_wconf 89' lang='lat' dir='ltr'><strong>dum</strong></span> <span class='ocrx_word' id='word_1_222' title='bbox 343 1570 481 1603; x_wconf 84' lang='lat' dir='ltr'><strong>utriusque</strong></span> <span class='ocrx_word' id='word_1_223' title='bbox 492 1569 649 1596; x_wconf 72' lang='lat' dir='ltr'><strong>substantia:</strong></span> <span class='ocrx_word' id='word_1_224' title='bbox 659 1575 752 1595; x_wconf 85' lang='lat' dir='ltr'><strong>curam</strong></span> <span class='ocrx_word' id='word_1_225' title='bbox 762 1571 878 1602; x_wconf 76' lang='lat' dir='ltr'><strong>gereret.</strong></span> <span class='ocrx_word' id='word_1_226' title='bbox 888 1566 1060 1595; x_wconf 87' lang='lat' dir='ltr'><strong>ostenderet-</strong></span> 
     </span>
    </p>
   </div>
   <div class='ocr_carea' id='block_1_32' title="bbox 265 1612 1062 1651">
    <p class='ocr_par' dir='ltr' id='par_1_32' title="bbox 265 1612 1062 1651">
     <span class='ocr_line' id='line_1_32' title="bbox 265 1612 1062 1651; baseline -0.001 -9"><span class='ocrx_word' id='word_1_227' title='bbox 265 1623 318 1651; x_wconf 86' lang='lat' dir='ltr'><strong>que</strong></span> <span class='ocrx_word' id='word_1_228' title='bbox 331 1621 360 1643; x_wconf 91' lang='lat' dir='ltr'><strong>se</strong></span> <span class='ocrx_word' id='word_1_229' title='bbox 371 1614 494 1642; x_wconf 87' lang='lat' dir='ltr'><strong>animalis</strong></span> <span class='ocrx_word' id='word_1_230' title='bbox 508 1614 589 1641; x_wconf 89' lang='lat' dir='ltr'><strong>totius</strong></span> <span class='ocrx_word' id='word_1_231' title='bbox 598 1620 658 1641; x_wconf 86' lang='lat' dir='ltr'><strong>esse</strong></span> <span class='ocrx_word' id='word_1_232' title='bbox 671 1614 836 1641; x_wconf 85' lang='lat' dir='ltr'><strong>Creatorem.</strong></span> <span class='ocrx_word' id='word_1_233' title='bbox 849 1612 912 1640; x_wconf 82' lang='lat' dir='ltr'><strong>Ideo</strong></span> <span class='ocrx_word' id='word_1_234' title='bbox 923 1614 1062 1648; x_wconf 87' lang='lat' dir='ltr'><strong>utriusque</strong></span> 
     </span>
    </p>
   </div>
   <div class='ocr_carea' id='block_1_33' title="bbox 267 1660 1061 1696">
    <p class='ocr_par' dir='ltr' id='par_1_33' title="bbox 267 1660 1061 1696">
     <span class='ocr_line' id='line_1_33' title="bbox 267 1660 1061 1696; baseline -0.003 -7"><span class='ocrx_word' id='word_1_235' title='bbox 267 1666 368 1689; x_wconf 67' lang='lat' dir='ltr'><strong>natura:</strong></span> <span class='ocrx_word' id='word_1_236' title='bbox 382 1661 576 1696; x_wconf 84' lang='lat' dir='ltr'><strong>providentiam</strong></span> <span class='ocrx_word' id='word_1_237' title='bbox 588 1660 714 1696; x_wconf 82' lang='lat' dir='ltr'><strong>gerebat,</strong></span> <span class='ocrx_word' id='word_1_238' title='bbox 727 1668 798 1687; x_wconf 92' lang='lat' dir='ltr'><strong>nunc</strong></span> <span class='ocrx_word' id='word_1_239' title='bbox 811 1660 890 1693; x_wconf 89' lang='lat' dir='ltr'><strong>hanc,</strong></span> <span class='ocrx_word' id='word_1_240' title='bbox 905 1668 975 1687; x_wconf 88' lang='lat' dir='ltr'><strong>nunc</strong></span> <span class='ocrx_word' id='word_1_241' title='bbox 989 1660 1061 1687; x_wconf 89' lang='lat' dir='ltr'><strong>illam</strong></span> 
     </span>
    </p>
   </div>
   <div class='ocr_carea' id='block_1_34' title="bbox 266 1706 1060 1741">
    <p class='ocr_par' dir='ltr' id='par_1_34' title="bbox 266 1706 1060 1741">
     <span class='ocr_line' id='line_1_34' title="bbox 266 1706 1060 1741; baseline -0.004 -5"><span class='ocrx_word' id='word_1_242' title='bbox 266 1707 422 1736; x_wconf 67' lang='lat' dir='ltr'><strong>emendatus.</strong></span> <span class='ocrx_word' id='word_1_243' title='bbox 434 1707 510 1741; x_wconf 88' lang='lat' dir='ltr'><strong>Quod</strong></span> <span class='ocrx_word' id='word_1_244' title='bbox 526 1712 589 1734; x_wconf 88' lang='lat' dir='ltr'><strong>tunc</strong></span> <span class='ocrx_word' id='word_1_245' title='bbox 604 1709 683 1734; x_wconf 87' lang='lat' dir='ltr'><strong>etiam</strong></span> <span class='ocrx_word' id='word_1_246' title='bbox 701 1707 823 1734; x_wconf 81' lang='lat' dir='ltr'><strong>faciebat.</strong></span> <span class='ocrx_word' id='word_1_247' title='bbox 841 1706 906 1734; x_wconf 85' lang='lat' dir='ltr'><strong>Nam</strong></span> <span class='ocrx_word' id='word_1_248' title='bbox 921 1706 1041 1741; x_wconf 76' lang='lat' dir='ltr'><strong>Aperiens</strong></span> <span class='ocrx_word' id='word_1_249' title='bbox 1053 1727 1060 1739; x_wconf 91' lang='lat'><strong>,</strong></span> 
     </span>
    </p>
   </div>
   <div class='ocr_carea' id='block_1_35' title="bbox 267 1753 1058 1790">
    <p class='ocr_par' dir='ltr' id='par_1_35' title="bbox 267 1753 1058 1790">
     <span class='ocr_line' id='line_1_35' title="bbox 267 1753 1058 1790; baseline -0.003 -8"><span class='ocrx_word' id='word_1_250' title='bbox 267 1755 361 1790; x_wconf 90' lang='lat' dir='ltr'><strong>inquit,</strong></span> <span class='ocrx_word' id='word_1_251' title='bbox 371 1763 399 1782; x_wconf 82' lang='lat' dir='ltr'><strong>os</strong></span> <span class='ocrx_word' id='word_1_252' title='bbox 407 1763 481 1781; x_wconf 82' lang='lat' dir='ltr'><strong>suum</strong></span> <span class='ocrx_word' id='word_1_253' title='bbox 493 1753 597 1781; x_wconf 79' lang='lat' dir='ltr'><strong>docebat</strong></span> <span class='ocrx_word' id='word_1_254' title='bbox 607 1762 658 1781; x_wconf 81' lang='lat' dir='ltr'><strong>eos.</strong></span> <span class='ocrx_word' id='word_1_255' title='bbox 672 1753 708 1781; x_wconf 90' lang='lat' dir='ltr'><strong>Et</strong></span> <span class='ocrx_word' id='word_1_256' title='bbox 717 1762 768 1789; x_wconf 88' lang='lat' dir='ltr'><strong>qua</strong></span> <span class='ocrx_word' id='word_1_257' title='bbox 781 1753 814 1781; x_wconf 90' lang='lat' dir='ltr'><strong>de</strong></span> <span class='ocrx_word' id='word_1_258' title='bbox 827 1761 906 1780; x_wconf 88' lang='lat' dir='ltr'><strong>causa</strong></span> <span class='ocrx_word' id='word_1_259' title='bbox 918 1753 962 1780; x_wconf 94' lang='lat' dir='ltr'><strong>hic</strong></span> <span class='ocrx_word' id='word_1_260' title='bbox 973 1753 1058 1786; x_wconf 86' lang='lat' dir='ltr'><strong>addit,</strong></span> 
     </span>
    </p>
   </div>
   <div class='ocr_carea' id='block_1_36' title="bbox 266 1798 1061 1836">
    <p class='ocr_par' dir='ltr' id='par_1_36' title="bbox 266 1798 1061 1836">
     <span class='ocr_line' id='line_1_36' title="bbox 266 1798 1061 1836; baseline -0.003 -8"><span class='ocrx_word' id='word_1_261' title='bbox 266 1802 388 1836; x_wconf 77' lang='lat' dir='ltr'><strong>Aperiens</strong></span> <span class='ocrx_word' id='word_1_262' title='bbox 403 1809 430 1827; x_wconf 84' lang='lat' dir='ltr'><strong>os</strong></span> <span class='ocrx_word' id='word_1_263' title='bbox 442 1801 536 1827; x_wconf 81' lang='lat' dir='ltr'><strong>suum?</strong></span> <span class='ocrx_word' id='word_1_264' title='bbox 547 1800 581 1828; x_wconf 90' lang='lat' dir='ltr'><strong>Ut</strong></span> <span class='ocrx_word' id='word_1_265' title='bbox 593 1800 680 1827; x_wconf 86' lang='lat' dir='ltr'><strong>discas</strong></span> <span class='ocrx_word' id='word_1_266' title='bbox 695 1807 755 1827; x_wconf 91' lang='lat' dir='ltr'><strong>eum</strong></span> <span class='ocrx_word' id='word_1_267' title='bbox 769 1800 848 1827; x_wconf 87' lang='lat' dir='ltr'><strong>etiam</strong></span> <span class='ocrx_word' id='word_1_268' title='bbox 863 1803 994 1826; x_wconf 80' lang='lat' dir='ltr'><strong>tacentem</strong></span> <span class='ocrx_word' id='word_1_269' title='bbox 1010 1798 1061 1826; x_wconf 91' lang='lat' dir='ltr'><strong>do-</strong></span> 
     </span>
    </p>
   </div>
   <div class='ocr_carea' id='block_1_37' title="bbox 266 1845 1060 1881">
    <p class='ocr_par' dir='ltr' id='par_1_37' title="bbox 266 1845 1060 1881">
     <span class='ocr_line' id='line_1_37' title="bbox 266 1845 1060 1881; baseline -0.005 -6"><span class='ocrx_word' id='word_1_270' title='bbox 266 1847 365 1879; x_wconf 85' lang='lat' dir='ltr'><strong>cuisse,</strong></span> <span class='ocrx_word' id='word_1_271' title='bbox 381 1854 430 1874; x_wconf 86' lang='lat' dir='ltr'><strong>nec</strong></span> <span class='ocrx_word' id='word_1_272' title='bbox 446 1846 526 1873; x_wconf 89' lang='lat' dir='ltr'><strong>modo</strong></span> <span class='ocrx_word' id='word_1_273' title='bbox 539 1847 706 1881; x_wconf 84' lang='lat' dir='ltr'><strong>loquentem;</strong></span> <span class='ocrx_word' id='word_1_274' title='bbox 721 1845 767 1872; x_wconf 89' lang='lat' dir='ltr'><strong>sed</strong></span> <span class='ocrx_word' id='word_1_275' title='bbox 781 1853 851 1872; x_wconf 90' lang='lat' dir='ltr'><strong>nunc</strong></span> <span class='ocrx_word' id='word_1_276' title='bbox 863 1853 894 1872; x_wconf 84' lang='lat' dir='ltr'><strong>os</strong></span> <span class='ocrx_word' id='word_1_277' title='bbox 907 1845 1043 1880; x_wconf 87' lang='lat' dir='ltr'><strong>aperuisse</strong></span> <span class='ocrx_word' id='word_1_278' title='bbox 1053 1866 1060 1877; x_wconf 97' lang='lat'><strong>,</strong></span> 
     </span>
    </p>
   </div>
   <div class='ocr_carea' id='block_1_38' title="bbox 266 1890 1060 1927">
    <p class='ocr_par' dir='ltr' id='par_1_38' title="bbox 266 1890 1060 1927">
     <span class='ocr_line' id='line_1_38' title="bbox 266 1890 1060 1927; baseline -0.003 -8"><span class='ocrx_word' id='word_1_279' title='bbox 266 1900 335 1920; x_wconf 87' lang='lat' dir='ltr'><strong>nunc</strong></span> <span class='ocrx_word' id='word_1_280' title='bbox 352 1899 397 1927; x_wconf 87' lang='lat' dir='ltr'><strong>per</strong></span> <span class='ocrx_word' id='word_1_281' title='bbox 410 1899 490 1926; x_wconf 89' lang='lat' dir='ltr'><strong>opera</strong></span> <span class='ocrx_word' id='word_1_282' title='bbox 503 1892 559 1927; x_wconf 87' lang='lat' dir='ltr'><strong>ipsa</strong></span> <span class='ocrx_word' id='word_1_283' title='bbox 574 1899 665 1919; x_wconf 90' lang='lat' dir='ltr'><strong>vocem</strong></span> <span class='ocrx_word' id='word_1_284' title='bbox 679 1891 809 1918; x_wconf 88' lang='lat' dir='ltr'><strong>emisisse.</strong></span> <span class='ocrx_word' id='word_1_285' title='bbox 824 1890 890 1917; x_wconf 90' lang='lat' dir='ltr'><strong>Cum</strong></span> <span class='ocrx_word' id='word_1_286' title='bbox 901 1891 976 1918; x_wconf 81' lang='lat' dir='ltr'><strong>audis</strong></span> <span class='ocrx_word' id='word_1_287' title='bbox 986 1899 1060 1924; x_wconf 88' lang='lat' dir='ltr'><strong>vero,</strong></span> 
     </span>
    </p>
   </div>
   <div class='ocr_carea' id='block_1_39' title="bbox 266 1936 1060 1972">
    <p class='ocr_par' dir='ltr' id='par_1_39' title="bbox 266 1936 1060 1972">
     <span class='ocr_line' id='line_1_39' title="bbox 266 1936 1060 1972; baseline -0.001 -7"><span class='ocrx_word' id='word_1_288' title='bbox 266 1938 377 1965; x_wconf 81' lang='lat' dir='ltr'><strong>Docebat</strong></span> <span class='ocrx_word' id='word_1_289' title='bbox 390 1946 442 1970; x_wconf 82' lang='lat' dir='ltr'><strong>eos,</strong></span> <span class='ocrx_word' id='word_1_290' title='bbox 456 1945 490 1965; x_wconf 90' lang='lat' dir='ltr'><strong>ne</strong></span> <span class='ocrx_word' id='word_1_291' title='bbox 500 1943 576 1972; x_wconf 88' lang='lat' dir='ltr'><strong>putes</strong></span> <span class='ocrx_word' id='word_1_292' title='bbox 590 1937 676 1972; x_wconf 90' lang='lat' dir='ltr'><strong>ipsum</strong></span> <span class='ocrx_word' id='word_1_293' title='bbox 688 1937 759 1964; x_wconf 88' lang='lat' dir='ltr'><strong>solos</strong></span> <span class='ocrx_word' id='word_1_294' title='bbox 777 1936 922 1971; x_wconf 87' lang='lat' dir='ltr'><strong>discipulos</strong></span> <span class='ocrx_word' id='word_1_295' title='bbox 941 1936 1039 1972; x_wconf 85' lang='lat' dir='ltr'><strong>alloqui</strong></span> <span class='ocrx_word' id='word_1_296' title='bbox 1052 1945 1060 1969; x_wconf 86' lang='lat'><strong>;</strong></span> 
     </span>
    </p>
   </div>
   <div class='ocr_carea' id='block_1_40' title="bbox 266 1982 1062 2023">
    <p class='ocr_par' dir='ltr' id='par_1_40' title="bbox 266 1982 1062 2023">
     <span class='ocr_line' id='line_1_40' title="bbox 266 1982 1062 2023; baseline 0 -13"><span class='ocrx_word' id='word_1_297' title='bbox 266 1983 313 2010; x_wconf 90' lang='lat' dir='ltr'><strong>sed</strong></span> <span class='ocrx_word' id='word_1_298' title='bbox 330 1991 376 2018; x_wconf 83' lang='lat' dir='ltr'><strong>per</strong></span> <span class='ocrx_word' id='word_1_299' title='bbox 391 1983 460 2015; x_wconf 87' lang='lat' dir='ltr'><strong>illos,</strong></span> <span class='ocrx_word' id='word_1_300' title='bbox 474 1983 540 2009; x_wconf 88' lang='lat' dir='ltr'><strong>alios</strong></span> <span class='ocrx_word' id='word_1_301' title='bbox 555 1989 658 2010; x_wconf 89' lang='lat' dir='ltr'><strong>omnes.</strong></span> <span class='ocrx_word' id='word_1_302' title='bbox 671 1982 737 2016; x_wconf 87' lang='lat' dir='ltr'><strong>Quia</strong></span> <span class='ocrx_word' id='word_1_303' title='bbox 751 1982 823 2009; x_wconf 90' lang='lat' dir='ltr'><strong>enim</strong></span> <span class='ocrx_word' id='word_1_304' title='bbox 837 1982 915 2009; x_wconf 86' lang='lat' dir='ltr'><strong>turba</strong></span> <span class='ocrx_word' id='word_1_305' title='bbox 927 1982 1062 2023; x_wconf 81' lang='lat' dir='ltr'><strong>popularis</strong></span> 
     </span>
    </p>
   </div>
   <div class='ocr_carea' id='block_1_41' title="bbox 212 2029 1062 2064">
    <p class='ocr_par' dir='ltr' id='par_1_41' title="bbox 212 2029 1062 2064">
     <span class='ocr_line' id='line_1_41' title="bbox 212 2029 1062 2064; baseline -0.001 -7"><span class='ocrx_word' id='word_1_306' title='bbox 212 2032 216 2033; x_wconf 64' lang='grc'><strong><em>⁷</em></strong></span> <span class='ocrx_word' id='word_1_307' title='bbox 266 2036 325 2057; x_wconf 79' lang='lat' dir='ltr'><strong>erat</strong></span> <span class='ocrx_word' id='word_1_308' title='bbox 336 2050 344 2063; x_wconf 89' lang='lat'><strong>,</strong></span> <span class='ocrx_word' id='word_1_309' title='bbox 360 2038 392 2057; x_wconf 83' lang='lat' dir='ltr'><strong>cx</strong></span> <span class='ocrx_word' id='word_1_310' title='bbox 406 2037 497 2057; x_wconf 89' lang='lat' dir='ltr'><strong>eorum</strong></span> <span class='ocrx_word' id='word_1_311' title='bbox 513 2038 624 2056; x_wconf 89' lang='lat' dir='ltr'><strong>numero</strong></span> <span class='ocrx_word' id='word_1_312' title='bbox 639 2029 684 2064; x_wconf 90' lang='lat' dir='ltr'><strong>qui</strong></span> <span class='ocrx_word' id='word_1_313' title='bbox 700 2029 771 2056; x_wconf 90' lang='lat' dir='ltr'><strong>humi</strong></span> <span class='ocrx_word' id='word_1_314' title='bbox 787 2029 933 2063; x_wconf 83' lang='lat' dir='ltr'><strong>repebant,</strong></span> <span class='ocrx_word' id='word_1_315' title='bbox 947 2029 1062 2064; x_wconf 91' lang='lat' dir='ltr'><strong>discipu-</strong></span> 
     </span>
    </p>
   </div>
   <div class='ocr_carea' id='block_1_42' title="bbox 266 2074 1061 2107">
    <p class='ocr_par' dir='ltr' id='par_1_42' title="bbox 266 2074 1061 2107">
     <span class='ocr_line' id='line_1_42' title="bbox 266 2074 1061 2107; baseline -0.001 -4"><span class='ocrx_word' id='word_1_316' title='bbox 266 2075 352 2103; x_wconf 89' lang='lat' dir='ltr'><strong>lorum</strong></span> <span class='ocrx_word' id='word_1_317' title='bbox 366 2076 478 2103; x_wconf 89' lang='lat' dir='ltr'><strong>chorum</strong></span> <span class='ocrx_word' id='word_1_318' title='bbox 490 2081 551 2102; x_wconf 89' lang='lat' dir='ltr'><strong>aute</strong></span> <span class='ocrx_word' id='word_1_319' title='bbox 563 2082 592 2102; x_wconf 86' lang='lat' dir='ltr'><strong>se</strong></span> <span class='ocrx_word' id='word_1_320' title='bbox 602 2075 777 2107; x_wconf 78' lang='lat' dir='ltr'><strong>constituens,</strong></span> <span class='ocrx_word' id='word_1_321' title='bbox 789 2074 822 2102; x_wconf 88' lang='lat' dir='ltr'><strong>ad</strong></span> <span class='ocrx_word' id='word_1_322' title='bbox 833 2075 894 2102; x_wconf 92' lang='lat' dir='ltr'><strong>illos</strong></span> <span class='ocrx_word' id='word_1_323' title='bbox 909 2082 1061 2102; x_wconf 73' lang='lat' dir='ltr'><strong>sermonem</strong></span> 
     </span>
    </p>
   </div>
   <div class='ocr_carea' id='block_1_43' title="bbox 267 2120 1059 2157">
    <p class='ocr_par' dir='ltr' id='par_1_43' title="bbox 267 2120 1059 2157">
     <span class='ocr_line' id='line_1_43' title="bbox 267 2120 1059 2157; baseline -0.004 -8"><span class='ocrx_word' id='word_1_324' title='bbox 267 2120 366 2157; x_wconf 79' lang='lat' dir='ltr'><strong>dirigit,</strong></span> <span class='ocrx_word' id='word_1_325' title='bbox 381 2121 461 2148; x_wconf 87' lang='lat' dir='ltr'><strong>verba</strong></span> <span class='ocrx_word' id='word_1_326' title='bbox 475 2128 522 2148; x_wconf 89' lang='lat' dir='ltr'><strong>sua</strong></span> <span class='ocrx_word' id='word_1_327' title='bbox 539 2121 573 2147; x_wconf 84' lang='lat' dir='ltr'><strong>ita</strong></span> <span class='ocrx_word' id='word_1_328' title='bbox 588 2126 750 2154; x_wconf 81' lang='lat' dir='ltr'><strong>temperans.</strong></span> <span class='ocrx_word' id='word_1_329' title='bbox 766 2124 794 2146; x_wconf 84' lang='grc' dir='ltr'><strong>ιιι</strong></span> <span class='ocrx_word' id='word_1_330' title='bbox 805 2121 910 2147; x_wconf 68' lang='lat' dir='ltr'><strong>caeteris</strong></span> <span class='ocrx_word' id='word_1_331' title='bbox 925 2120 1059 2154; x_wconf 87' lang='lat' dir='ltr'><strong>omnibus,</strong></span> 
     </span>
    </p>
   </div>
   <div class='ocr_carea' id='block_1_44' title="bbox 267 2165 1061 2204">
    <p class='ocr_par' dir='ltr' id='par_1_44' title="bbox 267 2165 1061 2204">
     <span class='ocr_line' id='line_1_44' title="bbox 267 2165 1061 2204; baseline -0.004 -9"><span class='ocrx_word' id='word_1_332' title='bbox 267 2168 311 2204; x_wconf 93' lang='lat' dir='ltr'><strong>qui</strong></span> <span class='ocrx_word' id='word_1_333' title='bbox 325 2168 350 2195; x_wconf 92' lang='lat' dir='ltr'><strong>in</strong></span> <span class='ocrx_word' id='word_1_334' title='bbox 363 2168 402 2194; x_wconf 82' lang='lat' dir='ltr'><strong>his</strong></span> <span class='ocrx_word' id='word_1_335' title='bbox 415 2167 556 2194; x_wconf 88' lang='lat' dir='ltr'><strong>admodum</strong></span> <span class='ocrx_word' id='word_1_336' title='bbox 568 2167 646 2193; x_wconf 86' lang='lat' dir='ltr'><strong>rudes</strong></span> <span class='ocrx_word' id='word_1_337' title='bbox 657 2171 741 2197; x_wconf 80' lang='lat' dir='ltr'><strong>erant,</strong></span> <span class='ocrx_word' id='word_1_338' title='bbox 754 2165 929 2201; x_wconf 65' lang='lat' dir='ltr'><strong>philosophiae</strong></span> <span class='ocrx_word' id='word_1_339' title='bbox 940 2165 1061 2192; x_wconf 86' lang='lat' dir='ltr'><strong>doctrina</strong></span> 
     </span>
    </p>
   </div>
   <div class='ocr_carea' id='block_1_45' title="bbox 267 2211 1062 2244">
    <p class='ocr_par' dir='ltr' id='par_1_45' title="bbox 267 2211 1062 2244">
     <span class='ocr_line' id='line_1_45' title="bbox 267 2211 1062 2244; baseline -0.003 -4"><span class='ocrx_word' id='word_1_340' title='bbox 267 2222 320 2241; x_wconf 88' lang='lat' dir='ltr'><strong>non</strong></span> <span class='ocrx_word' id='word_1_341' title='bbox 335 2213 446 2240; x_wconf 86' lang='lat' dir='ltr'><strong>molesta</strong></span> <span class='ocrx_word' id='word_1_342' title='bbox 458 2218 539 2240; x_wconf 85' lang='lat' dir='ltr'><strong>esset.</strong></span> <span class='ocrx_word' id='word_1_343' title='bbox 555 2212 631 2244; x_wconf 86' lang='lat' dir='ltr'><strong>Quod</strong></span> <span class='ocrx_word' id='word_1_344' title='bbox 646 2211 725 2238; x_wconf 86' lang='lat' dir='ltr'><strong>etiam</strong></span> <span class='ocrx_word' id='word_1_345' title='bbox 740 2211 825 2238; x_wconf 90' lang='lat' dir='ltr'><strong>Lucas</strong></span> <span class='ocrx_word' id='word_1_346' title='bbox 837 2211 1009 2239; x_wconf 87' lang='lat' dir='ltr'><strong>subindicans</strong></span> <span class='ocrx_word' id='word_1_347' title='bbox 1021 2211 1062 2238; x_wconf 91' lang='lat' dir='ltr'><strong>di-</strong></span> 
     </span>
    </p>
   </div>
   <div class='ocr_carea' id='block_1_46' title="bbox 267 2256 1058 2294">
    <p class='ocr_par' dir='ltr' id='par_1_46' title="bbox 267 2256 1058 2294">
     <span class='ocr_line' id='line_1_46' title="bbox 267 2256 1058 2294; baseline -0.005 -7"><span class='ocrx_word' id='word_1_348' title='bbox 267 2260 359 2291; x_wconf 79' lang='lat' dir='ltr'><strong>Cebat,</strong></span> <span class='ocrx_word' id='word_1_349' title='bbox 374 2259 459 2294; x_wconf 83' lang='lat' dir='ltr'><strong>ipsum</strong></span> <span class='ocrx_word' id='word_1_350' title='bbox 474 2265 624 2285; x_wconf 90' lang='lat' dir='ltr'><strong>sermonem</strong></span> <span class='ocrx_word' id='word_1_351' title='bbox 641 2257 673 2284; x_wconf 88' lang='lat' dir='ltr'><strong>ad</strong></span> <span class='ocrx_word' id='word_1_352' title='bbox 688 2264 735 2284; x_wconf 92' lang='lat' dir='ltr'><strong>eos</strong></span> <span class='ocrx_word' id='word_1_353' title='bbox 748 2257 912 2284; x_wconf 79' lang='lat' dir='ltr'><strong>convertisse</strong></span> <span class='ocrx_word' id='word_1_354' title='bbox 934 2256 1016 2292; x_wconf 85' lang='lat' dir='ltr'><strong>(Luc.</strong></span> <span class='ocrx_word' id='word_1_355' title='bbox 1032 2256 1058 2284; x_wconf 89' lang='lat'><strong>6.</strong></span> 
     </span>
    </p>
   </div>
   <div class='ocr_carea' id='block_1_47' title="bbox 267 2302 1061 2341">
    <p class='ocr_par' dir='ltr' id='par_1_47' title="bbox 267 2302 1061 2341">
     <span class='ocr_line' id='line_1_47' title="bbox 267 2302 1061 2341; baseline -0.004 -9"><span class='ocrx_word' id='word_1_356' title='bbox 267 2306 301 2333; x_wconf 72' lang='grc'>27</span> <span class='ocrx_word' id='word_1_357' title='bbox 314 2305 323 2341; x_wconf 90' lang='grc'><strong>)</strong></span> <span class='ocrx_word' id='word_1_358' title='bbox 343 2315 348 2332; x_wconf 95' lang='lat'>:</span> <span class='ocrx_word' id='word_1_359' title='bbox 365 2310 392 2333; x_wconf 80' lang='lat' dir='ltr'><strong>et</strong></span> <span class='ocrx_word' id='word_1_360' title='bbox 407 2305 547 2332; x_wconf 75' lang='lat' dir='ltr'><strong>Mattlncus</strong></span> <span class='ocrx_word' id='word_1_361' title='bbox 562 2304 675 2338; x_wconf 68' lang='lat' dir='ltr'><strong>idipsum</strong></span> <span class='ocrx_word' id='word_1_362' title='bbox 691 2304 853 2338; x_wconf 79' lang='lat' dir='ltr'><strong>signiﬁcans,</strong></span> <span class='ocrx_word' id='word_1_363' title='bbox 867 2302 934 2330; x_wconf 81' lang='lat' dir='ltr'><strong>dixit</strong></span> <span class='ocrx_word' id='word_1_364' title='bbox 950 2311 957 2329; x_wconf 88' lang='lat'><strong>:</strong></span> <span class='ocrx_word' id='word_1_365' title='bbox 971 2303 1061 2329; x_wconf 77' lang='lat' dir='ltr'><strong>Acces-</strong></span> 
     </span>
    </p>
   </div>
   <div class='ocr_carea' id='block_1_48' title="bbox 267 2348 1059 2385">
    <p class='ocr_par' dir='ltr' id='par_1_48' title="bbox 267 2348 1059 2385">
     <span class='ocr_line' id='line_1_48' title="bbox 267 2348 1059 2385; baseline -0.005 -6"><span class='ocrx_word' id='word_1_366' title='bbox 267 2357 353 2379; x_wconf 78' lang='lat' dir='ltr'><strong>serant</strong></span> <span class='ocrx_word' id='word_1_367' title='bbox 370 2352 404 2378; x_wconf 91' lang='lat' dir='ltr'><strong>ad</strong></span> <span class='ocrx_word' id='word_1_368' title='bbox 418 2359 474 2378; x_wconf 84' lang='lat' dir='ltr'><strong>eum</strong></span> <span class='ocrx_word' id='word_1_369' title='bbox 489 2350 606 2385; x_wconf 74' lang='lat' dir='ltr'><strong>discipuli</strong></span> <span class='ocrx_word' id='word_1_370' title='bbox 630 2350 696 2384; x_wconf 84' lang='lat' dir='ltr'><strong>ejus,</strong></span> <span class='ocrx_word' id='word_1_371' title='bbox 715 2354 737 2376; x_wconf 88' lang='lat' dir='ltr'><strong>et</strong></span> <span class='ocrx_word' id='word_1_372' title='bbox 752 2349 855 2376; x_wconf 82' lang='lat' dir='ltr'><strong>docebat</strong></span> <span class='ocrx_word' id='word_1_373' title='bbox 872 2357 923 2375; x_wconf 80' lang='lat' dir='ltr'><strong>eos.</strong></span> <span class='ocrx_word' id='word_1_374' title='bbox 938 2348 975 2375; x_wconf 88' lang='lat' dir='ltr'><strong>lla</strong></span> <span class='ocrx_word' id='word_1_375' title='bbox 989 2349 1059 2375; x_wconf 86' lang='lat' dir='ltr'><strong>enim</strong></span> 
     </span>
    </p>
   </div>
   <div class='ocr_carea' id='block_1_49' title="bbox 265 2394 1061 2429">
    <p class='ocr_par' dir='ltr' id='par_1_49' title="bbox 265 2394 1061 2429">
     <span class='ocr_line' id='line_1_49' title="bbox 265 2394 1061 2429; baseline -0.004 -4"><span class='ocrx_word' id='word_1_376' title='bbox 265 2399 355 2425; x_wconf 58' lang='grc' dir='ltr'><strong>(κριθή</strong></span> <span class='ocrx_word' id='word_1_377' title='bbox 376 2397 501 2424; x_wconf 86' lang='lat' dir='ltr'><strong>attentius</strong></span> <span class='ocrx_word' id='word_1_378' title='bbox 520 2396 633 2423; x_wconf 87' lang='lat' dir='ltr'><strong>audituri</strong></span> <span class='ocrx_word' id='word_1_379' title='bbox 647 2399 742 2426; x_wconf 84' lang='lat' dir='ltr'><strong>erant,</strong></span> <span class='ocrx_word' id='word_1_380' title='bbox 765 2402 843 2429; x_wconf 83' lang='lat' dir='ltr'><strong>quant</strong></span> <span class='ocrx_word' id='word_1_381' title='bbox 868 2394 891 2421; x_wconf 90' lang='lat' dir='ltr'><strong>si</strong></span> <span class='ocrx_word' id='word_1_382' title='bbox 912 2394 945 2421; x_wconf 89' lang='lat' dir='ltr'><strong>ad</strong></span> <span class='ocrx_word' id='word_1_383' title='bbox 967 2401 1061 2422; x_wconf 85' lang='lat' dir='ltr'><strong>omnes</strong></span> 
     </span>
    </p>
   </div>
   <div class='ocr_carea' id='block_1_50' title="bbox 266 2440 1060 2476">
    <p class='ocr_par' dir='ltr' id='par_1_50' title="bbox 266 2440 1060 2476">
     <span class='ocr_line' id='line_1_50' title="bbox 266 2440 1060 2476; baseline -0.006 -5"><span class='ocrx_word' id='word_1_384' title='bbox 266 2444 347 2471; x_wconf 69' lang='lat' dir='ltr'><strong>verba</strong></span> <span class='ocrx_word' id='word_1_385' title='bbox 365 2444 514 2470; x_wconf 82' lang='lat' dir='ltr'><strong>direxisset.</strong></span> <span class='ocrx_word' id='word_1_386' title='bbox 532 2442 606 2470; x_wconf 88' lang='lat' dir='ltr'><strong>Unde</strong></span> <span class='ocrx_word' id='word_1_387' title='bbox 619 2449 683 2476; x_wconf 70' lang='lat' dir='ltr'><strong>ergo</strong></span> <span class='ocrx_word' id='word_1_388' title='bbox 696 2441 784 2475; x_wconf 83' lang='lat' dir='ltr'><strong>incipit</strong></span> <span class='ocrx_word' id='word_1_389' title='bbox 798 2461 805 2472; x_wconf 82' lang='lat'><strong>,</strong></span> <span class='ocrx_word' id='word_1_390' title='bbox 823 2445 850 2467; x_wconf 86' lang='lat' dir='ltr'><strong>et</strong></span> <span class='ocrx_word' id='word_1_391' title='bbox 869 2448 928 2475; x_wconf 66' lang='lat' dir='ltr'><strong>quae</strong></span> <span class='ocrx_word' id='word_1_392' title='bbox 942 2440 1002 2466; x_wconf 78' lang='lat' dir='ltr'><strong>nmi</strong></span> <span class='ocrx_word' id='word_1_393' title='bbox 1018 2440 1060 2466; x_wconf 86' lang='lat' dir='ltr'><strong>iu-</strong></span> 
     </span>
    </p>
   </div>
   <div class='ocr_carea' id='block_1_51' title="bbox 267 2487 1061 2522">
    <p class='ocr_par' dir='ltr' id='par_1_51' title="bbox 267 2487 1061 2522">
     <span class='ocr_line' id='line_1_51' title="bbox 267 2487 1061 2522; baseline -0.004 -6"><span class='ocrx_word' id='word_1_394' title='bbox 267 2490 351 2517; x_wconf 68' lang='lat' dir='ltr'><strong>stitnti</strong></span> <span class='ocrx_word' id='word_1_395' title='bbox 366 2489 536 2516; x_wconf 89' lang='lat' dir='ltr'><strong>fundamenta</strong></span> <span class='ocrx_word' id='word_1_396' title='bbox 553 2488 629 2515; x_wconf 83' lang='lat' dir='ltr'><strong>nobis</strong></span> <span class='ocrx_word' id='word_1_397' title='bbox 646 2487 741 2522; x_wconf 71' lang='lat' dir='ltr'><strong>petiit?</strong></span> <span class='ocrx_word' id='word_1_398' title='bbox 756 2487 900 2513; x_wconf 83' lang='lat' dir='ltr'><strong>Audiamus</strong></span> <span class='ocrx_word' id='word_1_399' title='bbox 920 2487 1061 2522; x_wconf 72' lang='lat' dir='ltr'><strong>diligenter</strong></span> 
     </span>
    </p>
   </div>
   <div class='ocr_carea' id='block_1_52' title="bbox 266 2532 1060 2570">
    <p class='ocr_par' dir='ltr' id='par_1_52' title="bbox 266 2532 1060 2570">
     <span class='ocr_line' id='line_1_52' title="bbox 266 2532 1060 2570; baseline -0.004 -8"><span class='ocrx_word' id='word_1_400' title='bbox 266 2542 299 2562; x_wconf 79' lang='lat' dir='ltr'><strong>ca</strong></span> <span class='ocrx_word' id='word_1_401' title='bbox 312 2542 371 2570; x_wconf 63' lang='lat' dir='ltr'><strong>qua!</strong></span> <span class='ocrx_word' id='word_1_402' title='bbox 385 2535 508 2561; x_wconf 88' lang='lat' dir='ltr'><strong>dicuntur</strong></span> <span class='ocrx_word' id='word_1_403' title='bbox 522 2542 528 2560; x_wconf 90' lang='lat'><strong>:</strong></span> <span class='ocrx_word' id='word_1_404' title='bbox 545 2534 598 2560; x_wconf 76' lang='lat' dir='ltr'><strong>illis</strong></span> <span class='ocrx_word' id='word_1_405' title='bbox 612 2540 726 2567; x_wconf 86' lang='lat' dir='ltr'><strong>namque</strong></span> <span class='ocrx_word' id='word_1_406' title='bbox 746 2532 816 2560; x_wconf 87' lang='lat' dir='ltr'><strong>dicta</strong></span> <span class='ocrx_word' id='word_1_407' title='bbox 831 2537 907 2564; x_wconf 88' lang='lat' dir='ltr'><strong>sunt,</strong></span> <span class='ocrx_word' id='word_1_408' title='bbox 922 2538 948 2558; x_wconf 84' lang='lat' dir='ltr'><strong>et</strong></span> <span class='ocrx_word' id='word_1_409' title='bbox 962 2532 1060 2567; x_wconf 82' lang='lat' dir='ltr'><strong>scripta</strong></span> 
     </span>
    </p>
   </div>
   <div class='ocr_carea' id='block_1_53' title="bbox 267 2578 1060 2615">
    <p class='ocr_par' dir='ltr' id='par_1_53' title="bbox 267 2578 1060 2615">
     <span class='ocr_line' id='line_1_53' title="bbox 267 2578 1060 2615; baseline -0.005 -7"><span class='ocrx_word' id='word_1_410' title='bbox 267 2587 329 2608; x_wconf 85' lang='lat' dir='ltr'><strong>sunt</strong></span> <span class='ocrx_word' id='word_1_411' title='bbox 355 2589 402 2615; x_wconf 91' lang='lat' dir='ltr'><strong>pro</strong></span> <span class='ocrx_word' id='word_1_412' title='bbox 428 2580 551 2607; x_wconf 88' lang='lat' dir='ltr'><strong>omnibus</strong></span> <span class='ocrx_word' id='word_1_413' title='bbox 566 2584 626 2614; x_wconf 91' lang='lat' dir='ltr'><strong>post</strong></span> <span class='ocrx_word' id='word_1_414' title='bbox 647 2579 754 2606; x_wconf 82' lang='lat' dir='ltr'><strong>futuris.</strong></span> <span class='ocrx_word' id='word_1_415' title='bbox 778 2578 879 2605; x_wconf 89' lang='lat' dir='ltr'><strong>Idcirco</strong></span> <span class='ocrx_word' id='word_1_416' title='bbox 899 2579 1060 2605; x_wconf 86' lang='lat' dir='ltr'><strong>conciouans</strong></span> 
     </span>
    </p>
   </div>
   <div class='ocr_carea' id='block_1_54' title="bbox 266 2624 1061 2661">
    <p class='ocr_par' dir='ltr' id='par_1_54' title="bbox 266 2624 1061 2661">
     <span class='ocr_line' id='line_1_54' title="bbox 266 2624 1061 2661; baseline -0.003 -9"><span class='ocrx_word' id='word_1_417' title='bbox 266 2626 373 2661; x_wconf 85' lang='lat' dir='ltr'><strong>quidem</strong></span> <span class='ocrx_word' id='word_1_418' title='bbox 398 2626 544 2660; x_wconf 85' lang='lat' dir='ltr'><strong>discipulos</strong></span> <span class='ocrx_word' id='word_1_419' title='bbox 563 2625 723 2660; x_wconf 89' lang='lat' dir='ltr'><strong>alloquitur;</strong></span> <span class='ocrx_word' id='word_1_420' title='bbox 749 2632 836 2658; x_wconf 87' lang='lat' dir='ltr'><strong>neque</strong></span> <span class='ocrx_word' id='word_1_421' title='bbox 856 2628 944 2651; x_wconf 82' lang='lat' dir='ltr'><strong>tamen</strong></span> <span class='ocrx_word' id='word_1_422' title='bbox 961 2624 985 2651; x_wconf 90' lang='lat' dir='ltr'><strong>in</strong></span> <span class='ocrx_word' id='word_1_423' title='bbox 1008 2624 1061 2651; x_wconf 83' lang='lat' dir='ltr'><strong>illis</strong></span> 
     </span>
    </p>
   </div>
   <div class='ocr_carea' id='block_1_55' title="bbox 266 2670 1060 2702">
    <p class='ocr_par' dir='ltr' id='par_1_55' title="bbox 266 2670 1060 2702">
     <span class='ocr_line' id='line_1_55' title="bbox 266 2670 1060 2702; baseline -0.003 -4"><span class='ocrx_word' id='word_1_424' title='bbox 266 2672 337 2698; x_wconf 87' lang='lat' dir='ltr'><strong>dicta</strong></span> <span class='ocrx_word' id='word_1_425' title='bbox 355 2671 570 2702; x_wconf 80' lang='lat' dir='ltr'><strong>circumscribit,</strong></span> <span class='ocrx_word' id='word_1_426' title='bbox 594 2670 641 2698; x_wconf 87' lang='lat' dir='ltr'><strong>sed</strong></span> <span class='ocrx_word' id='word_1_427' title='bbox 657 2670 862 2698; x_wconf 88' lang='lat' dir='ltr'><strong>indeterminate</strong></span> <span class='ocrx_word' id='word_1_428' title='bbox 883 2670 1060 2697; x_wconf 86' lang='lat' dir='ltr'><strong>beatitudiues</strong></span> 
     </span>
    </p>
   </div>
   <div class='ocr_carea' id='block_1_56' title="bbox 267 2715 1060 2753">
    <p class='ocr_par' dir='ltr' id='par_1_56' title="bbox 267 2715 1060 2753">
     <span class='ocr_line' id='line_1_56' title="bbox 267 2715 1060 2753; baseline -0.004 -8"><span class='ocrx_word' id='word_1_429' title='bbox 267 2725 361 2745; x_wconf 80' lang='lat' dir='ltr'><strong>omnes</strong></span> <span class='ocrx_word' id='word_1_430' title='bbox 376 2716 485 2753; x_wconf 80' lang='lat' dir='ltr'><strong>profert.</strong></span> <span class='ocrx_word' id='word_1_431' title='bbox 507 2716 565 2744; x_wconf 87' lang='lat' dir='ltr'><strong>Non</strong></span> <span class='ocrx_word' id='word_1_432' title='bbox 580 2717 650 2744; x_wconf 89' lang='lat' dir='ltr'><strong>enim</strong></span> <span class='ocrx_word' id='word_1_433' title='bbox 665 2716 732 2744; x_wconf 82' lang='lat' dir='ltr'><strong>dixit</strong></span> <span class='ocrx_word' id='word_1_434' title='bbox 745 2737 753 2750; x_wconf 94' lang='lat'><strong>,</strong></span> <span class='ocrx_word' id='word_1_435' title='bbox 775 2715 849 2743; x_wconf 81' lang='lat' dir='ltr'><strong>Beati</strong></span> <span class='ocrx_word' id='word_1_436' title='bbox 873 2716 938 2743; x_wconf 84' lang='lat' dir='ltr'><strong>estis</strong></span> <span class='ocrx_word' id='word_1_437' title='bbox 953 2723 1000 2743; x_wconf 78' lang='lat' dir='ltr'><strong>vos</strong></span> <span class='ocrx_word' id='word_1_438' title='bbox 1013 2734 1022 2748; x_wconf 91' lang='lat'><strong>,</strong></span> <span class='ocrx_word' id='word_1_439' title='bbox 1037 2715 1060 2742; x_wconf 92' lang='lat' dir='ltr'><strong>si</strong></span> 
     </span>
    </p>
   </div>
   <div class='ocr_carea' id='block_1_57' title="bbox 299 2823 1057 2858">
    <p class='ocr_par' dir='ltr' id='par_1_57' title="bbox 299 2823 1057 2858">
     <span class='ocr_line' id='line_1_57' title="bbox 299 2823 1057 2858; baseline -0.003 -7"><span class='ocrx_word' id='word_1_440' title='bbox 299 2826 337 2858; x_wconf 70' lang='grc' dir='ltr'><strong>(ο)</strong></span> <span class='ocrx_word' id='word_1_441' title='bbox 353 2826 380 2851; x_wconf 85' lang='lat' dir='ltr'><strong>In</strong></span> <span class='ocrx_word' id='word_1_442' title='bbox 389 2826 441 2851; x_wconf 56' lang='lat' dir='ltr'><strong>haec</strong></span> <span class='ocrx_word' id='word_1_443' title='bbox 452 2826 536 2858; x_wconf 80' lang='lat' dir='ltr'><strong>verba,</strong></span> <span class='ocrx_word' id='word_1_444' title='bbox 550 2825 650 2852; x_wconf 79' lang='lat' dir='ltr'><strong>docebat</strong></span> <span class='ocrx_word' id='word_1_445' title='bbox 660 2831 709 2858; x_wconf 75' lang='lat' dir='ltr'><strong>eos,</strong></span> <span class='ocrx_word' id='word_1_446' title='bbox 718 2825 804 2852; x_wconf 83' lang='lat' dir='ltr'><strong>titulus</strong></span> <span class='ocrx_word' id='word_1_447' title='bbox 813 2825 906 2850; x_wconf 87' lang='lat' dir='ltr'><strong>desiuit</strong></span> <span class='ocrx_word' id='word_1_448' title='bbox 915 2830 977 2856; x_wconf 76' lang='lat' dir='ltr'><strong>apud</strong></span> <span class='ocrx_word' id='word_1_449' title='bbox 988 2823 1057 2849; x_wconf 73' lang='lat' dir='ltr'><strong>sani.</strong></span> 
     </span>
    </p>
   </div>
   <div class='ocr_carea' id='block_1_58' title="bbox 1118 275 1912 314">
    <p class='ocr_par' dir='ltr' id='par_1_58' title="bbox 1118 275 1912 314">
     <span class='ocr_line' id='line_1_58' title="bbox 1118 275 1912 314; baseline 0.008 -12"><span class='ocrx_word' id='word_1_450' title='bbox 1118 281 1250 310; x_wconf 85' lang='lat' dir='ltr'><strong>pauperes</strong></span> <span class='ocrx_word' id='word_1_451' title='bbox 1262 275 1382 309; x_wconf 83' lang='lat' dir='ltr'><strong>fueritis;</strong></span> <span class='ocrx_word' id='word_1_452' title='bbox 1403 277 1450 305; x_wconf 86' lang='lat' dir='ltr'><strong>sed</strong></span> <span class='ocrx_word' id='word_1_453' title='bbox 1461 297 1469 310; x_wconf 94' lang='lat'><strong>,</strong></span> <span class='ocrx_word' id='word_1_454' title='bbox 1484 277 1557 305; x_wconf 81' lang='lat' dir='ltr'><strong>Beati</strong></span> <span class='ocrx_word' id='word_1_455' title='bbox 1569 286 1702 314; x_wconf 80' lang='lat' dir='ltr'><strong>pauperes.</strong></span> <span class='ocrx_word' id='word_1_456' title='bbox 1718 278 1796 307; x_wconf 86' lang='lat' dir='ltr'><strong>Certe</strong></span> <span class='ocrx_word' id='word_1_457' title='bbox 1808 280 1912 309; x_wconf 86' lang='lat' dir='ltr'><strong>etiamsi</strong></span> 
     </span>
    </p>
   </div>
   <div class='ocr_carea' id='block_1_59' title="bbox 1117 320 1915 357">
    <p class='ocr_par' dir='ltr' id='par_1_59' title="bbox 1117 320 1915 357">
     <span class='ocr_line' id='line_1_59' title="bbox 1117 320 1915 357; baseline 0.009 -10"><span class='ocrx_word' id='word_1_458' title='bbox 1117 320 1171 348; x_wconf 89' lang='lat' dir='ltr'><strong>illis</strong></span> <span class='ocrx_word' id='word_1_459' title='bbox 1193 321 1333 356; x_wconf 85' lang='lat' dir='ltr'><strong>speciatim</strong></span> <span class='ocrx_word' id='word_1_460' title='bbox 1357 321 1489 357; x_wconf 79' lang='lat' dir='ltr'><strong>dixisset,</strong></span> <span class='ocrx_word' id='word_1_461' title='bbox 1513 325 1664 352; x_wconf 85' lang='lat' dir='ltr'><strong>communia</strong></span> <span class='ocrx_word' id='word_1_462' title='bbox 1689 329 1778 353; x_wconf 85' lang='lat' dir='ltr'><strong>tamen</strong></span> <span class='ocrx_word' id='word_1_463' title='bbox 1801 327 1915 354; x_wconf 79' lang='lat' dir='ltr'><strong>consilia</strong></span> 
     </span>
    </p>
   </div>
   <div class='ocr_carea' id='block_1_60' title="bbox 1116 366 1912 406">
    <p class='ocr_par' dir='ltr' id='par_1_60' title="bbox 1116 366 1912 406">
     <span class='ocr_line' id='line_1_60' title="bbox 1116 366 1912 406; baseline 0.008 -13"><span class='ocrx_word' id='word_1_464' title='bbox 1116 366 1203 394; x_wconf 76' lang='lat' dir='ltr'><strong>futura</strong></span> <span class='ocrx_word' id='word_1_465' title='bbox 1218 372 1304 394; x_wconf 90' lang='lat' dir='ltr'><strong>erant.</strong></span> <span class='ocrx_word' id='word_1_466' title='bbox 1320 367 1426 396; x_wconf 85' lang='lat' dir='ltr'><strong>Etenim</strong></span> <span class='ocrx_word' id='word_1_467' title='bbox 1437 376 1497 396; x_wconf 91' lang='lat' dir='ltr'><strong>cum</strong></span> <span class='ocrx_word' id='word_1_468' title='bbox 1511 368 1612 397; x_wconf 87' lang='lat' dir='ltr'><strong>diceret</strong></span> <span class='ocrx_word' id='word_1_469' title='bbox 1629 378 1635 396; x_wconf 92' lang='lat'>:</span> <span class='ocrx_word' id='word_1_470' title='bbox 1653 369 1718 397; x_wconf 80' lang='lat' dir='ltr'><strong>Ecce</strong></span> <span class='ocrx_word' id='word_1_471' title='bbox 1729 379 1775 406; x_wconf 84' lang='lat' dir='ltr'><strong>ego</strong></span> <span class='ocrx_word' id='word_1_472' title='bbox 1785 371 1912 399; x_wconf 78' lang='lat' dir='ltr'><strong>uobiscum</strong></span> 
     </span>
    </p>
   </div>
   <div class='ocr_carea' id='block_1_61' title="bbox 1115 412 1911 449">
    <p class='ocr_par' dir='ltr' id='par_1_61' title="bbox 1115 412 1911 449">
     <span class='ocr_line' id='line_1_61' title="bbox 1115 412 1911 449; baseline 0.008 -11"><span class='ocrx_word' id='word_1_473' title='bbox 1115 420 1172 439; x_wconf 80' lang='lat' dir='ltr'><strong>sum</strong></span> <span class='ocrx_word' id='word_1_474' title='bbox 1186 412 1302 440; x_wconf 79' lang='lat' dir='ltr'><strong>omnibus</strong></span> <span class='ocrx_word' id='word_1_475' title='bbox 1324 413 1411 440; x_wconf 81' lang='lat' dir='ltr'><strong>diebus</strong></span> <span class='ocrx_word' id='word_1_476' title='bbox 1425 422 1503 449; x_wconf 78' lang='lat' dir='ltr'><strong>usque</strong></span> <span class='ocrx_word' id='word_1_477' title='bbox 1517 415 1552 441; x_wconf 88' lang='lat' dir='ltr'><strong>ad</strong></span> <span class='ocrx_word' id='word_1_478' title='bbox 1563 417 1806 443; x_wconf 83' lang='lat' dir='ltr'><strong>consummationem</strong></span> <span class='ocrx_word' id='word_1_479' title='bbox 1825 418 1911 445; x_wconf 68' lang='lat' dir='ltr'><strong>seculi</strong></span> 
     </span>
    </p>
   </div>
   <div class='ocr_carea' id='block_1_62' title="bbox 1116 457 1914 497">
    <p class='ocr_par' dir='ltr' id='par_1_62' title="bbox 1116 457 1914 497">
     <span class='ocr_line' id='line_1_62' title="bbox 1116 457 1914 497; baseline 0.01 -13"><span class='ocrx_word' id='word_1_480' title='bbox 1116 457 1229 494; x_wconf 82' lang='lat' dir='ltr'><strong>(Matth.</strong></span> <span class='ocrx_word' id='word_1_481' title='bbox 1245 459 1290 486; x_wconf 76' lang='grc'><strong>28.</strong></span> <span class='ocrx_word' id='word_1_482' title='bbox 1304 458 1356 494; x_wconf 77' lang='grc'><strong>20)</strong></span> <span class='ocrx_word' id='word_1_483' title='bbox 1374 468 1381 486; x_wconf 94' lang='lat'><em>:</em></span> <span class='ocrx_word' id='word_1_484' title='bbox 1398 467 1450 487; x_wconf 92' lang='lat' dir='ltr'><strong>non</strong></span> <span class='ocrx_word' id='word_1_485' title='bbox 1467 460 1527 487; x_wconf 88' lang='lat' dir='ltr'><strong>illos</strong></span> <span class='ocrx_word' id='word_1_486' title='bbox 1541 461 1626 488; x_wconf 89' lang='lat' dir='ltr'><strong>solum</strong></span> <span class='ocrx_word' id='word_1_487' title='bbox 1647 461 1807 497; x_wconf 88' lang='lat' dir='ltr'><strong>all0quitur.</strong></span> <span class='ocrx_word' id='word_1_488' title='bbox 1823 463 1869 490; x_wconf 89' lang='lat' dir='ltr'><strong>sed</strong></span> <span class='ocrx_word' id='word_1_489' title='bbox 1884 469 1914 492; x_wconf 88' lang='lat' dir='ltr'><strong>et</strong></span> 
     </span>
    </p>
   </div>
   <div class='ocr_carea' id='block_1_63' title="bbox 1116 504 1912 542">
    <p class='ocr_par' dir='ltr' id='par_1_63' title="bbox 1116 504 1912 542">
     <span class='ocr_line' id='line_1_63' title="bbox 1116 504 1912 542; baseline 0.006 -12"><span class='ocrx_word' id='word_1_490' title='bbox 1116 511 1165 538; x_wconf 86' lang='lat' dir='ltr'><strong>per</strong></span> <span class='ocrx_word' id='word_1_491' title='bbox 1185 504 1245 531; x_wconf 89' lang='lat' dir='ltr'><strong>illos</strong></span> <span class='ocrx_word' id='word_1_492' title='bbox 1259 509 1344 531; x_wconf 91' lang='lat' dir='ltr'><strong>totum</strong></span> <span class='ocrx_word' id='word_1_493' title='bbox 1358 505 1452 532; x_wconf 90' lang='lat' dir='ltr'><strong>orbem</strong></span> <span class='ocrx_word' id='word_1_494' title='bbox 1468 515 1474 532; x_wconf 91' lang='lat'>:</span> <span class='ocrx_word' id='word_1_495' title='bbox 1489 511 1516 533; x_wconf 91' lang='lat' dir='ltr'><strong>et</strong></span> <span class='ocrx_word' id='word_1_496' title='bbox 1529 514 1590 533; x_wconf 90' lang='lat' dir='ltr'><strong>cum</strong></span> <span class='ocrx_word' id='word_1_497' title='bbox 1605 507 1664 534; x_wconf 82' lang='lat' dir='ltr'><strong>illos</strong></span> <span class='ocrx_word' id='word_1_498' title='bbox 1677 507 1769 534; x_wconf 87' lang='lat' dir='ltr'><strong>beatos</strong></span> <span class='ocrx_word' id='word_1_499' title='bbox 1786 508 1912 542; x_wconf 65' lang='lat' dir='ltr'><strong>prtcdicat</strong></span> 
     </span>
    </p>
   </div>
   <div class='ocr_carea' id='block_1_64' title="bbox 1095 546 1910 585">
    <p class='ocr_par' dir='ltr' id='par_1_64' title="bbox 1095 546 1910 585">
     <span class='ocr_line' id='line_1_64' title="bbox 1095 546 1910 585; baseline 0.007 -11"><span class='ocrx_word' id='word_1_500' title='bbox 1095 546 1098 547; x_wconf 58' lang='grc'><strong><em>⁷</em></strong></span> <span class='ocrx_word' id='word_1_501' title='bbox 1115 549 1350 583; x_wconf 86' lang='lat' dir='ltr'><strong>persequutionem</strong></span> <span class='ocrx_word' id='word_1_502' title='bbox 1372 550 1502 584; x_wconf 83' lang='lat' dir='ltr'><strong>patientes</strong></span> <span class='ocrx_word' id='word_1_503' title='bbox 1521 571 1529 581; x_wconf 90' lang='lat'><strong>,</strong></span> <span class='ocrx_word' id='word_1_504' title='bbox 1545 551 1636 585; x_wconf 88' lang='lat' dir='ltr'><strong>pulsos</strong></span> <span class='ocrx_word' id='word_1_505' title='bbox 1650 572 1658 584; x_wconf 94' lang='lat'><strong>,</strong></span> <span class='ocrx_word' id='word_1_506' title='bbox 1681 557 1708 578; x_wconf 90' lang='lat' dir='ltr'><strong>et</strong></span> <span class='ocrx_word' id='word_1_507' title='bbox 1732 552 1910 580; x_wconf 86' lang='lat' dir='ltr'><strong>intolerabilia</strong></span> 
     </span>
    </p>
   </div>
   <div class='ocr_carea' id='block_1_65' title="bbox 1115 593 1912 629">
    <p class='ocr_par' dir='ltr' id='par_1_65' title="bbox 1115 593 1912 629">
     <span class='ocr_line' id='line_1_65' title="bbox 1115 593 1912 629; baseline 0.008 -9"><span class='ocrx_word' id='word_1_508' title='bbox 1115 593 1296 627; x_wconf 86' lang='lat' dir='ltr'><strong>sustinentes;</strong></span> <span class='ocrx_word' id='word_1_509' title='bbox 1307 602 1359 622; x_wconf 93' lang='lat' dir='ltr'><strong>non</strong></span> <span class='ocrx_word' id='word_1_510' title='bbox 1372 595 1424 623; x_wconf 90' lang='lat' dir='ltr'><strong>illis</strong></span> <span class='ocrx_word' id='word_1_511' title='bbox 1438 600 1550 629; x_wconf 86' lang='lat' dir='ltr'><strong>tantum,</strong></span> <span class='ocrx_word' id='word_1_512' title='bbox 1562 597 1610 624; x_wconf 88' lang='lat' dir='ltr'><strong>sed</strong></span> <span class='ocrx_word' id='word_1_513' title='bbox 1621 598 1700 625; x_wconf 86' lang='lat' dir='ltr'><strong>etiam</strong></span> <span class='ocrx_word' id='word_1_514' title='bbox 1714 598 1838 626; x_wconf 89' lang='lat' dir='ltr'><strong>omnibus</strong></span> <span class='ocrx_word' id='word_1_515' title='bbox 1849 599 1912 627; x_wconf 82' lang='lat' dir='ltr'><strong>talia</strong></span> 
     </span>
    </p>
   </div>
   <div class='ocr_carea' id='block_1_66' title="bbox 1115 639 1910 672">
    <p class='ocr_par' dir='ltr' id='par_1_66' title="bbox 1115 639 1910 672">
     <span class='ocr_line' id='line_1_66' title="bbox 1115 639 1910 672; baseline 0.008 -6"><span class='ocrx_word' id='word_1_516' title='bbox 1115 639 1222 667; x_wconf 77' lang='lat' dir='ltr'><strong>fortiter</strong></span> <span class='ocrx_word' id='word_1_517' title='bbox 1246 640 1392 668; x_wconf 89' lang='lat' dir='ltr'><strong>ferentibus</strong></span> <span class='ocrx_word' id='word_1_518' title='bbox 1418 649 1547 669; x_wconf 84' lang='lat' dir='ltr'><strong>coronam</strong></span> <span class='ocrx_word' id='word_1_519' title='bbox 1574 643 1666 670; x_wconf 90' lang='lat' dir='ltr'><strong>nectit.</strong></span> <span class='ocrx_word' id='word_1_520' title='bbox 1680 644 1811 671; x_wconf 70' lang='lat' dir='ltr'><strong>(la-terum</strong></span> <span class='ocrx_word' id='word_1_521' title='bbox 1835 649 1864 672; x_wconf 92' lang='lat' dir='ltr'><strong>ut</strong></span> <span class='ocrx_word' id='word_1_522' title='bbox 1884 645 1910 672; x_wconf 88' lang='lat' dir='ltr'><strong>id</strong></span> 
     </span>
    </p>
   </div>
   <div class='ocr_carea' id='block_1_67' title="bbox 1114 685 1909 723">
    <p class='ocr_par' dir='ltr' id='par_1_67' title="bbox 1114 685 1909 723">
     <span class='ocr_line' id='line_1_67' title="bbox 1114 685 1909 723; baseline 0.008 -11"><span class='ocrx_word' id='word_1_523' title='bbox 1114 685 1212 713; x_wconf 84' lang='lat' dir='ltr'><strong>clarius</strong></span> <span class='ocrx_word' id='word_1_524' title='bbox 1225 686 1341 719; x_wconf 83' lang='lat' dir='ltr'><strong>evadat,</strong></span> <span class='ocrx_word' id='word_1_525' title='bbox 1355 692 1382 714; x_wconf 88' lang='lat' dir='ltr'><strong>et</strong></span> <span class='ocrx_word' id='word_1_526' title='bbox 1396 687 1484 714; x_wconf 86' lang='lat' dir='ltr'><strong>discas</strong></span> <span class='ocrx_word' id='word_1_527' title='bbox 1498 695 1529 715; x_wconf 89' lang='lat' dir='ltr'><strong>ea</strong></span> <span class='ocrx_word' id='word_1_528' title='bbox 1543 697 1602 723; x_wconf 75' lang='lat' dir='ltr'><strong>quae</strong></span> <span class='ocrx_word' id='word_1_529' title='bbox 1615 689 1683 716; x_wconf 85' lang='lat' dir='ltr'><strong>dicta</strong></span> <span class='ocrx_word' id='word_1_530' title='bbox 1694 695 1755 716; x_wconf 88' lang='lat' dir='ltr'><strong>sunt</strong></span> <span class='ocrx_word' id='word_1_531' title='bbox 1774 691 1820 717; x_wconf 91' lang='lat' dir='ltr'><strong>tibi</strong></span> <span class='ocrx_word' id='word_1_532' title='bbox 1834 698 1909 718; x_wconf 90' lang='lat' dir='ltr'><strong>com-</strong></span> 
     </span>
    </p>
   </div>
   <div class='ocr_carea' id='block_1_68' title="bbox 1114 732 1910 766">
    <p class='ocr_par' dir='ltr' id='par_1_68' title="bbox 1114 732 1910 766">
     <span class='ocr_line' id='line_1_68' title="bbox 1114 732 1910 766; baseline 0.008 -8"><span class='ocrx_word' id='word_1_533' title='bbox 1114 732 1205 759; x_wconf 88' lang='lat' dir='ltr'><strong>munia</strong></span> <span class='ocrx_word' id='word_1_534' title='bbox 1214 739 1286 766; x_wconf 81' lang='lat' dir='ltr'><strong>esse,</strong></span> <span class='ocrx_word' id='word_1_535' title='bbox 1301 739 1404 760; x_wconf 90' lang='lat' dir='ltr'><strong>necnon</strong></span> <span class='ocrx_word' id='word_1_536' title='bbox 1418 734 1465 761; x_wconf 90' lang='lat' dir='ltr'><strong>toti</strong></span> <span class='ocrx_word' id='word_1_537' title='bbox 1478 734 1600 761; x_wconf 77' lang='lat' dir='ltr'><strong>humana:</strong></span> <span class='ocrx_word' id='word_1_538' title='bbox 1612 741 1723 766; x_wconf 75' lang='lat' dir='ltr'><strong>naturae.</strong></span> <span class='ocrx_word' id='word_1_539' title='bbox 1735 736 1757 763; x_wconf 91' lang='lat' dir='ltr'><strong>si</strong></span> <span class='ocrx_word' id='word_1_540' title='bbox 1771 736 1910 764; x_wconf 83' lang='lat' dir='ltr'><strong>attendere</strong></span> 
     </span>
    </p>
   </div>
   <div class='ocr_carea' id='block_1_69' title="bbox 1114 777 1912 814">
    <p class='ocr_par' dir='ltr' id='par_1_69' title="bbox 1114 777 1912 814">
     <span class='ocr_line' id='line_1_69' title="bbox 1114 777 1912 814; baseline 0.009 -10"><span class='ocrx_word' id='word_1_541' title='bbox 1114 777 1249 805; x_wconf 89' lang='lat' dir='ltr'><strong>voluerint</strong></span> <span class='ocrx_word' id='word_1_542' title='bbox 1260 799 1268 812; x_wconf 89' lang='lat'><strong>,</strong></span> <span class='ocrx_word' id='word_1_543' title='bbox 1282 779 1343 806; x_wconf 87' lang='lat' dir='ltr'><strong>audi</strong></span> <span class='ocrx_word' id='word_1_544' title='bbox 1357 780 1490 814; x_wconf 84' lang='lat' dir='ltr'><strong>quomodo</strong></span> <span class='ocrx_word' id='word_1_545' title='bbox 1506 780 1576 808; x_wconf 89' lang='lat' dir='ltr'><strong>hunc</strong></span> <span class='ocrx_word' id='word_1_546' title='bbox 1590 781 1737 809; x_wconf 83' lang='lat' dir='ltr'><strong>mirabilem</strong></span> <span class='ocrx_word' id='word_1_547' title='bbox 1757 790 1912 811; x_wconf 80' lang='lat' dir='ltr'><strong>sermonem</strong></span> 
     </span>
    </p>
   </div>
   <div class='ocr_carea' id='block_1_70' title="bbox 1114 823 1911 864">
    <p class='ocr_par' dir='ltr' id='par_1_70' title="bbox 1114 823 1911 864">
     <span class='ocr_line' id='line_1_70' title="bbox 1114 823 1911 864; baseline 0.008 -15"><span class='ocrx_word' id='word_1_548' title='bbox 1114 823 1243 850; x_wconf 84' lang='lat' dir='ltr'><strong>ordialur.</strong></span> <span class='ocrx_word' id='word_1_549' title='bbox 1260 824 1287 851; x_wconf 83' lang='grc'><strong>5.</strong></span> <span class='ocrx_word' id='word_1_550' title='bbox 1302 823 1375 851; x_wconf 82' lang='lat' dir='ltr'><strong>Beati</strong></span> <span class='ocrx_word' id='word_1_551' title='bbox 1396 833 1519 861; x_wconf 80' lang='lat' dir='ltr'><strong>pauperes</strong></span> <span class='ocrx_word' id='word_1_552' title='bbox 1539 827 1628 862; x_wconf 76' lang='lat' dir='ltr'><strong>spiritu</strong></span> <span class='ocrx_word' id='word_1_553' title='bbox 1640 847 1648 860; x_wconf 92' lang='lat'><strong>,</strong></span> <span class='ocrx_word' id='word_1_554' title='bbox 1663 829 1782 863; x_wconf 84' lang='lat' dir='ltr'><strong>quoniam</strong></span> <span class='ocrx_word' id='word_1_555' title='bbox 1796 831 1911 864; x_wconf 79' lang='lat' dir='ltr'><strong>ipsorum</strong></span> 
     </span>
    </p>
   </div>
   <div class='ocr_carea' id='block_1_71' title="bbox 1115 870 1907 909">
    <p class='ocr_par' dir='ltr' id='par_1_71' title="bbox 1115 870 1907 909">
     <span class='ocr_line' id='line_1_71' title="bbox 1115 870 1907 909; baseline 0.009 -14"><span class='ocrx_word' id='word_1_556' title='bbox 1115 873 1151 895; x_wconf 77' lang='lat' dir='ltr'><strong>est</strong></span> <span class='ocrx_word' id='word_1_557' title='bbox 1166 877 1271 905; x_wconf 85' lang='lat' dir='ltr'><strong>regnum</strong></span> <span class='ocrx_word' id='word_1_558' title='bbox 1293 870 1422 897; x_wconf 64' lang='lat' dir='ltr'><strong>calorum.</strong></span> <span class='ocrx_word' id='word_1_559' title='bbox 1438 872 1487 906; x_wconf 84' lang='lat' dir='ltr'><strong>Qui</strong></span> <span class='ocrx_word' id='word_1_560' title='bbox 1504 877 1567 899; x_wconf 88' lang='lat' dir='ltr'><strong>sunt</strong></span> <span class='ocrx_word' id='word_1_561' title='bbox 1581 872 1710 908; x_wconf 78' lang='lat' dir='ltr'><strong>Paupercs</strong></span> <span class='ocrx_word' id='word_1_562' title='bbox 1724 874 1813 909; x_wconf 73' lang='lat' dir='ltr'><strong>spiritu</strong></span> <span class='ocrx_word' id='word_1_563' title='bbox 1826 875 1839 901; x_wconf 81' lang='lat'><strong><em>?</em></strong></span> <span class='ocrx_word' id='word_1_564' title='bbox 1853 875 1907 902; x_wconf 85' lang='lat' dir='ltr'><strong>litt-</strong></span> 
     </span>
    </p>
   </div>
   <div class='ocr_carea' id='block_1_72' title="bbox 1114 914 1909 952">
    <p class='ocr_par' dir='ltr' id='par_1_72' title="bbox 1114 914 1909 952">
     <span class='ocr_line' id='line_1_72' title="bbox 1114 914 1909 952; baseline 0.009 -11"><span class='ocrx_word' id='word_1_565' title='bbox 1114 914 1254 948; x_wconf 84' lang='lat' dir='ltr'><strong>miles,et</strong></span> <span class='ocrx_word' id='word_1_566' title='bbox 1278 916 1368 943; x_wconf 91' lang='lat' dir='ltr'><strong>animo</strong></span> <span class='ocrx_word' id='word_1_567' title='bbox 1388 917 1506 944; x_wconf 86' lang='lat' dir='ltr'><strong>contriti.</strong></span> <span class='ocrx_word' id='word_1_568' title='bbox 1528 917 1656 952; x_wconf 85' lang='lat' dir='ltr'><strong>Spiritum</strong></span> <span class='ocrx_word' id='word_1_569' title='bbox 1682 919 1753 946; x_wconf 93' lang='lat' dir='ltr'><strong>enim</strong></span> <span class='ocrx_word' id='word_1_570' title='bbox 1776 919 1818 947; x_wconf 91' lang='lat' dir='ltr'><strong>hic</strong></span> <span class='ocrx_word' id='word_1_571' title='bbox 1844 920 1909 948; x_wconf 84' lang='lat' dir='ltr'><strong>dicit</strong></span> 
     </span>
    </p>
   </div>
   <div class='ocr_carea' id='block_1_73' title="bbox 1115 961 1907 998">
    <p class='ocr_par' dir='ltr' id='par_1_73' title="bbox 1115 961 1907 998">
     <span class='ocr_line' id='line_1_73' title="bbox 1115 961 1907 998; baseline 0.008 -11"><span class='ocrx_word' id='word_1_572' title='bbox 1115 961 1231 988; x_wconf 89' lang='lat' dir='ltr'><strong>animam</strong></span> <span class='ocrx_word' id='word_1_573' title='bbox 1254 966 1282 989; x_wconf 89' lang='lat' dir='ltr'><strong>et</strong></span> <span class='ocrx_word' id='word_1_574' title='bbox 1297 962 1439 990; x_wconf 84' lang='lat' dir='ltr'><strong>voluntatis</strong></span> <span class='ocrx_word' id='word_1_575' title='bbox 1461 964 1635 998; x_wconf 91' lang='lat' dir='ltr'><strong>propositum.</strong></span> <span class='ocrx_word' id='word_1_576' title='bbox 1651 965 1716 998; x_wconf 82' lang='lat' dir='ltr'><strong>Quia</strong></span> <span class='ocrx_word' id='word_1_577' title='bbox 1739 965 1809 992; x_wconf 91' lang='lat' dir='ltr'><strong>enim</strong></span> <span class='ocrx_word' id='word_1_578' title='bbox 1831 967 1907 993; x_wconf 87' lang='lat' dir='ltr'><strong>multi</strong></span> 
     </span>
    </p>
   </div>
   <div class='ocr_carea' id='block_1_74' title="bbox 1115 1007 1908 1043">
    <p class='ocr_par' dir='ltr' id='par_1_74' title="bbox 1115 1007 1908 1043">
     <span class='ocr_line' id='line_1_74' title="bbox 1115 1007 1908 1043; baseline 0.009 -11"><span class='ocrx_word' id='word_1_579' title='bbox 1115 1011 1178 1033; x_wconf 88' lang='lat' dir='ltr'><strong>sunt</strong></span> <span class='ocrx_word' id='word_1_580' title='bbox 1191 1007 1318 1041; x_wconf 85' lang='lat' dir='ltr'><strong>humiles,</strong></span> <span class='ocrx_word' id='word_1_581' title='bbox 1332 1015 1385 1035; x_wconf 89' lang='lat' dir='ltr'><strong>non</strong></span> <span class='ocrx_word' id='word_1_582' title='bbox 1401 1014 1496 1043; x_wconf 83' lang='lat' dir='ltr'><strong>sponte</strong></span> <span class='ocrx_word' id='word_1_583' title='bbox 1507 1017 1555 1036; x_wconf 78' lang='lat' dir='ltr'><strong>sua</strong></span> <span class='ocrx_word' id='word_1_584' title='bbox 1566 1031 1574 1042; x_wconf 92' lang='lat'><strong>,</strong></span> <span class='ocrx_word' id='word_1_585' title='bbox 1588 1010 1635 1037; x_wconf 86' lang='lat' dir='ltr'><strong>sed</strong></span> <span class='ocrx_word' id='word_1_586' title='bbox 1648 1018 1737 1038; x_wconf 87' lang='lat' dir='ltr'><strong>rerum</strong></span> <span class='ocrx_word' id='word_1_587' title='bbox 1750 1012 1908 1039; x_wconf 81' lang='lat' dir='ltr'><strong>necessitate</strong></span> 
     </span>
    </p>
   </div>
   <div class='ocr_carea' id='block_1_75' title="bbox 1114 1052 1906 1094">
    <p class='ocr_par' dir='ltr' id='par_1_75' title="bbox 1114 1052 1906 1094">
     <span class='ocr_line' id='line_1_75' title="bbox 1114 1052 1906 1094; baseline 0.01 -16"><span class='ocrx_word' id='word_1_588' title='bbox 1114 1052 1199 1079; x_wconf 86' lang='lat' dir='ltr'><strong>coacti</strong></span> <span class='ocrx_word' id='word_1_589' title='bbox 1212 1073 1219 1084; x_wconf 95' lang='lat'><strong>,</strong></span> <span class='ocrx_word' id='word_1_590' title='bbox 1235 1053 1296 1080; x_wconf 90' lang='lat' dir='ltr'><strong>illos</strong></span> <span class='ocrx_word' id='word_1_591' title='bbox 1310 1054 1421 1081; x_wconf 87' lang='lat' dir='ltr'><strong>mittens</strong></span> <span class='ocrx_word' id='word_1_592' title='bbox 1432 1055 1441 1089; x_wconf 87' lang='lat'>(</span> <span class='ocrx_word' id='word_1_593' title='bbox 1453 1063 1539 1090; x_wconf 87' lang='lat' dir='ltr'><strong>neque</strong></span> <span class='ocrx_word' id='word_1_594' title='bbox 1553 1056 1623 1083; x_wconf 87' lang='lat' dir='ltr'><strong>enim</strong></span> <span class='ocrx_word' id='word_1_595' title='bbox 1638 1057 1663 1083; x_wconf 94' lang='lat' dir='ltr'><strong>id</strong></span> <span class='ocrx_word' id='word_1_596' title='bbox 1680 1056 1754 1084; x_wconf 84' lang='lat' dir='ltr'><strong>laudi</strong></span> <span class='ocrx_word' id='word_1_597' title='bbox 1766 1062 1809 1085; x_wconf 89' lang='lat' dir='ltr'><strong>est</strong></span> <span class='ocrx_word' id='word_1_598' title='bbox 1817 1056 1840 1094; x_wconf 83' lang='lat'><strong>),</strong></span> <span class='ocrx_word' id='word_1_599' title='bbox 1860 1065 1906 1086; x_wconf 82' lang='lat' dir='ltr'><strong>eos</strong></span> 
     </span>
    </p>
   </div>
   <div class='ocr_carea' id='block_1_76' title="bbox 1112 1098 1907 1138">
    <p class='ocr_par' dir='ltr' id='par_1_76' title="bbox 1112 1098 1907 1138">
     <span class='ocr_line' id='line_1_76' title="bbox 1112 1098 1907 1138; baseline 0.008 -14"><span class='ocrx_word' id='word_1_600' title='bbox 1112 1098 1158 1132; x_wconf 92' lang='lat' dir='ltr'><strong>qui</strong></span> <span class='ocrx_word' id='word_1_601' title='bbox 1181 1106 1214 1125; x_wconf 77' lang='lat' dir='ltr'><strong>ex</strong></span> <span class='ocrx_word' id='word_1_602' title='bbox 1227 1099 1374 1126; x_wconf 86' lang='lat' dir='ltr'><strong>voluntatis</strong></span> <span class='ocrx_word' id='word_1_603' title='bbox 1389 1102 1527 1135; x_wconf 82' lang='lat' dir='ltr'><strong>proposito</strong></span> <span class='ocrx_word' id='word_1_604' title='bbox 1545 1109 1604 1129; x_wconf 85' lang='lat' dir='ltr'><strong>sese</strong></span> <span class='ocrx_word' id='word_1_605' title='bbox 1617 1101 1758 1129; x_wconf 89' lang='lat' dir='ltr'><strong>bumiliant</strong></span> <span class='ocrx_word' id='word_1_606' title='bbox 1771 1110 1802 1130; x_wconf 87' lang='lat' dir='ltr'><strong>ac</strong></span> <span class='ocrx_word' id='word_1_607' title='bbox 1815 1103 1907 1138; x_wconf 91' lang='lat' dir='ltr'><strong>depri-</strong></span> 
     </span>
    </p>
   </div>
   <div class='ocr_carea' id='block_1_77' title="bbox 1114 1144 1907 1182">
    <p class='ocr_par' dir='ltr' id='par_1_77' title="bbox 1114 1144 1907 1182">
     <span class='ocr_line' id='line_1_77' title="bbox 1114 1144 1907 1182; baseline 0.008 -12"><span class='ocrx_word' id='word_1_608' title='bbox 1114 1148 1208 1177; x_wconf 87' lang='lat' dir='ltr'><strong>munt,</strong></span> <span class='ocrx_word' id='word_1_609' title='bbox 1223 1144 1325 1179; x_wconf 89' lang='lat' dir='ltr'><strong>primos</strong></span> <span class='ocrx_word' id='word_1_610' title='bbox 1336 1145 1427 1172; x_wconf 84' lang='lat' dir='ltr'><strong>beatos</strong></span> <span class='ocrx_word' id='word_1_611' title='bbox 1441 1147 1565 1181; x_wconf 77' lang='lat' dir='ltr'><strong>appellat.</strong></span> <span class='ocrx_word' id='word_1_612' title='bbox 1580 1147 1614 1174; x_wconf 87' lang='lat' dir='ltr'><strong>Et</strong></span> <span class='ocrx_word' id='word_1_613' title='bbox 1626 1155 1674 1174; x_wconf 83' lang='lat' dir='ltr'><strong>cur</strong></span> <span class='ocrx_word' id='word_1_614' title='bbox 1688 1156 1740 1175; x_wconf 91' lang='lat' dir='ltr'><strong>non</strong></span> <span class='ocrx_word' id='word_1_615' title='bbox 1753 1148 1835 1182; x_wconf 88' lang='lat' dir='ltr'><strong>dixit,</strong></span> <span class='ocrx_word' id='word_1_616' title='bbox 1852 1149 1907 1176; x_wconf 84' lang='lat' dir='ltr'><strong>Hu-</strong></span> 
     </span>
    </p>
   </div>
   <div class='ocr_carea' id='block_1_78' title="bbox 1113 1191 1905 1230">
    <p class='ocr_par' dir='ltr' id='par_1_78' title="bbox 1113 1191 1905 1230">
     <span class='ocr_line' id='line_1_78' title="bbox 1113 1191 1905 1230; baseline 0.006 -12"><span class='ocrx_word' id='word_1_617' title='bbox 1113 1191 1190 1218; x_wconf 87' lang='lat' dir='ltr'><strong>miles</strong></span> <span class='ocrx_word' id='word_1_618' title='bbox 1202 1212 1210 1225; x_wconf 83' lang='lat'><strong>,</strong></span> <span class='ocrx_word' id='word_1_619' title='bbox 1224 1192 1283 1225; x_wconf 85' lang='lat' dir='ltr'><strong>sed,</strong></span> <span class='ocrx_word' id='word_1_620' title='bbox 1301 1192 1455 1227; x_wconf 74' lang='lat' dir='ltr'><strong>Pauperesl</strong></span> <span class='ocrx_word' id='word_1_621' title='bbox 1467 1193 1534 1227; x_wconf 86' lang='lat' dir='ltr'><strong>Quia</strong></span> <span class='ocrx_word' id='word_1_622' title='bbox 1548 1194 1598 1222; x_wconf 89' lang='lat' dir='ltr'><strong>hoc</strong></span> <span class='ocrx_word' id='word_1_623' title='bbox 1612 1194 1658 1221; x_wconf 91' lang='lat' dir='ltr'><strong>illo</strong></span> <span class='ocrx_word' id='word_1_624' title='bbox 1672 1195 1840 1230; x_wconf 81' lang='lat' dir='ltr'><strong>praestantius</strong></span> <span class='ocrx_word' id='word_1_625' title='bbox 1853 1201 1905 1223; x_wconf 87' lang='lat' dir='ltr'><strong>est.</strong></span> 
     </span>
    </p>
   </div>
   <div class='ocr_carea' id='block_1_79' title="bbox 1114 1236 1907 1274">
    <p class='ocr_par' dir='ltr' id='par_1_79' title="bbox 1114 1236 1907 1274">
     <span class='ocr_line' id='line_1_79' title="bbox 1114 1236 1907 1274; baseline 0.006 -11"><span class='ocrx_word' id='word_1_626' title='bbox 1114 1236 1179 1263; x_wconf 81' lang='lat' dir='ltr'><strong>Nam</strong></span> <span class='ocrx_word' id='word_1_627' title='bbox 1195 1236 1238 1264; x_wconf 85' lang='lat' dir='ltr'><strong>hic</strong></span> <span class='ocrx_word' id='word_1_628' title='bbox 1248 1237 1314 1265; x_wconf 90' lang='lat' dir='ltr'><strong>dicit</strong></span> <span class='ocrx_word' id='word_1_629' title='bbox 1329 1245 1387 1271; x_wconf 87' lang='lat' dir='ltr'><strong>eos,</strong></span> <span class='ocrx_word' id='word_1_630' title='bbox 1403 1239 1447 1274; x_wconf 89' lang='lat' dir='ltr'><strong>qui</strong></span> <span class='ocrx_word' id='word_1_631' title='bbox 1466 1239 1511 1266; x_wconf 87' lang='lat' dir='ltr'><strong>Dei</strong></span> <span class='ocrx_word' id='word_1_632' title='bbox 1526 1245 1657 1274; x_wconf 62' lang='lat' dir='ltr'><strong>prmcepta</strong></span> <span class='ocrx_word' id='word_1_633' title='bbox 1671 1245 1791 1268; x_wconf 87' lang='lat' dir='ltr'><strong>metuunt</strong></span> <span class='ocrx_word' id='word_1_634' title='bbox 1802 1244 1830 1268; x_wconf 87' lang='lat' dir='ltr'><strong>et</strong></span> <span class='ocrx_word' id='word_1_635' title='bbox 1840 1248 1907 1269; x_wconf 70' lang='grc' dir='ltr'><strong>θυι-</strong></span> 
     </span>
    </p>
   </div>
   <div class='ocr_carea' id='block_1_80' title="bbox 1116 1283 1910 1322">
    <p class='ocr_par' dir='ltr' id='par_1_80' title="bbox 1116 1283 1910 1322">
     <span class='ocr_line' id='line_1_80' title="bbox 1116 1283 1910 1322; baseline 0.008 -13"><span class='ocrx_word' id='word_1_636' title='bbox 1116 1283 1272 1311; x_wconf 88' lang='lat' dir='ltr'><strong>tremiscunt</strong></span> <span class='ocrx_word' id='word_1_637' title='bbox 1287 1292 1294 1311; x_wconf 91' lang='lat'>:</span> <span class='ocrx_word' id='word_1_638' title='bbox 1309 1292 1376 1319; x_wconf 86' lang='lat' dir='ltr'><strong>quos</strong></span> <span class='ocrx_word' id='word_1_639' title='bbox 1395 1291 1421 1311; x_wconf 87' lang='lat' dir='ltr'><strong>et</strong></span> <span class='ocrx_word' id='word_1_640' title='bbox 1437 1293 1484 1320; x_wconf 88' lang='lat' dir='ltr'><strong>per</strong></span> <span class='ocrx_word' id='word_1_641' title='bbox 1497 1285 1591 1313; x_wconf 82' lang='lat' dir='ltr'><strong>Isaiam</strong></span> <span class='ocrx_word' id='word_1_642' title='bbox 1608 1286 1765 1322; x_wconf 80' lang='lat' dir='ltr'><strong>prophetam</strong></span> <span class='ocrx_word' id='word_1_643' title='bbox 1780 1294 1809 1315; x_wconf 89' lang='lat' dir='ltr'><strong>se</strong></span> <span class='ocrx_word' id='word_1_644' title='bbox 1828 1287 1910 1315; x_wconf 76' lang='lat' dir='ltr'><strong>valde</strong></span> 
     </span>
    </p>
   </div>
   <div class='ocr_carea' id='block_1_81' title="bbox 1113 1330 1908 1368">
    <p class='ocr_par' dir='ltr' id='par_1_81' title="bbox 1113 1330 1908 1368">
     <span class='ocr_line' id='line_1_81' title="bbox 1113 1330 1908 1368; baseline 0.005 -12"><span class='ocrx_word' id='word_1_645' title='bbox 1113 1334 1238 1365; x_wconf 82' lang='lat' dir='ltr'><strong>acceptos</strong></span> <span class='ocrx_word' id='word_1_646' title='bbox 1254 1330 1352 1358; x_wconf 87' lang='lat' dir='ltr'><strong>habere</strong></span> <span class='ocrx_word' id='word_1_647' title='bbox 1369 1331 1441 1358; x_wconf 86' lang='lat' dir='ltr'><strong>Deus</strong></span> <span class='ocrx_word' id='word_1_648' title='bbox 1451 1331 1570 1359; x_wconf 81' lang='lat' dir='ltr'><strong>declarat</strong></span> <span class='ocrx_word' id='word_1_649' title='bbox 1585 1341 1591 1359; x_wconf 89' lang='lat'><strong>:</strong></span> <span class='ocrx_word' id='word_1_650' title='bbox 1609 1333 1648 1359; x_wconf 72' lang='lat' dir='ltr'><strong>.td</strong></span> <span class='ocrx_word' id='word_1_651' title='bbox 1661 1341 1733 1368; x_wconf 86' lang='lat' dir='ltr'><strong>quem</strong></span> <span class='ocrx_word' id='word_1_652' title='bbox 1749 1333 1882 1368; x_wconf 74' lang='lat' dir='ltr'><strong>respiciam</strong></span> <span class='ocrx_word' id='word_1_653' title='bbox 1895 1354 1908 1366; x_wconf 71' lang='grc'><em>,</em></span> 
     </span>
    </p>
   </div>
   <div class='ocr_carea' id='block_1_82' title="bbox 1112 1377 1905 1415">
    <p class='ocr_par' dir='ltr' id='par_1_82' title="bbox 1112 1377 1905 1415">
     <span class='ocr_line' id='line_1_82' title="bbox 1112 1377 1905 1415; baseline 0.003 -11"><span class='ocrx_word' id='word_1_654' title='bbox 1112 1378 1163 1405; x_wconf 74' lang='lat' dir='ltr'><strong>nisi</strong></span> <span class='ocrx_word' id='word_1_655' title='bbox 1179 1377 1214 1403; x_wconf 87' lang='lat' dir='ltr'><strong>ad</strong></span> <span class='ocrx_word' id='word_1_656' title='bbox 1225 1383 1385 1405; x_wconf 86' lang='lat' dir='ltr'><strong>mansuetum</strong></span> <span class='ocrx_word' id='word_1_657' title='bbox 1396 1384 1419 1406; x_wconf 89' lang='lat' dir='ltr'><strong>et</strong></span> <span class='ocrx_word' id='word_1_658' title='bbox 1430 1381 1554 1415; x_wconf 80' lang='lat' dir='ltr'><strong>quietum,</strong></span> <span class='ocrx_word' id='word_1_659' title='bbox 1567 1384 1589 1406; x_wconf 86' lang='lat' dir='ltr'><strong>et</strong></span> <span class='ocrx_word' id='word_1_660' title='bbox 1600 1384 1748 1408; x_wconf 79' lang='lat' dir='ltr'><strong>trementem</strong></span> <span class='ocrx_word' id='word_1_661' title='bbox 1762 1381 1835 1408; x_wconf 82' lang='lat' dir='ltr'><strong>verba</strong></span> <span class='ocrx_word' id='word_1_662' title='bbox 1849 1388 1905 1407; x_wconf 83' lang='lat' dir='ltr'><strong>utea</strong></span> 
     </span>
    </p>
   </div>
   <div class='ocr_carea' id='block_1_83' title="bbox 1112 1423 1334 1459">
    <p class='ocr_par' dir='ltr' id='par_1_83' title="bbox 1112 1423 1334 1459">
     <span class='ocr_line' id='line_1_83' title="bbox 1112 1423 1334 1459; baseline 0.009 -10"><span class='ocrx_word' id='word_1_663' title='bbox 1112 1423 1196 1458; x_wconf 78' lang='lat' dir='ltr'><strong>(Isai.</strong></span> <span class='ocrx_word' id='word_1_664' title='bbox 1213 1424 1257 1451; x_wconf 83' lang='lat'><strong>66.</strong></span> <span class='ocrx_word' id='word_1_665' title='bbox 1271 1424 1290 1451; x_wconf 76' lang='lat'><strong>2</strong></span> <span class='ocrx_word' id='word_1_666' title='bbox 1304 1425 1334 1459; x_wconf 69' lang='lat' dir='ltr'><strong>)Y</strong></span> 
     </span>
    </p>
   </div>
   <div class='ocr_carea' id='block_1_84' title="bbox 1148 1469 1910 1506">
    <p class='ocr_par' dir='ltr' id='par_1_84' title="bbox 1148 1469 1910 1506">
     <span class='ocr_line' id='line_1_84' title="bbox 1148 1469 1910 1506; baseline 0.013 -10"><span class='ocrx_word' id='word_1_667' title='bbox 1148 1470 1175 1497; x_wconf 79' lang='lat'><strong>2.</strong></span> <span class='ocrx_word' id='word_1_668' title='bbox 1196 1469 1274 1498; x_wconf 83' lang='lat' dir='ltr'><strong>Multi</strong></span> <span class='ocrx_word' id='word_1_669' title='bbox 1296 1472 1447 1499; x_wconf 78' lang='lat' dir='ltr'><strong>humilitatis</strong></span> <span class='ocrx_word' id='word_1_670' title='bbox 1469 1473 1547 1500; x_wconf 88' lang='lat' dir='ltr'><strong>modi.</strong></span> <span class='ocrx_word' id='word_1_671' title='bbox 1566 1489 1601 1494; x_wconf 94' lang='lat'><strong><em>—</em></strong></span> <span class='ocrx_word' id='word_1_672' title='bbox 1619 1474 1722 1502; x_wconf 88' lang='lat' dir='ltr'><strong>Etenim</strong></span> <span class='ocrx_word' id='word_1_673' title='bbox 1745 1477 1820 1504; x_wconf 87' lang='lat' dir='ltr'><strong>multi</strong></span> <span class='ocrx_word' id='word_1_674' title='bbox 1843 1483 1910 1506; x_wconf 78' lang='lat' dir='ltr'><strong>sunt.</strong></span> 
     </span>
    </p>
   </div>
   <div class='ocr_carea' id='block_1_85' title="bbox 1113 1516 1908 1554">
    <p class='ocr_par' dir='ltr' id='par_1_85' title="bbox 1113 1516 1908 1554">
     <span class='ocr_line' id='line_1_85' title="bbox 1113 1516 1908 1554; baseline 0.009 -10"><span class='ocrx_word' id='word_1_675' title='bbox 1113 1516 1269 1544; x_wconf 85' lang='lat' dir='ltr'><strong>humilitatis</strong></span> <span class='ocrx_word' id='word_1_676' title='bbox 1278 1518 1369 1546; x_wconf 84' lang='lat' dir='ltr'><strong>modi:</strong></span> <span class='ocrx_word' id='word_1_677' title='bbox 1384 1524 1410 1545; x_wconf 88' lang='lat' dir='ltr'><strong>et</strong></span> <span class='ocrx_word' id='word_1_678' title='bbox 1422 1519 1488 1546; x_wconf 89' lang='lat' dir='ltr'><strong>alius</strong></span> <span class='ocrx_word' id='word_1_679' title='bbox 1499 1519 1606 1554; x_wconf 87' lang='lat' dir='ltr'><strong>quidem</strong></span> <span class='ocrx_word' id='word_1_680' title='bbox 1616 1526 1659 1548; x_wconf 66' lang='lat' dir='ltr'><strong>est</strong></span> <span class='ocrx_word' id='word_1_681' title='bbox 1670 1522 1807 1551; x_wconf 87' lang='lat' dir='ltr'><strong>moderate</strong></span> <span class='ocrx_word' id='word_1_682' title='bbox 1819 1523 1908 1551; x_wconf 89' lang='lat' dir='ltr'><strong>humi-</strong></span> 
     </span>
    </p>
   </div>
   <div class='ocr_carea' id='block_1_86' title="bbox 1114 1563 1906 1601">
    <p class='ocr_par' dir='ltr' id='par_1_86' title="bbox 1114 1563 1906 1601">
     <span class='ocr_line' id='line_1_86' title="bbox 1114 1563 1906 1601; baseline 0.01 -11"><span class='ocrx_word' id='word_1_683' title='bbox 1114 1563 1163 1595; x_wconf 89' lang='lat' dir='ltr'><strong>lis,</strong></span> <span class='ocrx_word' id='word_1_684' title='bbox 1179 1565 1246 1590; x_wconf 79' lang='lat' dir='ltr'><strong>al.us</strong></span> <span class='ocrx_word' id='word_1_685' title='bbox 1262 1571 1325 1590; x_wconf 85' lang='lat' dir='ltr'><strong>vero</strong></span> <span class='ocrx_word' id='word_1_686' title='bbox 1340 1571 1419 1598; x_wconf 88' lang='lat' dir='ltr'><strong>supra</strong></span> <span class='ocrx_word' id='word_1_687' title='bbox 1434 1565 1552 1593; x_wconf 91' lang='lat' dir='ltr'><strong>modum.</strong></span> <span class='ocrx_word' id='word_1_688' title='bbox 1576 1566 1650 1594; x_wconf 88' lang='lat' dir='ltr'><strong>Hanc</strong></span> <span class='ocrx_word' id='word_1_689' title='bbox 1673 1575 1754 1601; x_wconf 90' lang='lat' dir='ltr'><strong>porro</strong></span> <span class='ocrx_word' id='word_1_690' title='bbox 1770 1568 1906 1598; x_wconf 86' lang='lat' dir='ltr'><strong>humilita-</strong></span> 
     </span>
    </p>
   </div>
   <div class='ocr_carea' id='block_1_87' title="bbox 1114 1610 1908 1651">
    <p class='ocr_par' dir='ltr' id='par_1_87' title="bbox 1114 1610 1908 1651">
     <span class='ocr_line' id='line_1_87' title="bbox 1114 1610 1908 1651; baseline 0.009 -14"><span class='ocrx_word' id='word_1_691' title='bbox 1114 1614 1167 1637; x_wconf 88' lang='lat' dir='ltr'><strong>tem</strong></span> <span class='ocrx_word' id='word_1_692' title='bbox 1182 1610 1270 1638; x_wconf 71' lang='lat' dir='ltr'><strong>laudat</strong></span> <span class='ocrx_word' id='word_1_693' title='bbox 1287 1612 1380 1638; x_wconf 87' lang='lat' dir='ltr'><strong>beatus</strong></span> <span class='ocrx_word' id='word_1_694' title='bbox 1395 1612 1542 1647; x_wconf 83' lang='lat' dir='ltr'><strong>propheta,</strong></span> <span class='ocrx_word' id='word_1_695' title='bbox 1559 1621 1610 1640; x_wconf 93' lang='lat' dir='ltr'><strong>non</strong></span> <span class='ocrx_word' id='word_1_696' title='bbox 1627 1614 1783 1648; x_wconf 84' lang='lat' dir='ltr'><strong>depressum</strong></span> <span class='ocrx_word' id='word_1_697' title='bbox 1802 1617 1908 1651; x_wconf 55' lang='lat' dir='ltr'><strong>simpli-</strong></span> 
     </span>
    </p>
   </div>
   <div class='ocr_carea' id='block_1_88' title="bbox 1113 1656 1906 1696">
    <p class='ocr_par' dir='ltr' id='par_1_88' title="bbox 1113 1656 1906 1696">
     <span class='ocr_line' id='line_1_88' title="bbox 1113 1656 1906 1696; baseline 0.01 -13"><span class='ocrx_word' id='word_1_698' title='bbox 1113 1656 1181 1684; x_wconf 89' lang='lat' dir='ltr'><strong>citer</strong></span> <span class='ocrx_word' id='word_1_699' title='bbox 1201 1657 1320 1684; x_wconf 82' lang='lat' dir='ltr'><strong>animum</strong></span> <span class='ocrx_word' id='word_1_700' title='bbox 1343 1658 1514 1693; x_wconf 88' lang='lat' dir='ltr'><strong>describens,</strong></span> <span class='ocrx_word' id='word_1_701' title='bbox 1537 1660 1584 1687; x_wconf 79' lang='lat' dir='ltr'><strong>sed</strong></span> <span class='ocrx_word' id='word_1_702' title='bbox 1607 1661 1717 1689; x_wconf 91' lang='lat' dir='ltr'><strong>omnino</strong></span> <span class='ocrx_word' id='word_1_703' title='bbox 1743 1664 1906 1696; x_wconf 86' lang='lat' dir='ltr'><strong>contritum,</strong></span> 
     </span>
    </p>
   </div>
   <div class='ocr_carea' id='block_1_89' title="bbox 1113 1704 1908 1741">
    <p class='ocr_par' dir='ltr' id='par_1_89' title="bbox 1113 1704 1908 1741">
     <span class='ocr_line' id='line_1_89' title="bbox 1113 1704 1908 1741; baseline 0.009 -11"><span class='ocrx_word' id='word_1_704' title='bbox 1113 1711 1173 1730; x_wconf 87' lang='lat' dir='ltr'><strong>cum</strong></span> <span class='ocrx_word' id='word_1_705' title='bbox 1192 1708 1246 1730; x_wconf 78' lang='lat' dir='ltr'><strong>ait:</strong></span> <span class='ocrx_word' id='word_1_706' title='bbox 1266 1704 1428 1738; x_wconf 78' lang='lat' dir='ltr'><strong>Sacriﬁcium</strong></span> <span class='ocrx_word' id='word_1_707' title='bbox 1448 1704 1502 1732; x_wconf 82' lang='lat' dir='ltr'><strong>Deo</strong></span> <span class='ocrx_word' id='word_1_708' title='bbox 1522 1707 1626 1740; x_wconf 79' lang='lat' dir='ltr'><strong>spiritus</strong></span> <span class='ocrx_word' id='word_1_709' title='bbox 1650 1708 1842 1741; x_wconf 84' lang='lat' dir='ltr'><strong>contribulatus,</strong></span> <span class='ocrx_word' id='word_1_710' title='bbox 1863 1718 1908 1736; x_wconf 73' lang='lat' dir='ltr'><strong>cor</strong></span> 
     </span>
    </p>
   </div>
   <div class='ocr_carea' id='block_1_90' title="bbox 1114 1749 1906 1790">
    <p class='ocr_par' dir='ltr' id='par_1_90' title="bbox 1114 1749 1906 1790">
     <span class='ocr_line' id='line_1_90' title="bbox 1114 1749 1906 1790; baseline 0.01 -15"><span class='ocrx_word' id='word_1_711' title='bbox 1114 1749 1250 1776; x_wconf 78' lang='lat' dir='ltr'><strong>contritum</strong></span> <span class='ocrx_word' id='word_1_712' title='bbox 1261 1755 1285 1776; x_wconf 89' lang='lat' dir='ltr'><strong>et</strong></span> <span class='ocrx_word' id='word_1_713' title='bbox 1297 1750 1475 1783; x_wconf 87' lang='lat' dir='ltr'><strong>Itumiliatum,</strong></span> <span class='ocrx_word' id='word_1_714' title='bbox 1500 1751 1583 1784; x_wconf 80' lang='lat' dir='ltr'><strong>Deus,</strong></span> <span class='ocrx_word' id='word_1_715' title='bbox 1609 1761 1660 1780; x_wconf 72' lang='lat' dir='ltr'><strong>non</strong></span> <span class='ocrx_word' id='word_1_716' title='bbox 1680 1754 1800 1790; x_wconf 78' lang='lat' dir='ltr'><strong>despicies</strong></span> <span class='ocrx_word' id='word_1_717' title='bbox 1818 1755 1906 1790; x_wconf 80' lang='lat' dir='ltr'><strong>(Psal.</strong></span> 
     </span>
    </p>
   </div>
   <div class='ocr_carea' id='block_1_91' title="bbox 1114 1795 1909 1835">
    <p class='ocr_par' dir='ltr' id='par_1_91' title="bbox 1114 1795 1909 1835">
     <span class='ocr_line' id='line_1_91' title="bbox 1114 1795 1909 1835; baseline 0.01 -14"><span class='ocrx_word' id='word_1_718' title='bbox 1114 1795 1159 1822; x_wconf 64' lang='lat'><strong>50.</strong></span> <span class='ocrx_word' id='word_1_719' title='bbox 1181 1795 1237 1829; x_wconf 87' lang='lat' dir='ltr'><strong>f9).</strong></span> <span class='ocrx_word' id='word_1_720' title='bbox 1256 1796 1330 1823; x_wconf 85' lang='lat' dir='ltr'><strong>llanc</strong></span> <span class='ocrx_word' id='word_1_721' title='bbox 1350 1801 1377 1823; x_wconf 84' lang='lat' dir='ltr'><strong>et</strong></span> <span class='ocrx_word' id='word_1_722' title='bbox 1399 1801 1453 1824; x_wconf 88' lang='lat' dir='ltr'><strong>tres</strong></span> <span class='ocrx_word' id='word_1_723' title='bbox 1476 1797 1552 1832; x_wconf 87' lang='lat' dir='ltr'><strong>pueri</strong></span> <span class='ocrx_word' id='word_1_724' title='bbox 1577 1806 1626 1833; x_wconf 90' lang='lat' dir='ltr'><strong>pro</strong></span> <span class='ocrx_word' id='word_1_725' title='bbox 1652 1807 1748 1835; x_wconf 79' lang='lat' dir='ltr'><strong>otagno</strong></span> <span class='ocrx_word' id='word_1_726' title='bbox 1774 1801 1909 1830; x_wconf 29' lang='lat' dir='ltr'><strong>sacrificio.</strong></span> 
     </span>
    </p>
   </div>
   <div class='ocr_carea' id='block_1_92' title="bbox 1115 1842 1909 1882">
    <p class='ocr_par' dir='ltr' id='par_1_92' title="bbox 1115 1842 1909 1882">
     <span class='ocr_line' id='line_1_92' title="bbox 1115 1842 1909 1882; baseline 0.008 -14"><span class='ocrx_word' id='word_1_727' title='bbox 1115 1842 1170 1869; x_wconf 83' lang='lat' dir='ltr'><strong>Deo</strong></span> <span class='ocrx_word' id='word_1_728' title='bbox 1184 1842 1309 1875; x_wconf 85' lang='lat' dir='ltr'><strong>oll&#39;erunt,</strong></span> <span class='ocrx_word' id='word_1_729' title='bbox 1323 1842 1442 1870; x_wconf 83' lang='lat' dir='ltr'><strong>dicentes</strong></span> <span class='ocrx_word' id='word_1_730' title='bbox 1455 1852 1461 1870; x_wconf 92' lang='lat'><strong><em>:</em></strong></span> <span class='ocrx_word' id='word_1_731' title='bbox 1478 1843 1531 1871; x_wconf 85' lang='lat' dir='ltr'><strong>Sed</strong></span> <span class='ocrx_word' id='word_1_732' title='bbox 1550 1844 1577 1870; x_wconf 85' lang='lat' dir='ltr'><strong>in</strong></span> <span class='ocrx_word' id='word_1_733' title='bbox 1597 1845 1682 1872; x_wconf 81' lang='lat' dir='ltr'><strong>anima</strong></span> <span class='ocrx_word' id='word_1_734' title='bbox 1695 1847 1812 1880; x_wconf 85' lang='lat' dir='ltr'><strong>contrita,</strong></span> <span class='ocrx_word' id='word_1_735' title='bbox 1826 1852 1848 1874; x_wconf 89' lang='lat' dir='ltr'><strong>et</strong></span> <span class='ocrx_word' id='word_1_736' title='bbox 1859 1849 1909 1882; x_wconf 75' lang='lat' dir='ltr'><strong>spi-</strong></span> 
     </span>
    </p>
   </div>
   <div class='ocr_carea' id='block_1_93' title="bbox 1114 1889 1909 1928">
    <p class='ocr_par' dir='ltr' id='par_1_93' title="bbox 1114 1889 1909 1928">
     <span class='ocr_line' id='line_1_93' title="bbox 1114 1889 1909 1928; baseline 0.009 -14"><span class='ocrx_word' id='word_1_737' title='bbox 1114 1889 1162 1914; x_wconf 84' lang='lat' dir='ltr'><strong>ritu</strong></span> <span class='ocrx_word' id='word_1_738' title='bbox 1174 1889 1307 1916; x_wconf 82' lang='lat' dir='ltr'><strong>Itumiliato</strong></span> <span class='ocrx_word' id='word_1_739' title='bbox 1315 1890 1484 1924; x_wconf 82' lang='lat' dir='ltr'><strong>suscipiamur</strong></span> <span class='ocrx_word' id='word_1_740' title='bbox 1498 1890 1582 1925; x_wconf 86' lang='lat' dir='ltr'><strong>(Dan.</strong></span> <span class='ocrx_word' id='word_1_741' title='bbox 1596 1891 1624 1919; x_wconf 79' lang='grc'><strong>5.</strong></span> <span class='ocrx_word' id='word_1_742' title='bbox 1639 1892 1695 1928; x_wconf 77' lang='grc'><strong>59).</strong></span> <span class='ocrx_word' id='word_1_743' title='bbox 1708 1892 1782 1921; x_wconf 84' lang='lat' dir='ltr'><strong>Hanc</strong></span> <span class='ocrx_word' id='word_1_744' title='bbox 1792 1899 1819 1921; x_wconf 89' lang='lat' dir='ltr'><strong>et</strong></span> <span class='ocrx_word' id='word_1_745' title='bbox 1830 1894 1909 1921; x_wconf 49' lang='grc' dir='ltr'><strong>ειη-ᾗ</strong></span> 
     </span>
    </p>
   </div>
   <div class='ocr_carea' id='block_1_94' title="bbox 1113 1935 1912 1970">
    <p class='ocr_par' dir='ltr' id='par_1_94' title="bbox 1113 1935 1912 1970">
     <span class='ocr_line' id='line_1_94' title="bbox 1113 1935 1912 1970; baseline 0.009 -10"><span class='ocrx_word' id='word_1_746' title='bbox 1113 1939 1171 1961; x_wconf 89' lang='lat' dir='ltr'><strong>stus</strong></span> <span class='ocrx_word' id='word_1_747' title='bbox 1185 1935 1289 1962; x_wconf 87' lang='lat' dir='ltr'><strong>beatam</strong></span> <span class='ocrx_word' id='word_1_748' title='bbox 1304 1943 1374 1962; x_wconf 88' lang='lat' dir='ltr'><strong>nunc</strong></span> <span class='ocrx_word' id='word_1_749' title='bbox 1390 1936 1525 1970; x_wconf 59' lang='lat' dir='ltr'><strong>praedicat.</strong></span> <span class='ocrx_word' id='word_1_750' title='bbox 1541 1937 1607 1969; x_wconf 85' lang='lat' dir='ltr'><strong>Quia</strong></span> <span class='ocrx_word' id='word_1_751' title='bbox 1623 1938 1694 1964; x_wconf 80' lang='lat' dir='ltr'><strong>enim</strong></span> <span class='ocrx_word' id='word_1_752' title='bbox 1709 1939 1823 1966; x_wconf 82' lang='lat' dir='ltr'><strong>maxima</strong></span> <span class='ocrx_word' id='word_1_753' title='bbox 1837 1940 1912 1967; x_wconf 76' lang='lat' dir='ltr'><strong>mala</strong></span> 
     </span>
    </p>
   </div>
   <div class='ocr_carea' id='block_1_95' title="bbox 1114 1982 1908 2020">
    <p class='ocr_par' dir='ltr' id='par_1_95' title="bbox 1114 1982 1908 2020">
     <span class='ocr_line' id='line_1_95' title="bbox 1114 1982 1908 2020; baseline 0.009 -14"><span class='ocrx_word' id='word_1_754' title='bbox 1114 1988 1173 2015; x_wconf 67' lang='lat' dir='ltr'><strong>qua:</strong></span> <span class='ocrx_word' id='word_1_755' title='bbox 1199 1985 1282 2007; x_wconf 87' lang='lat' dir='ltr'><strong>totum</strong></span> <span class='ocrx_word' id='word_1_756' title='bbox 1307 1982 1401 2009; x_wconf 91' lang='lat' dir='ltr'><strong>orbem</strong></span> <span class='ocrx_word' id='word_1_757' title='bbox 1425 1982 1584 2010; x_wconf 73' lang='lat' dir='ltr'><strong>labefactant</strong></span> <span class='ocrx_word' id='word_1_758' title='bbox 1608 1991 1642 2010; x_wconf 82' lang='lat' dir='ltr'><strong>ex</strong></span> <span class='ocrx_word' id='word_1_759' title='bbox 1663 1985 1786 2018; x_wconf 85' lang='lat' dir='ltr'><strong>superbia</strong></span> <span class='ocrx_word' id='word_1_760' title='bbox 1800 1985 1908 2020; x_wconf 85' lang='lat' dir='ltr'><strong>prodic-</strong></span> 
     </span>
    </p>
   </div>
   <div class='ocr_carea' id='block_1_96' title="bbox 1114 2028 1909 2065">
    <p class='ocr_par' dir='ltr' id='par_1_96' title="bbox 1114 2028 1909 2065">
     <span class='ocr_line' id='line_1_96' title="bbox 1114 2028 1909 2065; baseline 0.009 -12"><span class='ocrx_word' id='word_1_761' title='bbox 1114 2032 1193 2059; x_wconf 83' lang='lat' dir='ltr'><strong>ruut;</strong></span> <span class='ocrx_word' id='word_1_762' title='bbox 1213 2028 1429 2063; x_wconf 86' lang='lat' dir='ltr'><strong>quandoquidem</strong></span> <span class='ocrx_word' id='word_1_763' title='bbox 1452 2029 1593 2063; x_wconf 87' lang='lat' dir='ltr'><strong>diabolus,</strong></span> <span class='ocrx_word' id='word_1_764' title='bbox 1616 2030 1662 2065; x_wconf 87' lang='lat' dir='ltr'><strong>qui</strong></span> <span class='ocrx_word' id='word_1_765' title='bbox 1687 2031 1746 2058; x_wconf 91' lang='lat' dir='ltr'><strong>talis</strong></span> <span class='ocrx_word' id='word_1_766' title='bbox 1767 2036 1829 2059; x_wconf 84' lang='lat' dir='ltr'><strong>anle</strong></span> <span class='ocrx_word' id='word_1_767' title='bbox 1853 2040 1909 2061; x_wconf 91' lang='lat' dir='ltr'><strong>non</strong></span> 
     </span>
    </p>
   </div>
   <div class='ocr_carea' id='block_1_97' title="bbox 1115 2074 1911 2111">
    <p class='ocr_par' dir='ltr' id='par_1_97' title="bbox 1115 2074 1911 2111">
     <span class='ocr_line' id='line_1_97' title="bbox 1115 2074 1911 2111; baseline 0.005 -10"><span class='ocrx_word' id='word_1_768' title='bbox 1115 2074 1200 2102; x_wconf 88' lang='lat' dir='ltr'><strong>fuerat</strong></span> <span class='ocrx_word' id='word_1_769' title='bbox 1210 2095 1217 2106; x_wconf 92' lang='lat'><strong>,</strong></span> <span class='ocrx_word' id='word_1_770' title='bbox 1232 2075 1271 2102; x_wconf 90' lang='lat' dir='ltr'><strong>sic</strong></span> <span class='ocrx_word' id='word_1_771' title='bbox 1287 2075 1408 2102; x_wconf 86' lang='lat' dir='ltr'><strong>diabolus</strong></span> <span class='ocrx_word' id='word_1_772' title='bbox 1421 2075 1533 2103; x_wconf 72' lang='lat' dir='ltr'><strong>effectus</strong></span> <span class='ocrx_word' id='word_1_773' title='bbox 1547 2082 1588 2103; x_wconf 87' lang='lat' dir='ltr'><strong>est</strong></span> <span class='ocrx_word' id='word_1_774' title='bbox 1605 2085 1611 2104; x_wconf 96' lang='lat'>:</span> <span class='ocrx_word' id='word_1_775' title='bbox 1626 2076 1697 2111; x_wconf 85' lang='lat' dir='ltr'><strong>quod</strong></span> <span class='ocrx_word' id='word_1_776' title='bbox 1715 2077 1796 2105; x_wconf 91' lang='lat' dir='ltr'><strong>etiam</strong></span> <span class='ocrx_word' id='word_1_777' title='bbox 1811 2077 1911 2106; x_wconf 83' lang='lat' dir='ltr'><strong>Paulus</strong></span> 
     </span>
    </p>
   </div>
   <div class='ocr_carea' id='block_1_98' title="bbox 1114 2121 1907 2160">
    <p class='ocr_par' dir='ltr' id='par_1_98' title="bbox 1114 2121 1907 2160">
     <span class='ocr_line' id='line_1_98' title="bbox 1114 2121 1907 2160; baseline 0.005 -12"><span class='ocrx_word' id='word_1_778' title='bbox 1114 2121 1236 2150; x_wconf 85' lang='lat' dir='ltr'><strong>dicebat:</strong></span> <span class='ocrx_word' id='word_1_779' title='bbox 1250 2121 1275 2149; x_wconf 88' lang='grc' dir='ltr'><strong><em>Ν</em></strong></span> <span class='ocrx_word' id='word_1_780' title='bbox 1279 2130 1291 2149; x_wconf 86' lang='lat' dir='ltr'><strong>e</strong></span> <span class='ocrx_word' id='word_1_781' title='bbox 1303 2123 1407 2157; x_wconf 76' lang='lat' dir='ltr'><strong>inﬂatus</strong></span> <span class='ocrx_word' id='word_1_782' title='bbox 1417 2123 1443 2149; x_wconf 85' lang='lat' dir='ltr'><strong>in</strong></span> <span class='ocrx_word' id='word_1_783' title='bbox 1451 2123 1577 2158; x_wconf 86' lang='lat' dir='ltr'><strong>judicium</strong></span> <span class='ocrx_word' id='word_1_784' title='bbox 1588 2123 1682 2150; x_wconf 82' lang='lat' dir='ltr'><strong>incidat</strong></span> <span class='ocrx_word' id='word_1_785' title='bbox 1693 2124 1788 2151; x_wconf 85' lang='lat' dir='ltr'><strong>diaboli</strong></span> <span class='ocrx_word' id='word_1_786' title='bbox 1798 2125 1821 2160; x_wconf 83' lang='grc'><strong>(1</strong></span> <span class='ocrx_word' id='word_1_787' title='bbox 1829 2124 1907 2152; x_wconf 86' lang='lat' dir='ltr'><strong>.Tim.</strong></span> 
     </span>
    </p>
   </div>
   <div class='ocr_carea' id='block_1_99' title="bbox 1113 2162 1910 2206">
    <p class='ocr_par' dir='ltr' id='par_1_99' title="bbox 1113 2162 1910 2206">
     <span class='ocr_line' id='line_1_99' title="bbox 1113 2162 1910 2206; baseline 0.004 -11"><span class='ocrx_word' id='word_1_788' title='bbox 1113 2167 1141 2196; x_wconf 85' lang='lat'><strong>3.</strong></span> <span class='ocrx_word' id='word_1_789' title='bbox 1158 2168 1195 2202; x_wconf 85' lang='lat'><strong>6).</strong></span> <span class='ocrx_word' id='word_1_790' title='bbox 1211 2168 1315 2195; x_wconf 89' lang='lat' dir='ltr'><strong>Primus</strong></span> <span class='ocrx_word' id='word_1_791' title='bbox 1329 2176 1434 2203; x_wconf 91' lang='lat' dir='ltr'><strong>quoque</strong></span> <span class='ocrx_word' id='word_1_792' title='bbox 1448 2169 1527 2196; x_wconf 89' lang='lat' dir='ltr'><strong>homo</strong></span> <span class='ocrx_word' id='word_1_793' title='bbox 1542 2168 1592 2196; x_wconf 88' lang='lat' dir='ltr'><strong>hac</strong></span> <span class='ocrx_word' id='word_1_794' title='bbox 1605 2169 1733 2197; x_wconf 85' lang='lat' dir='ltr'><strong>adiabolo</strong></span> <span class='ocrx_word' id='word_1_795' title='bbox 1746 2162 1852 2198; x_wconf 81' lang='lat' dir='ltr'><strong>inflatus</strong></span> <span class='ocrx_word' id='word_1_796' title='bbox 1860 2178 1910 2206; x_wconf 77' lang='lat' dir='ltr'><strong>spe</strong></span> 
     </span>
    </p>
   </div>
   <div class='ocr_carea' id='block_1_100' title="bbox 1113 2214 1909 2252">
    <p class='ocr_par' dir='ltr' id='par_1_100' title="bbox 1113 2214 1909 2252">
     <span class='ocr_line' id='line_1_100' title="bbox 1113 2214 1909 2252; baseline 0.005 -12"><span class='ocrx_word' id='word_1_797' title='bbox 1113 2214 1294 2249; x_wconf 75' lang='lat' dir='ltr'><strong>pra-cipitatus</strong></span> <span class='ocrx_word' id='word_1_798' title='bbox 1315 2219 1342 2241; x_wconf 89' lang='lat' dir='ltr'><strong>et</strong></span> <span class='ocrx_word' id='word_1_799' title='bbox 1357 2215 1478 2241; x_wconf 71' lang='lat' dir='ltr'><strong>mortalis</strong></span> <span class='ocrx_word' id='word_1_800' title='bbox 1500 2214 1584 2242; x_wconf 87' lang='lat' dir='ltr'><strong>factus</strong></span> <span class='ocrx_word' id='word_1_801' title='bbox 1599 2220 1661 2243; x_wconf 86' lang='lat' dir='ltr'><strong>est:</strong></span> <span class='ocrx_word' id='word_1_802' title='bbox 1677 2223 1738 2244; x_wconf 89' lang='lat' dir='ltr'><strong>cum</strong></span> <span class='ocrx_word' id='word_1_803' title='bbox 1753 2216 1823 2243; x_wconf 91' lang='lat' dir='ltr'><strong>enim</strong></span> <span class='ocrx_word' id='word_1_804' title='bbox 1843 2224 1909 2252; x_wconf 81' lang='lat' dir='ltr'><strong>spe-</strong></span> 
     </span>
    </p>
   </div>
   <div class='ocr_carea' id='block_1_101' title="bbox 1114 2260 1912 2297">
    <p class='ocr_par' dir='ltr' id='par_1_101' title="bbox 1114 2260 1912 2297">
     <span class='ocr_line' id='line_1_101' title="bbox 1114 2260 1912 2297; baseline 0.003 -10"><span class='ocrx_word' id='word_1_805' title='bbox 1114 2266 1200 2288; x_wconf 88' lang='lat' dir='ltr'><strong>rasset</strong></span> <span class='ocrx_word' id='word_1_806' title='bbox 1212 2269 1241 2288; x_wconf 88' lang='lat' dir='ltr'><strong>se</strong></span> <span class='ocrx_word' id='word_1_807' title='bbox 1255 2260 1334 2288; x_wconf 87' lang='lat' dir='ltr'><strong>detnn</strong></span> <span class='ocrx_word' id='word_1_808' title='bbox 1358 2260 1415 2288; x_wconf 84' lang='lat' dir='ltr'><strong>fore</strong></span> <span class='ocrx_word' id='word_1_809' title='bbox 1426 2282 1433 2293; x_wconf 96' lang='lat'><strong>,</strong></span> <span class='ocrx_word' id='word_1_810' title='bbox 1448 2260 1527 2288; x_wconf 90' lang='lat' dir='ltr'><strong>etiam</strong></span> <span class='ocrx_word' id='word_1_811' title='bbox 1548 2261 1573 2288; x_wconf 91' lang='lat' dir='ltr'><strong>id</strong></span> <span class='ocrx_word' id='word_1_812' title='bbox 1597 2261 1668 2296; x_wconf 91' lang='lat' dir='ltr'><strong>quod</strong></span> <span class='ocrx_word' id='word_1_813' title='bbox 1691 2261 1806 2289; x_wconf 86' lang='lat' dir='ltr'><strong>habebat</strong></span> <span class='ocrx_word' id='word_1_814' title='bbox 1821 2262 1912 2297; x_wconf 83' lang='lat' dir='ltr'><strong>perdi—</strong></span> 
     </span>
    </p>
   </div>
   <div class='ocr_carea' id='block_1_102' title="bbox 1113 2306 1908 2344">
    <p class='ocr_par' dir='ltr' id='par_1_102' title="bbox 1113 2306 1908 2344">
     <span class='ocr_line' id='line_1_102' title="bbox 1113 2306 1908 2344; baseline 0 -10"><span class='ocrx_word' id='word_1_815' title='bbox 1113 2307 1164 2334; x_wconf 89' lang='lat' dir='ltr'><strong>dit.</strong></span> <span class='ocrx_word' id='word_1_816' title='bbox 1179 2306 1254 2340; x_wconf 89' lang='lat' dir='ltr'><strong>Quod</strong></span> <span class='ocrx_word' id='word_1_817' title='bbox 1275 2312 1303 2333; x_wconf 88' lang='lat' dir='ltr'><strong>et.</strong></span> <span class='ocrx_word' id='word_1_818' title='bbox 1328 2307 1397 2334; x_wconf 83' lang='lat' dir='ltr'><strong>Deus</strong></span> <span class='ocrx_word' id='word_1_819' title='bbox 1422 2306 1471 2342; x_wconf 83' lang='lat' dir='ltr'><strong>ipsi</strong></span> <span class='ocrx_word' id='word_1_820' title='bbox 1488 2308 1670 2344; x_wconf 72' lang='lat' dir='ltr'><strong>exprobrans,</strong></span> <span class='ocrx_word' id='word_1_821' title='bbox 1681 2312 1708 2334; x_wconf 85' lang='lat' dir='ltr'><strong>et</strong></span> <span class='ocrx_word' id='word_1_822' title='bbox 1729 2308 1908 2342; x_wconf 83' lang='lat' dir='ltr'><strong>insipientiam</strong></span> 
     </span>
    </p>
   </div>
   <div class='ocr_carea' id='block_1_103' title="bbox 1113 2352 1908 2388">
    <p class='ocr_par' dir='ltr' id='par_1_103' title="bbox 1113 2352 1908 2388">
     <span class='ocr_line' id='line_1_103' title="bbox 1113 2352 1908 2388; baseline -0.001 -8"><span class='ocrx_word' id='word_1_823' title='bbox 1113 2353 1171 2387; x_wconf 87' lang='lat' dir='ltr'><strong>ejus</strong></span> <span class='ocrx_word' id='word_1_824' title='bbox 1191 2353 1351 2385; x_wconf 87' lang='lat' dir='ltr'><strong>traducens,</strong></span> <span class='ocrx_word' id='word_1_825' title='bbox 1372 2353 1495 2380; x_wconf 83' lang='lat' dir='ltr'><strong>dicebat:</strong></span> <span class='ocrx_word' id='word_1_826' title='bbox 1513 2352 1580 2378; x_wconf 82' lang='lat' dir='ltr'><strong>Ecce</strong></span> <span class='ocrx_word' id='word_1_827' title='bbox 1596 2353 1677 2379; x_wconf 83' lang='lat' dir='ltr'><strong>Adam</strong></span> <span class='ocrx_word' id='word_1_828' title='bbox 1698 2353 1781 2388; x_wconf 79' lang='lat' dir='ltr'><strong>[actus</strong></span> <span class='ocrx_word' id='word_1_829' title='bbox 1793 2353 1908 2380; x_wconf 71' lang='lat' dir='ltr'><strong>utsicut</strong></span> 
     </span>
    </p>
   </div>
   <div class='ocr_carea' id='block_1_104' title="bbox 1113 2397 1909 2434">
    <p class='ocr_par' dir='ltr' id='par_1_104' title="bbox 1113 2397 1909 2434">
     <span class='ocr_line' id='line_1_104' title="bbox 1113 2397 1909 2434; baseline -0.001 -8"><span class='ocrx_word' id='word_1_830' title='bbox 1113 2407 1180 2426; x_wconf 80' lang='lat' dir='ltr'><strong>unus</strong></span> <span class='ocrx_word' id='word_1_831' title='bbox 1193 2407 1224 2426; x_wconf 74' lang='lat' dir='ltr'><strong>ex</strong></span> <span class='ocrx_word' id='word_1_832' title='bbox 1237 2398 1308 2425; x_wconf 81' lang='lat' dir='ltr'><strong>nobis</strong></span> <span class='ocrx_word' id='word_1_833' title='bbox 1328 2397 1406 2434; x_wconf 79' lang='lat' dir='ltr'><strong>(Gen.</strong></span> <span class='ocrx_word' id='word_1_834' title='bbox 1427 2399 1454 2426; x_wconf 79' lang='lat'><strong>5.</strong></span> <span class='ocrx_word' id='word_1_835' title='bbox 1475 2397 1533 2433; x_wconf 71' lang='lat'><strong>2‘2).</strong></span> <span class='ocrx_word' id='word_1_836' title='bbox 1557 2397 1659 2433; x_wconf 73' lang='lat' dir='ltr'><strong>Singuli</strong></span> <span class='ocrx_word' id='word_1_837' title='bbox 1681 2403 1771 2426; x_wconf 86' lang='lat' dir='ltr'><strong>autem</strong></span> <span class='ocrx_word' id='word_1_838' title='bbox 1786 2399 1831 2433; x_wconf 91' lang='lat' dir='ltr'><strong>qui</strong></span> <span class='ocrx_word' id='word_1_839' title='bbox 1849 2403 1909 2433; x_wconf 86' lang='lat' dir='ltr'><strong>post</strong></span> 
     </span>
    </p>
   </div>
   <div class='ocr_carea' id='block_1_105' title="bbox 1113 2444 1909 2480">
    <p class='ocr_par' dir='ltr' id='par_1_105' title="bbox 1113 2444 1909 2480">
     <span class='ocr_line' id='line_1_105' title="bbox 1113 2444 1909 2480; baseline -0.001 -8"><span class='ocrx_word' id='word_1_840' title='bbox 1113 2445 1236 2478; x_wconf 87' lang='lat' dir='ltr'><strong>fuerunt,</strong></span> <span class='ocrx_word' id='word_1_841' title='bbox 1262 2445 1324 2472; x_wconf 92' lang='lat' dir='ltr'><strong>hinc</strong></span> <span class='ocrx_word' id='word_1_842' title='bbox 1339 2446 1363 2471; x_wconf 94' lang='lat' dir='ltr'><strong>in</strong></span> <span class='ocrx_word' id='word_1_843' title='bbox 1388 2445 1551 2480; x_wconf 85' lang='lat' dir='ltr'><strong>impietatem</strong></span> <span class='ocrx_word' id='word_1_844' title='bbox 1575 2444 1685 2479; x_wconf 80' lang='lat' dir='ltr'><strong>collapsi</strong></span> <span class='ocrx_word' id='word_1_845' title='bbox 1706 2448 1785 2478; x_wconf 87' lang='lat' dir='ltr'><strong>sunt,</strong></span> <span class='ocrx_word' id='word_1_846' title='bbox 1805 2452 1835 2472; x_wconf 89' lang='lat' dir='ltr'><strong>se</strong></span> <span class='ocrx_word' id='word_1_847' title='bbox 1852 2445 1909 2473; x_wconf 87' lang='lat' dir='ltr'><strong>Deo</strong></span> 
     </span>
    </p>
   </div>
   <div class='ocr_carea' id='block_1_106' title="bbox 1113 2490 1908 2526">
    <p class='ocr_par' dir='ltr' id='par_1_106' title="bbox 1113 2490 1908 2526">
     <span class='ocr_line' id='line_1_106' title="bbox 1113 2490 1908 2526; baseline 0 -8"><span class='ocrx_word' id='word_1_848' title='bbox 1113 2491 1229 2526; x_wconf 68' lang='lat' dir='ltr'><strong>mquales</strong></span> <span class='ocrx_word' id='word_1_849' title='bbox 1251 2491 1436 2526; x_wconf 80' lang='lat' dir='ltr'><strong>inmginantes.</strong></span> <span class='ocrx_word' id='word_1_850' title='bbox 1459 2490 1589 2524; x_wconf 86' lang='lat' dir='ltr'><strong>Quoniam</strong></span> <span class='ocrx_word' id='word_1_851' title='bbox 1610 2490 1690 2526; x_wconf 74' lang='lat' dir='ltr'><strong>igitur</strong></span> <span class='ocrx_word' id='word_1_852' title='bbox 1704 2491 1762 2519; x_wconf 72' lang='lat' dir='ltr'><strong>haec</strong></span> <span class='ocrx_word' id='word_1_853' title='bbox 1775 2491 1908 2518; x_wconf 88' lang='lat' dir='ltr'><strong>malorum</strong></span> 
     </span>
    </p>
   </div>
   <div class='ocr_carea' id='block_1_107' title="bbox 1113 2537 1908 2573">
    <p class='ocr_par' dir='ltr' id='par_1_107' title="bbox 1113 2537 1908 2573">
     <span class='ocr_line' id='line_1_107' title="bbox 1113 2537 1908 2573; baseline 0 -9"><span class='ocrx_word' id='word_1_854' title='bbox 1113 2545 1160 2565; x_wconf 81' lang='lat' dir='ltr'><strong>arx</strong></span> <span class='ocrx_word' id='word_1_855' title='bbox 1183 2542 1254 2571; x_wconf 87' lang='lat' dir='ltr'><strong>erat,</strong></span> <span class='ocrx_word' id='word_1_856' title='bbox 1273 2538 1390 2573; x_wconf 87' lang='lat' dir='ltr'><strong>itemque</strong></span> <span class='ocrx_word' id='word_1_857' title='bbox 1412 2537 1490 2565; x_wconf 79' lang='lat' dir='ltr'><strong>radix</strong></span> <span class='ocrx_word' id='word_1_858' title='bbox 1515 2542 1543 2565; x_wconf 92' lang='lat' dir='ltr'><strong>et</strong></span> <span class='ocrx_word' id='word_1_859' title='bbox 1566 2537 1625 2564; x_wconf 87' lang='lat' dir='ltr'><strong>fons</strong></span> <span class='ocrx_word' id='word_1_860' title='bbox 1647 2538 1735 2566; x_wconf 87' lang='lat' dir='ltr'><strong>omnis</strong></span> <span class='ocrx_word' id='word_1_861' title='bbox 1759 2537 1908 2573; x_wconf 71' lang='lat' dir='ltr'><strong>nequitite:</strong></span> 
     </span>
    </p>
   </div>
   <div class='ocr_carea' id='block_1_108' title="bbox 1113 2583 1912 2619">
    <p class='ocr_par' dir='ltr' id='par_1_108' title="bbox 1113 2583 1912 2619">
     <span class='ocr_line' id='line_1_108' title="bbox 1113 2583 1912 2619; baseline -0.001 -8"><span class='ocrx_word' id='word_1_862' title='bbox 1113 2585 1208 2611; x_wconf 89' lang='lat' dir='ltr'><strong>tnorbo</strong></span> <span class='ocrx_word' id='word_1_863' title='bbox 1220 2591 1371 2619; x_wconf 75' lang='lat' dir='ltr'><strong>congruens</strong></span> <span class='ocrx_word' id='word_1_864' title='bbox 1387 2583 1535 2611; x_wconf 87' lang='lat' dir='ltr'><strong>remedium</strong></span> <span class='ocrx_word' id='word_1_865' title='bbox 1550 2591 1700 2618; x_wconf 85' lang='lat' dir='ltr'><strong>apparans,</strong></span> <span class='ocrx_word' id='word_1_866' title='bbox 1715 2583 1789 2619; x_wconf 81' lang='lat' dir='ltr'><strong>quasi</strong></span> <span class='ocrx_word' id='word_1_867' title='bbox 1804 2583 1912 2611; x_wconf 87' lang='lat' dir='ltr'><strong>l‘uuda—</strong></span> 
     </span>
    </p>
   </div>
   <div class='ocr_carea' id='block_1_109' title="bbox 1113 2629 1908 2665">
    <p class='ocr_par' dir='ltr' id='par_1_109' title="bbox 1113 2629 1908 2665">
     <span class='ocr_line' id='line_1_109' title="bbox 1113 2629 1908 2665; baseline -0.003 -6"><span class='ocrx_word' id='word_1_868' title='bbox 1113 2636 1233 2659; x_wconf 89' lang='lat' dir='ltr'><strong>mentum</strong></span> <span class='ocrx_word' id='word_1_869' title='bbox 1250 2631 1354 2658; x_wconf 89' lang='lat' dir='ltr'><strong>firmum</strong></span> <span class='ocrx_word' id='word_1_870' title='bbox 1366 2635 1394 2658; x_wconf 90' lang='lat' dir='ltr'><strong>et</strong></span> <span class='ocrx_word' id='word_1_871' title='bbox 1405 2635 1491 2657; x_wconf 91' lang='lat' dir='ltr'><strong>tutum</strong></span> <span class='ocrx_word' id='word_1_872' title='bbox 1505 2629 1574 2657; x_wconf 89' lang='lat' dir='ltr'><strong>hanc</strong></span> <span class='ocrx_word' id='word_1_873' title='bbox 1587 2629 1702 2664; x_wconf 89' lang='lat' dir='ltr'><strong>primam</strong></span> <span class='ocrx_word' id='word_1_874' title='bbox 1710 2630 1799 2665; x_wconf 85' lang='lat' dir='ltr'><strong>posuit</strong></span> <span class='ocrx_word' id='word_1_875' title='bbox 1809 2630 1908 2665; x_wconf 75' lang='lat' dir='ltr'><strong>legem.</strong></span> 
     </span>
    </p>
   </div>
   <div class='ocr_carea' id='block_1_110' title="bbox 1114 2676 1909 2712">
    <p class='ocr_par' dir='ltr' id='par_1_110' title="bbox 1114 2676 1909 2712">
     <span class='ocr_line' id='line_1_110' title="bbox 1114 2676 1909 2712; baseline -0.004 -7"><span class='ocrx_word' id='word_1_876' title='bbox 1114 2678 1170 2705; x_wconf 86' lang='lat' dir='ltr'><strong>Hac</strong></span> <span class='ocrx_word' id='word_1_877' title='bbox 1190 2678 1262 2706; x_wconf 89' lang='lat' dir='ltr'><strong>enim</strong></span> <span class='ocrx_word' id='word_1_878' title='bbox 1284 2677 1384 2712; x_wconf 83' lang='lat' dir='ltr'><strong>posita,</strong></span> <span class='ocrx_word' id='word_1_879' title='bbox 1402 2681 1459 2704; x_wconf 87' lang='lat' dir='ltr'><strong>tuto</strong></span> <span class='ocrx_word' id='word_1_880' title='bbox 1472 2682 1568 2704; x_wconf 56' lang='lat' dir='ltr'><strong>cratera</strong></span> <span class='ocrx_word' id='word_1_881' title='bbox 1582 2676 1672 2703; x_wconf 88' lang='lat' dir='ltr'><strong>omnia</strong></span> <span class='ocrx_word' id='word_1_882' title='bbox 1686 2676 1844 2712; x_wconf 85' lang='lat' dir='ltr'><strong>superponit</strong></span> <span class='ocrx_word' id='word_1_883' title='bbox 1862 2683 1909 2702; x_wconf 82' lang='lat' dir='ltr'><strong>ar-</strong></span> 
     </span>
    </p>
   </div>
   <div class='ocr_carea' id='block_1_111' title="bbox 1113 2723 1914 2759">
    <p class='ocr_par' dir='ltr' id='par_1_111' title="bbox 1113 2723 1914 2759">
     <span class='ocr_line' id='line_1_111' title="bbox 1113 2723 1914 2759; baseline -0.002 -7"><span class='ocrx_word' id='word_1_884' title='bbox 1113 2725 1266 2752; x_wconf 80' lang='lat' dir='ltr'><strong>chitectus:</strong></span> <span class='ocrx_word' id='word_1_885' title='bbox 1283 2724 1333 2752; x_wconf 82' lang='lat' dir='ltr'><strong>hac</strong></span> <span class='ocrx_word' id='word_1_886' title='bbox 1356 2731 1420 2751; x_wconf 90' lang='lat' dir='ltr'><strong>vero</strong></span> <span class='ocrx_word' id='word_1_887' title='bbox 1444 2723 1566 2756; x_wconf 84' lang='lat' dir='ltr'><strong>sublata,</strong></span> <span class='ocrx_word' id='word_1_888' title='bbox 1593 2723 1616 2751; x_wconf 89' lang='lat' dir='ltr'><strong>si</strong></span> <span class='ocrx_word' id='word_1_889' title='bbox 1641 2723 1702 2759; x_wconf 86' lang='lat' dir='ltr'><strong>quis</strong></span> <span class='ocrx_word' id='word_1_890' title='bbox 1724 2730 1760 2751; x_wconf 75' lang='lat' dir='ltr'><strong>es</strong></span> <span class='ocrx_word' id='word_1_891' title='bbox 1783 2723 1914 2750; x_wconf 24' lang='lat' dir='ltr'><strong>instituto,</strong></span> 
     </span>
    </p>
   </div>
   <div class='ocr_carea' id='block_1_112' title="bbox 1113 2769 1908 2806">
    <p class='ocr_par' dir='ltr' id='par_1_112' title="bbox 1113 2769 1908 2806">
     <span class='ocr_line' id='line_1_112' title="bbox 1113 2769 1908 2806; baseline -0.003 -7"><span class='ocrx_word' id='word_1_892' title='bbox 1113 2772 1174 2800; x_wconf 64' lang='lat' dir='ltr'><strong>vitat</strong></span> <span class='ocrx_word' id='word_1_893' title='bbox 1187 2771 1230 2799; x_wconf 79' lang='lat' dir='ltr'><strong>vel</strong></span> <span class='ocrx_word' id='word_1_894' title='bbox 1244 2771 1278 2798; x_wconf 92' lang='lat' dir='ltr'><strong>ad</strong></span> <span class='ocrx_word' id='word_1_895' title='bbox 1290 2770 1385 2798; x_wconf 64' lang='lat' dir='ltr'><strong>caelum</strong></span> <span class='ocrx_word' id='word_1_896' title='bbox 1399 2770 1532 2806; x_wconf 64' lang='lat' dir='ltr'><strong>pertingat</strong></span> <span class='ocrx_word' id='word_1_897' title='bbox 1541 2790 1548 2803; x_wconf 95' lang='lat'><strong>,</strong></span> <span class='ocrx_word' id='word_1_898' title='bbox 1566 2770 1657 2797; x_wconf 89' lang='lat' dir='ltr'><strong>omnia</strong></span> <span class='ocrx_word' id='word_1_899' title='bbox 1677 2769 1755 2798; x_wconf 84' lang='lat' dir='ltr'><strong>facile</strong></span> <span class='ocrx_word' id='word_1_900' title='bbox 1767 2774 1865 2803; x_wconf 87' lang='lat' dir='ltr'><strong>ruunt,</strong></span> <span class='ocrx_word' id='word_1_901' title='bbox 1880 2773 1908 2797; x_wconf 82' lang='lat' dir='ltr'><strong>et</strong></span> 
     </span>
    </p>
   </div>
   <div class='ocr_carea' id='block_1_113' title="bbox 1114 2815 1911 2852">
    <p class='ocr_par' dir='ltr' id='par_1_113' title="bbox 1114 2815 1911 2852">
     <span class='ocr_line' id='line_1_113' title="bbox 1114 2815 1911 2852; baseline -0.004 -7"><span class='ocrx_word' id='word_1_902' title='bbox 1114 2817 1140 2845; x_wconf 90' lang='lat' dir='ltr'><strong>in</strong></span> <span class='ocrx_word' id='word_1_903' title='bbox 1154 2824 1299 2852; x_wconf 79' lang='lat' dir='ltr'><strong>pessuuum</strong></span> <span class='ocrx_word' id='word_1_904' title='bbox 1311 2816 1390 2845; x_wconf 75' lang='lat' dir='ltr'><strong>linem</strong></span> <span class='ocrx_word' id='word_1_905' title='bbox 1404 2816 1540 2844; x_wconf 88' lang='lat' dir='ltr'><strong>desinunt.</strong></span> <span class='ocrx_word' id='word_1_906' title='bbox 1553 2815 1607 2844; x_wconf 85' lang='lat' dir='ltr'><strong>Etsi</strong></span> <span class='ocrx_word' id='word_1_907' title='bbox 1621 2815 1752 2851; x_wconf 79' lang='lat' dir='ltr'><strong>jejunium</strong></span> <span class='ocrx_word' id='word_1_908' title='bbox 1760 2835 1769 2850; x_wconf 93' lang='lat'><strong>,</strong></span> <span class='ocrx_word' id='word_1_909' title='bbox 1781 2815 1832 2844; x_wconf 82' lang='lat' dir='ltr'><strong>etsi</strong></span> <span class='ocrx_word' id='word_1_910' title='bbox 1847 2823 1911 2843; x_wconf 84' lang='lat' dir='ltr'><strong>ora-</strong></span> 
     </span>
    </p>
   </div>
  </div>
