2073 3127
163 134 218 161 9.25

166 194 289 224 tionem,
317 193 369 220 etsi
391 192 592 229 eleemosynam
606 213 614 226 ,
640 192 690 220 etsi
712 193 862 220 castitatem
908 194 960 221 etsi

163 237 238 265 aliud
261 238 367 273 quidvis
386 239 486 265 bonum
500 238 658 273 collegeris,
678 238 780 274 absque
794 239 960 273 humilitate,

165 284 292 311 dil‘lluunt
306 284 412 316 omnia,
428 289 455 311 et
471 288 592 318 pereunt.
606 283 632 311 Id
645 285 725 311 etiam
742 284 877 312 Pharisaeo
892 285 961 312 acci-

162 330 201 356 dit
214 329 293 363 (Luc.
309 329 372 365 l8).
386 330 452 357 Nam
468 338 529 358 cum
550 330 583 357 ad
603 331 688 365 ipsum
709 330 815 358 culmen
835 331 960 366 pertigis-

162 380 220 408 set,
238 377 365 404 omnibus
380 378 487 404 amissis
502 378 626 412 delapsus
642 382 693 409 est,
709 378 770 413 quia
784 384 896 406 matrem
911 378 960 405 bo-

163 430 261 450 norum
284 431 338 450 non
361 423 462 451 habuit.
486 423 715 457 Quemadmodum
741 425 813 452 enim
835 425 958 460 superbia

160 469 221 496 l‘ous
242 470 333 497 omnis
356 471 482 504 nequitiae
503 475 560 501 est,
583 471 621 497 sic
637 470 772 497 humilitas
786 471 959 506 philosophiae

159 515 251 542 omnis
275 516 448 551 principium.
470 516 649 549 Quamobrem
666 516 727 544 hinc
742 517 849 551 incipit,
864 526 895 544 ex
912 525 958 544 au-

157 562 280 590 ditorum
299 563 396 590 animis
419 563 598 598 arrogantiam
619 564 739 591 evelletts
754 564 892 591 radicitus.
909 564 959 591 Ec-

158 609 222 643 quid
237 609 291 637 hoc
303 609 336 637 ad
347 610 510 644 discipulos,
525 610 628 645 inquies
639 631 645 642 ,
661 611 706 645 qui
718 611 827 638 omnino
841 611 958 638 humiles

157 656 261 682 erant?
282 655 387 682 Nullam
408 657 479 683 enim
504 657 663 691 arrogantia:
685 663 777 683 ansam
803 657 955 690 habebant,

158 703 309 736 piscatores
320 710 379 730 cum
392 707 481 730 essent
493 724 500 735 ,
515 710 646 737 pauperes
656 723 664 735 ,
679 702 803 735 obscuri,
819 707 844 729 ot
854 703 953 730 idiotat.

158 747 215 775 Esi
232 747 293 775 hac
314 748 348 775 ad
370 748 514 782 discipulos
537 756 588 775 non
613 753 782 782 spectarent,
800 749 845 776 sed
861 749 893 776 ad
909 757 955 777 eos

155 793 202 828 qui
219 799 369 828 praesentes
382 799 458 821 erant
472 793 531 821 haec
545 794 680 829 pertinere
696 785 818 829 poterant
828 815 835 825 ,
851 803 955 822 net-non

155 839 188 866 ad
200 847 252 867 eos
264 840 308 875 qui
320 845 412 874 postea
427 840 499 875 ipsos
515 840 652 874 excepturi
664 845 750 871 erant,
767 848 800 868 tte
813 846 953 875 propterea

158 885 235 919 ipsos
252 885 436 919 despicerent;
454 885 508 912 imo
524 893 588 912 vero
602 885 635 912 ad
650 886 796 920 discipulos
812 886 870 914 lta-c
885 887 953 913 dicta

155 935 247 958 erant.
262 930 373 958 Etiamsi
393 930 465 957 enim
484 938 536 957 non
558 935 637 963 ttmc,
652 937 679 957 at
696 937 785 965 postea
800 939 865 966 opus
880 931 954 958 huhi-

155 976 208 1003 turi
230 981 308 1004 erant
331 974 374 1003 illa
394 977 451 1003 utili
473 977 612 1005 cautione.
637 981 697 1012 post
718 978 793 1012 signa
816 986 911 1013 nempe
926 984 953 1006 et

154 1024 288 1051 miracula
299 1045 306 1055 ,
321 1028 381 1058 post
405 1029 506 1050 tantum
524 1024 550 1050 in
566 1025 630 1051 orbe
646 1024 794 1057 honorem,
809 1030 836 1052 et
851 1031 950 1053 tantatn

156 1071 182 1096 in
203 1070 262 1098 Deo
275 1070 410 1097 ﬁduciam.
431 1070 523 1105 Neque
542 1071 612 1098 enim
626 1070 740 1103 divitiae,
757 1079 843 1106 ncqtte
858 1077 952 1106 poten-

154 1117 210 1146 tia,
228 1123 315 1151 neqtte
336 1124 446 1151 regnum
474 1117 507 1144 ita
526 1118 677 1151 quempiam
701 1122 825 1152 poterant
843 1118 949 1151 ell'erre,

156 1166 185 1188 ut
207 1169 242 1188 ea
266 1162 357 1189 omnia
381 1169 441 1197 qua:
462 1162 594 1198 apostolis
615 1163 801 1197 suppetebant.
826 1164 949 1199 Alioquin

155 1212 247 1235 autem
264 1207 321 1235 ﬁeri
336 1212 442 1243 poterat
455 1212 485 1234 ut
497 1209 577 1235 etiam
597 1215 660 1236 ante
678 1209 807 1236 miracula
822 1209 951 1237 ell‘erren-

155 1257 210 1285 tur,
236 1257 337 1279 lautam
360 1253 556 1280 multitudinem
582 1260 740 1287 cernentes,
767 1259 794 1282 et
817 1255 948 1282 theatrum

155 1298 219 1326 illud
234 1299 304 1334 quod
324 1298 463 1326 doctorem
483 1307 562 1327 suutn
584 1299 785 1332 circumdabat;
808 1306 881 1328 certe
902 1301 948 1327 ltu-

155 1353 264 1371 manum
293 1345 428 1380 quidpiam
450 1345 504 1380 pati
532 1350 665 1380 poterant.
688 1346 788 1373 Idcirco
811 1346 869 1374 illos
892 1352 948 1374 sla-

155 1392 201 1417 tim
217 1390 342 1425 reprimit
358 1398 394 1418 ne
418 1391 502 1418 altum
524 1392 638 1426 sapiant.
653 1391 744 1426 Neque
758 1392 827 1420 dicta
841 1400 887 1420 sua
901 1393 948 1420 ad-

154 1437 313 1464 monitionis
326 1437 366 1464 vel
383 1442 579 1471 prteceptorum
592 1445 668 1465 more
682 1438 793 1472 profert,
816 1439 862 1466 sed
883 1447 946 1473 pro-

154 1483 248 1517 posita:
272 1483 445 1510 beatitudinis
473 1483 574 1516 forma,
604 1483 644 1511 sic
671 1484 815 1518 gratiorem
838 1485 947 1513 ordiens

154 1536 328 1561 set-munem,
349 1534 376 1556 et
394 1528 523 1556 doctrina:
543 1529 656 1556 stadium
676 1530 799 1558 omnibus
811 1534 945 1566 aperiens.

156 1574 215 1601 Non
238 1575 310 1601 enim
326 1575 403 1608 dixit,
421 1574 468 1601 Hic
487 1575 529 1602 vel
545 1575 598 1608 ille,
613 1577 678 1610 sed,
692 1576 742 1609 Qui
758 1576 815 1604 hrec
830 1577 944 1610 iaciunt,

155 1620 227 1646 beati
239 1628 334 1648 omnes
348 1626 438 1648 erunt.
454 1620 491 1647 lta
504 1625 533 1648 ut
545 1621 602 1649 sive
614 1629 708 1649 scrvtts
722 1622 760 1649 sis
770 1643 777 1655 ,
797 1625 854 1650 sive
872 1631 947 1650 men-

153 1665 249 1697 dicus,
273 1666 330 1693 sive
355 1673 468 1700 pauper,
490 1666 546 1693 sive
566 1667 743 1701 peregrinus,
769 1669 825 1696 sive
846 1668 944 1702 idiota,

156 1710 222 1738 nihil
237 1716 264 1738 te
279 1711 405 1746 impediat
426 1714 489 1747 qttln
510 1712 548 1739 sis
569 1711 678 1745 beatus,
701 1713 722 1740 si
738 1713 806 1740 hanc
822 1714 944 1741 virtutem

155 1757 284 1784 colueris.
298 1757 367 1784 Hinc
381 1758 469 1792 itaque
483 1765 560 1784 orsus
570 1778 577 1789 ,
593 1759 663 1786 unde
676 1760 793 1786 maxime
808 1767 854 1794 par
867 1765 945 1794 erat,

157 1802 190 1828 ad
206 1802 276 1829 aliud
293 1802 445 1829 mandatum
460 1803 593 1838 procedit,
609 1804 679 1838 quod
694 1805 799 1832 videtur
813 1807 891 1832 totius
902 1814 946 1833 or-

154 1849 195 1876 bis
208 1857 360 1884 oppugnare
373 1851 542 1877 sententiam.
564 1850 630 1878 Cum
652 1851 724 1878 enim
745 1860 838 1879 otnnes
855 1857 946 1887 putent

153 1902 201 1921 eos
213 1895 258 1930 qui
273 1895 389 1930 gaudent
401 1901 429 1922 et
441 1895 566 1922 laetantur
578 1903 637 1923 esse
650 1896 753 1929 beatos,
768 1905 813 1924 cos
826 1906 889 1925 vero
900 1898 945 1933 qtti

155 1941 180 1967 in
201 1948 336 1974 mmrore,
358 1945 512 1976 paupertate
527 1946 554 1968 et
568 1941 639 1968 luctu
653 1948 806 1975 versantur,
821 1951 880 1971 esse
894 1945 946 1970 mi-

154 1994 239 2018 seros,
257 1986 306 2012 hos
323 1986 368 2013 ille
381 1994 436 2021 prae
451 1987 510 2013 aliis
525 1986 616 2013 beatos
632 1987 756 2021 prmdicat
769 2009 775 2017 .
792 1989 902 2016 dicens:

153 2031 225 2058 Beati
238 2032 281 2066 qui
296 2032 393 2066 lugent.
409 2033 488 2067 Atqui
510 2032 545 2059 ab
567 2033 691 2060 omnibus
709 2033 735 2060 lti
754 2033 873 2061 infelices
887 2043 946 2062 esse

153 2078 298 2104 dicuntur:
314 2077 361 2104 sed
382 2077 442 2104 ideo
456 2078 501 2104 ille
513 2078 588 2112 signa
604 2079 748 2112 praemisit,
770 2085 798 2106 ut
818 2080 891 2115 leges
904 2081 946 2108 af-

154 2123 243 2150 lerens
263 2123 331 2150 tales
347 2123 400 2150 ﬁde
414 2123 509 2158 dignus
524 2128 604 2151 esset.
620 2124 668 2152 Hic
681 2130 768 2152 autem
785 2134 877 2154 rursus
893 2135 946 2154 tton

153 2167 312 2202 simpliciter
325 2169 446 2203 lugentes
467 2171 572 2203 posuit,
596 2170 642 2197 sed
665 2178 711 2197 eos
725 2172 768 2205 qui
782 2171 816 2199 de
829 2173 945 2206 peccatis

156 2214 280 2248 lugerent
298 2223 305 2241 :
320 2219 347 2240 ut
361 2219 389 2241 ct
404 2214 475 2240 aliud
490 2222 596 2249 quoque
609 2215 695 2242 luctus
709 2224 793 2249 genus
804 2217 945 2245 admodum

156 2260 325 2294 prohibetur,
346 2268 443 2295 nempe
456 2260 490 2287 de
504 2269 591 2288 rerum
613 2263 782 2290 smculariuut
805 2264 946 2299 dispendio

155 2306 257 2340 lugere.
272 2305 348 2339 Quod
369 2306 536 2340 signiﬁcabat
550 2312 577 2333 et
591 2307 686 2334 Paulus
697 2308 788 2335 dicens
802 2318 808 2335 :
825 2310 889 2341 Quia
900 2318 948 2338 ste-

155 2353 208 2379 culi
227 2353 328 2388 quidem
353 2353 453 2379 tristitia
473 2358 578 2380 mortem
595 2360 894 2388 operatttrmuwuutem
906 2365 942 2384 sec

155 2398 267 2424 randum
280 2397 362 2424 Deum
373 2403 408 2424 cst
425 2399 526 2425 tristitia
536 2420 543 2431 ,
558 2400 727 2432 paenitentiam
739 2401 765 2427 iit
777 2401 884 2429 salutent
893 2408 947 2430 sta-

154 2443 230 2470 bilem
243 2448 360 2476 operatur
370 2443 408 2478 (‘2.
420 2443 479 2470 Cor.
493 2444 518 2470 7.
532 2445 588 2479 10).

190 2489 218 2516 5.
242 2488 334 2516 Beatos
351 2480 547 2525 prtedicareuyui
562 2489 655 2525 lugent,
669 2491 829 2526 philosophia
846 2492 948 2527 plenum

153 2541 198 2562 cst.
216 2535 360 2562 Consolatio
373 2544 390 2562 a
402 2535 455 2563 Deo
466 2537 576 2572 profecta
583 2542 686 2572 quanta.
698 2538 793 2566 —llos
806 2538 884 2574 igitur
894 2540 948 2573 ille,

153 2581 201 2616 qui
224 2581 264 2608 sic
278 2581 389 2616 lugent,
413 2581 505 2608 beatos
527 2582 674 2616 praedicat:
691 2591 775 2618 neque
794 2585 950 2622 simpliciter

155 2626 277 2661 lugentes
288 2627 364 2662 ponit
375 2647 382 2659 ,
405 2626 452 2654 sed
466 2627 510 2662 qui
533 2628 650 2662 impense
671 2628 770 2663 lugent.
784 2630 950 2665 Quapropter

156 2680 209 2699 non
227 2672 315 2704 dixit,
330 2672 380 2705 Qui
394 2677 510 2700 tumreut
521 2694 529 2705 ,
544 2673 591 2700 sed
603 2694 610 2706 ,
626 2673 676 2706 Qui
689 2674 796 2710 lugent:
812 2683 874 2702 nam
898 2676 950 2703 hoc

157 2723 322 2754 praeceptum
346 2719 427 2746 totius
447 2723 491 2745 est
511 2719 685 2754 philosophia:
710 2721 902 2756 magisterium.
922 2722 950 2749 Si

156 2765 228 2792 enim
243 2764 288 2799 qui
303 2764 388 2797 ﬁlios,
406 2772 528 2798 uxorem,
541 2765 582 2792 vel
595 2765 676 2793 alium
688 2768 838 2802 quempiam
851 2775 951 2803 cogna-

158 2814 214 2837 tum
226 2809 381 2837 defunctum
397 2810 504 2845 lugent,
519 2819 571 2838 non
585 2811 756 2846 pecuniarum
766 2833 774 2845 ,
790 2820 842 2840 non
855 2821 951 2848 corpo-

159 2863 219 2883 rum
231 2862 324 2883 amore
334 2859 457 2884 tenentur
467 2855 512 2884 illo
522 2855 622 2884 doloris
633 2862 764 2893 tempore,
776 2865 828 2886 non
838 2858 950 2894 gloriam

745 135 777 162 IN
798 135 999 165 MATTHEUM
1021 136 1135 164 llOltllL.
1156 137 1214 164 XV.

1779 156 1794 183 2

1021 156 1135 164 ιινσιιιυα
1158 156 1180 164 ιι
1190 156 1198 164 1
1209 158 1214 164 .

1018 198 1147 228 appetunt
1160 215 1167 228 ,
1182 202 1236 222 non
1252 195 1356 230 injuriis
1369 201 1510 224 moventur
1521 218 1528 230 ,
1543 205 1595 226 non
1611 200 1707 228 invidia
1725 204 1812 231 corri-

1015 240 1133 273 piuntur,
1145 248 1232 275 neque
1242 241 1295 268 alio
1308 242 1432 276 quopiam
1444 242 1525 270 animi
1536 245 1630 272 morbo
1641 246 1810 276 obsidentur:

1014 284 1061 312 sed
1076 293 1186 320 prorsus
1196 285 1277 313 luctui
1291 287 1389 314 addicti
1403 293 1465 315 sunt
1479 297 1486 315 :
1500 290 1582 317 multo
1592 291 1676 326 magis
1690 300 1734 327 qut
1751 301 1809 327 pec-

987 358 995 368 ,
1013 336 1073 358 cata
1086 338 1133 358 sua
1147 332 1248 367 lugent,
1264 333 1333 360 sicut
1347 341 1377 360 ea
1392 334 1506 369 lugenda
1520 341 1601 367 sunt,
1619 336 1668 365 hac
1682 338 1808 373 majorem

1013 376 1178 404 exhibebunt
1191 378 1396 414 philosophiam.
1413 380 1528 413 Deinde,
1545 382 1615 416 quod
1632 391 1724 410 eorum
1738 392 1805 418 pra»-

1013 423 1095 449 tnittm
1106 423 1180 450 erit?
1203 424 1328 456 Quoniam
1343 425 1393 460 ipsi
1406 427 1605 454 consolabuntur
1617 449 1623 461 ,
1640 428 1735 464 inquit.
1757 430 1807 458 Ubi

1011 476 1091 502 vero,
1103 469 1147 497 dic
1161 471 1242 503 milii,
1259 472 1482 511 consolabuntur?
1498 473 1530 500 Et
1543 473 1602 506 ltic,
1619 479 1646 501 et
1662 475 1725 502 illic.
1740 476 1805 509 Quia

1011 516 1082 542 enim
1098 521 1258 551 praeceptum
1273 525 1354 552 grave
1368 519 1509 545 admodum
1524 524 1581 546 erat
1595 525 1621 547 et
1636 527 1779 548 onerOsuat
1792 542 1800 554 ,

1011 560 1063 588 hoc
1086 569 1116 589 se
1138 563 1260 596 promisit
1282 563 1427 595 daturum,
1444 565 1513 599 quod
1529 565 1591 592 illud
1613 566 1727 594 maxime
1749 567 1806 594 leve

1010 610 1101 640 posset
1109 606 1225 634 eflicere.
1238 607 1328 643 ltaqtte
1340 609 1362 635 si
1375 609 1440 636 velis
1452 610 1662 638 consolationem
1673 611 1803 647 accipere,

1009 652 1080 688 lnge.
1101 653 1136 681 Et
1149 662 1183 682 ne
1199 659 1276 689 putes
1299 656 1412 691 aanigma
1426 664 1486 684 esse
1500 657 1524 684 id
1542 658 1613 692 quod
1637 658 1736 686 dictum
1751 665 1802 688 est.

1009 698 1074 724 Cum
1087 699 1158 726 enim
1172 700 1242 727 Deus
1254 701 1418 733 c0nsolatur,
1433 703 1538 730 etiamsi
1553 704 1625 731 mille
1637 705 1720 732 tristia
1734 707 1804 733 acci-

1007 743 1081 775 dant,
1097 745 1221 772 onmibus
1235 747 1358 781 superior
1377 748 1441 775 eris.
1459 748 1563 776 Etenim
1585 750 1668 778 mttlto
1688 751 1803 787 majores

1007 789 1053 816 dat
1067 798 1174 825 semper
1187 792 1257 819 Deus
1277 792 1398 820 laborum
1417 794 1554 821 mercedes
1569 804 1574 821 :
1590 795 1615 822 id
1637 796 1707 830 quod
1722 797 1801 824 etiarn

1007 836 1050 863 ltic
1071 837 1131 864 fecit
1143 858 1151 869 ,
1165 845 1225 864 cum
1239 838 1305 864 dixit
1318 838 1410 865 beatos
1425 847 1484 866 esse
1497 847 1544 866 eos
1564 841 1608 875 qui
1626 841 1734 876 lugent,
1748 850 1802 869 non

1007 882 1153 909 secundum
1169 883 1206 910 rei
1218 884 1354 916 nteritum,
1370 884 1417 911 sed
1430 885 1575 912 secundum
1587 886 1669 920 ipsius
1680 887 1802 922 benignia

987 950 989 952 .
1006 932 1107 960 talenti;
1123 936 1176 955 non
1192 937 1224 955 ex
1237 929 1327 963 operis
1340 930 1442 956 scilicet
1465 930 1592 964 dignitate
1605 952 1611 961 ,
1623 932 1668 958 scd
1690 939 1723 959 ex
1744 933 1801 967 ejus

1004 980 1066 1008 erga
1083 973 1205 1001 homines
1225 981 1327 1002 amore.
1350 974 1415 1001 Nam
1433 976 1476 1010 qui
1493 976 1601 1010 lugent,
1626 984 1731 1010 pet-cata
1753 986 1799 1004 sua

1004 1019 1113 1054 lugent;
1129 1019 1170 1047 ltis
1185 1027 1249 1047 vero
1262 1020 1392 1048 sul'ticitsi
1406 1023 1511 1049 veniam
1526 1022 1669 1057 impetrent
1681 1028 1708 1050 et
1720 1032 1801 1051 excu-

1005 1065 1148 1092 sationem.
1171 1066 1302 1098 Quoniam
1316 1071 1405 1094 autent
1420 1067 1466 1094 ille
1480 1075 1577 1102 magno
1597 1075 1659 1102 erga
1675 1068 1798 1096 homines

1003 1119 1094 1139 amore
1115 1116 1231 1146 tenetur,
1245 1120 1332 1147 neqtte
1344 1112 1370 1139 in
1384 1113 1507 1148 supplicii
1521 1114 1679 1141 remissione
1692 1135 1700 1147 ,
1715 1124 1800 1150 tit-qut:

1002 1157 1028 1184 itt
1040 1163 1208 1192 peccatorum
1218 1159 1294 1186 venia
1309 1159 1458 1186 mercedem
1469 1160 1549 1190 sistit.
1560 1161 1605 1187 sed
1618 1162 1697 1188 etiam
1709 1162 1800 1190 beatos

1001 1203 1092 1235 ellicit,
1107 1209 1135 1230 et
1150 1204 1259 1231 inultam
1272 1204 1349 1231 all'ert
1362 1205 1582 1232 consolationem.
1595 1205 1697 1242 Lugcre
1710 1213 1798 1235 autem

1004 1257 1054 1276 nos
1067 1249 1153 1284 jubet,
1166 1258 1218 1277 non
1231 1251 1264 1278 de
1279 1252 1394 1286 peccatis
1410 1257 1510 1278 tantum
1526 1253 1638 1284 nostris,
1657 1253 1703 1280 sed
1717 1254 1797 1281 etiam

1000 1296 1034 1324 de
1047 1297 1154 1324 alienis.
1171 1297 1325 1331 Hujusmodi
1341 1305 1406 1325 vero
1423 1303 1500 1325 erant
1513 1303 1665 1326 sanctorum
1683 1299 1795 1333 animm,

1000 1349 1029 1370 ut
1040 1343 1148 1379 Moysis,
1163 1349 1192 1371 ut
1205 1344 1289 1376 Pauli,
1304 1349 1331 1372 ut
1342 1345 1448 1372 Davidis
1464 1355 1470 1372 :
1486 1353 1545 1372 nam
1561 1346 1586 1373 hi
1601 1347 1713 1373 aliorunt
1725 1354 1796 1382 sa-pe

1001 1395 1105 1425 peccata
1119 1390 1255 1417 luxerunt.
1269 1391 1295 1417 4.
1311 1390 1381 1418 Beati
1394 1391 1473 1423 utiles,
1490 1392 1608 1426 quoniam
1623 1392 1672 1428 ipsi
1684 1393 1796 1427 possitle~

1004 1435 1064 1462 bunt
1076 1441 1180 1463 terram.
1196 1436 1244 1463 Dic
1257 1436 1332 1469 tnilti,
1344 1445 1422 1472 quam
1436 1437 1553 1464 teriam?
1567 1437 1675 1464 Terram
1689 1439 1794 1472 quidcnt

999 1482 1194 1517 intelligibllem
1216 1483 1317 1510 dicunt.
1341 1484 1436 1510 Verum
1459 1491 1512 1510 non
1537 1484 1571 1510 ita
1587 1491 1616 1511 se
1638 1492 1680 1511 res
1702 1484 1792 1512 habet.

998 1526 1133 1562 Nusquam
1148 1529 1219 1555 enim
1239 1529 1265 1555 itt
1281 1528 1416 1563 Scriptura
1436 1529 1583 1563 reperinnts
1605 1534 1701 1556 terram
1715 1530 1794 1557 intel-

999 1573 1124 1608 ligibilem
1140 1574 1190 1609 (a).
1203 1574 1255 1602 Sed
1270 1575 1332 1609 quid
1346 1575 1396 1601 sibi
1412 1575 1467 1602 vult
1480 1575 1563 1602 illud?
1579 1575 1711 1603 Sensibile
1725 1585 1793 1610 prte-

998 1620 1079 1646 tniutn
1104 1621 1195 1647 statuit
1209 1641 1216 1652 ,
1241 1621 1310 1648 sicut
1323 1626 1349 1648 et
1365 1620 1473 1649 Paulus.
1488 1622 1553 1649 Cum
1573 1622 1684 1649 dixisset
1697 1624 1768 1649 enim
1783 1643 1791 1656 ,

1001 1665 1109 1692 Honora
1124 1671 1220 1701 patrem
1234 1671 1305 1693 tuum
1315 1672 1338 1694 et
1360 1673 1463 1693 matrem
1483 1673 1551 1694 tuam
1562 1687 1570 1698 ,
1585 1668 1730 1701 subjunxit,
1747 1668 1794 1695 Sic

998 1712 1062 1738 enim
1075 1712 1123 1739 eris
1140 1713 1266 1747 tangamus
1287 1720 1364 1746 super
1377 1717 1468 1739 terram
1482 1712 1491 1747 (
1503 1712 1597 1746 Epltes.
1614 1713 1640 1739 6.
1656 1713 1683 1740 2.
1696 1713 1713 1740 5
1725 1716 1744 1748 ).
1760 1713 1794 1740 Et

997 1758 1054 1792 ipse
1070 1758 1197 1785 Dominus
1212 1758 1306 1785 latroni
1322 1767 1328 1785 :
1347 1758 1430 1786 Hodie
1450 1767 1545 1785 merum
1565 1759 1614 1786 eris
1628 1760 1654 1786 in
1675 1760 1793 1794 paradiso

1000 1803 1009 1839 (
1027 1803 1091 1830 Luc.
1107 1803 1152 1831 2'5.
1169 1804 1203 1831 45
1263 1804 1352 1839 Neque
1369 1805 1440 1832 enim
1456 1805 1491 1831 ob
1511 1805 1597 1831 futura
1614 1805 1700 1832 soluttt
1723 1805 1791 1832 butta

997 1849 1162 1881 eolrortatur,
1177 1849 1224 1876 sed
1237 1850 1316 1876 etiam
1328 1850 1362 1876 ob
1375 1850 1512 1884 pra-sentit
1530 1855 1638 1884 propter
1650 1851 1708 1877 ill0s
1718 1850 1793 1877 audi-

998 1900 1082 1928 tores,
1096 1895 1141 1930 qui
1155 1896 1302 1922 crassiores
1314 1895 1369 1922 Inec
1383 1895 1456 1930 prius
1470 1904 1548 1930 quam
1564 1895 1647 1922 futura
1660 1900 1790 1930 qua-runt.

998 1940 1060 1968 ldeo
1075 1946 1102 1967 ct
1116 1941 1142 1968 itt
1156 1941 1328 1975 sequentibus
1339 1940 1398 1968 dicit
1411 1949 1417 1967 :
1431 1940 1490 1967 Esto
1503 1941 1659 1968 consentiens
1671 1941 1791 1968 adversa-

997 1985 1036 2012 rio
1046 1990 1088 2012 tuo
1104 1985 1209 2020 (Matt/1.
1224 1986 1250 2013 5.
1266 1986 1300 2013 ‘25
1310 1986 1329 2020 ).
1344 1985 1443 2013 Deinde
1455 1986 1605 2019 hojusmodi
1618 1986 1792 2021 philosophiai

998 2031 1135 2065 pra-mium
1144 2032 1244 2063 statuit,
1253 2036 1280 2058 et
1287 2032 1324 2058 ait
1334 2040 1340 2059 :
1353 2031 1392 2057 Ne
1406 2031 1488 2057 tradat
1499 2036 1521 2057 te
1531 2032 1690 2059 adversarius
1696 2033 1789 2067 judict,

998 2081 1021 2103 et
1035 2077 1118 2112 judea:
1138 2077 1262 2104 ministro.
1280 2077 1372 2104 Viden‘
1387 2077 1456 2103 unde
1472 2077 1585 2103 tcrruit‘!
1610 2078 1631 2104 A
1649 2078 1790 2105 sensilibus

998 2123 1109 2155 scilicet,
1124 2128 1150 2150 et
1163 2130 1222 2157 qua:
1237 2130 1308 2157 Stcpe
1323 2123 1489 2157 contingunt.
1505 2122 1537 2149 Et
1550 2130 1640 2149 rursus
1652 2132 1658 2149 :
1672 2123 1791 2155 Quicum-

998 2175 1045 2202 que
1055 2167 1145 2194 dixerit
1161 2169 1233 2202 [rtttri
1245 2177 1300 2200 sua,
1311 2167 1391 2201 llaca,
1403 2176 1459 2194 reus
1469 2168 1514 2194 erit
1523 2168 1629 2194 concilio
1639 2167 1692 2202 (Ib.
1700 2168 1791 2203 v.22.)

999 2212 1096 2240 Paulus
1111 2222 1216 2248 quoque
1239 2214 1454 2248 frequentissime
1475 2213 1524 2239 sub
1547 2220 1653 2240 sensum
1669 2214 1791 2240 cadentia

1000 2263 1108 2297 pra-mia
1125 2261 1257 2295 proponit,
1271 2266 1297 2287 et
1312 2267 1326 2286 a
1345 2260 1520 2294 prtcsentihus
1534 2259 1672 2292 hortatur;
1687 2267 1715 2286 ut
1730 2268 1790 2286 cuiu

999 2308 1033 2336 de
1047 2307 1196 2342 virginitate
1211 2305 1317 2333 disserit
1330 2315 1336 2332 :
1352 2305 1417 2332 nihil
1429 2305 1528 2339 quippe
1541 2305 1574 2332 de
1585 2305 1657 2332 curiis
1672 2312 1791 2332 comme-

1000 2358 1097 2386 morat,
1111 2353 1156 2380 sed
1171 2361 1204 2380 ex
1218 2351 1396 2387 pratsentibus
1411 2352 1533 2378 ltortatur
1548 2353 1587 2378 Itis
1601 2352 1689 2379 verbis
1702 2372 1709 2384 ,
1727 2351 1792 2378 Pro-

1000 2403 1054 2434 pter
1065 2399 1199 2425 instantem
1218 2398 1388 2424 necessitatem
1410 2398 1418 2431 (
1431 2397 1456 2423 l.
1471 2397 1529 2424 Cor.
1544 2398 1570 2424 Ἰ.
1585 2397 1620 2424 9.6
1632 2396 1642 2432 )
1655 2405 1661 2428 ς
1675 2402 1702 2424 et
1713 2418 1720 2430 ,
1736 2397 1792 2432 ligo

999 2450 1082 2472 autem
1092 2445 1160 2472 vobis
1171 2453 1246 2479 parco
1258 2444 1336 2479 (Ibid.
1349 2452 1372 2471 υ.
1382 2443 1428 2479 28)
1440 2451 1447 2476 ;
1465 2448 1501 2476 et,
1517 2443 1578 2470 Volo
1590 2449 1673 2470 autent
1684 2451 1727 2471 vos
1740 2444 1792 2472 sint

999 2491 1168 2518 sollicitudine
1182 2498 1234 2517 esse
1254 2491 1262 2525 (
1276 2489 1341 2516 lbitl.
1357 2497 1381 2516 υ.
1394 2490 1428 2516 52
1441 2493 1460 2524 ).
1476 2489 1521 2516 Sic
1534 2490 1611 2524 igitur
1624 2495 1651 2516 et
1663 2489 1787 2516 Christus

1001 2536 1182 2571 spiritualihus
1193 2536 1329 2563 seusibilia
1344 2536 1457 2562 miscuit.
1473 2535 1539 2568 Quia
1555 2536 1625 2562 enittt
1637 2536 1708 2562 mitis
1719 2537 1793 2571 quis-

1001 2590 1053 2617 que
1067 2586 1159 2616 putare
1174 2582 1257 2616 possit
1271 2589 1300 2608 se
1321 2589 1367 2607 sua
1381 2581 1469 2607 omnia
1484 2581 1595 2615 perdere
1605 2602 1613 2613 ,
1628 2582 1791 2609 contrarium

1003 2629 1047 2655 ille
1061 2628 1202 2663 pollicetur
1213 2627 1304 2654 dicens
1315 2647 1322 2660 ,
1337 2627 1408 2653 hunc
1420 2626 1506 2661 ipsum
1526 2634 1586 2654 esse
1597 2627 1640 2661 qui
1655 2635 1701 2654 sua
1713 2627 1791 2654 tutis-

1002 2674 1069 2701 sime
1082 2672 1236 2708 possideat,
1250 2673 1294 2707 qui
1312 2679 1361 2699 nec
1373 2671 1458 2699 audax
1470 2692 1479 2705 ,
1502 2680 1551 2700 nec
1571 2677 1719 2700 ostentator
1733 2673 1769 2700 sit
1781 2681 1789 2699 :

1035 2740 1071 2771 (a)
1087 2740 1170 2764 Nescio
1179 2745 1222 2764 cur
1231 2739 1296 2771 dicat
1307 2739 1498 2771 Chrysostomus,
1510 2746 1627 2771 nusquam
1638 2740 1663 2764 in
1672 2740 1791 2771 Scriptura

1003 2769 1117 2802 reperiri,
1132 2775 1221 2795 terram
1236 2769 1401 2802 vititualém,
1415 2771 1535 2801 siquidem
1551 2769 1616 2795 terra
1628 2769 1791 2802 prottiisiionis

1004 2800 1149 2833 intelligitur
1157 2801 1322 2833 spiritualiter,
1334 2801 1378 2825 nisi
1390 2800 1453 2826 forte
1463 2801 1601 2832 signiﬁcare
1612 2800 1670 2826 velit
1679 2801 1741 2826 hanc
1752 2808 1790 2826 vo-

1005 2839 1068 2861 cem,
1079 2832 1178 2863 terram.
1190 2832 1266 2857 solam
1280 2838 1409 2862 numquam
1422 2833 1446 2856 in
1462 2833 1580 2863 Scriptura
1599 2838 1727 2857 occurrere
1739 2839 1791 2863 μὀ.

1006 2867 1096 2889 terram
1106 2862 1263 2896 spiritualem.
1275 2863 1340 2892 Quod
1352 2869 1438 2888 verum
1449 2862 1623 2888 csse’videtur.
