2073 3127
253 125 308 154 22⁸1

256 189 317 210 riam
332 180 378 217 qui
389 179 450 208 talis
464 178 544 208 fuerit
554 198 562 212 ,
577 178 694 212 paternis
709 177 789 205 etiam
801 176 880 205 bonis
891 182 963 210 szrpe
977 174 1048 202 exci-

254 227 302 257 det
312 248 321 261 ,
334 231 362 256 et
374 227 458 262 ipsius
471 226 567 254 animat
579 224 709 259 iacturam
721 224 808 251 faciet.
824 222 948 256 Alioquin
960 225 1050 248 autem

254 275 315 310 quia
338 273 365 301 in
381 272 472 300 Veteri
492 271 665 299 Testamento
683 269 812 304 propheta
833 267 938 295 dixerat
953 275 960 294 :
975 265 1050 293 Mite:

254 325 338 348 autem
355 318 528 346 hereditatium
544 322 638 344 ter-ram
659 315 754 351 (Paul.
774 315 818 343 56.
839 315 869 342 Η
883 315 909 349 ),
930 321 944 340 a
961 313 1049 340 Verbis

255 366 308 401 jam
321 364 496 392 familiaribus
508 370 659 391 sermonem
675 361 750 393 texit,
766 364 792 387 ul
807 367 859 387 non
875 359 972 393 ubique
991 359 1050 386 inu~
1071 353 1076 358 ’

255 412 341 440 sitatis
354 417 443 439 utatur
455 410 555 437 verbis.
571 409 634 437 ila'e
649 415 729 443 porro
742 407 814 439 dicit,
833 414 885 433 non
897 406 921 433 iu
933 412 1050 440 praesen-

255 459 325 486 tibtrs
336 458 444 493 praemia
459 456 693 486 circumscribeus,
708 454 754 481 sed
766 461 825 480 cum
838 452 878 480 his
889 452 932 479 illa
943 459 1049 487 quoque

256 505 436 540 suppeditans.
451 503 515 530 Nam
530 502 553 530 si
571 501 705 537 quidpiam
732 496 868 534 spirituale
889 498 978 531 dicat,
996 505 1047 525 non

255 552 340 579 auiert
361 557 447 578 tamen
463 549 601 584 praesentia
619 556 626 581 ;
649 547 671 574 si
689 555 752 574 vero
764 545 862 581 aliquid
877 547 902 572 in
925 544 1048 579 praesenti

256 597 309 624 vita
325 596 475 631 promittat,
491 602 543 622 non
560 594 601 621 his
621 598 723 620 tantum
740 591 942 626 promiSsionem
957 590 1025 618 sistit
1040 598 1046 615 :

256 649 316 668 natu
334 641 444 674 Qutcrile
458 661 465 674 ,
484 639 587 674 inquit,
602 646 707 674 regnum
721 637 787 669 Dei,
805 642 828 664 et
843 637 896 664 [nec
909 636 993 663 omnia
1002 635 1050 662 ad-

255 687 371 724 jiciantur
381 686 450 714 vobis
461 687 469 720 (
483 685 577 713 Matth.
588 684 618 712 6.
628 685 665 712 35
676 684 697 720 ).
711 684 744 711 Ει
757 691 862 710 rursum
874 691 880 709 :
894 682 1049 716 Quicumque

255 732 379 760 dimiserit
396 732 509 764 domum,
523 735 568 757 aut
581 733 683 765 fratres,
699 735 742 756 aut
753 734 860 764 patrem.
877 732 921 754 aut
932 732 1045 759 matrem,

254 785 297 805 aut
307 786 422 809 uxorem,
438 783 481 804 aut
492 778 570 812 ﬁlios,
584 782 628 803 aut
643 784 717 811 agros
740 780 842 810 propter
854 782 942 801 nomen
954 781 1046 805 nteant,

253 826 398 860 centuplum
412 825 517 858 arripiet
539 825 565 851 in
580 823 673 850 sa'culo
688 824 737 849 isto
747 843 754 854 ,
778 829 802 849 et
818 822 843 848 in
864 824 950 856 [illum
971 821 1047 848 vitam

255 876 373 897 o'ternam
399 869 534 904 possidebit
557 868 620 904 (1d.
646 868 689 896 l9.
716 868 762 895 29.
789 872 811 895 et
835 867 918 894 Marc.
940 866 982 894 10.
1000 865 1044 893 29.

254 916 320 951 50).
336 916 362 944 6.
381 915 452 943 Beati
464 916 506 950 qui
524 917 637 942 esuriant
658 920 682 942 et
697 914 783 942 sitiunt
802 914 939 949 justitiam.
962 913 1046 947 Quam

253 962 404 998 justitiam?
419 963 472 989 Aut
486 962 612 989 virtutem
625 961 697 988 illam
713 961 738 988 in
749 968 856 996 genere,
871 963 918 987 aut
929 959 1046 993 speciem

255 1008 325 1036 illam
339 1007 449 1042 justitire
460 1007 556 1038 innuit,
571 1014 631 1042 qua:
645 1006 765 1034 avaritia:
779 1005 901 1040 opposita
915 1009 965 1032 est.
977 1004 1054 1038 Quia_

254 1054 325 1081 cnim
335 1054 368 1081 dc
377 1054 547 1089 eleemosyna
558 1059 717 1088 praeceptum
725 1052 835 1080 daturus
841 1051 973 1084 cst,docet
980 1058 1047 1086 quo-

255 1099 336 1126 modo
349 1099 420 1126 illam
436 1106 567 1127 exercere
578 1103 716 1133 oporteat;
730 1097 870 1131 videlicet,
885 1105 937 1125 non
952 1105 985 1125 ex
1005 1105 1048 1125 ra-

255 1145 328 1180 pina,
344 1153 396 1172 non
410 1153 443 1173 ex
455 1144 565 1173 avaritia
576 1144 668 1173 beatos
677 1143 802 1179 praedicat
815 1150 873 1177 eos,
884 1144 928 1178 qui
939 1143 1048 1178 justitize

254 1191 319 1219 dant
332 1199 452 1226 operam.

291 1237 319 1265 4.
340 1236 404 1263 licet:
418 1236 490 1263 verba
502 1256 510 1269 ,
533 1236 632 1263 esurire
648 1241 671 1263 et
686 1235 756 1263 sitire
769 1236 914 1271 justitiam,
929 1242 1049 1268 quantum

255 1283 304 1309 vim
317 1282 434 1309 habeant.
453 1281 502 1314 Qui
511 1282 560 1309 sint
573 1281 755 1315 misericordes,
771 1282 865 1309 mundo
877 1282 962 1314 corde,
977 1282 1049 1317 paci~

257 1327 300 1362 ﬁci
304 1335 314 1360 ;
320 1333 417 1362 quanta
424 1336 509 1354 eorum
520 1336 622 1355 merces.
632 1327 716 1354 Virtus
721 1332 772 1355 tota
778 1328 870 1355 artiora:
877 1328 1047 1362 philosophia.

255 1375 334 1401 —Et
353 1373 549 1401 animadvertas
569 1374 647 1401 velim
678 1381 740 1401 cum
759 1379 858 1408 quanta
881 1373 1049 1402 vehementia

256 1420 282 1449 id
296 1421 468 1456 expresserit.
492 1421 549 1448 Non
565 1422 634 1448 enim
654 1420 738 1453 dixit,
761 1421 833 1448 Beati
855 1421 901 1455 qui
915 1420 1049 1455 justitiam

256 1471 409 1499 sectantur;
421 1466 479 1498 sed.
495 1466 569 1494 Beati
590 1467 632 1501 qui
647 1467 758 1495 esuriant
773 1471 796 1494 et
812 1467 898 1494 sitiunt
906 1467 1047 1501 justitiam,

257 1518 286 1541 nt
298 1522 351 1541 non
365 1513 564 1549 perfunctorie,
578 1513 625 1541 sed
639 1521 698 1540 cum
713 1513 784 1540 omni
802 1512 946 1547 cupiditate
964 1513 1049 1548 ipsam

257 1559 394 1587 adeamus.
407 1559 473 1592 Quia
488 1560 559 1586 enim
575 1559 640 1586 illud
653 1559 770 1586 avaritiae
782 1559 900 1586 maxime
913 1559 1049 1594 proprium

256 1610 312 1637 est.
328 1613 415 1640 neque
430 1605 464 1633 ita
484 1605 572 1632 cibum
587 1610 667 1640 atque
690 1611 781 1640 potum
795 1605 978 1633 desideramus
990 1627 997 1638 ,
1022 1610 1051 1634 ut

257 1651 371 1686 plurima
387 1651 525 1686 possidere
538 1655 566 1678 et
580 1651 720 1686 acquirere
732 1671 740 1682 .
763 1650 842 1677 talem
862 1651 1049 1686 cupiditatem,

257 1696 284 1723 in
319 1696 479 1724 contrariam
507 1696 625 1723 avaritire
649 1697 772 1723 virtutem
798 1697 941 1724 transferre
961 1697 1048 1732 jus-sit.

258 1740 359 1768 Deinde
384 1748 476 1769 rursus
500 1741 627 1769 sensibile
657 1742 794 1776 praemium
819 1742 911 1770 deﬁnit
936 1743 1049 1770 dicens:

260 1787 387 1820 Quoniam
409 1787 458 1822 ipsi
474 1787 662 1815 saturabantur.
678 1787 745 1821 Quia
759 1789 828 1815 enim
845 1793 953 1823 putatur
966 1790 1052 1816 avari-

259 1834 294 1860 tia
310 1834 408 1860 multos
431 1834 526 1861 divites
547 1834 634 1861 lacere
646 1855 653 1867 ,
670 1834 734 1862 dicit
753 1835 916 1862 contrarium
942 1835 1051 1862 omnino

250 1886 318 1915 ‘csse
333 1888 340 1906 :
355 1879 380 1906 id
393 1880 465 1907 enim
491 1885 598 1915 pra-stat
611 1880 723 1915 justitia.
740 1880 778 1908 Ne
799 1881 887 1916 itaque
901 1889 960 1908 cum
979 1881 1050 1916 justa

258 1925 389 1960 oper-aris,
405 1930 589 1960 paupertatem
605 1926 699 1953 timeas
711 1947 718 1958 ,
736 1934 803 1954 neve
819 1926 915 1954 famem
935 1933 1048 1954 metuas.

258 1970 325 1998 Nam
339 1971 383 2006 qui
400 1970 487 1998 aliena
503 1971 619 2005 rapiunt,
636 1971 661 1998 hi
673 1971 787 1999 maxime
796 1971 830 1999 ab
840 1972 964 1999 omrtibus
977 1972 1051 1999 exci-

258 2018 341 2050 dunt;
356 2021 385 2044 ut
398 2017 440 2053 qui
455 2017 584 2052 justitiam
600 2021 689 2051 amat,
704 2018 793 2045 omnia
808 2011 865 2046 tuto
880 2018 1008 2053 possidet.
1022 2019 1050 2047 Si

259 2069 348 2091 autem
365 2064 382 2091 ii
395 2064 440 2099 qui
454 2064 539 2091 aliena
554 2071 606 2091 non
618 2065 737 2099 cupiunt,
755 2069 793 2092 tot
805 2065 927 2093 fruuntur
941 2065 1050 2098 divitiis,

260 2110 342 2137 rnttlto
351 2110 434 2144 magis
445 2109 462 2136 ii
470 2110 514 2144 qui
524 2117 571 2137 sua
582 2109 738 2145 largiuntur.
749 2110 775 2138 7.
787 2109 860 2138 Beati
868 2111 1051 2139 misericordes.

261 2156 309 2184 llic
321 2164 374 2183 non
389 2160 490 2183 tantum
505 2156 624 2191 pecuniae
638 2157 780 2191 largitores
793 2157 883 2185 dicere
897 2158 962 2185 mihi
977 2157 1052 2185 vide-

261 2207 320 2233 tur.
336 2202 383 2230 sed
396 2203 476 2229 etiam
488 2209 536 2230 eos
549 2202 593 2236 qui
609 2203 734 2237 operibus
749 2203 958 2231 misericordiam
972 2211 1051 2231 exer-

260 2253 331 2276 cent.
347 2247 418 2275 Varii
438 2249 509 2275 enim
524 2253 585 2275 sunt
605 2248 747 2276 miscrendi
764 2249 851 2281 modi,
868 2254 895 2277 et
910 2250 990 2276 latum
1012 2254 1053 2277 est

263 2299 433 2328 praeceptum.
449 2293 524 2327 Quod
538 2294 617 2328 igitur
632 2293 737 2321 illorum
751 2299 791 2321 est
807 2295 966 2329 prmmium?
983 2295 1053 2328 Qua-

260 2342 331 2368 uiam
344 2340 394 2375 ipsi
407 2341 605 2368 misericordiam
622 2346 814 2375 consequentur.
828 2341 862 2369 Et
876 2341 980 2369 videtur
991 2342 1051 2376 qui-

260 2386 322 2413 dem
338 2387 448 2421 aequalis
460 2394 519 2414 esse
534 2387 689 2414 retributio:
706 2387 752 2414 sed
763 2392 804 2414 cst
816 2387 874 2422 ipso
887 2387 957 2415 bono
971 2396 1053 2422 opere

261 2432 340 2466 longe
361 2431 455 2466 major.
477 2432 529 2466 Ipsi
547 2440 662 2467 namque
681 2433 841 2460 miserentur
865 2438 893 2460 ut
912 2433 1052 2465 homines,

261 2478 307 2504 sed
326 2477 534 2505 miscricordiam
545 2483 742 2513 consequuntur
753 2478 973 2506 ahuniversorum
987 2479 1052 2507 Deo.

262 2524 318 2550 Non
336 2528 398 2550 sunt
410 2528 498 2551 autem
512 2524 628 2558 aequales
643 2524 756 2551 humana
770 2524 904 2552 miseratio
915 2529 941 2551 et
952 2525 1052 2555 divina,

262 2569 309 2597 sed
326 2574 454 2604 quantum
477 2570 545 2596 inter
565 2570 692 2596 malitiam
704 2575 732 2597 el.
751 2569 895 2597 bonitatem
909 2570 1052 2597 discrimen

263 2619 316 2647 est,
331 2619 432 2642 tantum
446 2615 515 2642 inter
528 2615 579 2642 hoc
591 2620 617 2642 et
630 2614 704 2642 illttd.
717 2615 744 2643 8.
758 2614 830 2642 Beati
849 2615 943 2642 mundo
957 2617 1033 2643 corde
1043 2637 1052 2648 ,

263 2660 383 2695 quoniam
399 2660 449 2695 ipsi
467 2659 549 2687 Deum
571 2660 697 2688 videbunt.
719 2661 787 2688 Ecce
811 2668 902 2688 rursus
917 2661 1054 2696 spirituale

265 2707 416 2743 prtemium.
432 2707 544 2734 Mundos
558 2712 646 2734 autem
661 2707 704 2736 hic
717 2714 794 2736 vocat
816 2716 863 2736 eos
876 2710 920 2744 qui
944 2709 1052 2737 univer-

263 2754 348 2781 salem
362 2753 486 2781 virtutem
497 2754 644 2788 possident,
657 2755 806 2789 nulliusque
820 2755 870 2783 sibr
883 2756 943 2783 mali
953 2757 1053 2784 conscii

264 2806 338 2834 sunt,
348 2800 404 2828 sive
421 2808 467 2828 eos
485 2801 530 2836 qui
551 2801 577 2828 in
599 2802 759 2828 continentia
771 2802 861 2829 vivunt
877 2810 884 2829 :
902 2802 972 2830 trulla
981 2802 1053 2830 enim

265 2845 341 2874 nobis
360 2846 395 2876 ita
409 2853 476 2882 opus
489 2851 532 2875 est
542 2847 574 2875 ad
588 2847 669 2876 Deum
682 2847 835 2883 videndum,
847 2854 875 2877 ut
887 2849 932 2877 illa
944 2849 1050 2879 virtute.

609 121 638 150 S.
657 120 797 150 JOANNIS
808 116 1047 148 CIIRYSOSTOMI
1062 114 1222 145 ARCHIEP.
1237 117 1502 147 CONSTANTINOP.

1835 118 1888 148 238

1106 172 1169 200 ideo
1182 177 1209 200 et
1221 172 1318 202 Paulus
1329 175 1450 205 diccbat:
1461 177 1555 204 Pacem
1569 179 1698 206 redemisti
1707 188 1766 208 cum
1778 183 1894 211 omnibus

1102 224 1126 244 et
1132 219 1334 253 sanctimoniam,
1345 221 1398 248 sine
1407 230 1457 256 qua
1468 230 1541 249 nemo
1550 223 1641 251 uidebit
1654 224 1792 254 Dominum
1799 227 1892 263 (Hebr.

1104 263 1147 292 i2.
1165 264 1228 299 i4).
1247 265 1382 294 Visionem
1398 275 1477 301 porro
1493 268 1537 296 hic
1558 269 1640 302 dicit,
1661 278 1722 306 qua:
1744 272 1845 303 homini
1859 276 1895 302 sit

1100 311 1245 344 possibilis.
1261 311 1327 346 Quia
1341 313 1413 339 enim
1429 313 1505 341 multi
1519 319 1583 342 sunt
1595 316 1639 350 qui
1655 317 1830 353 miserentur,
1844 328 1895 349 nec

1101 357 1209 391 rapiunt
1223 378 1230 391 ,
1247 365 1297 385 nec
1310 359 1428 386 avaritiae
1441 360 1548 387 student
1558 382 1564 393 ,
1580 361 1625 389 sed
1643 362 1805 393 fornicamur
1818 371 1845 394 et
1863 368 1896 395 li-

1102 403 1183 430 hidini
1204 412 1234 432 se
1248 404 1368 438 dedunt,
1383 406 1528 434 ostendens
1550 408 1613 435 illud
1626 409 1740 444 prinmtn
1759 419 1812 439 non
1830 415 1896 442 satis

1100 456 1161 477 esse
1172 470 1179 481 ,
1194 450 1243 478 hoc
1259 451 1338 478 etiam
1354 451 1465 479 addidit.
1480 453 1554 485 Quod
1571 455 1650 481 etiam
1664 455 1760 484 Paulus
1772 457 1893 488 Macedo-

1101 495 1178 522 nibus
1192 496 1346 524 testilicatus
1359 502 1401 525 est
1414 499 1439 525 in
1455 498 1573 532 Epistola
1588 500 1620 527 ad
1634 501 1787 532 Corinthios
1799 524 1806 536 ,
1823 506 1894 539 quod

1101 548 1153 568 non
1167 541 1246 569 modo
1257 542 1427 579 eleemosyua
1442 545 1537 572 divites
1548 552 1647 579 essent,
1663 548 1711 576 sed
1733 550 1811 577 etiam
1832 552 1893 580 aliis

1101 586 1262 614 virtutibus:
1278 588 1402 623 loquutus
1421 590 1492 617 enim
1515 590 1549 618 de
1574 591 1732 621 liberalitate
1752 602 1843 624 eorum
1865 598 1894 625 in

1100 633 1241 667 crogandis
1253 634 1380 668 pecuniis,
1397 635 1471 662 addit
1481 656 1487 668 .
1503 636 1561 664 illos
1574 645 1633 665 sese
1648 638 1754 667 dedisse
1768 641 1892 672 Domino.

1099 677 1134 705 Et
1155 679 1226 706 nobis
1251 679 1296 715 (ἢ.
1307 679 1366 708 Cor.
1383 681 1409 708 8.
1422 681 1474 717 5).
1488 681 1514 710 9.
1538 682 1611 710 Beati
1633 685 1743 719 paciﬁci.
1766 686 1815 713 Hic
1836 695 1891 715 nou

1100 725 1180 750 modo
1197 725 1376 753 dissensiones
1395 733 1499 754 mutuas
1510 749 1518 761 ,
1533 733 1561 756 et
1580 729 1732 758 inimicitias
1747 732 1869 766 prohibet
1887 754 1894 765 ,

1099 769 1146 796 scd
1160 770 1229 797 aliud
1245 771 1378 805 quidpiam
1394 772 1501 807 insuper
1514 774 1614 809 exigit,
1639 780 1667 802 ut.
1686 782 1713 803 et
1733 777 1798 804 alios
1811 778 1892 806 dissi-

1099 814 1192 842 drntes
1207 816 1239 842 ad
1250 817 1419 845 concordiam
1431 826 1596 853 t'evoccntus,
1610 820 1640 848 ai:
1654 829 1745 850 rursus
1756 824 1892 858 spirituale

1100 862 1237 895 prmnrium
1261 862 1350 890 olfert.
1366 864 1449 897 Quale
1471 865 1536 892 ilitrd
1558 867 1618 894 est?
1633 867 1758 901 Quoniam
1781 871 1830 904 ipsi
1843 870 1891 906 filii

1099 908 1148 935 Dei
1160 909 1321 936 vocabuntur.
1337 910 1472 945 Siquidem
1493 912 1626 948 Uuigeniti
1647 922 1714 949 opus
1738 916 1802 944 illud
1819 917 1866 944 fuit
1880 939 1889 950 ,

1099 954 1230 988 disjuucta
1253 956 1378 990 coptrlare
1389 977 1397 990 ,
1413 959 1557 992 pugnantia
1578 960 1730 988 conciliare.
1746 962 1843 990 Deinde
1858 972 1892 992 ne

1099 1005 1176 1034 putes
1199 1008 1290 1035 pacem
1316 1002 1414 1038 ubique
1439 1011 1499 1032 esse
1523 1005 1642 1039 bonum,
1666 1008 1823 1042 subjunxit:
1845 1010 1890 1038 ill.

1099 1044 1171 1072 Beati
1184 1046 1226 1080 qui
1250 1049 1465 1082 persequutionem
1481 1051 1612 1084 patiuntur
1626 1057 1729 1087 propter
1742 1054 1891 1089 justitiam;

1100 1090 1151 1118 hoc
1163 1096 1214 1125 est,
1230 1092 1336 1120 virtutis
1350 1101 1429 1121 causa
1441 1115 1450 1128 ,
1466 1103 1513 1130 pro
1526 1096 1639 1125 aliorum
1654 1098 1807 1127 defensione
1819 1121 1826 1133 ,
1841 1109 1890 1136 pro

1099 1137 1208 1171 pietate.
1232 1137 1364 1166 Virtutem
1386 1141 1458 1168 enim
1478 1149 1584 1176 semper
1597 1143 1666 1171 solet
1689 1152 1785 1173 vocare
1810 1151 1891 1175 totam

1099 1183 1196 1210 anima:
1212 1184 1415 1221 philosophiam.
1430 1187 1474 1215 Η.
1490 1187 1562 1215 Beati
1574 1190 1642 1221 estis,
1657 1199 1714 1219 cum
1727 1193 1892 1226 exprobraue-

1099 1231 1149 1257 rint
1162 1231 1230 1258 vobis
1241 1231 1364 1264 homines.
1381 1238 1404 1260 et
1415 1235 1557 1269 persequuti
1568 1244 1611 1264 vos
1623 1236 1736 1271 fuerint,
1748 1243 1771 1265 et
1784 1238 1892 1266 dixerint

1100 1284 1173 1303 omne
1189 1278 1284 1305 malum
1296 1279 1396 1306 verbum
1409 1281 1542 1307 adversum
1562 1290 1605 1310 vos
1618 1283 1773 1316 mentientes,
1790 1290 1892 1320 propter

1100 1331 1149 1349 me.
1168 1323 1209 1350 l2.
1232 1323 1346 1351 Gaudete
1366 1330 1390 1352 et
1411 1327 1543 1354 ersultate.
1566 1327 1604 1355 Ac
1623 1328 1645 1356 si
1661 1329 1761 1356 diceret
1776 1339 1784 1358 :
1798 1330 1825 1358 Si
1843 1339 1892 1358 vos

1100 1369 1307 1403 prtestigiatores
1317 1391 1324 1404 ,
1339 1371 1360 1397 si
1378 1371 1532 1400 seductores
1542 1394 1548 1406 ,
1565 1375 1587 1402 si
1602 1375 1751 1410 maleﬁcos.
1766 1378 1787 1405 si
1799 1379 1893 1413 quovis

1101 1416 1153 1443 alio
1168 1418 1276 1444 nomine
1294 1423 1390 1446 voccnt
1403 1440 1410 1452 ,
1426 1419 1498 1447 beati
1516 1421 1591 1448 estis.
1608 1421 1676 1456 Quid
1691 1423 1733 1453 his
1748 1427 1892 1460 przeceptis

1101 1431 1153 1443 anu
1168 1431 1276 1444 "mlunt:
1297 1431 1390 1446 vucctrt
1403 1440 1410 1452 ,
1426 1431 1498 1447 uersu
1516 1431 1591 1448 usus.
1608 1431 1676 1456 Quit]
1692 1431 1733 1453 ms
1785 1431 1892 1460 :eceptts

1101 1462 1259 1492 insolentius
1273 1463 1352 1492 fuerit
1363 1485 1371 1496 .
1385 1473 1444 1492 cum
1467 1466 1523 1494 lucc
1535 1467 1713 1498 desideranda
1730 1431 1798 1503 ἆζι
1809 1491 1816 1504 ,
1832 1480 1892 1506 qua:

1100 1509 1160 1536 aliis
1181 1509 1302 1544 fugienda
1317 1511 1460 1545 putantur?
1474 1512 1575 1548 Nempe
1596 1514 1747 1543 mendicare
1759 1536 1766 1548 ,
1781 1516 1871 1551 lugere
1883 1539 1890 1549 .

1101 1556 1332 1590 persequutionem
1349 1557 1401 1591 pati
1414 1578 1421 1590 ,
1437 1558 1505 1585 mala
1527 1559 1628 1588 audire.
1640 1561 1763 1589 Altamen
1776 1566 1803 1589 ct
1815 1562 1891 1593 dixit.

1101 1605 1128 1627 et
1143 1602 1244 1634 suasit,
1261 1609 1313 1628 nou
1327 1602 1429 1630 duobus
1441 1624 1449 1636 ,
1467 1604 1510 1631 vel
1523 1604 1614 1632 decem
1629 1626 1637 1638 ,
1652 1606 1693 1633 vel
1716 1615 1759 1641 vrg
1771 1608 1808 1635 nti
1821 1628 1828 1640 ,
1850 1610 1891 1635 vel

1101 1650 1222 1679 centum,
1239 1647 1277 1673 vel
1292 1647 1366 1675 mille
1381 1648 1533 1677 horninibus
1543 1670 1550 1681 .
1576 1651 1622 1678 sed
1638 1652 1763 1679 universo
1778 1653 1846 1680 orbi.
1862 1654 1894 1681 Et

1101 1692 1239 1720 audientes
1255 1693 1298 1720 illa
1312 1700 1436 1727 onerosa,
1449 1697 1560 1723 molesta
1573 1716 1580 1728 ,
1596 1697 1696 1732 vulgari
1709 1699 1893 1727 consuetudini

1101 1739 1244 1770 contraria.
1256 1739 1396 1774 stupebant
1407 1741 1498 1768 turbat.
1511 1741 1594 1769 Tanta
1606 1747 1665 1770 erat
1675 1743 1788 1773 dicentis
1798 1746 1892 1773 virtus.

1137 1785 1164 1813 5.
1179 1784 1246 1812 Male
1253 1786 1340 1813 audire
1349 1795 1397 1813 non
1408 1787 1497 1822 suﬁicit
1509 1788 1543 1815 ad
1555 1788 1639 1817 beatos
1649 1790 1803 1825 elﬁciendos,‘
1818 1800 1894 1820 unam

1102 1830 1262 1864 eamdemque
1271 1833 1406 1860 mercedem
1416 1834 1491 1860 variis
1499 1833 1613 1862 Christus
1625 1836 1765 1864 nominibus
1778 1839 1891 1871 protulit.

1103 1876 1187 1904 Filius
1204 1877 1278 1904 Patri
1293 1880 1398 1914 aequalis
1416 1880 1520 1907 tranare.
1540 1896 1576 1902 -—
1593 1880 1726 1910 Caeterum
1744 1891 1777 1911 ue
1797 1890 1891 1919 putes.

1102 1923 1171 1951 male
1185 1924 1277 1952 audire
1291 1926 1376 1953 solum
1392 1926 1484 1954 beatos
1494 1927 1611 1962 allicere,
1624 1929 1690 1957 duas
1704 1932 1826 1965 apposuit
1840 1932 1893 1960 die

1103 1969 1254 2003 tiuctiones,
1266 1972 1372 2005 quando
1381 1972 1484 2000 scilicet
1494 1973 1535 2001 vel
1547 1980 1654 2009 propter
1672 1976 1758 2010 ipsum
1779 1978 1891 2011 prolata,

1103 2016 1143 2042 vel
1157 2016 1295 2044 mendacia
1311 2017 1408 2046 fuerint
1420 2019 1490 2046 dicta
1506 2019 1559 2047 illa.
1575 2020 1640 2048 Nam
1655 2022 1676 2048 si
1697 2021 1754 2050 hinc
1774 2031 1826 2051 non
1841 2023 1890 2051 nd-

1103 2061 1156 2089 sint
1166 2083 1172 2094 ,
1187 2070 1239 2090 non
1256 2063 1334 2090 modo
1356 2071 1409 2092 non
1423 2064 1516 2092 beatus
1527 2086 1534 2098 ,
1557 2066 1605 2094 sed
1620 2067 1700 2095 etiam
1722 2068 1804 2096 miser
1815 2074 1856 2097 est
1871 2070 1892 2096 is

1103 2109 1147 2144 qui
1163 2109 1232 2136 male
1243 2110 1326 2137 audit.
1343 2110 1444 2139 Deinde
1458 2111 1518 2139 vide
1538 2120 1630 2140 rursus
1646 2115 1803 2148 prmminm:
1820 2116 1891 2149 Quo-

1104 2155 1173 2182 niam
1184 2163 1276 2182 merces
1286 2161 1366 2183 uestra
1377 2157 1456 2184 multa
1469 2163 1506 2184 est
1519 2159 1544 2184 in
1557 2159 1637 2186 melis.
1649 2159 1688 2186 Tu
1700 2168 1764 2187 vero
1775 2161 1825 2188 etsi
1839 2170 1891 2188 non

1103 2200 1136 2227 ad
1151 2201 1270 2235 singulas
1283 2202 1458 2230 bcatitudines
1472 2211 1583 2238 regnum
1596 2205 1652 2232 dari
1667 2206 1760 2234 audias
1770 2227 1777 2239 ,
1794 2215 1827 2234 ne
1837 2209 1894 2234 atri—

1104 2254 1149 2273 nro
1161 2247 1280 2275 delicias.
1304 2249 1413 2276 Etiamsi
1433 2250 1503 2277 enim
1527 2251 1634 2285 prmmia
1653 2252 1760 2280 diverso
1778 2254 1894 2288 appellet

1104 2294 1225 2325 nomine,
1248 2299 1336 2322 tamen
1355 2304 1448 2325 omnes
1467 2297 1499 2324 ad
1520 2306 1629 2331 regnum
1654 2299 1805 2327 introducit.
1827 2300 1892 2328 Nam

1104 2347 1164 2366 cum
1180 2339 1242 2366 dicit
1252 2361 1259 2371 ,
1275 2340 1410 2374 Lugenles
1424 2343 1636 2381 consolationgm
1646 2364 1654 2377 ,
1668 2351 1696 2372 et
1709 2346 1895 2374 misericordes

1105 2386 1314 2413 misericordiam
1329 2392 1541 2422 consequentur,
1556 2394 1584 2416 et
1599 2389 1690 2418 mundi
1709 2391 1791 2418 corde
1810 2392 1894 2419 Deum

1104 2431 1248 2464 videbunt,
1265 2437 1292 2460 et
1308 2433 1409 2466 pacilici
1422 2433 1468 2460 lilii
1484 2434 1529 2461 Dei
1544 2435 1726 2467 vocabuntur,
1743 2436 1809 2464 nihil
1822 2437 1894 2464 aliud

1106 2485 1153 2512 per
1165 2479 1223 2505 haec
1242 2479 1330 2506 omnia
1344 2479 1458 2512 indicat,
1471 2475 1558 2515 quam‘
1566 2488 1677 2516 regnum
1691 2483 1818 2511 caelorum
1829 2491 1837 2515 ;
1849 2483 1895 2518 qtti

1106 2525 1176 2551 enim
1190 2524 1230 2552 his
1251 2524 1374 2552 fruuntur
1384 2547 1392 2559 ,
1408 2526 1434 2554 id
1449 2532 1648 2561 consequentur
1660 2529 1778 2555 omnino.
1793 2529 1832 2556 Ne
1847 2529 1896 2564 igi-

1106 2575 1150 2598 tur
1168 2571 1318 2599 mercedem
1339 2571 1409 2598 illam
1430 2577 1507 2606 putes
1521 2572 1553 2599 d
1566 2573 1639 2600 solos
1659 2581 1788 2608 pauperes
1801 2575 1896 2609 spiritu

1106 2617 1240 2652 pertinere
1251 2637 1258 2650 ,
1274 2617 1321 2645 sed
1336 2618 1416 2645 etiam
1432 2618 1464 2645 ad
1479 2619 1625 2646 esurientes
1635 2613 1781 2654 justitiam,
1797 2620 1829 2647 ad
1846 2621 1898 2647 nri-

1107 2668 1148 2691 tes
1160 2668 1187 2691 et
1201 2664 1232 2691 ad
1258 2664 1325 2692 alios
1339 2672 1442 2692 onmes.
1466 2664 1527 2691 Ideo
1553 2665 1624 2692 enim
1639 2665 1663 2692 in
1678 2666 1789 2700 singulis
1813 2666 1897 2693 beati—

1107 2710 1225 2738 tudinem
1239 2711 1378 2745 apposuit.
1389 2716 1418 2738 ut
1429 2718 1463 2739 ne
1473 2710 1536 2745 quid
1548 2710 1674 2738 sensibile
1684 2717 1833 2746 exspectes.
1847 2711 1898 2739 Neu

1106 2765 1158 2791 que
1170 2757 1241 2784 enim
1258 2757 1350 2785 beatus
1362 2757 1414 2784 crit
1426 2756 1472 2783 ille
1485 2757 1529 2790 qtti
1546 2757 1578 2784 iis
1591 2757 1762 2785 coronabitur
1773 2778 1781 2790 ,
1797 2765 1857 2792 quin
1872 2758 1897 2785 in

1108 2802 1232 2837 ρι’-[ξεινιιὶ
1245 2803 1296 2830 vita
1311 2802 1503 2832 dissolvuntur.
1516 2806 1543 2828 et
1557 2802 1649 2830 uruhra
1660 2802 1774 2830 celerius
1786 2809 1898 2838 practer-

1107 2853 1227 2876 currunt.
1244 2848 1310 2877 Cum
1331 2848 1441 2876 dixisset
1455 2849 1666 2882 autem,Merces
1693 2853 1775 2875 uestra
1803 2847 1896 2878 multa,
