2073 3127
164 106 218 135 ἔω

163 165 243 193 aliam
257 165 395 200 subjunin
416 166 625 194 consolationem
648 167 689 195 his
705 168 811 196 verbis:
828 168 873 196 Sic
888 170 957 197 enim

164 211 309 246 persequuti
319 215 378 238 sunt
388 216 411 238 et
421 213 557 247 prophetas
567 234 573 244 ,
586 213 627 247 qui
640 215 742 248 fuerunt
753 220 812 241 ante
824 223 875 242 vos.
888 215 953 249 Quia

163 257 235 284 enim
246 261 385 284 venturum
397 262 455 285 erat
465 266 585 293 regnum,
597 263 623 286 et
633 259 658 286 in
668 266 714 293 spe
725 261 868 294 repositum
878 265 952 288 erat:

161 301 224 329 hinc
233 301 288 329 illis
297 303 510 331 consolationem
523 304 633 338 praabct,
641 312 675 332 ex
687 305 815 332 societate
828 306 952 334 nimirum

161 355 254 375 eorum
265 367 274 382 ,
285 349 331 384 qui
341 353 404 376 ante
414 349 487 384 ipsos
497 349 566 377 male
578 350 648 385 passi
660 350 774 378 fuerant.
785 351 825 379 Ne
838 352 951 386 putetis,

161 393 247 430 inquit
257 414 265 426 .
280 401 328 422 vos
350 394 408 422 haec
429 394 491 422 ideo
503 396 576 430 pati.
600 395 662 430 quia
675 396 808 424 contraria
823 397 911 425 dicitis
923 401 953 425 et

161 439 219 475 lege
240 440 356 468 statuitis
373 449 380 473 ;
403 440 447 468 vel
466 448 514 469 vos
534 441 608 476 quasi
631 449 774 477 pravorum
797 442 950 478 dogmatum

160 486 303 521 magistros
317 486 351 514 ab
362 486 415 514 illis
430 486 566 522 pellendos
577 494 648 515 esse.
663 487 721 515 Non
735 488 807 516 enim
820 496 853 516 ex
867 489 950 516 dicto-

159 539 219 559 rum
229 531 362 567 nequitia,
376 532 423 560 sed
436 540 468 560 cx
480 533 644 569 malignitate
653 534 816 562 audientium
825 556 833 567 ,
848 535 949 563 insidia:

160 582 189 605 et
202 577 319 612 pericula
335 578 488 613 prodibunt.
503 578 591 612 Quare
608 587 661 607 non
675 580 751 608 vobis
765 581 834 608 male
848 582 949 616 patien-

159 624 230 651 tibus
245 623 418 658 maledicent,
433 625 480 652 sed
503 625 554 652 illis
568 625 637 654 male
650 627 798 661 agentibus.
814 626 861 654 llis
875 627 949 654 testi-

159 671 280 698 monium
302 671 403 705 praebet
427 675 510 698 totum
533 672 695 706 prmteritum
718 676 831 708 tempus.
856 672 948 708 Neque

158 717 230 744 enim
247 716 389 751 prophetas
404 716 438 745 de
458 717 596 752 iniquitate
615 718 655 745 vel
671 717 705 746 de
728 718 806 754 impia
828 719 948 747 doctrina

158 762 338 793 accusabant,
351 770 411 789 cum
434 762 502 790 alios
523 762 670 797 lapidarent
683 784 691 796 ,
709 763 776 792 alios
796 764 947 799 pellerent,

157 807 227 834 alios
239 807 372 834 sexcentis
386 807 445 835 aliis
469 807 607 835 adicerent
633 809 710 837 malis
733 809 831 844 (Hebr.
845 811 888 837 ll.
900 811 949 838 55—

159 852 220 888 57).
245 852 283 880 Ne
306 853 393 888 itaque
405 853 458 880 hoc
470 861 517 881 vos
528 854 675 889 perturbet.
687 854 753 882 Nam
777 855 871 883 eodem
891 857 947 884 ani-

160 907 205 926 mo
218 899 299 926 etiam
308 907 381 926 nunc
395 899 484 927 omnia
501 906 662 935 perpetrant.
677 900 798 929 Vidistin‘
812 902 947 937 quomodo

156 952 253 972 eorum
264 952 359 972 sensus
371 945 510 978 excitarit,
526 946 584 973 illos
593 953 678 981 prope
688 947 793 982 Moysen
805 953 831 975 et
844 948 946 975 Heliam

159 991 344 1018 constituens?
358 991 402 1019 Sic
414 996 441 1019 et
452 991 549 1019 Paulus
564 992 597 1019 ad
611 992 864 1020 'l'hessalonicenscs
877 993 945 1021 scri-

158 1036 225 1064 bens
243 1036 298 1063 ait:
319 1035 369 1063 Vos
381 1036 447 1063 enim
467 1037 604 1064 imitatores
619 1038 682 1072 facti
701 1038 759 1065 estis
775 1038 946 1066 Ecclesiarunt

158 1080 205 1108 Dei
218 1102 226 1114 ,
249 1089 306 1116 qua:
319 1082 416 1108 suntin
431 1081 533 1109 Judwa.
555 1082 655 1109 Etenim
665 1088 691 1110 et
705 1091 747 1111 vos
767 1084 857 1111 eadem
878 1085 946 1118 pasti

157 1127 218 1154 estis
230 1135 246 1153 a
255 1127 368 1162 propriis
380 1126 560 1155 contribulibus
569 1149 576 1161 ,
592 1128 655 1155 sicut
665 1132 688 1156 et
700 1129 738 1155 illi
751 1137 767 1156 a
780 1128 888 1162 Judais,
902 1131 946 1165 qui

155 1173 303 1200 occiderunt
322 1172 457 1200 Dominum
478 1172 567 1200 Iesum
579 1178 602 1200 et
615 1174 732 1209 proprios
751 1174 885 1209 prophetas
898 1195 906 1207 ,
921 1179 946 1202 et

157 1227 202 1246 nos
231 1220 373 1254 persequuti
386 1223 462 1252 sunt,
478 1224 501 1246 et
516 1219 569 1246 Deo
584 1228 634 1246 non
653 1220 766 1255 placent,
784 1226 807 1247 et
829 1221 945 1249 omnibus

155 1264 299 1291 hominibus
321 1264 485 1291 adversantur
505 1264 550 1300 (1.
576 1264 597 1292 Τ
598 1265 662 1292 Itess.
685 1265 713 1291 2.
729 1266 772 1293 ll.
791 1266 853 1301 l5).
869 1267 944 1300 Quod

156 1309 199 1336 hic
212 1317 317 1344 quoque
328 1309 449 1337 Christus
464 1309 586 1337 instituit.
608 1310 640 1336 Et
652 1310 677 1337 in
690 1310 750 1338 aliis
762 1311 869 1345 quidem
882 1311 944 1340 bea-

155 1356 313 1383 titudinibus
323 1355 439 1389 dicebat,
450 1355 522 1382 Beati
534 1364 665 1391 pauperes,
678 1356 741 1383 beati
752 1357 927 1386 misericordes
938 1369 947 1387 :

156 1400 200 1428 hic
210 1409 276 1429 vero
287 1409 340 1428 non
352 1401 487 1428 indeﬁnite
497 1401 601 1436 posuit;
611 1401 658 1428 Sed
673 1401 706 1428 ad
721 1401 781 1429 illos
791 1409 943 1429 sermonem

155 1447 288 1474 convertit
301 1447 393 1475 dicens
405 1456 412 1474 :
427 1446 498 1474 Beati
508 1447 567 1474 estis
579 1454 635 1473 eunt
650 1447 718 1474 vobis
729 1447 946 1482 exprobrauerint,

155 1496 179 1520 et
190 1492 333 1528 persequuti
342 1500 385 1519 vos
394 1492 498 1527 fuerint,
510 1497 534 1518 et
545 1492 652 1518 dixerint
661 1500 734 1518 omne
741 1493 943 1520 malnnwerbum

153 1542 244 1564 contra
255 1545 298 1564 eos
309 1545 318 1563 :
333 1536 476 1564 ostendens
486 1536 537 1563 hoc
551 1537 576 1563 in
588 1536 640 1563 illis
651 1544 710 1564 esse
722 1537 882 1572 praecipuum
893 1558 901 1571 ,
916 1541 943 1565 et

154 1583 310 1611 doctoribus
321 1571 375 1618 prie
387 1582 447 1610 aliis
457 1582 579 1609 omnibtts
590 1582 615 1609 id
626 1589 685 1609 esse
698 1571 846 1617 propritim.
857 1583 942 1610 Simul

154 1629 237 1656 etiam
251 1627 296 1656 hic
309 1626 467 1663 dignitatem
480 1634 555 1654 suam
563 1626 754 1660 subindicat,et
760 1627 886 1662 aequalem
893 1627 943 1655 sibi

155 1683 219 1701 cum
230 1674 309 1701 Patre
316 1673 455 1701 ltonorem.
465 1672 692 1706 Quemadmodum
704 1672 776 1700 enim
788 1672 824 1699 illi
836 1677 944 1707 propter

155 1719 264 1748 Patrem
274 1740 282 1752 ,
294 1719 395 1754 inquit,
407 1718 443 1746 ita
454 1722 481 1745 et
490 1724 537 1744 vos
548 1722 656 1753 propter
669 1725 711 1745 me
724 1717 781 1745 hazc
794 1717 941 1752 patiemini.

155 1766 224 1794 Cum
233 1770 323 1793 autem
336 1765 417 1798 dicit,
431 1764 571 1799 Prophetas
582 1764 624 1799 qui
638 1765 740 1800 fuerunt
753 1768 810 1791 ante
822 1772 865 1791 vos
875 1784 883 1796 ,
897 1763 944 1791 de-

154 1813 242 1840 clarat
257 1811 329 1846 ipsos
340 1810 394 1846 jam
410 1809 553 1845 prophetas
567 1808 650 1837 fui'5se
665 1809 758 1837 factos.
773 1809 841 1837 Hinc
853 1813 943 1837 osten-

156 1859 224 1886 dens
235 1858 299 1886 illud
313 1857 428 1885 maxime
441 1857 505 1892 ipsis
518 1856 582 1884 utile
596 1863 666 1889 esse,
681 1861 708 1884 et
721 1856 889 1892 splendorem
901 1857 942 1884 af-

155 1906 226 1932 ferre
235 1925 244 1938 ,
258 1911 313 1931 non
323 1903 391 1931 dixit
400 1923 408 1934 ,
424 1902 579 1930 Maledicent
590 1902 667 1929 vobis
678 1906 705 1929 et
717 1909 764 1929 vos
779 1909 942 1938 persequen-

155 1956 198 1978 tur
210 1971 219 1983 ,
232 1949 280 1977 sed
301 1957 351 1984 ego
374 1948 439 1976 illud
454 1948 612 1983 impediam;
629 1955 681 1975 non
697 1949 767 1975 enim
787 1947 858 1984 quod
872 1948 942 1976 male

154 2004 208 2023 non
219 1995 344 2026 audiant,
357 1993 404 2021 sed
416 1993 487 2028 quod
501 1993 570 2021 male
582 1993 714 2021 audiendo
726 1992 830 2021 fortiter
840 1993 925 2021 ferant
933 2013 940 2026 ,

153 2045 182 2068 et
195 2049 243 2076 per
257 2048 337 2074 opera
353 2040 425 2075 ipsos
437 2043 563 2074 arguant,
577 2039 636 2066 vult
647 2046 695 2066 eos
711 2039 737 2066 in
752 2043 808 2066 tuto
819 2038 921 2066 versari
934 2048 941 2065 :

154 2088 207 2115 hoc
218 2087 317 2123 quippe
331 2086 376 2113 illo
390 2086 467 2120 longe
479 2085 563 2120 majus
573 2090 615 2112 est
626 2093 633 2111 :
648 2085 870 2120 quemadmodum
884 2092 943 2120 pcr-

153 2133 221 2165 cuti,
233 2136 260 2159 et
270 2131 333 2158 nihil
346 2138 501 2165 percussum
515 2130 586 2164 pati,
599 2129 681 2157 multo
693 2129 777 2164 majus
787 2135 828 2157 est
840 2149 847 2163 ,
863 2137 941 2164 quam

154 2187 208 2206 non
224 2178 336 2214 percuti.
352 2177 402 2205 Hic
417 2176 495 2212 igitur
508 2177 573 2204 dicit
585 2184 592 2209 ;
609 2175 706 2203 Marses
719 2181 799 2203 vestra
813 2175 893 2202 multa
905 2180 942 2202 est

154 2226 181 2252 in
195 2224 281 2255 satis;
295 2223 381 2251 Lucas
391 2230 455 2250 vero
468 2223 554 2257 ipsum
568 2227 596 2250 et
609 2222 739 2250 inteusius
749 2242 756 2255 ,
771 2226 870 2249 etcum
883 2229 941 2249 ma-

153 2270 206 2306 jori
215 2268 408 2297 consolationis
425 2268 531 2295 cumulo
551 2268 602 2295 hoc
621 2267 720 2294 dixisse
741 2271 840 2294 narrat.
851 2266 942 2301 Neqtte

156 2315 228 2342 enim
239 2318 340 2341 tantum
351 2320 399 2341 eos
409 2313 453 2347 qui
466 2317 572 2347 propter
586 2313 668 2340 Deum
680 2312 749 2340 male
760 2312 869 2339 audiunt
881 2312 944 2340 bea-

157 2368 200 2388 tos
213 2359 338 2396 pradicet
347 2379 355 2392 ,
369 2357 417 2386 sed
428 2358 507 2386 etiam
519 2365 565 2386 eos
575 2358 618 2392 qui
632 2357 666 2385 ab
680 2358 803 2385 omnibus
817 2357 885 2385 bene
896 2364 943 2384 au-

157 2405 234 2434 diunt
245 2425 253 2437 ,
269 2404 383 2432 miseros
408 2403 491 2433 dicit:
507 2410 568 2430 nam
592 2403 647 2435 ait.
667 2402 711 2430 Va:
732 2402 798 2429 vobis
813 2410 869 2428 cum
883 2402 944 2429 bene

158 2451 226 2479 vobis
236 2449 345 2478 dixerint
354 2457 439 2477 omnes
448 2450 560 2476 homines
573 2448 654 2485 (Le.
666 2448 693 2475 6.
705 2448 740 2475 26
750 2449 769 2482 ).
783 2447 863 2482 Atqui
876 2454 942 2483 apo-

141 2500 147 2506 '
158 2497 233 2525 stolis
244 2495 456 2528 benedicebant;
472 2494 519 2522 sed
533 2502 586 2521 non
599 2500 703 2521 omnes.
717 2493 778 2521 ldco
791 2501 844 2520 non
858 2493 942 2526 dixit,

159 2543 227 2570 Cum
240 2541 308 2569 bene
319 2540 395 2568 vobis
407 2540 526 2568 dixerint
538 2539 661 2567 homines
673 2547 680 2572 ;
696 2539 753 2573 sed,
769 2539 832 2566 Cum
846 2546 941 2566 omnes.

157 2588 249 2624 Neque
266 2586 338 2615 enim
362 2586 420 2613 ﬁeri
443 2590 530 2621 potest
549 2590 578 2613 ut
592 2585 608 2613 ii
624 2585 667 2621 qui
690 2585 812 2612 virtutem
835 2584 943 2617 colunt,

158 2634 226 2670 apud
239 2640 334 2661 omnes
352 2633 420 2660 bene
433 2631 549 2660 audiant.
566 2631 733 2667 Rursumque
746 2632 783 2659 ait
796 2640 803 2658 :
819 2631 882 2658 Cum
893 2631 944 2666 eje-

157 2680 235 2707 rerittt
248 2687 338 2706 nomen
353 2682 462 2705 uestrum
475 2682 602 2712 tamquam
620 2677 715 2704 malum
724 2698 732 2710 ,
743 2676 849 2712 gaudete
861 2681 885 2703 et
897 2684 943 2703 ea:-

156 2724 263 2762 utltate(
272 2724 339 2751 Ibid.
348 2731 372 2750 tt.
381 2722 427 2750 22.
438 2722 474 2750 23
483 2723 505 2758 ).
516 2722 606 2758 Neque
614 2723 684 2750 enirn
695 2726 797 2749 tantum
806 2722 943 2757 periculis.

155 2778 215 2806 quae
226 2770 368 2802 subibant,
382 2769 429 2796 sed
443 2769 524 2796 etiam
539 2768 686 2796 maledictis
695 2789 703 2802 ,
717 2775 839 2803 magnam
853 2767 945 2794 statuit

154 2815 316 2845 mercedem.
329 2815 394 2844 Ideo
405 2822 459 2842 non
469 2814 553 2849 dixit,
566 2813 633 2843 Cum
645 2822 692 2843 vos
702 2814 852 2850 expulerint
861 2817 887 2841 et
899 2819 944 2841 oc-

727 111 762 138 iN
782 111 985 141 ΜΑΤῗΗέΕυΜ
1003 113 1120 144 HOMIL.
1141 116 1199 145 XV.

1738 129 1793 156 950

1007 172 1139 206 uiderint;
1154 176 1219 207 sedi,
1244 176 1305 203 Cum
1323 179 1531 213 exprobratum
1540 202 1548 214 ,
1562 186 1586 209 ιι
1598 182 1706 211 dixerint
1719 193 1791 213 omne

1006 217 1109 245 malum.
1125 219 1190 247 Nam
1205 221 1345 250 maledicta
1358 224 1480 252 acerbius
1495 226 1638 261 mordent,
1653 236 1732 264 quam
1747 238 1790 258 res

1006 262 1080 297 ipsae.
1095 263 1122 292 in
1139 266 1261 299 periculis
1276 267 1346 295 enim
1362 269 1444 297 multa
1459 275 1522 298 sunt
1540 279 1598 306 qua:
1614 262 1731 301 laborem
1753 275 1792 302 la-

1005 309 1076 337 ciant
1087 310 1214 339 leviorem
1227 321 1234 345 ;
1249 314 1321 342 verbi
1334 321 1413 343 causa
1425 335 1433 348 ,
1458 324 1518 344 cum
1532 317 1566 345 ab
1579 319 1704 347 omnibus
1718 321 1791 348 exci-

1005 360 1093 383 tamur
1103 376 1111 389 ,
1126 362 1153 385 et
1167 359 1264 387 multos
1279 360 1408 389 habemus
1421 362 1578 397 plaudentes
1589 385 1596 394 .
1610 371 1768 394 coronantes
1779 388 1788 399 ,

1004 401 1191 434 praedicantes.
1208 403 1256 431 Hic
1277 412 1341 433 vero
1355 406 1381 434 in
1403 407 1552 436 maledictis
1566 409 1624 437 haec
1644 412 1791 439 consolatio

1004 452 1151 475 amovetur.
1161 449 1218 476 Non
1227 451 1298 478 enim
1306 459 1402 487 magna
1411 461 1471 481 esse
1479 454 1562 482 virtuts
1573 460 1688 490 putatur,
1697 457 1791 485 etiam-

1003 491 1025 518 si
1038 492 1121 527 magis
1135 493 1192 521 haec
1207 503 1285 530 quam
1301 498 1417 531 pericula
1432 505 1579 528 certantem
1593 509 1788 531 commoveant.

1002 536 1074 565 Multi
1090 546 1202 574 namque
1216 541 1249 568 ad
1270 542 1392 577 laqueum
1414 551 1589 574 accurrerunt
1599 568 1607 581 ,
1622 549 1720 576 malam
1736 557 1788 577 non

1002 581 1118 612 ferentes
1133 584 1241 614 famam.
1258 587 1292 615 Et
1306 589 1369 624 quid
1383 589 1433 618 hoc
1446 591 1473 618 in
1489 591 1548 619 aliis
1562 593 1683 621 mireris?
1696 594 1789 622 Prodi-

1002 632 1086 656 torem
1099 630 1173 658 illum
1187 632 1366 667 impudentem
1375 640 1402 662 et
1410 637 1613 672 exsecrandum,
1629 639 1673 674 qui
1685 639 1718 667 de
1729 640 1788 667 nul—

1002 673 1025 700 la
1038 682 1066 702 re
1081 676 1255 704 erubeSCebat
1264 698 1271 709 .
1288 678 1338 707 hoc
1351 681 1466 708 maxime
1480 682 1513 710 ad
1529 673 1651 718 laqueum
1665 685 1704 712 ire
1715 693 1788 713 com-

1001 721 1076 754 pulit.
1088 721 1138 749 Job
1149 731 1253 758 quoque
1266 724 1321 759 ipse
1331 726 1441 755 adamas
1450 749 1457 761 ,
1469 731 1496 756 ct
1510 735 1583 763 petra
1596 730 1696 759 firmior
1705 752 1713 764 ,
1726 739 1786 760 cum

1001 773 1066 801 opes
1077 768 1165 795 amisit
1179 774 1205 796 et
1219 770 1383 799 intoleranda
1399 781 1493 807 passus
1505 778 1560 808 est,
1573 776 1634 803 filiis
1644 777 1726 805 orbus
1741 786 1788 805 ro-

1000 817 1079 847 pente
1091 813 1188 847 factus,
1201 823 1261 843 cum
1272 816 1376 845 videret
1384 826 1480 854 corpus
1491 828 1567 848 suum
1582 823 1718 851 vermibus
1725 832 1787 852 5cm

1001 863 1070 891 tere,
1085 860 1282 896 instantemque
1291 871 1417 897 uxorem,
1428 865 1518 893 omnia
1531 866 1609 894 facile
1624 875 1718 902 passus
1727 874 1785 902 est;

999 911 1059 931 cum
1079 910 1167 933 atttem
1183 906 1248 934 vidit
1269 909 1370 936 amicos
1384 909 1434 937 sibi
1455 910 1648 945 exprobrantes
1662 913 1788 941 insultan-

1000 953 1092 984 tesque
1102 970 1109 983 ,
1125 957 1288 988 pravumque
1301 953 1333 981 de
1347 961 1377 981 se
1398 954 1623 984 existimationem
1636 958 1766 986 habentes
1776 980 1785 993 ,

998 993 1170 1031 dicentesque
1185 997 1270 1032 ipsum
1283 1003 1392 1034 propter
1406 1005 1514 1035 peccata
1529 1009 1575 1029 sua
1590 1002 1648 1030 haec
1663 1005 1764 1038 perpeti
1776 1025 1784 1037 ,

998 1044 1025 1067 et
1039 1042 1163 1075 nequitias
1185 1050 1242 1070 sua:
1264 1051 1357 1079 poenas
1370 1045 1434 1074 dare
1446 1067 1453 1080 ,
1469 1050 1532 1074 tunc
1553 1048 1674 1077 turbatus
1688 1055 1730 1077 est
1745 1050 1786 1077 \‘ir

998 1085 1043 1111 ille
1057 1086 1131 1114 fortis
1145 1091 1172 1115 et
1185 1096 1295 1124 magnus
1309 1090 1329 1117 '.

1032 1133 1059 1160 6.
1075 1133 1156 1161 David
1169 1142 1275 1170 quoque
1286 1136 1394 1164 mittens
1407 1138 1495 1166 omnia
1509 1146 1568 1174 quae
1581 1147 1674 1174 passus
1684 1140 1782 1174 fuerat,

997 1184 1046 1211 pro
1065 1178 1206 1206 maledicto
1224 1180 1423 1209 retributionem
1445 1190 1461 1210 a
1485 1183 1540 1211 Deo
1558 1185 1664 1219 petebat
1679 1194 1685 1212 :
1702 1185 1765 1213 Sine
1776 1206 1784 1219 ,

997 1223 1100 1259 inquit,
1115 1225 1186 1252 illum
1199 1226 1347 1254 maledicere
1361 1227 1455 1255 Davidi
1462 1249 1470 1261 ,
1484 1237 1544 1265 qum
1558 1229 1679 1257 Dominus
1688 1239 1784 1267 prtere-

997 1270 1033 1305 pit
1047 1269 1102 1304 illi,
1117 1275 1143 1298 ut
1157 1272 1239 1300 uideat
1252 1272 1376 1301 Dominus
1387 1275 1585 1303 Itumitiationem
1598 1285 1678 1304 meam
1690 1298 1698 1310 ,
1713 1282 1737 1304 et
1747 1286 1784 1304 re-

997 1315 1087 1342 tribuat
1096 1317 1158 1344 mihi
1171 1316 1236 1344 bona
1248 1326 1295 1353 pro
1308 1319 1440 1347 maledicto
1453 1321 1481 1347 in
1493 1321 1533 1347 die
1545 1321 1592 1348 hac
1606 1322 1644 1357 (2.
1660 1323 1726 1358 Reg.
1740 1324 1784 1351 16.

997 1361 1041 1389 ll.
1056 1361 1119 1397 l2).
1141 1363 1174 1390 Et
1191 1363 1289 1391 Paulus
1310 1372 1362 1392 non
1385 1365 1565 1400 periclitantes
1586 1367 1681 1401 modo,
1699 1376 1785 1403 neque

995 1407 1073 1435 bonis
1086 1408 1229 1443 spoliatos,
1244 1409 1291 1437 sed
1306 1410 1384 1437 etiam
1399 1411 1538 1439 maledicta
1553 1412 1667 1441 ferentes
1679 1421 1734 1449 pra:
1741 1414 1785 1441 di-

995 1456 1039 1479 eat
1059 1452 1101 1480 his
1113 1454 1201 1482 verbis
1215 1462 1222 1481 :
1237 1453 1416 1483 Recordamini
1429 1457 1525 1484 dierum
1540 1458 1653 1489 priorum
1664 1479 1671 1491 ,
1687 1460 1714 1486 in
1726 1460 1784 1494 qui-

995 1497 1041 1524 bus
1051 1497 1187 1526 illuntiuati
1198 1507 1316 1535 magnum
1325 1506 1450 1529 certamen
1458 1503 1611 1530 sustinuistis
1621 1505 1765 1539 passionum
1777 1512 1785 1533 :

995 1547 1017 1570 et
1034 1543 1060 1571 in
1076 1544 1155 1572 altero
1167 1546 1267 1580 quidem
1279 1547 1420 1582 opprobriis
1432 1553 1455 1575 et
1470 1549 1671 1577 tribulationibus
1684 1557 1776 1586 specta-

995 1589 1079 1616 culum
1094 1591 1156 1626 [ασιί
1164 1612 1172 1624 ,
1186 1592 1213 1618 in
1232 1591 1311 1620 altera
1325 1597 1407 1620 autem
1422 1595 1485 1621 socii
1495 1595 1578 1622 taliter
1587 1598 1784 1624 conversantium

995 1633 1075 1668 effecti
1096 1635 1188 1671 (Hebr.
1206 1636 1249 1664 lo.
1264 1637 1308 1664 52.
1322 1638 1357 1668 55
1368 1639 1389 1673 ).
1403 1638 1545 1674 Propterea
1561 1642 1709 1669 mercedem
1724 1651 1782 1670 ma-

994 1687 1072 1713 gnam
1088 1681 1175 1715 posuit
1186 1681 1317 1710 Christus.
1331 1683 1432 1711 Deinde
1446 1692 1480 1712 ne
1492 1685 1550 1720 quis
1564 1685 1632 1713 dicat
1643 1696 1649 1713 :
1660 1687 1707 1714 llic
1719 1695 1783 1722 ergo

995 1733 1047 1752 non
1064 1727 1181 1754 vindicas
1191 1748 1198 1761 ,
1213 1735 1300 1763 neque
1312 1736 1404 1757 eorum
1416 1737 1462 1758 ora
1472 1731 1590 1765 consuis,
1606 1732 1653 1759 sed
1664 1732 1698 1760 ibi
1711 1740 1783 1760 mcr-

995 1772 1086 1799 cedem
1107 1772 1177 1800 das?
1197 1774 1340 1808 prophetas
1354 1777 1524 1808 memoravit.
1540 1777 1685 1806 ostendens
1697 1786 1784 1813 neque

995 1820 1058 1844 tunc
1074 1817 1146 1852 ipsos
1161 1817 1242 1846 Deum
1259 1819 1342 1846 ultum
1355 1827 1424 1848 esse.
1438 1821 1466 1848 Si
1481 1828 1544 1849 vero
1557 1826 1620 1850 tunc
1631 1830 1689 1850 cum
1701 1831 1785 1858 prope

995 1867 1071 1890 erant
1094 1863 1296 1897 retributiones,
1321 1871 1369 1899 spe
1393 1864 1543 1893 futurorum
1565 1866 1673 1895 fovebat
1697 1868 1782 1896 illos:

995 1908 1079 1935 multo
1098 1909 1182 1944 magis
1203 1917 1290 1942 nunc,
1315 1910 1421 1945 quando
1441 1918 1503 1947 spes
1523 1912 1568 1939 illa
1580 1912 1678 1941 clarior
1688 1913 1782 1941 effecta

995 1958 1045 1986 est,
1062 1959 1088 1981 et
1098 1954 1264 1990 philosophia
1277 1956 1372 1991 major.
1385 1956 1452 1984 Vide
1464 1962 1553 1986 autem
1565 1963 1625 1993 post
1634 1963 1699 1994 quot
1708 1967 1783 1986 matt-

994 2000 1055 2026 data
1072 2000 1121 2027 hoc
1139 2004 1246 2028 statuat.
1260 2001 1318 2028 Non
1336 2002 1406 2029 enim
1421 2010 1483 2030 casu
1498 2004 1621 2038 quopiam
1635 2005 1687 2031 hoc
1701 2004 1762 2032 fecit
1771 2013 1780 2036 ;

995 2045 1040 2073 ενι]
1063 2051 1093 2073 ut
1114 2046 1252 2080 ostendat,
1272 2054 1325 2075 non
1349 2056 1427 2083 posse
1446 2056 1524 2082 eum,
1543 2049 1588 2085 qui
1605 2058 1657 2076 non
1678 2050 1710 2077 ad
1725 2051 1782 2078 lucc

995 2093 1084 2120 omnia
1107 2097 1213 2128 paratus
1234 2098 1262 2120 et
1285 2094 1427 2122 instructus
1447 2095 1498 2128 sit,
1519 2095 1545 2123 in
1567 2096 1624 2124 hac
1637 2097 1782 2124 certamina

996 2138 1110 2173 prodire.
1130 2138 1191 2166 ideo
1212 2146 1227 2167 a
1246 2139 1326 2174 priori
1340 2147 1445 2174 semper
1456 2140 1489 2168 ad
1502 2147 1616 2176 sequens
1629 2142 1780 2170 mandatum

995 2181 1071 2211 viam'
1085 2191 1199 2219 parans,
1223 2189 1343 2213 catenam
1366 2186 1443 2213 nobis
1466 2194 1573 2214 auream
1598 2188 1691 2215 texuit.
1714 2188 1781 2215 Cum

995 2230 1066 2256 enim
1089 2230 1150 2264 quis
1172 2230 1280 2258 humilis
1298 2231 1394 2265 fuerit,
1409 2232 1488 2259 etiam
1501 2239 1549 2260 sua
1562 2233 1670 2260 omnino
1682 2233 1782 2268 lugebit

996 2281 1102 2311 peccata
1116 2285 1124 2310 ;
1146 2277 1190 2311 qui
1213 2276 1329 2312 lugebit,
1346 2277 1417 2305 mitis
1429 2278 1479 2305 erit
1489 2298 1496 2311 ,
1510 2278 1647 2306 modestus
1661 2284 1688 2306 et
1701 2279 1781 2306 mise-

995 2322 1096 2355 ricors;
1117 2322 1269 2350 misericors
1288 2330 1367 2356 vero,
1382 2322 1470 2358 justus
1483 2324 1551 2357 erit,
1567 2329 1741 2360 compunctus
1755 2330 1782 2353 et

996 2369 1109 2395 mundus
1119 2368 1199 2396 corde
1216 2378 1223 2395 :
1238 2369 1281 2404 qui
1295 2369 1356 2397 talis
1367 2370 1417 2397 erit
1427 2390 1435 2403 ,
1450 2371 1529 2398 etiam
1544 2371 1668 2406 pacilicus
1679 2371 1782 2400 futurus

996 2418 1046 2442 e~t.
1070 2413 1118 2448 Qui
1139 2421 1219 2448 porro
1234 2414 1291 2442 haec
1303 2414 1391 2442 omnia
1405 2420 1562 2450 assequutus
1575 2415 1671 2450 fuerit,
1684 2417 1717 2444 ad
1733 2425 1782 2452 pe-

996 2459 1077 2486 ricula
1099 2459 1179 2487 etiam
1194 2464 1300 2494 paratus
1323 2461 1391 2494 erit,
1406 2469 1491 2496 neque
1511 2462 1580 2489 male
1594 2462 1704 2491 audiens
1722 2467 1775 2490 tur-

997 2506 1119 2540 babitnr,
1144 2513 1230 2541 neque
1254 2506 1277 2534 si
1300 2506 1439 2535 innumera
1464 2508 1577 2542 patiatur
1602 2509 1681 2535 mala.
1703 2509 1781 2536 Posto

996 2560 1074 2587 quam
1088 2560 1152 2588 ergo
1162 2560 1210 2580 eos
1222 2553 1255 2580 ad
1268 2560 1298 2580 ea
1311 2561 1370 2588 qua:
1381 2558 1558 2581 censentanea
1574 2559 1650 2582 erant
1662 2554 1782 2583 hortatus

996 2604 1036 2627 est
1045 2620 1053 2633 ,
1079 2606 1170 2626 rursus
1182 2607 1228 2626 eos
1243 2599 1363 2627 laudibus
1376 2600 1484 2627 solatur.
1498 2600 1564 2634 Quia
1577 2601 1647 2628 enitn
1660 2601 1781 2628 sublimia

998 2650 1130 2680 prmecpta
1151 2650 1244 2677 erant,
1268 2645 1402 2680 multoque
1426 2646 1527 2680 majora
1553 2654 1631 2681 quam
1661 2647 1687 2674 in
1700 2648 1781 2674 veteri

997 2691 1074 2726 lege,
1094 2699 1128 2718 ne
1149 2692 1317 2719 turbarentur
1339 2699 1371 2719 ac
1391 2692 1571 2727 trepidarent,
1586 2693 1781 2729 dicerenlquc:

997 2737 1135 2772 Quomodo
1156 2736 1212 2765 htnc
1235 2737 1345 2772 implere
1364 2738 1527 2772 poterimus?
1543 2738 1603 2765 audi
1616 2738 1679 2775 quid
1693 2739 1782 2767 dicat:

1030 2816 1039 2832 ‘
1057 2814 1164 2841 Nonnulli
1175 2815 1274 2846 habent,
1289 2814 1376 2841 4t/tleta
1387 2814 1427 2841 ille
1441 2815 1510 2847 fortis
1518 2818 1540 2841 et
1548 2821 1657 2847 magnus.
