2073 3127
266 116 315 143 εει

264 175 309 201 13.
332 172 380 200 Vos
408 172 468 200 cuia
479 171 519 200 sal
534 175 608 199 terra!
617 191 626 205 ,
642 170 785 199 ostendens
796 178 825 198 se
837 169 989 198 necessario
1002 169 1060 197 haec

260 222 397 255 prascepta
404 218 478 246 dare.
489 217 547 246 Non
557 218 628 245 enim
639 225 687 253 pro
701 222 787 246 vestra
802 217 865 250 vita,
881 216 929 244 sed
944 223 991 251 pro
1004 220 1060 244 toto

265 266 340 299 orbe,
352 265 447 300 inquit,
456 265 567 293 verbum
573 264 649 293 vobis
662 264 845 293 committitur.
856 263 947 299 Neque
956 263 982 290 in
993 262 1060 290 duas

265 311 349 340 urbes
358 318 406 339 vos
419 311 505 344 mitto,
514 311 557 339 vel
568 311 662 339 decem
675 311 718 339 vel
725 310 817 346 viginti
828 317 837 343 ;
848 316 934 345 neque
947 309 973 337 in
981 315 1060 336 unam

264 363 318 385 vos
330 357 408 386 mitto
416 362 534 392 gentem,
546 358 615 385 sicut
625 357 766 393 prophetas
771 356 847 389 olim,
859 355 906 384 sed
914 356 940 383 in
949 360 1058 389 terram,

262 403 292 431 in
313 410 387 431 mare
400 408 427 431 et
442 403 468 431 in
479 404 632 431 universum
645 404 736 431 orbem
749 423 757 436 ,
770 406 798 430 et
809 402 880 430 hunc
895 402 1009 437 pessime
1021 401 1061 429 af-

263 448 375 478 fectum.
383 449 449 478 Cum
456 449 524 478 dixit
530 450 612 484 enim,
618 449 730 477 Vastatis
740 449 780 477 sal
789 449 988 483 teme,ostendit
999 449 1060 477 uni-

265 502 369 523 versam
377 495 515 524 hominum
526 499 646 523 naturam
655 494 848 529 infatuatam,et
855 502 870 522 a
879 495 995 530 peccatis
1006 502 1062 522 cor-

263 545 371 577 ruptam
385 548 456 569 esse.
468 540 531 569 Ideo
539 540 621 568 basin
631 541 682 568 illis
690 541 805 568 maxime
817 541 928 569 virtutes
940 540 1060 576 requirit,

264 595 326 623 quae
336 592 400 615 sunt
411 587 445 615 ad
460 587 603 615 multorum
614 587 816 615 sollicitudinem
823 587 965 622 gerendam
978 587 1062 622 magis

267 633 425 661 necessaria;
443 636 470 661 et
492 633 578 660 utiles.
590 632 695 660 Etenim
706 633 750 668 qui
767 632 839 660 mitis
850 637 902 663 est,
913 631 1062 665 modestus,

266 678 419 706 misericors
443 682 471 705 et
490 678 588 713 justus,
602 685 655 706 non
677 678 703 705 in
723 685 753 705 se
774 682 877 705 tantum
893 677 961 705 bona
981 684 1062 713 opera

267 724 416 757 concludit,
433 723 481 752 sed
494 724 573 752 etiam
585 723 610 751 id
621 728 697 752 curat
708 729 738 751 ut
758 724 858 759 egregii
879 723 916 751 illi
930 723 1017 751 fontes
1030 722 1062 750 ad

268 769 382 797 aliorum
403 775 513 798 manent
533 770 684 798 utilitatem.
706 770 821 798 Rursum
835 770 881 806 qui
894 769 1008 798 mundus
1022 773 1064 797 est

267 815 366 849 corde,
388 816 515 852 paciﬁcus
533 820 561 844 et
582 823 630 852 pro
644 817 756 844 veritate
769 816 878 852 pulsus,
891 816 972 844 vitam
987 823 1063 844 suam

268 861 303 889 ad
322 868 492 890 communem
506 861 646 890 utilitatem
658 862 758 898 dirigit.
774 862 813 890 Ne
827 863 940 898 putetis,
957 862 1040 898 inquit
1054 883 1062 895 ,

268 914 317 935 vos
335 907 370 935 ad
392 908 458 936 levia
472 908 594 943 quietiam
608 909 754 936 certamina
769 908 857 942 trahi,
871 916 958 944 neque
969 908 1004 936 de
1018 916 1062 936 re-

268 954 319 981 bus
341 953 444 990 exiguis
459 954 528 990 apud
546 962 593 982 vos
613 954 655 990 agi
675 964 682 983 :
699 954 750 983 Vos
770 955 829 982 uti:
842 955 882 982 rat
900 960 981 982 terra.
996 954 1064 989 Quid

269 999 372 1034 igitur?
394 1007 458 1028 num
478 1000 516 1028 illi
539 1000 644 1035 putrida
656 1001 864 1029 restaurarunt?
879 999 1062 1036 Nequaquam.

271 1045 330 1073 Non
355 1050 468 1081 possunt
487 1046 558 1074 enim
579 1047 634 1082 jam
650 1046 796 1082 putrefacta
810 1047 873 1075 salis
886 1047 1064 1082 permixtione

267 1091 372 1126 juvare.
385 1091 444 1120 Non
459 1092 510 1121 hoc
524 1097 597 1120 certe
611 1092 732 1121 fecerunt
747 1102 754 1120 :
768 1093 815 1120 sed
830 1098 956 1121 renovata
968 1094 1041 1128 prius
1053 1113 1062 1127 ,

268 1142 297 1165 et
321 1137 370 1165 sibi
397 1137 509 1171 tradita,
534 1142 562 1167 et
580 1146 595 1166 a
617 1137 713 1167 foetore
730 1139 777 1166 illo
789 1138 916 1173 liberata,
930 1144 991 1167 tunc
1003 1146 1063 1168 eum

269 1183 326 1211 sale
346 1184 514 1218 miscebant,
538 1190 618 1220 atque
642 1185 668 1213 in
690 1185 736 1213 illa
759 1185 877 1214 novitate
899 1186 1040 1214 servabant
1054 1206 1063 1219 ,

269 1238 348 1266 quam
369 1238 384 1258 a
406 1231 519 1259 Domino
537 1235 707 1267 acceperant.
727 1231 794 1260 Nam
813 1232 921 1260 liberari
940 1240 955 1260 a
969 1233 1065 1261 fmtore

270 1281 438 1311 peccatorum
448 1298 457 1311 ,
473 1276 573 1306 Christi
594 1278 700 1306 virtutis
715 1285 783 1314 opus
795 1278 845 1306 fuit
858 1287 866 1312 ;
879 1283 907 1306 at
921 1286 973 1307 non
987 1279 1019 1307 ad
1034 1280 1065 1306 il-

269 1321 325 1349 lum
339 1321 461 1351 lictorem
477 1323 593 1357 reverti,
608 1323 634 1351 id
650 1324 756 1352 illorum
769 1324 913 1361 diligentiae
927 1330 954 1353 et
966 1325 1066 1353 laboris

269 1375 337 1403 opus
356 1372 425 1397 erat.
446 1368 540 1397 Viden‘
558 1370 693 1405 quomodo
717 1370 843 1406 paulatim
864 1371 981 1399 ostendit
993 1372 1065 1407 ipsos

269 1414 406 1449 prophetis
417 1422 477 1443 esse
490 1415 638 1444 meliores?
649 1416 707 1445 Non
721 1416 793 1445 enim
807 1417 954 1446 Palaestinae
967 1418 1060 1446 docto-

269 1468 314 1488 res
324 1468 383 1489 esse
393 1461 449 1495 ait,
465 1462 513 1489 sed
527 1462 607 1490 totius
619 1463 692 1490 orbis
704 1467 802 1497 terrae;
817 1471 867 1492 nec
881 1464 961 1492 modo
971 1464 1063 1493 docto-

269 1513 313 1534 res
321 1527 330 1539 ,
342 1506 390 1535 sed
401 1506 480 1534 etiam
490 1506 615 1536 doctores
624 1508 785 1536 tremendos.
796 1508 873 1543 Quod
883 1509 953 1538 enim
966 1510 1062 1538 mirum

272 1556 315 1580 est
323 1573 331 1586 ,
346 1559 398 1581 non
411 1552 551 1581 adulantes
560 1573 568 1587 ,
580 1561 667 1589 neque
677 1554 825 1589 palpantes,
836 1554 883 1583 sed
893 1563 987 1591 aspere
997 1557 1065 1584 acri-

273 1602 366 1633 terque
385 1603 495 1634 agentes
514 1599 583 1627 sicut
600 1599 656 1633 sal,
679 1600 718 1627 sic
737 1600 927 1629 desiderabiles
941 1602 1065 1630 omnibus

270 1643 388 1672 fuerunt.
411 1644 499 1673 Nolite
517 1652 581 1680 ergo
594 1645 685 1673 mirari
698 1666 706 1679 ,
722 1645 821 1681 inquit,
834 1646 857 1674 si
871 1646 935 1674 aliis
945 1647 1045 1675 relictis
1054 1668 1062 1681 ,

270 1697 319 1718 vos
328 1691 527 1726 alloquar,etad
536 1695 607 1719 tanta
618 1698 665 1719 vos
677 1691 793 1727 pericula
804 1693 1064 1728 pertraham.Consi-

269 1735 362 1764 derate
371 1736 511 1772 enimquot
523 1737 682 1772 quantisque
692 1738 855 1772 civitatibus,
869 1739 982 1774 populis,
997 1747 1065 1776 gen-

271 1781 341 1809 tibus
348 1788 396 1809 vos
404 1781 541 1817 praefectos
551 1783 681 1810 missurus
691 1784 752 1811 sim.
760 1783 874 1820 Ideoque
885 1792 939 1812 non
949 1793 995 1813 vos
1004 1791 1063 1814 tan-

270 1831 326 1854 tum
341 1827 485 1863 prudentes
496 1836 557 1856 esse
570 1829 646 1863 volo,
660 1829 707 1857 sed
720 1834 747 1856 ut
757 1830 824 1858 alios
837 1830 937 1859 similes
949 1831 1062 1860 faciatis.

271 1871 333 1901 Illos
353 1876 443 1901 autem
460 1874 506 1909 qui
526 1873 677 1908 huiusmodi
700 1878 777 1907 sunt,
798 1875 940 1903 admodum
954 1884 1063 1913 sagaces

269 1925 330 1946 esse
344 1923 466 1954 oportet,
480 1920 506 1947 in
520 1920 616 1955 quibus
628 1928 723 1956 nempe
738 1925 765 1949 ct
777 1921 889 1949 aliorum
905 1923 977 1956 salus
990 1924 1063 1959 peri-

271 1965 394 2000 clitatur,
418 1969 446 1993 et
465 1969 565 1993 tantam
587 1966 614 1993 in
635 1966 687 1994 illis
701 1967 787 1995 ineSSe
803 1968 944 2001 virtutem,
962 1974 991 1997 ut
1002 1977 1061 1998 eam

270 2009 304 2037 ad
318 2010 432 2038 aliorum
457 2011 598 2039 utilitatem
625 2011 760 2047 impertire
782 2014 896 2049 possint.
915 2013 970 2042 Nisi
990 2015 1060 2043 enim

271 2057 337 2085 tales
347 2058 458 2092 fueritis,
470 2066 504 2086 ne
513 2058 588 2087 vobis
600 2059 707 2095 quidem
722 2060 786 2095 ipsis
797 2060 920 2089 sufﬁcere
929 2056 1060 2097 poteritis.
1076 2052 1084 2058 ³

305 2103 332 2131 7.
355 2103 395 2131 Ne
417 2106 506 2139 itaque
526 2112 598 2140 aegre
620 2105 728 2139 feratis,
747 2107 822 2141 quasi
837 2107 948 2135 molesta
962 2109 1017 2136 sint
1028 2117 1059 2138 ea

269 2150 485 2187 quedicuntur.
499 2151 565 2179 Nam
578 2152 624 2180 alii
640 2153 746 2188 quidem
762 2153 898 2188 infatuati,
911 2155 1060 2184 ministerio

268 2202 360 2226 vestro
381 2197 538 2233 resipiscere
559 2203 671 2234 possunt
696 2208 703 2226 :
726 2207 773 2227 vos
792 2205 898 2234 autem,
917 2200 940 2228 si
953 2201 979 2228 in
995 2202 1059 2229 illud

269 2244 367 2271 malum
379 2243 515 2277 incidatis,
526 2244 591 2273 alios
603 2245 738 2273 vobiscum
750 2246 777 2273 in
788 2247 931 2282 perniciem
943 2247 1056 2276 trahitis.

269 2287 360 2324 Itaque
383 2294 483 2325 quanto
506 2290 607 2325 majora
628 2290 703 2319 vobis
715 2292 917 2320 committuntur
929 2294 1033 2329 negotia
1048 2315 1057 2328 ,

268 2340 343 2363 tanto
362 2335 463 2371 majore
490 2335 579 2363 studio
605 2343 673 2371 opus
688 2336 802 2365 habetis.
816 2336 983 2374 Quapropter
995 2339 1032 2366 ait
1048 2348 1056 2368 :

268 2381 300 2409 Si
313 2386 396 2409 autem
411 2382 450 2409 sal
462 2382 614 2418 infamatum
625 2383 699 2418 fuerit
712 2404 720 2417 ,
736 2384 762 2411 in
771 2392 821 2420 quo
832 2385 956 2417 satietur?
967 2385 1057 2418 Admi-

267 2428 347 2455 Itilum
360 2428 426 2456 ualet
439 2428 507 2455 ultra
516 2450 524 2462 ,
534 2429 584 2456 nisi
592 2433 620 2456 ut
633 2429 747 2457 mittatur
760 2430 830 2465 foras
839 2450 847 2463 ,
861 2436 885 2458 et
896 2432 1056 2460 conculcetur

266 2475 298 2501 ub
316 2474 467 2502 hominibus.
483 2474 549 2502 Nam
562 2475 607 2502 alii
620 2473 726 2510 quidem
740 2475 762 2503 si
774 2478 925 2505 sexcenties
937 2478 1033 2506 cedant
1045 2499 1054 2513 ,

266 2520 371 2547 veniam
392 2521 519 2556 consequi
539 2525 651 2556 possunt
665 2530 672 2548 ε
687 2521 780 2550 doctor
793 2527 881 2550 autem
896 2523 919 2550 si
932 2523 958 2551 id
972 2525 1055 2559 patia-

266 2571 310 2594 tur
322 2587 330 2599 ,
350 2567 422 2594 omni
438 2566 593 2595 defensione
606 2568 724 2603 privatur
733 2588 741 2600 .
756 2573 783 2597 et
795 2574 915 2597 extremo
926 2570 1055 2598 afficietur

265 2612 405 2647 supplicio.
421 2612 459 2640 Ne
472 2613 542 2640 enim
555 2613 704 2648 audientes,
717 2614 780 2642 Cum
794 2616 998 2650 exprobraverint
1010 2625 1054 2645 vos

265 2663 289 2685 et
308 2658 450 2694 persequuti
465 2666 508 2685 vos
522 2659 633 2694 fuerim,
649 2665 673 2687 et
684 2660 793 2688 dixerint
805 2669 878 2689 omne
891 2662 986 2689 malum
998 2670 1054 2689 uer-

263 2703 323 2730 bum
334 2704 467 2731 adversum
476 2711 519 2731 vos
531 2724 538 2737 ,
551 2704 577 2731 in
592 2704 709 2733 medium
719 2705 825 2740 prodire
839 2707 958 2741 timeant,
971 2706 1051 2735 dicit:

263 2749 319 2777 Nisi
338 2748 372 2776 ad
391 2748 449 2776 hac
467 2749 551 2785 parati
564 2748 682 2783 fueritis,
703 2750 800 2778 frustra
812 2752 891 2779 electi
904 2752 979 2779 estis.
994 2752 1052 2780 Non

264 2795 335 2822 cnim
359 2794 499 2823 maledicta
518 2800 581 2822 sunt
595 2795 711 2823 timenda
721 2817 730 2830 ,
742 2801 771 2824 at
783 2796 954 2825 metuendum
968 2805 1003 2825 ne
1017 2797 1052 2825 si-

264 2839 412 2867 mulatores
429 2839 571 2868 videamini
596 2848 604 2867 :
631 2844 693 2869 tunc
714 2841 785 2869 enim
803 2841 922 2870 inlatuati
935 2841 1011 2871 eritis
1024 2847 1051 2871 et

636 112 665 141 S.
685 110 823 141 JOANNIS
841 107 1077 140 CHRYSOSTOIII
1096 108 1254 138 ARCHIEP.
1274 110 1540 141 CONSTANTINOP.

1847 113 1900 144 23:!

1110 168 1266 197 conculcati.
1277 169 1304 198 Si
1315 175 1403 198 autem
1412 172 1587 206 perseveretis
1598 179 1693 208 aspere
1702 180 1763 201 cum
1774 170 1828 202 illis
1840 182 1901 210 nge-

1111 222 1141 243 re
1150 235 1157 248 ,
1177 215 1199 243 si
1214 221 1305 250 postea
1318 217 1389 244 male
1401 217 1514 246 audiatis
1525 238 1534 252 ,
1548 218 1671 253 gaudete.
1689 218 1755 247 [llud
1770 221 1842 249 enim
1856 229 1900 248 sa-

1111 260 1145 288 lis
1167 264 1209 288 est
1231 268 1315 296 opus,
1338 266 1368 290 ut
1391 263 1486 291 molles
1506 263 1629 292 mordeat
1650 268 1677 292 et
1689 269 1798 300 pungat.
1812 265 1903 301 itaque

1115 306 1256 334 maledicta
1281 307 1433 335 necessario
1459 313 1622 343 sequuntur,
1649 317 1737 344 neque
1762 311 1787 337 in
1812 311 1903 347 aliquo

1121 360 1168 380 vos
1183 354 1298 386 la‘dunt,
1314 354 1359 382 sed
1374 359 1489 382 vestram
1503 355 1676 383 testiﬁcantur
1699 356 1860 384 ﬁrmitatem.
1874 359 1902 386 Si

1111 405 1175 426 vero
1190 399 1233 426 illa
1249 403 1397 427 metuentes
1409 421 1417 433 ,
1440 400 1474 427 ab
1494 400 1538 428 illa
1552 402 1627 428 vobis
1642 407 1804 437 congruente
1818 403 1901 430 veheo

1112 446 1212 472 mentia
1227 446 1383 474 destiteritis
1399 467 1406 479 ,
1433 447 1518 474 multo
1537 448 1660 483 graviora
1687 450 1789 483 passuri
1813 455 1878 477 estis
1893 471 1901 481 ,

1111 491 1181 526 apud
1195 488 1301 519 omnes'
1314 493 1383 520 male
1397 492 1511 520 audituri
1524 515 1530 526 ,
1548 499 1574 521 ct
1597 495 1720 522 omnibus
1739 497 1902 531 contemptui

1112 537 1187 565 eritis
1202 547 1208 564 :
1223 538 1287 565 illud
1302 539 1372 566 enim
1385 544 1426 566 est
1436 540 1596 567 conculcari.
1611 540 1711 568 Deinde
1722 541 1755 568 ad
1769 542 1841 569 aliud
1856 551 1902 569 sn-

1112 582 1220 611 blimins
1240 585 1325 619 pergit
1348 586 1508 620 exemplum.
1535 586 1578 614 14.
1600 586 1648 614 Vos
1667 588 1725 614 estis
1746 588 1792 614 lux
1804 589 1902 617 mundi.

1113 628 1209 656 lterum
1234 630 1343 663 mundi,
1366 638 1418 658 non
1436 632 1521 666 gentis
1540 633 1635 665 unius,
1651 633 1693 659 vel
1706 633 1797 667 viginti
1810 634 1904 661 civita-

1113 679 1169 702 tum
1182 696 1190 709 ,
1212 675 1258 703 sed
1283 676 1363 703 totius
1375 677 1447 704 orbis
1461 686 1467 704 :
1485 678 1531 705 lux
1546 678 1719 713 intelligibilis
1729 699 1736 712 ,
1754 679 1794 706 his
1808 681 1904 707 solari-

1113 721 1162 749 bus
1183 722 1265 749 radiis
1286 724 1470 757 prtcstantior,
1491 724 1714 759 quemadmodum
1730 730 1756 752 et
1771 726 1810 753 sal
1825 727 1905 761 spiri-

1114 768 1195 796 tuale.
1216 768 1306 795 Primo
1318 769 1356 796 sal
1367 789 1374 801 ,
1395 769 1491 797 deinde
1514 770 1556 797 lux
1568 791 1575 803 ,
1590 775 1618 797 ut
1630 771 1717 799 discas
1731 777 1857 807 quantum
1871 781 1903 801 ex

1113 814 1168 841 acri
1190 821 1314 841 sermone
1328 815 1428 842 lucrum
1442 817 1593 850 proveniat,
1609 823 1705 852 quanta
1720 826 1751 845 ex
1767 819 1839 853 gravi
1854 820 1901 847 do-

1113 859 1197 886 ctrina
1221 860 1329 887 utilitas.
1351 861 1460 896 Stringit
1480 862 1568 894 cnim,
1590 870 1638 889 nec
1654 864 1716 890 sinit
1729 864 1863 898 diffluere,
1879 869 1904 892 ct

1113 904 1146 932 ad
1161 906 1285 932 virtutctn
1299 906 1398 933 ducens
1417 908 1573 942 respiciendi
1589 909 1640 935 vim
1661 910 1735 936 indit.
1751 909 1811 937 Non
1825 917 1903 946 potest

1113 951 1199 978 civitas
1208 952 1328 978 abscondi
1342 961 1419 987 supra
1434 959 1542 980 montem
1553 956 1635 989 positu
1650 963 1660 982 :
1673 956 1716 984 15.
1730 965 1807 990 neque
1817 966 1905 984 accen-

1114 998 1176 1025 dunt
1200 998 1342 1032 lucernam,
1361 1005 1384 1026 ct
1398 1006 1493 1035 ponunt
1507 1010 1560 1028 eam
1574 1002 1620 1028 sub
1634 1002 1727 1029 modio.
1742 1003 1843 1030 Rursus
1859 1012 1905 1038 per

1114 1043 1172 1071 haec
1183 1044 1242 1072 illos
1255 1045 1287 1071 ad
1299 1051 1450 1072 accuratam
1466 1047 1526 1073 vitae
1536 1048 1666 1074 rationem
1680 1049 1777 1075 excitat
1787 1069 1794 1081 ,
1806 1048 1905 1077 docens

1113 1098 1160 1118 eos
1170 1112 1177 1122 ,
1193 1096 1221 1118 ut
1234 1091 1347 1119 sollicite
1360 1092 1409 1119 sibi
1422 1099 1547 1125 caveant,
1564 1098 1654 1128 utpote
1669 1095 1713 1128 qui
1727 1095 1776 1121 sub
1787 1096 1904 1122 omnium

1113 1136 1196 1163 oculis
1211 1141 1366 1170 versentur,
1382 1143 1407 1165 et
1422 1138 1446 1164 in
1464 1139 1551 1165 lllCtllO
1563 1140 1643 1166 totius
1658 1140 1731 1167 orbis
1745 1140 1849 1167 theatro
1860 1140 1905 1167 de-

1114 1188 1227 1210 certeut.
1250 1183 1351 1217 Nolite,
1372 1184 1473 1219 inquit,
1490 1184 1515 1212 id
1530 1190 1652 1219 reputare
1667 1186 1773 1219 animo,
1791 1194 1838 1213 vos
1851 1186 1905 1221 jam

1115 1227 1158 1255 ltic
1179 1229 1292 1261 sedere,
1316 1233 1343 1256 et
1365 1229 1390 1256 in
1411 1230 1503 1265 exigua
1529 1231 1616 1265 anguli
1641 1236 1715 1265 parte
1733 1233 1833 1259 versari
1850 1242 1855 1257 :
1871 1232 1905 1260 ita

1114 1274 1185 1300 enim
1208 1274 1343 1309 conspicui
1367 1275 1489 1303 omnibus
1508 1276 1597 1309 eritis,
1620 1278 1755 1304 utcivitas
1770 1278 1795 1304 in
1810 1279 1906 1306 montis

1114 1321 1250 1348 cacumine
1272 1321 1366 1356 posita,
1385 1326 1413 1349 ut
1432 1322 1539 1349 lucerna
1556 1323 1581 1350 in
1597 1323 1677 1350 domo
1689 1330 1768 1359 supra
1782 1324 1906 1351 candela-

1115 1365 1191 1394 brum
1204 1368 1305 1394 lucens.

1151 1412 1243 1440 Christi
1257 1413 1366 1448 potentia
1380 1414 1510 1441 usseritur.
1521 1430 1556 1434 —
1570 1414 1621 1443 Ubi
1636 1419 1698 1442 sunt
1719 1423 1789 1443 nunc
1808 1415 1847 1442 illi
1862 1415 1905 1449 qui

1114 1457 1212 1486 Christi
1228 1459 1354 1493 potentia:
1374 1468 1426 1487 non
1443 1460 1573 1488 credunt?
1595 1461 1658 1488 lla-c
1672 1462 1797 1495 audiant,
1823 1468 1850 1489 et
1871 1462 1905 1489 de

1116 1505 1262 1540 prophetiae
1277 1506 1302 1532 vi
1323 1511 1461 1540 stupentes
1474 1528 1482 1540 ,
1503 1507 1615 1534 adorent
1637 1508 1698 1542 ejus
1712 1508 1904 1535 fortitudinem.

1116 1549 1255 1584 Perpende
1275 1551 1346 1578 enim
1361 1557 1459 1587 quanta
1476 1553 1631 1587 polliceatur
1648 1554 1680 1580 iis
1695 1554 1738 1589 qui
1760 1562 1793 1581 ne
1815 1555 1840 1581 in
1858 1562 1905 1583 sua

1114 1597 1222 1632 quidem
1239 1598 1347 1631 regione
1360 1599 1414 1625 noti
1428 1604 1520 1631 erant;
1538 1599 1661 1626 videlicet
1675 1600 1746 1634 ipsus
1761 1600 1787 1626 in
1799 1605 1868 1627 terra
1879 1605 1904 1628 ct

1115 1642 1142 1670 in
1158 1643 1226 1670 mari
1246 1643 1432 1677 celebrandos,
1447 1649 1473 1671 et
1488 1645 1556 1671 fama
1571 1645 1604 1672 ad
1619 1646 1746 1673 terminos
1760 1646 1832 1673 orbis
1844 1655 1905 1681 pcr-

1114 1692 1241 1716 venturos
1255 1697 1331 1722 esse;
1346 1689 1400 1717 imo
1413 1697 1464 1718 nou
1477 1690 1545 1718 fama
1558 1695 1671 1725 tantum,
1682 1691 1729 1719 sed
1740 1696 1768 1720 ct
1783 1692 1905 1721 beneficii

1114 1735 1242 1764 efﬁcacia.
1256 1735 1313 1764 Non
1327 1737 1397 1764 enim
1413 1737 1473 1764 illos
1494 1737 1562 1764 fama
1578 1738 1672 1765 volans
1692 1742 1769 1765 notos
1791 1738 1905 1766 reddidit

1114 1782 1224 1818 ubique,
1235 1782 1282 1811 sed
1295 1783 1350 1818 ipsa
1361 1790 1470 1818 operum
1482 1783 1634 1811 celebritas.
1646 1782 1711 1811 Nam
1723 1791 1772 1811 ceu
1783 1783 1905 1812 volucres

1113 1828 1231 1855 velocius
1244 1836 1322 1864 quam
1336 1829 1400 1856 solis
1411 1828 1477 1856 radii
1492 1833 1590 1856 terram
1600 1836 1706 1857 omnem
1718 1835 1903 1865 peragrarunt,

1114 1875 1165 1910 piat
1179 1874 1317 1910 religionis
1337 1875 1424 1903 lucem
1439 1876 1602 1903 emittentes.
1623 1875 1672 1903 llic
1684 1881 1771 1903 autem
1786 1876 1851 1903 mihi
1866 1877 1904 1903 via

1113 1911 1191 1948 detur
1213 1922 1273 1949 illos
1287 1921 1320 1948 ad
1344 1921 1467 1949 fiduciam
1492 1921 1649 1949 sumendam
1673 1921 1828 1949 cohortari:
1843 1930 1903 1949 cum

1111 1967 1183 1995 enim
1199 1967 1274 2000 dicit,
1296 1966 1355 1995 Non
1370 1972 1450 2003 potest
1463 1968 1550 1994 ciuitas
1563 1968 1684 1995 abscondi
1696 1976 1775 2003 supra
1793 1973 1902 1995 montem

1112 2014 1204 2048 posita,
1219 2013 1365 2048 potentiam
1386 2013 1504 2041 declarat
1517 2021 1611 2047 suam;
1637 2013 1706 2041 sicut
1720 2014 1790 2042 enim
1806 2013 1849 2040 illa
1864 2013 1902 2041 ci-

1111 2059 1179 2086 vitas
1200 2059 1327 2087 abscondi
1340 2059 1441 2094 nequit,
1456 2059 1494 2087 sic
1506 2055 1667 2094 praedicatio
1682 2060 1763 2087 taceri
1779 2064 1806 2087 et
1819 2060 1902 2087 latere

1111 2113 1166 2133 non
1178 2109 1274 2140 potest.
1288 2105 1355 2139 Quia
1368 2105 1439 2133 enim
1456 2105 1582 2140 loquutus
1597 2109 1655 2132 erat
1668 2104 1702 2133 de
1716 2105 1900 2140 persequutio-

1111 2152 1201 2186 nibus,
1216 2151 1249 2180 de
1264 2151 1422 2185 maledictis,
1443 2152 1476 2179 de
1489 2152 1604 2185 insidiis,
1621 2152 1654 2179 de
1668 2151 1760 2184 bellis;
1776 2159 1810 2179 ne
1822 2156 1898 2187 puta-

1110 2202 1170 2226 rcnt
1181 2198 1238 2225 haec
1248 2197 1301 2225 illis
1316 2205 1395 2233 pesse
1405 2205 1435 2225 os
1445 2197 1595 2230 obstruere,
1607 2197 1730 2225 ﬁduciam
1741 2197 1793 2225 illis
1805 2197 1901 2225 indens

1108 2244 1155 2277 ait,
1170 2244 1384 2279 praedicationem
1408 2251 1462 2271 non
1479 2244 1558 2271 modo
1575 2251 1627 2271 non
1643 2244 1726 2271 latere
1740 2251 1834 2279 posse,
1852 2243 1898 2271 scd

1108 2294 1135 2317 et
1148 2293 1231 2317 totum
1246 2289 1337 2316 orbem
1351 2289 1542 2317 illustraturam
1555 2296 1624 2317 esse.
1641 2289 1753 2324 Ideoque
1766 2289 1802 2316 illi
1818 2289 1898 2316 etiam

1107 2339 1186 2363 erunt
1208 2335 1346 2369 conspicui
1362 2339 1388 2362 et
1411 2335 1539 2370 insignes.
1563 2334 1629 2362 ilinc
1652 2335 1731 2369 igitur
1752 2334 1896 2370 potentiam

1107 2387 1183 2408 suam
1195 2380 1329 2412 ostendit;
1349 2388 1381 2409 ex
1395 2380 1569 2415 sequentibus
1581 2388 1646 2408 vero
1660 2380 1783 2408 ﬁduciam
1798 2380 1832 2408 ab
1845 2380 1898 2407 illis

1106 2426 1188 2462 exigit
1204 2426 1246 2454 bis
1259 2426 1347 2454 verbis
1361 2436 1369 2454 :
1390 2426 1480 2461 Neque
1492 2426 1631 2454 accendunt
1645 2426 1783 2459 lucernam,
1803 2430 1828 2453 et
1846 2434 1896 2460 po-

1106 2478 1170 2501 nunt
1184 2481 1239 2500 eam
1250 2473 1296 2500 urb
1308 2473 1402 2506 modia,
1414 2473 1458 2500 sed
1470 2481 1547 2507 super
1564 2472 1753 2505 candelabrum,
1767 2476 1794 2499 ut
1814 2471 1896 2499 luceat
1919 2495 1921 2497 .

1106 2519 1221 2546 omnibus
1234 2519 1278 2555 qui
1296 2520 1325 2546 in
1345 2519 1420 2546 domo
1436 2523 1505 2546 sunt.
1530 2518 1573 2546 l6.
1598 2518 1644 2546 Sic
1664 2518 1744 2545 luceat
1758 2518 1896 2545 lummtra

1105 2573 1190 2592 coram
1204 2565 1356 2599 hominibus,
1368 2569 1396 2592 ut
1409 2565 1507 2592 rideant
1519 2572 1595 2599 opera
1614 2569 1694 2602 uestra
1709 2564 1784 2597 bona,
1802 2568 1825 2590 et
1837 2563 1895 2599 glo-

1103 2612 1202 2648 riﬁcent
1224 2611 1329 2639 Patrem
1352 2617 1459 2639 uestrum
1473 2612 1516 2648 qui
1537 2612 1563 2639 in
1577 2611 1646 2638 ctelia
1668 2615 1714 2638 est.
1740 2609 1797 2646 Ego
1811 2610 1894 2641 enim,

1104 2659 1199 2694 inquit,
1215 2658 1300 2686 lucem
1315 2658 1424 2686 accendi
1437 2667 1444 2685 :
1460 2662 1490 2685 ut
1501 2665 1566 2686 vero
1581 2661 1734 2692 perseveret
1747 2656 1855 2690 ardens,
1868 2655 1894 2683 id

1103 2704 1138 2732 ad
1151 2709 1266 2732 vestram
1279 2704 1446 2740 diligentiam
1461 2704 1596 2739 pertinet;
1610 2710 1663 2730 non
1685 2702 1767 2730 vestri
1792 2706 1893 2729 tantum

1103 2758 1195 2784 causa,
1209 2750 1258 2778 sed
1275 2755 1303 2778 et
1322 2750 1428 2778 illorum
1447 2749 1532 2785 gratia
1547 2749 1594 2784 qui
1607 2748 1657 2777 hac
1672 2748 1807 2783 potientur
1822 2747 1893 2781 luce,

1103 2801 1131 2824 et
1150 2796 1183 2824 ad
1205 2796 1345 2824 veritatem
1360 2795 1535 2823 deducentur.
1557 2794 1650 2830 Neque
1673 2794 1745 2822 enim
1770 2797 1896 2829 pomum

1103 2841 1243 2871 maledicta
1269 2846 1388 2870 vestrum
1412 2841 1556 2870 obscurare
1580 2840 1749 2877 splendorem
1771 2848 1779 2867 :
1803 2839 1826 2867 si
1843 2846 1891 2865 vos
