2073 3127
202 135 257 164 235

207 195 332 220 accurate
346 189 427 216 vitam
438 186 592 218 instituatis,
603 189 683 220 atque
693 186 740 214 illo
746 183 836 216 modo,
855 187 886 211 ut
896 183 942 218 qui
957 186 998 209 to-

207 243 262 265 tqu
278 236 370 263 orbem
383 237 541 262 convertere
554 231 686 259 debeatis.
701 230 811 265 Dignam
826 228 906 264 igitur
923 231 998 254 tanta

206 282 291 318 gratia
306 281 433 309 exhibete
455 279 547 311 vitam,
561 282 591 305 ut
609 277 679 304 sicut
693 275 737 303 illa
751 274 847 310 ubique
873 273 1000 308 praedica-

208 335 262 361 tur,
275 328 314 355 sic
323 332 352 355 et
366 327 424 354 haec
436 333 497 354 cum
512 325 555 351 illa
570 326 721 351 concurrat.
741 320 842 350 Deinde
854 319 924 347 aliud
940 322 1000 353 post

210 375 348 402 hominum
361 372 472 401 salutem
487 369 590 398 lucrn'm
604 369 689 404 ponit,
702 367 773 403 quod
790 370 881 402 posset
895 365 953 393 illos
966 363 1000 392 ad

209 421 338 454 majorem
355 415 562 445 sollicitudinem
576 414 812 448 omnimodnmque
824 411 940 440 studium
953 418 999 439 ex-

208 467 303 493 citare.
317 464 384 492 Nam
398 464 420 491 si
440 467 512 490 recte
522 462 628 493 vivatis,
643 459 740 496 inquit,
752 466 804 486 non
821 457 902 486 modo
915 462 1000 486 totum

207 511 302 539 orbem
324 509 513 541 emendabitis,
528 507 576 536 sed
597 507 677 535 etiam
700 505 726 533 id
739 504 861 532 efﬁcietis
881 507 910 531 ut
930 503 1001 531 Deus

207 557 371 593 gloriaretur
383 564 390 582 :
406 556 428 582 si
443 562 508 582 vero
520 558 615 582 contra
629 552 757 584 feceritis,
766 555 794 579 et
808 550 930 578 homines
941 556 1002 584 per-

207 603 289 634 detis,
303 602 382 636 idque
393 600 517 628 efﬁcietis
532 604 560 626 ut
573 599 642 626 Deus
655 596 865 632 hlasphemetur.

245 648 274 676 8.
292 647 376 674 Virtus
396 646 474 674 latere
491 645 593 681 nequit;
613 643 685 671 illam
702 641 810 678 improbi
830 642 879 677 ipsi
893 641 918 668 in
939 649 1001 668 con-

208 694 313 722 scientia
327 701 374 720 sun
386 692 501 720 laudant.
516 690 600 718 Filius
620 689 726 724 aqualis
741 688 824 716 Patri.
838 703 873 708 -—
886 687 918 715 Et
932 695 1000 723 quo-

209 740 301 773 modo,
326 739 439 774 inquies,
467 745 515 773 per
529 745 578 764 nos
601 735 793 772 glorificahitur
819 734 950 766 Christus,
977 733 1000 761 si

209 787 288 815 nobis
300 785 423 813 homines
434 782 600 812 maledicturi
615 781 689 809 sint?
704 781 740 808 At
754 787 807 808 non
820 787 913 807 omnes
925 787 933 811 ;
947 779 1001 806 imo

211 832 258 866 qui
268 831 295 859 id
307 830 414 864 facient,
429 829 456 857 id
470 836 504 857 ex
517 827 616 856 invidia
630 826 746 855 facient:
759 825 840 853 invidi
855 829 946 852 autem
959 824 999 852 illi

209 879 238 906 in
250 877 417 906 conscientia
437 883 486 904 sua
499 882 546 903 vos
561 874 727 902 mirabuntur
740 877 819 908 atque
832 871 977 907 suspicient
991 880 998 898 :

207 923 434 961 quemadmodum
452 922 511 950 etii
529 921 575 957 qui
590 920 678 956 palam
702 919 830 954 improbis
847 917 1000 951 adulantur,

210 975 301 999 mente
317 969 426 998 eosdem
440 968 625 1006 criminantur.
648 965 717 999 Quid
735 973 799 1001 ergo
815 964 952 1000 praecipis?
966 971 1001 991 an

209 1023 240 1045 ut
252 1017 287 1045 ad
298 1016 503 1045 ostentationem
517 1018 545 1042 et
564 1013 673 1041 honoris
692 1011 834 1047 aucupium
855 1010 998 1038 vivamus?

209 1065 304 1096 Absit,
326 1070 379 1090 non
400 1061 427 1089 id
440 1060 509 1089 dico.
523 1059 615 1095 Neque
629 1058 701 1086 cnim
714 1057 780 1090 dixi,
796 1057 825 1084 ld
840 1056 956 1088 studete,
972 1059 1001 1082 ut

209 1111 281 1138 bona
295 1116 376 1145 opera
390 1107 515 1136 vestrain
530 1105 646 1134 medium
660 1103 801 1140 proferatis
818 1111 923 1138 :neque
935 1101 1001 1135 dixi,

210 1156 344 1184 Exhibete
351 1155 394 1182 illa
407 1162 415 1187 ;
426 1152 586 1185 sed,Luceat
598 1152 750 1182 (mecura;
764 1149 845 1176 multa
859 1149 895 1176 sit
906 1149 1000 1182 virtus,

208 1202 338 1237 c0piosus
347 1201 424 1236 ignis,
439 1199 488 1227 lux
499 1197 649 1226 ineﬂ'abilis.
662 1196 731 1224 Cum
746 1195 817 1222 enim
831 1198 904 1222 tanta
915 1194 1000 1221 virtus

212 1248 259 1280 sit,
275 1246 334 1274 ﬁeri
345 1253 398 1274 non
407 1248 496 1281 potest
508 1248 537 1271 ut
546 1243 637 1275 lateat,
651 1241 757 1269 etiamsi
768 1241 790 1267 is
799 1240 845 1275 qui
856 1239 928 1267 illam
942 1247 1004 1274 pos-

210 1293 281 1321 sidet
293 1313 300 1325 ,
316 1290 470 1320 omnimodo
481 1296 541 1317 eam
557 1288 698 1316 obscuram
712 1293 772 1314 esse
786 1285 860 1314 velit.
886 1285 1004 1320 lrrepre-

209 1338 370 1366 hensibilem
384 1337 464 1371 igitur
473 1335 525 1363 illis
537 1333 662 1362 exhibete
675 1333 767 1365 vitam,
787 1331 938 1366 nullamque
958 1338 1004 1357 vc-

210 1392 270 1413 ratn
285 1384 400 1411 habeant
415 1380 556 1410 accusandi
569 1379 737 1408 occasionem
747 1386 755 1411 ;
766 1378 870 1406 etiamsi
884 1377 1004 1405 sexcenti

212 1434 384 1458 accusatores
392 1428 492 1460 adsint,
505 1433 585 1454 nemo
599 1432 647 1453 vos
665 1424 810 1452 obscurare
822 1423 928 1459 poterit.
943 1422 1005 1450 Pul-

208 1477 277 1504 chre
288 1475 365 1507 dixit,
389 1473 456 1501 Lux.
472 1472 542 1501 Nihil
563 1471 635 1500 enim
663 1469 799 1498 hominem
810 1469 850 1497 sic
873 1469 1005 1497 illustrem

217 1522 312 1554 efﬁcit,
325 1519 430 1548 etiamsi
444 1525 554 1554 prorsus
567 1517 650 1545 latere
659 1516 733 1550 velit,
753 1521 783 1544 ut
794 1515 899 1543 virtutis
911 1515 1004 1550 splen-

209 1568 273 1595 dor.
295 1567 371 1596 Sicut
383 1566 453 1594 enim
474 1565 533 1600 ipso
551 1563 631 1592 solari
656 1562 730 1591 radio
756 1562 945 1594 circumdatus,
969 1562 1004 1589 ita

212 1614 295 1642 etiam
306 1612 405 1640 clarius
420 1610 543 1646 refulget,
568 1617 622 1637 non
637 1609 665 1637 in
681 1609 779 1637 terram
800 1612 901 1635 tantum
917 1607 1005 1634 radios

214 1660 353 1692 emittens,
366 1657 413 1686 sed
423 1658 512 1693 ipsum
526 1656 621 1684 czelum
644 1653 847 1682 transcendens.
861 1653 929 1681 Hinc
943 1653 1003 1680 illos

211 1705 357 1734 admodum
371 1704 533 1732 consolatur.
549 1701 616 1729 Nam
638 1701 661 1728 si
674 1700 708 1728 de
721 1699 869 1728 maledictis
878 1719 886 1733 ,
901 1698 985 1734 inquit
996 1719 1004 1732 ,

213 1752 326 1781 doletis.
342 1750 419 1778 multi
434 1749 515 1777 etiam
528 1751 609 1776 erunt
618 1747 662 1782 qui
675 1750 782 1782 propter
796 1753 844 1773 vos
859 1745 940 1773 Deum
954 1745 1002 1772 ad-

213 1798 358 1826 mirentur.
382 1795 513 1830 Utrinque
533 1800 597 1821 vero
610 1792 743 1828 colligitur
766 1798 888 1824 merces,
902 1795 1004 1819 etcum

214 1848 325 1879 propter
335 1848 383 1869 vos
398 1841 468 1868 Deus
480 1838 647 1875 glorificatur
657 1858 666 1871 ,
681 1841 710 1865 et
720 1844 782 1864 curn
797 1841 906 1871 propter
921 1836 1006 1863 Deum

216 1896 268 1917 vos
293 1887 443 1916 maledictis
461 1885 635 1913 incessimini.
664 1883 769 1911 Etenim
783 1890 817 1910 ne
831 1882 901 1910 male
913 1882 1006 1911 audire

212 1935 369 1964 studeamus
382 1955 392 1967 ,
412 1933 482 1968 quod
494 1931 669 1960 didicerimus
683 1929 746 1958 hinc
765 1929 902 1965 praemium
915 1936 1008 1963 repor-

215 1982 266 2010 tari
281 2001 289 2014 ,
304 1988 358 2008 non
373 1978 437 2007 illud
452 1977 608 2013 simpliciter
631 1975 728 2012 posuit.
754 1974 801 2002 sed
823 1981 884 2002 cum
905 1973 1008 2001 duabus

213 2025 431 2055 distinctionibus
443 2031 451 2057 ;
478 2030 576 2058 nempe
593 2030 654 2050 cum
669 2021 734 2049 falsa
748 2020 872 2048 dicuntur
884 2041 891 2053 ,
905 2024 933 2047 et
945 2027 1007 2047 cum

215 2077 326 2110 propter
353 2072 436 2099 Deum
458 2068 642 2097 maledicimur
662 2066 853 2101 :ostenditqne
879 2073 930 2093 non
943 2064 1006 2092 illud

215 2125 331 2153 tantum,
351 2118 399 2146 sed
420 2117 501 2146 etiam
522 2117 591 2145 bene
610 2115 704 2143 audire
724 2114 838 2142 multum
852 2113 949 2141 afferre
967 2112 1009 2140 lu-

213 2174 304 2200 crum,
319 2165 403 2201 gloria
415 2164 441 2191 in
456 2163 542 2191 Deum
553 2164 731 2189 transeunte:
746 2159 870 2194 bonaque
888 2158 947 2186 illos
961 2165 1009 2193 spe

216 2214 303 2242 fulcit.
315 2211 374 2240 Non
386 2211 459 2239 enim
471 2213 572 2237 tantam
586 2208 640 2235 vim
652 2206 753 2234 habent
765 2225 772 2239 ,
788 2205 884 2240 inquit,
897 2204 1007 2240 iniquo-

217 2267 277 2288 rum
291 2257 443 2289 maledicta,
459 2259 489 2283 ut
501 2254 569 2282 alios
584 2254 619 2281 ita
640 2251 816 2280 obtenehrare
831 2251 934 2285 possint
945 2270 954 2283 ,
979 2253 1009 2277 ut

218 2306 307 2333 lucent
321 2307 438 2331 vestram
451 2308 505 2328 non
519 2299 635 2327 videant.
646 2297 713 2325 Cum
727 2297 798 2324 enim
814 2295 934 2323 infatuati
950 2294 1008 2323 fue-

219 2351 280 2380 ritis
293 2371 303 2384 ,
316 2354 379 2378 tunc
399 2353 504 2375 tantum
521 2353 569 2373 vos
582 2343 793 2375 conculcabunt;
807 2350 859 2370 non
873 2349 936 2369 vero
948 2348 1009 2368 cum

219 2401 293 2425 recta
308 2395 438 2422 facientes
451 2390 623 2420 acensamini.
644 2389 720 2417 Tunc
742 2388 814 2416 enim
829 2387 904 2414 multi
917 2391 1007 2418 erunt,

217 2442 266 2478 qui
281 2440 449 2469 mirabuntur
462 2445 515 2466 non
539 2444 586 2465 vos
608 2439 709 2463 tantum
721 2455 729 2466 ,
744 2433 792 2462 sed
803 2438 910 2469 propter
924 2439 971 2460 vos
983 2436 1011 2460 et

220 2490 327 2518 Patrem
339 2490 470 2514 vestrum.
483 2484 540 2512 Nec
552 2483 629 2516 dixit,
645 2482 740 2514 Deum,
751 2480 807 2513 sed,
824 2480 940 2512 Patrem,
953 2479 1010 2514 jam

219 2535 324 2563 semina
343 2532 447 2568 jaciens
470 2529 615 2558 nobilitatis
635 2527 708 2555 illius
734 2526 800 2562 ipsis
829 2525 1010 2553 conferendae.

221 2580 322 2609 Deinde
336 2578 446 2606 honoris
458 2575 635 2612 aequalitatem
647 2573 796 2606 declarans,
811 2579 871 2600 cum
887 2572 1011 2607 superius

218 2629 333 2656 dixisset
349 2635 356 2654 :
370 2625 410 2653 Ne
421 2621 615 2652 contristemini
628 2628 690 2649 cum
702 2620 771 2647 male
785 2618 940 2651 audieritis;
955 2618 1011 2645 suf-

223 2674 279 2702 ficit
287 2673 360 2700 enim
370 2670 447 2699 vobis
466 2667 537 2704 quod
551 2671 658 2703 propter
673 2673 716 2693 me
742 2665 790 2692 ista
810 2663 924 2691 audiatis
939 2672 947 2691 :
961 2663 1014 2690 hoc

222 2721 284 2748 loco
305 2719 412 2747 Patrem
436 2716 529 2752 ponit,
544 2713 721 2749 aequalitatem
744 2711 843 2746 ubique
862 2710 1011 2738 declarans.

222 2767 292 2795 Cum
313 2765 394 2801 igitur
408 2763 525 2791 sciamus
539 2764 665 2796 quantum
681 2758 747 2786 lucri
768 2765 801 2785 ex
815 2757 864 2784 hac
878 2756 1013 2792 diligentia

223 2816 402 2848 reportamus,
416 2813 443 2837 et
456 2812 583 2843 quantum
596 2813 630 2833 ex
641 2803 763 2832 socordia
775 2801 922 2838 periculum
937 2803 1014 2829 cr‘ee-

224 2864 268 2891 tur
280 2859 385 2896 (nostra
395 2855 495 2892 quippe
507 2852 623 2890 pernicie
634 2851 719 2880 multo
730 2849 805 2887 pejus
815 2853 866 2884 est,
880 2848 951 2884 quod
961 2848 1014 2877 Do-

795 126 827 156 iN
846 123 1046 155 MATTHEUM
1066 123 1180 152 HOMIL.
1202 123 1258 152 XV.

1789 126 1849 156 ﬁt

1053 181 1144 209 minus
1165 185 1257 210 noster
1269 180 1469 216 blasphematur
1495 185 1604 218 propter
1620 182 1711 219 nos),
1724 183 1783 212 sine
1802 187 1845 213 of-

1052 226 1176 255 fensione
1201 227 1285 254 simus
1303 231 1331 255 et
1343 225 1442 255 Judaeis
1455 231 1483 255 et
1496 227 1620 263 gentibus
1632 249 1640 261 ,
1668 233 1696 257 et
1716 228 1842 258 Ecclesia:

1054 272 1113 305 Dei,
1130 273 1264 308 vitamque
1285 272 1343 300 sole
1362 272 1568 308 splendidiorem
1582 274 1766 310 cxhibeamus,
1779 281 1807 304 et
1820 278 1842 304 si

1055 319 1217 347 maledicere
1240 319 1300 355 quis
1313 319 1395 353 velit,
1410 327 1444 347 ne
1464 319 1618 352 doleamus,
1634 320 1656 348 si
1671 321 1740 348 male
1753 321 1847 349 audia-V

1052 372 1122 399 mus,
1137 365 1184 393 sed
1194 365 1218 394 si
1231 366 1326 393 merito
1340 366 1411 394 male
1423 366 1571 394 audiamus.
1584 366 1612 394 Si
1625 367 1696 395 enim
1709 367 1736 395 in
1749 369 1844 404 nequi-

1054 412 1090 440 tia
1105 413 1225 440 vivamus
1237 432 1245 445 ,
1259 413 1310 440 etsi
1325 420 1404 440 nemo
1430 412 1465 440 sit
1485 414 1529 448 qui
1553 412 1693 441 maledieat
1704 434 1711 446 ,
1725 415 1844 442 omnium

1052 458 1194 486 miserrimi
1208 465 1317 492 sumus;
1333 457 1354 485 si
1362 462 1452 485 antem
1463 458 1588 486 virtutem
1598 458 1727 493 colamus,
1738 459 1845 487 etiamsi

1054 507 1125 530 totus
1138 503 1211 531 orbis
1230 503 1307 531 nobis
1320 503 1460 531 maledicat
1473 524 1480 537 ,
1496 503 1597 532 erimus
1610 504 1729 532 omnium
1744 505 1845 533 beatis-

1054 550 1116 578 simi
1129 570 1139 584 ,
1154 555 1182 579 et
1195 558 1243 579 eos
1257 557 1351 579 omnes
1365 551 1409 586 qui
1435 551 1550 579 salutem
1563 552 1692 587 consequi
1704 552 1798 585 velint,
1810 552 1845 581 ad

1052 602 1102 623 nos
1116 596 1301 631 pertrahemus
1317 605 1324 624 :
1338 603 1392 624 non
1410 597 1482 625 enim
1498 596 1646 625 maledictis
1659 597 1842 633 improborum

1051 642 1169 669 animum
1190 642 1370 676 adhibebunt,
1397 643 1445 671 sed
1470 643 1531 671 vitae
1559 651 1620 672 cum
1641 644 1738 673 virtute
1761 649 1841 673 actae.

1054 688 1159 716 Etenim
1170 689 1230 717 tuba
1245 689 1358 717 clariora
1384 694 1447 717 sunt
1461 697 1542 725 opera
1557 690 1639 724 bona,
1655 691 1713 726 ipsa
1732 691 1791 719 luce
1801 692 1844 719 ln-

1053 734 1139 761 cidior
1160 734 1214 762 vita
1228 743 1310 770 pura,
1326 735 1431 763 etiamsi
1454 735 1586 764 innumeri
1607 736 1660 763 sint
1681 737 1699 764 ii
1712 738 1756 772 qui
1770 738 1839 766 oblo

1052 785 1177 815 quantur.
1193 780 1221 808 Si
1233 781 1305 809 enim
1319 782 1409 809 omnia
1418 782 1568 816 supradicta
1584 781 1740 816 habeamus,
1755 783 1778 811 si
1791 784 1845 812 mi-

1053 829 1104 859 tes,
1116 826 1231 854 humiles
1244 833 1276 854 ac
1295 826 1484 854 misericordes
1505 827 1590 854 simus
1600 846 1608 860 ,
1633 827 1656 854 si
1671 827 1736 855 item
1748 828 1806 863 puri
1818 833 1845 856 et

1053 872 1166 907 paciﬁci,
1189 879 1223 900 ac
1236 872 1306 901 male
1327 871 1468 900 audientes
1481 879 1535 899 non
1549 872 1844 908 referamus-iniuriam,

1054 918 1108 946 imo
1120 918 1201 946 etiam
1211 918 1385 954 gaudeamus,
1395 925 1447 946 non
1462 919 1550 947 minus
1563 926 1642 954 quam
1657 927 1706 955 per
1718 920 1847 949 miracula

1052 969 1218 999 spectatores
1239 964 1272 993 ad
1285 972 1334 992 nos
1349 964 1545 1000 pertrahemus,
1571 965 1737 1001 libenterque
1751 973 1846 994 omnes

1053 1010 1087 1038 ad
1102 1018 1150 1038 nos
1174 1010 1321 1044 accedent,
1335 1011 1393 1039 sive
1407 1010 1462 1038 fera
1476 1011 1536 1046 quis
1549 1010 1640 1044 fuerit,
1656 1011 1713 1039 sive
1725 1011 1842 1046 dzemon,

1053 1060 1100 1084 aut
1123 1056 1228 1092 quidvis
1242 1056 1324 1084 aliud.
1346 1056 1375 1085 Si
1395 1056 1503 1091 quidam
1524 1056 1701 1089 maledicam,
1727 1064 1761 1085 ne
1785 1056 1846 1085 ideo

1053 1101 1178 1134 turberis,
1190 1109 1277 1137 neque
1286 1109 1365 1130 cures
1374 1102 1397 1129 si
1410 1106 1436 1129 te
1445 1102 1530 1137 palam
1538 1101 1700 1129 contumelia
1711 1101 1844 1135 afﬁciant;

1053 1147 1101 1174 sed
1130 1154 1223 1174 eorum
1248 1147 1437 1175 conscientiam
1463 1146 1584 1182 explora,
1612 1151 1640 1175 et
1660 1147 1763 1175 videbis
1784 1147 1846 1176 illos

1054 1192 1221 1227 plaudentes,
1237 1192 1365 1220 mirantes
1376 1213 1384 1225 ,
1399 1197 1426 1220 et
1437 1193 1511 1220 mille
1529 1192 1600 1220 intus
1613 1192 1736 1221 laudibus
1745 1201 1845 1221 ornan-

1055 1242 1106 1265 tes.
1131 1237 1198 1266 Vide
1218 1238 1298 1273 igitur
1319 1245 1372 1274 quo
1390 1242 1468 1273 pacto
1482 1237 1728 1265 Nabuchodonosor
1748 1245 1846 1273 pueros

1056 1283 1084 1311 in
1109 1283 1217 1311 fornace
1239 1284 1336 1317 laudet,
1361 1284 1466 1311 etiamsi
1481 1283 1565 1311 hostis
1580 1283 1754 1319 inimicusque
1775 1289 1846 1312 esset

1055 1329 1136 1365 (Dan.
1150 1329 1186 1366 3)
1200 1338 1208 1357 :
1223 1330 1271 1358 sed
1292 1329 1353 1365 quia
1367 1329 1433 1357 vidit
1457 1329 1561 1357 fortiter
1573 1333 1684 1363 stantes,
1701 1329 1761 1357 illos
1775 1336 1845 1365 pra:-

1055 1375 1126 1403 dicat
1135 1380 1164 1402 et
1178 1379 1298 1408 coronat,
1315 1383 1367 1403 non
1380 1375 1432 1402 alia
1444 1374 1479 1403 de
1490 1382 1581 1406 causa,
1590 1374 1642 1402 nisi
1654 1375 1716 1410 quia
1729 1375 1779 1410 ipsi
1792 1383 1846 1404 non

1054 1419 1284 1455 obtemperantes,
1299 1421 1383 1455 legem
1398 1419 1444 1448 Dei
1456 1419 1606 1447 audierant.
1623 1419 1748 1447 Diabolus
1761 1420 1844 1453 enim,

1056 1473 1117 1493 cum
1133 1466 1205 1494 videt
1217 1474 1246 1494 se
1257 1466 1323 1493 nihil
1332 1465 1474 1501 proﬁcere,
1485 1464 1593 1493 demum
1604 1465 1735 1499 abscedit,
1750 1465 1847 1493 timens

1057 1520 1091 1540 ne
1106 1513 1195 1548 plures
1217 1512 1294 1541 nobis
1314 1519 1430 1540 coronas
1451 1511 1585 1540 conciliet.
1607 1511 1673 1539 Cum
1696 1517 1788 1540 autem
1802 1512 1847 1541 ille

1057 1557 1222 1591 discesserit,
1235 1558 1405 1593 quantumvis
1426 1557 1593 1585 facinorosus
1606 1561 1634 1584 et
1646 1558 1776 1585 scelestus
1787 1557 1847 1592 quis

1057 1604 1147 1636 fuerit,
1170 1604 1274 1632 sublata
1286 1603 1331 1631 illa
1345 1603 1458 1639 caligine
1478 1603 1603 1630 virtutem
1618 1607 1754 1638 agnoscet.
1768 1602 1848 1638 Quod

1057 1651 1080 1679 si
1093 1651 1215 1678 homines
1224 1658 1240 1678 a
1252 1655 1327 1679 recto
1342 1650 1482 1678 ratiocinio
1496 1649 1650 1683 deﬁectaut,
1664 1656 1679 1676 a
1694 1649 1750 1677 Deo
1759 1650 1847 1685 majo-

1058 1705 1115 1725 rem
1127 1696 1331 1724 admirationem
1346 1695 1506 1730 laudemque
1518 1694 1630 1723 referes.

1096 1743 1127 1772 9.
1141 1742 1181 1771 Ne
1194 1742 1286 1770 doleas
1299 1742 1397 1778 itaque,
1415 1749 1502 1777 neque
1522 1740 1612 1768 animo
1625 1740 1751 1769 concidas
1765 1749 1772 1768 :
1786 1748 1849 1769 nam

1058 1794 1086 1818 ct
1095 1788 1210 1825 apostoli
1219 1788 1278 1816 aliis
1287 1787 1395 1823 quidem
1404 1791 1481 1815 erant
1494 1786 1561 1814 odor
1573 1785 1678 1819 mortis,
1689 1786 1750 1814 aliis
1759 1791 1848 1814 autem

1058 1835 1126 1863 odor
1136 1835 1199 1863 vitae
1213 1834 1252 1870 (2.
1265 1833 1325 1862 Cor.
1345 1833 1373 1864 2.
1390 1833 1423 1861 l6
1436 1834 1456 1868 ).
1472 1832 1538 1860 Nam
1552 1832 1575 1860 si
1590 1836 1618 1860 tu
1633 1831 1733 1859 nullam
1752 1839 1849 1859 ansam

1058 1880 1176 1913 dederis,
1187 1880 1221 1908 ab
1230 1879 1303 1907 otnni
1317 1878 1430 1906 crimine
1448 1876 1589 1909 liberaris;
1607 1877 1660 1904 imo
1674 1876 1776 1904 beatior
1786 1875 1851 1904 effe-

1058 1930 1118 1954 ctus
1132 1934 1172 1953 es.
1187 1923 1338 1960 Resplende
1352 1924 1431 1959 igitur
1441 1923 1468 1950 in
1483 1923 1547 1955 vita,
1558 1926 1585 1950 et
1601 1921 1748 1949 maledicos
1758 1928 1791 1949 ne
1803 1928 1851 1949 cu-

1060 1979 1114 2001 res.
1130 1971 1188 2000 Non
1203 1975 1292 2007 potest
1306 1971 1376 1998 enim
1386 1991 1395 2004 ,
1408 1977 1461 1998 non
1475 1973 1561 2005 potest
1579 1976 1644 1996 sane
1654 1969 1699 2004 qui
1722 1968 1847 1996 virtutem

1060 2020 1124 2047 colit
1138 2026 1192 2047 non
1214 2018 1313 2046 multos
1328 2017 1427 2046 habere
1450 2016 1582 2044 inimicos.
1598 2014 1650 2043 Sed
1676 2014 1740 2042 nihil
1755 2014 1850 2043 horum

1060 2065 1144 2101 probo
1161 2072 1258 2093 nocere
1279 2068 1389 2099 potest:
1414 2071 1462 2098 per
1476 2062 1534 2090 haec
1553 2062 1624 2090 enim
1639 2061 1717 2097 longe
1730 2060 1850 2097 splendi-

1059 2111 1120 2139 dior
1133 2111 1194 2138 erit.
1210 2110 1273 2138 Haec
1286 2110 1375 2144 itaque
1388 2108 1546 2143 cogitantes,
1562 2114 1645 2134 unum
1670 2109 1771 2133 tantum
1787 2112 1850 2133 sco-

1060 2164 1123 2192 pum
1138 2156 1282 2184 habeamus
1293 2176 1301 2189 ,
1323 2162 1384 2182 cum
1397 2152 1534 2189 diligentia
1556 2156 1675 2179 nostram
1694 2151 1853 2185 diSpensase

1061 2203 1142 2230 vitam
1156 2212 1164 2230 :
1179 2202 1217 2229 sic
1224 2201 1296 2229 enim
1307 2208 1357 2228 eos
1368 2200 1413 2236 qui
1426 2200 1452 2227 iu
1466 2198 1583 2226 tenebris
1596 2197 1700 2229 sedent,
1711 2196 1744 2224 ad
1755 2203 1852 2231 super-

1061 2257 1124 2277 nam
1135 2249 1216 2276 vitam
1231 2247 1306 2283 quasi
1319 2253 1400 2274 manu
1408 2244 1546 2273 ducemus.
1561 2243 1643 2270 Tanta
1657 2242 1758 2270 scilicet
1774 2241 1853 2276 hujus

1061 2294 1129 2323 lucis
1145 2294 1185 2322 vis
1209 2297 1266 2326 est,
1287 2296 1317 2320 ut
1337 2298 1392 2320 non
1416 2290 1460 2318 hic
1484 2293 1585 2318 tantum
1610 2287 1728 2322 fulgeat,
1754 2285 1802 2316 sed
1825 2290 1854 2314 et

1062 2345 1205 2376 sequentes
1229 2346 1260 2367 se
1281 2338 1327 2366 illo
1344 2336 1467 2365 deducat.
1489 2334 1556 2362 Cum
1579 2334 1650 2362 enim
1671 2339 1721 2363 nos
1737 2332 1855 2360 viderint

1063 2385 1203 2422 praesentia
1225 2383 1314 2412 omnia
1341 2382 1518 2417 despicientes
1543 2384 1572 2408 et
1592 2379 1625 2407 ad
1643 2378 1730 2406 futura
1749 2386 1856 2414 priepa-

1063 2435 1136 2460 ratos
1147 2451 1156 2466 ,
1177 2430 1303 2466 operibus
1321 2428 1405 2464 magis
1422 2434 1501 2463 quam
1514 2425 1604 2454 verbis
1620 2424 1854 2459 obtemperabunt.

1063 2477 1129 2511 Quis
1141 2477 1212 2505 enim
1226 2480 1267 2504 est
1280 2475 1315 2503 ita
1328 2473 1426 2502 stultus
1437 2494 1445 2507 ,
1466 2472 1511 2508 qui
1531 2471 1624 2499 videns
1646 2471 1780 2498 hominem
1796 2470 1855 2498 beri

1064 2528 1091 2551 et
1102 2523 1200 2551 nudius
1212 2521 1306 2550 tertius
1324 2520 1493 2548 deliciantem
1506 2522 1533 2546 et
1543 2517 1664 2549 divitem,
1677 2516 1732 2551 jam
1747 2521 1856 2544 exutum

1064 2569 1189 2597 omnibus
1213 2571 1242 2596 et
1262 2574 1314 2595 ceu
1334 2565 1470 2593 volucrem
1484 2563 1609 2592 effectum
1620 2584 1627 2596 ,
1641 2562 1676 2589 ad
1697 2561 1793 2589 famem
1804 2583 1812 2594 ,
1829 2565 1857 2589 et

1065 2618 1258 2652 paupertatem,
1275 2612 1309 2640 ad
1323 2610 1530 2639 maccrationem
1543 2616 1663 2642 omnem,
1679 2607 1712 2634 ad
1726 2607 1855 2643 pericula,

1065 2661 1099 2689 ad
1108 2660 1264 2695 sanguinem
1280 2656 1452 2689 fundendum,
1469 2655 1504 2683 ad
1520 2661 1613 2682 necem
1628 2657 1709 2688 atque
1719 2652 1754 2680 ad
1765 2652 1856 2680 omnia

1066 2715 1126 2743 quze
1152 2705 1217 2733 dura
1243 2707 1401 2739 reputantur
1427 2704 1559 2737 paratum,
1586 2707 1639 2727 non
1665 2699 1728 2726 hinc
1753 2698 1854 2726 clarum

1066 2752 1179 2787 accipiat
1202 2751 1348 2777 futurorum
1361 2749 1564 2783 argumentum!
1585 2745 1613 2773 Si
1631 2752 1696 2772 vero
1717 2743 1858 2779 praesenti-

1067 2800 1118 2828 bus
1131 2804 1180 2826 nos
1199 2796 1377 2832 implicemus,
1392 2797 1471 2828 atque
1485 2792 1511 2820 in
1532 2791 1584 2820 illis
1598 2798 1647 2818 nos
1660 2790 1856 2825 immergamus,

1069 2843 1204 2882 quomodo
1218 2841 1328 2872 credere
1355 2844 1501 2876 poterunt,
1527 2845 1577 2867 nos
1589 2837 1622 2866 ad
1636 2837 1717 2865 aliam
1732 2836 1859 2867 festinare
