2073 3127
222 85 276 114 935

226 153 362 189 patriam?
385 152 450 187 Qua:
476 159 547 180 vero.
563 151 641 180 nobis
665 151 772 179 demum
794 149 846 177 erit
868 147 1013 178 excusatio,

224 208 286 228 cum
299 208 352 227 non
367 203 468 228 tantum
487 198 575 225 valeat
589 196 658 232 apud
679 203 728 225 nos
747 195 796 224 Dei
818 195 913 228 timor.
927 201 1013 229 quan-

227 250 282 272 tum
312 245 395 272 valuit
421 243 491 278 apud
521 243 677 272 Graecorum
700 241 873 277 philosophos
899 241 1013 268 humana

225 290 331 326 gloria?
343 290 412 320 Nam.
422 290 527 317 illorum
541 289 648 324 quidam
666 286 959 324 pecuniasabjecerunt
969 306 976 317 .
987 291 1015 314 et

226 343 342 365 mortem
361 340 590 371 contempserunt,
611 340 641 363 ut
659 342 719 362 sese
737 333 889 362 hominibus
902 337 1015 361 ostenta-

225 389 286 412 rent
305 393 312 411 :
327 383 440 418 ideoque
452 391 518 411 vana
539 383 587 410 fuit
601 382 708 410 illorum
723 388 796 416 spes.
811 381 938 415 Qumnam
951 387 1014 415 ergo

226 437 275 458 nos
288 430 408 458 defensio
426 429 559 462 liberabit,
572 436 633 457 cum
648 432 709 464 post
728 432 801 456 tanta
820 427 897 455 nobis
917 434 1016 462 propo-

225 476 275 504 sita
290 478 359 504 b0na
369 496 378 509 ,
394 480 421 504 et
434 481 493 511 post
506 480 606 503 tantam
624 474 703 502 nobis
715 479 836 510 apertam
849 473 883 501 ad
898 473 1015 509 philoso-

225 522 360 557 phandum
375 523 456 555 viam,
472 529 506 549 ne
524 521 596 556 paria
609 520 717 556 quidem
737 520 791 548 illis
803 519 914 554 exsequi
928 519 1015 554 possi—

226 576 296 602 mus,
307 567 356 596 sed
369 572 396 595 et
408 575 456 595 nos
471 572 498 595 et
511 567 580 595 alios
597 565 820 602 pessumdemus?
834 565 927 600 Neque
940 565 1011 593 enim

226 614 261 641 ita
274 618 352 641 nocet
359 612 468 641 Graecus
476 612 565 647 inique
575 619 667 647 agens,
681 615 709 639 ut
718 611 884 639 Christianus
899 611 1014 645 idipsum

226 658 344 686 faciens:
362 663 389 685 et
406 657 467 692 jure
489 657 610 692 quidem.
635 656 743 684 Illorum
758 655 830 685 enim
854 655 958 690 putrida
974 660 1016 683 est

225 703 345 731 doctrina
356 706 384 730 et
396 702 486 738 opinio
498 710 507 735 ;
520 707 610 730 nostra
621 709 685 737 vero
694 709 741 738 per
749 702 796 730 Dei
805 702 919 737 gratiam
930 702 1011 730 etiam

226 749 295 785 apud
324 750 420 784 impios
446 749 606 777 venerabilis
642 753 684 779 est
711 753 738 777 et
766 749 886 777 illustris.
913 748 1015 777 Idcirco

225 795 333 831 quando
341 796 456 823 maxime
470 795 546 823 nobis
553 795 716 831 exprobrare
729 795 822 823 volunt
832 799 861 823 et
874 795 1014 823 maledicta

225 849 335 878 augere.
353 842 379 870 id
392 842 560 877 subjungunt
573 862 581 875 .
595 841 763 870 Christianus
786 841 843 878 (a);
857 849 912 870 non
931 841 958 869 id
971 842 1014 869 di-

226 888 295 915 cturi
309 892 393 922 certe,
409 888 460 915 nisi
474 895 596 924 magnam
609 887 643 916 de
650 887 770 915 doctrina
781 892 873 915 nostra
885 887 1018 915 haberent.

171 963 173 965 ,
226 934 389 970 opinionem.
413 934 471 962 Non
497 934 594 962 audisti
615 934 702 970 qualia
723 938 751 962 et
770 938 868 969 quanta
894 933 1015 962 Christus

225 979 355 1015 jusserit?
369 979 481 1014 Quando
493 987 558 1015 ergo
570 980 670 1016 poteris
685 979 727 1008 vel
740 985 821 1008 unum
835 979 892 1015 ejus
903 979 1015 1015 implere

227 1030 389 1061 prteceptum
399 1046 407 1060 ,
427 1034 488 1054 cum
502 1026 590 1054 missis
603 1027 738 1059 omnibus,
759 1026 907 1055 circumeas
920 1033 1014 1054 usuras

225 1072 364 1106 colligens,
378 1070 465 1099 fmnus
480 1071 575 1100 funeri
587 1071 690 1099 addens
701 1091 709 1105 ,
726 1071 918 1107 negotiationes
938 1071 1014 1099 insti-

227 1122 314 1150 tuens,
337 1124 474 1146 SCIVOI'IIIII
487 1124 582 1153 greges
594 1125 687 1146 ciuem
698 1138 705 1149 ι
717 1123 843 1154 argentea
864 1125 926 1145 νεεδ
939 1125 1014 1145 com-

226 1170 333 1198 parans,
348 1170 437 1198 agros,
452 1163 547 1192 domos
559 1183 568 1195 .
580 1163 774 1198 supellectilem
788 1165 968 1192 immensam?
980 1165 1015 1192 Et

226 1209 327 1236 utinam
340 1208 367 1236 id
382 1208 469 1237 solum
484 1216 588 1244 ageres.
600 1209 668 1238 Cum
682 1217 747 1238 vero
767 1210 808 1238 his
823 1210 1015 1246 intempestivis

226 1255 384 1290 injustitiam
398 1262 504 1291 quoque
514 1256 608 1290 addas,
622 1260 722 1285 terram
733 1256 852 1285 ﬁnitimis
864 1257 1014 1292 abstrahas,

225 1301 320 1330 domos
342 1302 458 1337 spolies,
482 1309 613 1338 pauperes
635 1307 752 1336 alteras,
773 1303 871 1331 famem
896 1310 1014 1339 augeas,

226 1347 333 1383 quando
355 1347 456 1382 poteris
475 1348 509 1374 ad
535 1348 594 1375 haec
617 1348 708 1376 limina
734 1349 884 1377 accedere?
916 1349 1015 1377 Verum

226 1392 383 1428 quandoque
396 1399 540 1428 pauperum
560 1394 706 1421 misereris.
717 1393 747 1422 Id
765 1398 793 1422 et
806 1402 855 1430 ego
869 1395 930 1422 novi
948 1395 1016 1422 :sed

227 1439 271 1467 hic
283 1446 390 1474 quoque
400 1439 482 1466 multa
497 1439 629 1474 pernicies
643 1444 696 1467 est.
708 1441 762 1468 Aut
773 1441 844 1468 enim
858 1448 919 1468 cum
935 1442 1015 1474 fastu,

226 1490 272 1513 aut
285 1485 319 1512 ad
342 1492 435 1513 vanam
457 1485 572 1521 gloriam
588 1486 614 1514 id
629 1487 687 1522 agis
697 1507 706 1521 ,
722 1491 751 1515 ut
764 1495 814 1516 nec
826 1488 853 1516 in
867 1488 944 1515 bonis
959 1489 1017 1523 qui-

226 1530 288 1557 dem
304 1530 429 1565 operibus
454 1530 554 1566 aliquid
576 1531 688 1560 lucreris
714 1541 721 1559 :
740 1540 794 1568 quo
817 1533 881 1568 quid
902 1534 1016 1562 misera.-

226 1577 308 1605 bilius
322 1585 446 1613 umquam
461 1577 551 1612 fuerit,
563 1586 624 1607 cum
636 1579 662 1607 in
678 1585 757 1615 portu
775 1581 833 1616 ipso
847 1582 1014 1618 naufragium

226 1622 355 1657 patiaris?
368 1622 406 1650 Ne
420 1622 500 1658 igitur
515 1624 541 1651 id
554 1625 672 1658 eveniat,
687 1632 749 1653 cum
761 1625 824 1654 boni
836 1627 937 1662 aliquid
950 1635 1016 1662 ope-

225 1673 301 1696 ratus
312 1675 352 1701 es,
374 1675 408 1696 ne
423 1676 526 1704 quaras
548 1677 563 1696 a
575 1678 619 1698 me
634 1671 764 1706 gratiam,
778 1676 810 1700 ut
820 1672 903 1701 Deum
919 1673 1017 1702 habeas

227 1716 393 1750 debitorem,
407 1716 451 1752 qui
470 1716 508 1742 ait
523 1724 530 1742 :
544 1715 662 1743 Mutuum
676 1717 736 1744 data
758 1718 790 1745 iis
813 1727 832 1745 ιι
851 1718 942 1753 quibus
965 1728 1017 1747 non

228 1765 335 1800 speratis
347 1774 390 1793 vos
399 1771 546 1802 accepturos
558 1766 634 1803 (Lua.
643 1767 669 1795 6.
683 1765 740 1803 55).
751 1767 837 1796 llabes
849 1768 996 1796 debitorem
1009 1778 1017 1802 ;

229 1817 278 1837 cur
291 1810 336 1838 illo
351 1811 443 1839 relicto
455 1832 462 1844 ,
476 1819 495 1839 at
507 1819 550 1840 me
574 1813 712 1848 exposcis,
735 1812 844 1841 homine
858 1821 974 1849 paupere
992 1820 1020 1843 et

230 1857 329 1885 misero
338 1857 431 1886 ?‘Num
458 1858 610 1894 indignatur
624 1859 668 1887 hic
679 1859 798 1894 debitor,
813 1868 875 1888 cum
900 1861 1018 1889 debitum

230 1904 346 1939 exigitur
352 1904 370 1930 ἒν·
378 1912 444 1932 num
454 1912 553 1940 pauper
566 1906 626 1933 est?
640 1913 703 1933 num
713 1906 817 1934 solvere
826 1908 951 1935 recusat?
961 1907 1020 1936 Non

230 1949 308 1977 vides
317 1950 375 1987 ejus
390 1950 537 1978 ineffabiles
545 1951 706 1980 thesauros?
720 1960 773 1980 non
784 1953 861 1981 vides
881 1954 952 1982 illam
963 1955 1021 1982 iue-

231 1996 391 2023 narrabilem
417 1995 624 2025 liberalitatem?
647 1998 688 2025 Ab
713 1998 758 2026 illo
786 1999 865 2034 igitur
892 2000 969 2036 exige
993 2006 1021 2028 et

231 2049 358 2073 exposce.
381 2042 427 2070 Sic
451 2048 560 2079 rogatus
575 2044 681 2079 gaudet.
696 2044 766 2072 Nam.
776 2046 798 2073 si
811 2046 907 2074 viderit
919 2047 953 2074 ab
965 2047 1021 2075 alio

232 2087 302 2122 exigi
317 2088 343 2115 id
353 2087 424 2123 quod
436 2089 493 2124 ipse
503 2088 592 2121 debet,
612 2091 774 2118 conmmelia
788 2091 912 2120 allectum
927 2100 957 2121 se
970 2101 1020 2128 pu-

232 2134 308 2166 tabit,
323 2141 372 2161 nec
388 2134 435 2162 tibi
449 2139 540 2169 postea
554 2135 665 2169 reddet,
677 2136 730 2164 imo
745 2141 771 2164 te
788 2137 859 2171 juste
871 2138 1018 2166 accusabit.

233 2180 261 2208 In
274 2189 327 2216 quo
338 2188 382 2209 me
395 2181 539 2217 ingratum,
562 2182 681 2218 inquiet,
697 2183 919 2218 deprehendisti?
942 2192 1021 2213 mene

232 2234 378 2261 pauperem
390 2231 476 2261 putas,
487 2227 531 2263 qui
544 2235 587 2255 me
597 2228 776 2262 praetermisso
787 2229 854 2256 alios
861 2229 943 2257 adeas
953 2230 965 2257 ?
976 2230 1022 2258 alii

233 2275 355 2299 mutuum
375 2272 482 2305 dedisti,
507 2278 535 2300 et
560 2273 596 2300 ab
621 2273 672 2301 alio
697 2274 802 2309 exigis?
823 2274 880 2303 Etsi
908 2283 1023 2311 namque

233 2316 315 2344 homo
329 2321 471 2352 acceperit,
486 2318 557 2346 Deus
570 2319 635 2347 dare
647 2319 727 2355 jussit
743 2328 750 2347 :
765 2320 821 2356 ipse
832 2321 935 2356 primus
948 2322 1023 2350 debi-

232 2368 275 2391 tor
287 2368 315 2391 et
329 2372 441 2399 sponsor
461 2372 521 2393 esse
533 2366 605 2398 vult,
621 2366 773 2394 innumeras
789 2367 835 2395 tibi
857 2368 978 2403 praebens
989 2369 1023 2397 ab

232 2416 268 2437 eo
279 2410 385 2444 petendi
398 2411 562 2439 occasiones.
578 2411 619 2440 Ne
638 2412 718 2448 igitur
735 2418 807 2441 tanta
823 2414 950 2443 facilitate
964 2421 1024 2443 tan-

234 2460 314 2491 taque
324 2456 485 2484 abundantia
499 2459 688 2493 praetermissa,
703 2466 718 2487 a
731 2467 774 2488 me
787 2461 1024 2497 acciperequaaras

234 2501 280 2534 qui
293 2500 356 2528 nihil
373 2501 468 2530 habeo.
484 2502 540 2536 Qua
551 2503 584 2531 de
597 2511 678 2532 causa
693 2509 719 2532 te
736 2505 800 2533 mihi
811 2511 948 2541 ostentus,
961 2516 1023 2536 cum

234 2548 344 2582 pauperi
355 2549 470 2582 erogas?
482 2549 549 2576 Num
555 2557 605 2585 ego
618 2550 671 2578 dixi
686 2551 743 2584 tibi,
756 2551 811 2579 Da?
822 2560 885 2580 num
896 2560 911 2580 a
922 2561 964 2581 me
973 2562 1023 2582 au-

235 2593 308 2626 disti,
326 2598 354 2621 ut
366 2602 381 2622 a
397 2603 439 2623 me
453 2596 565 2631 exigas?
578 2597 637 2632 Ipse
651 2597 719 2625 dixit
733 2606 739 2625 :
756 2598 806 2632 Qui
815 2599 946 2627 miseretur
959 2609 1026 2635 pau-

237 2648 293 2676 pert
306 2661 312 2672 ,
327 2641 463 2675 [teneretur
476 2641 531 2669 Deo
544 2642 643 2678 (Prov.
659 2643 701 2671 l9.
719 2644 781 2680 17).
809 2644 864 2672 Deo
876 2645 1026 2674 fauet-atus

235 2686 282 2714 es?
295 2686 336 2714 Ah
349 2686 395 2715 illo
406 2687 492 2722 exige.
506 2689 541 2715 At
553 2696 605 2716 non
621 2694 706 2717 totum
718 2698 789 2718 nunc
803 2691 910 2719 reddit?
926 2691 1023 2720 Verum

266 2754 304 2788 to)
320 2757 381 2785 Ergo
391 2755 504 2788 tempore
521 2755 680 2788 Chrysostomi
693 2759 767 2783 etiam
789 2758 917 2784 Christiani
934 2767 1023 2785 nomen

236 2786 325 2822 proer
334 2785 461 2822 erat__apud
472 2785 588 2822 gentiles,
601 2789 801 2822 quemadmodum
812 2791 949 2817 Tertulliani
962 2797 1027 2822 aevo,

238 2819 266 2842 It
275 2816 372 2850 sitisse
385 2816 448 2843 libro
456 2816 533 2850 primo
544 2817 580 2843 Ad
595 2816 715 2845 Nationes.

594 83 623 112 s.
643 81 781 111 JOANNIS
799 78 1043 109 citursosrom.
1057 67 1223 108 inemori
1235 80 1502 111 GONSTANTINOP.

1808 85 1862 115 ξω

1070 145 1096 174 id
1109 146 1141 174 ad
1157 147 1297 176 utilitatem
1311 152 1382 176 tuam
1395 148 1470 177 facit.
1490 149 1540 178 Est
1552 149 1650 186 quippe
1666 150 1726 179 talis
1737 151 1842 181 debitor
1851 173 1860 187 ,

1067 191 1112 226 qui
1126 199 1178 220 non
1190 193 1277 221 solum
1291 193 1317 221 id
1326 195 1397 228 quod
1409 199 1501 224 mutuo
1514 196 1604 224 datum
1621 202 1671 230 est,
1688 203 1716 225 ut
1729 199 1805 226 multi
1819 200 1861 226 fa-

1067 239 1161 272 oiunt,
1176 239 1288 267 reddere
1305 239 1427 274 festinet;
1443 242 1491 269 sed
1505 242 1586 270 etiam
1596 242 1622 270 id
1635 248 1704 278 agat,
1719 250 1749 272 ut
1757 244 1863 280 idquod

1067 283 1158 312 datum
1167 289 1218 318 est,
1234 285 1261 313 in
1274 290 1331 314 tuto
1343 286 1492 322 depositum
1506 288 1551 316 sit.
1566 289 1629 317 ideo
1639 298 1699 325 quae
1714 291 1757 318 hic
1771 292 1859 320 debita

1066 336 1129 358 sunt
1143 331 1245 364 reddit;
1256 340 1315 367 qua:
1325 333 1390 366 illic,
1406 339 1535 363 reservat.

1103 376 1147 405 10.
1171 377 1234 405 Haec
1254 386 1313 405 cum
1326 379 1454 413 sciamus,
1471 381 1661 410 misericordia:
1676 391 1797 419 magnam
1811 385 1859 413 de-

1067 429 1127 450 mus
1139 429 1248 457 operam
1272 423 1437 460 multamque
1461 425 1653 454 humanitatem
1667 435 1839 458 exerceamus
1849 452 1858 464 ,

1067 473 1095 497 et
1110 469 1229 504 pecuniis
1241 474 1268 498 et
1280 471 1415 505 operibus.
1429 471 1464 499 Et
1475 473 1499 500 si
1511 473 1649 502 videamus
1662 474 1776 510 aliquem
1789 477 1862 504 male

1068 515 1224 543 mulctatum
1238 521 1265 544 et
1284 524 1383 545 caesum
1397 518 1422 546 in
1436 518 1506 552 foro,
1524 520 1547 547 si
1562 525 1700 556 argentum
1715 529 1858 557 possumus

1067 559 1203 595 deponere
1213 581 1221 594 ,
1234 561 1400 597 deponamus
1412 572 1420 597 ;
1433 565 1455 591 si
1468 565 1556 592 verbis
1578 573 1635 594 rem
1649 574 1790 603 possumus
1803 575 1861 597 ter-

1059 606 1182 639 minare,
1193 615 1226 634 ne
1240 607 1337 643 pigeat.
1351 608 1401 637 Est
1412 611 1483 638 enim
1497 611 1577 639 etiam
1593 620 1641 646 pro
1652 620 1775 642 Sermone
1788 623 1859 643 mer-

1068 659 1132 685 ces;
1158 652 1211 681 imo
1238 654 1317 682 etiam
1340 662 1388 690 pro
1406 657 1568 691 gemitibus;
1594 658 1673 693 idque
1693 660 1786 688 beatus
1807 661 1863 690 Job

1067 700 1173 728 dicebat
1188 710 1195 728 :
1211 701 1268 737 Ego
1287 707 1370 730 autem
1386 704 1478 738 ﬂebam
1501 713 1578 739 super
1589 714 1688 734 omnem
1706 707 1836 742 inﬁrmum
1850 718 1858 737 :

1066 747 1178 782 ingemui
1189 753 1273 776 autem
1293 749 1379 776 videns
1398 750 1478 777 virum
1489 753 1516 778 in
1528 752 1715 780 neceuitatibm
1735 753 1796 789 (Job
1810 755 1856 783 ω.

1066 792 1133 828 25).
1148 793 1175 820 Si
1187 798 1277 821 autem
1292 801 1340 829 pro
1353 795 1478 831 lacrymis
1492 802 1519 824 et
1531 798 1679 831 gemitibus.
1686 806 1790 827 merces
1800 805 1851 832 est.

1067 839 1179 874 quando
1188 839 1269 867 etiam
1292 848 1432 869 sermones
1454 847 1481 869 et
1492 842 1643 870 sollicitudo
1659 844 1794 880 multaque
1805 846 1861 873 alia.

1067 883 1236 917 adhibentur,
1258 886 1345 920 cogita
1366 891 1463 921 quanta
1484 887 1519 915 sit
1541 889 1688 916 retributio.
1704 889 1810 919 Etenim
1830 897 1861 919 et

1067 939 1117 959 nos
1129 931 1227 959 inimici
1235 932 1285 960 Dei
1291 940 1397 961 eramus
1410 942 1417 966 ;
1429 938 1456 961 et
1471 934 1627 969 Unigenitus
1639 942 1689 964 nos
1703 937 1858 965 reconcilia-

1066 977 1115 1010 vit,
1128 984 1188 1005 sese
1204 977 1320 1005 medium
1333 978 1490 1012 conjiciens.
1501 984 1527 1008 et
1541 980 1630 1015 plagas
1640 988 1689 1016 pro
1700 981 1778 1010 nobis
1787 983 1858 1010 exci-

1067 1024 1154 1058 piens,
1166 1029 1334 1060 mortemque
1347 1026 1460 1060 patiens.
1476 1025 1637 1055 Studeamus
1651 1028 1741 1064 itaque
1755 1034 1782 1057 et
1796 1036 1862 1063 nos,

1067 1076 1116 1098 eos
1127 1070 1173 1105 qui
1187 1070 1214 1097 in
1229 1070 1288 1098 haee
1306 1070 1426 1099 incidunt
1437 1079 1452 1098 a
1467 1072 1545 1100 malis
1559 1072 1707 1101 innumeris
1726 1074 1861 1108 liberare;

1067 1122 1120 1142 non
1131 1123 1206 1148 vero,
1217 1116 1288 1151 quod
1299 1124 1369 1144 nunc
1380 1116 1502 1149 facimus,
1516 1118 1543 1145 in
1554 1118 1624 1146 mala
1637 1126 1684 1147 eos
1694 1119 1837 1149 immittere
1848 1130 1862 1149 τ

1066 1168 1127 1189 cum
1140 1162 1278 1197 quospiam
1290 1162 1413 1191 videmus
1422 1163 1449 1190 in
1459 1171 1489 1191 se
1502 1169 1596 1192 mutuo
1606 1165 1718 1199 irruere,
1727 1166 1858 1194 alterum-

1060 1214 1119 1242 .que
1133 1207 1167 1234 ab
1179 1207 1264 1234 altero
1284 1207 1354 1236 male
1367 1208 1435 1236 allici
1447 1217 1455 1241 ;
1470 1209 1606 1238 adstantes
1626 1211 1698 1238 enim
1712 1211 1859 1246 gaudemus

1069 1251 1104 1280 de
1122 1248 1246 1281 aliorum»
1256 1252 1390 1281 dedecore
1402 1273 1410 1287 .
1426 1254 1613 1290 theatrumque
1625 1255 1785 1284 diabolicum
1807 1258 1859 1286 cir-

1059 1304 1129 1325 cum
1139 1298 1279 1325 statuimus
1295 1307 1301 1326 :
1317 1306 1369 1334 quo
1388 1299 1450 1334 quid
1464 1300 1607 1329 immanius
1619 1309 1744 1337 umquam
1758 1301 1863 1332 fuerit?

1067 1343 1148 1371 Vides
1159 1344 1229 1371 male
1243 1344 1392 1378 audientes,
1404 1352 1434 1373 se
1448 1351 1540 1374 mutuo
1550 1347 1742 1383 discerpentes,
1757 1354 1861 1378 vestem.

1067 1389 1256 1424 discindentes,
1270 1390 1365 1419 faciem
1380 1393 1515 1421 cadentes
1524 1414 1532 1426 ,
1543 1399 1571 1422 et
1591 1395 1681 1429 quiete
1695 1400 1766 1423 stare
1778 1397 1859 1424 susti-

1068 1438 1132 1465 nes?
1143 1437 1210 1465 Num
1224 1445 1302 1466 ursus
1315 1444 1357 1466 est
1380 1439 1403 1467 is
1415 1441 1460 1475 qui
1475 1445 1574 1475 pugnat
1584 1441 1596 1468 ?
1605 1449 1672 1478 num
1692 1441 1747 1470 fera
1759 1442 1770 1470 τ
1793 1451 1863 1471 nunt

1061 1486 1198 1520 serpens?
1227 1485 1313 1514 Homo
1339 1492 1381 1514 est
1400 1493 1488 1516 tcoum
1514 1497 1621 1525 semper
1645 1491 1863 1525 communicatis,

1068 1529 1150 1558 frater
1163 1535 1215 1563 est,
1229 1532 1379 1560 membrum
1393 1538 1468 1561 tuum
1480 1539 1530 1562 est.
1546 1534 1586 1563 Ne
1596 1540 1732 1570 spectator
1743 1537 1791 1569 sis,
1806 1537 1858 1565 sed.

1067 1575 1145 1603 solve
1154 1577 1255 1610 rixam;
1270 1585 1305 1605 ne
1319 1577 1418 1606 laeteris
1430 1600 1438 1612 ,
1454 1580 1501 1608 sed
1515 1581 1638 1616 corripe;
1651 1589 1685 1610 ne
1704 1582 1771 1610 alios
1784 1583 1859 1610 exci-

1069 1625 1110 1648 tes
1118 1621 1152 1649 ad
1167 1626 1268 1650 tantum
1283 1622 1399 1652 dedecus
1413 1645 1421 1657 ,
1443 1625 1491 1653 sed
1504 1626 1681 1662 conﬂigentes
1701 1635 1764 1656 arce
1780 1629 1860 1656 etdi-

1069 1667 1145 1695 rime.
1172 1667 1368 1703 lmpudeutium
1388 1670 1459 1698 enim
1481 1675 1508 1699 et
1528 1672 1680 1701 otiosorum
1700 1679 1742 1701 est
1764 1674 1865 1703 talibus

1066 1713 1187 1748 gaudere
1201 1715 1400 1744 calamitatibus
1411 1737 1418 1749 ,
1441 1716 1606 1746 nefariorum
1618 1724 1645 1746 et
1668 1719 1866 1750 irrationalium

1070 1759 1219 1788 hominum.
1232 1760 1312 1789 Vides
1332 1761 1467 1790 hominem
1482 1764 1594 1799 turpiter
1604 1770 1737 1800 agentem,
1749 1775 1798 1795 nec
1811 1767 1861 1795 ad—

1070 1806 1152 1833 vertis
1166 1810 1192 1834 te
1217 1807 1297 1835 etiam
1322 1809 1435 1843 turpiter
1457 1811 1559 1844 agere?
1578 1819 1666 1847 neque
1693 1813 1722 1840 in
1743 1814 1860 1842 medium

1071 1852 1160 1886 irrnis,
1169 1857 1198 1880 ut
1208 1852 1306 1881 diaboli
1318 1854 1474 1890 phalangem
1483 1856 1607 1892 dissipes,
1623 1863 1650 1886 et
1659 1857 1774 1886 humana
1788 1861 1858 1888 mala

1070 1897 1178 1925 solvas?
1200 1898 1245 1931 At,
1267 1899 1371 1934 inquies
1383 1919 1391 1932 ,
1411 1905 1441 1927 ut
1462 1905 1489 1928 et
1500 1908 1550 1937 ego
1562 1902 1652 1937 plagas
1671 1904 1810 1939 accipiam,
1824 1906 1860 1933 ita

1069 1942 1170 1977 iubes?
1183 1944 1264 1979 Atqui
1278 1944 1304 1972 id
1325 1949 1352 1972 tu
1374 1953 1428 1973 non
1441 1947 1549 1981 patieris
1561 1955 1569 1980 ;
1588 1948 1614 1975 si
1626 1956 1690 1977 vero
1703 1950 1821 1985 patiaris,
1835 1951 1860 1979 id

1072 1989 1120 2016 tibi
1138 1989 1257 2024 martyrii
1272 1989 1332 2018 loco
1343 1991 1395 2018 erit
1410 1999 1417 2019 :
1437 1997 1545 2028 propter
1565 1993 1651 2022 Deum
1673 1995 1746 2023 enim
1767 2004 1869 2032 passus

1072 2042 1112 2063 es.
1129 2034 1157 2063 Si
1178 2043 1243 2063 vero
1267 2036 1359 2071 plagas
1372 2037 1494 2073 accipere
1507 2041 1652 2074 cunctaris,
1666 2042 1753 2077 cogita
1767 2043 1860 2072 Domi-

1074 2089 1137 2109 num
1153 2086 1225 2110 tuum
1239 2090 1345 2111 crucem
1360 2089 1468 2119 propter
1487 2089 1513 2114 te
1530 2093 1636 2121 passum
1649 2095 1720 2116 esse.
1737 2089 1776 2117 llli
1788 2091 1865 2118 enim.

1073 2127 1148 2155 velut
1161 2127 1228 2155 ebrii
1241 2133 1268 2156 et
1277 2129 1446 2158 obtenebrati
1460 2136 1532 2163 sunt,
1546 2131 1636 2160 furore
1650 2134 1717 2161 duce
1728 2140 1755 2163 et
1768 2140 1862 2171 tyran-

1075 2171 1165 2201 nidem
1177 2178 1319 2202 exercente
1330 2194 1340 2208 ,
1358 2182 1426 2210 opus
1446 2181 1535 2204 autem
1549 2177 1649 2206 habent
1673 2187 1745 2207 una:
1765 2187 1863 2210 mentis

1074 2217 1191 2250 homine,
1217 2220 1263 2254 qui
1283 2220 1349 2255 ipsis
1371 2222 1524 2256 auxilietur,
1550 2228 1604 2251 tam
1632 2232 1728 2260 nempe
1748 2226 1860 2262 laedens,

1074 2271 1154 2299 quam
1169 2265 1293 2300 patiens:
1307 2265 1350 2294 hic
1362 2267 1470 2302 quidem
1482 2288 1491 2301 ,
1510 2273 1540 2296 ut
1558 2270 1627 2298 male
1641 2271 1744 2305 patiens
1766 2273 1867 2301 libere-

1075 2315 1137 2344 tur;
1154 2311 1198 2339 ille
1207 2319 1281 2346 vero,
1296 2317 1324 2340 ut
1336 2313 1405 2341 mala
1419 2313 1519 2342 inferre
1531 2315 1644 2344 desinat.
1655 2318 1760 2347 Accede
1771 2319 1863 2355 igitur,

1075 2361 1103 2385 et
1131 2365 1238 2385 manum
1266 2359 1373 2395 porrige
1398 2361 1503 2389 sobrius
1524 2364 1682 2392 temulento.
1700 2364 1742 2392 Ira
1766 2367 1865 2402 quippe

1074 2403 1230 2432 ebrietatem
1244 2405 1334 2440 parit,
1350 2407 1404 2434 vini
1426 2408 1579 2437 temulentia
1603 2410 1775 2440 deteriorem.
1804 2412 1864 2441 Non

1076 2452 1153 2480 vides.
1159 2458 1263 2485 nautas,
1275 2460 1336 2481 cum
1348 2454 1453 2490 aliquos
1461 2461 1576 2484 cernunt
1591 2458 1708 2486 incidere
1717 2459 1743 2487 in
1757 2459 1864 2488 naufra—

1075 2499 1158 2532 gium,
1173 2499 1308 2534 quomodo
1320 2500 1378 2527 vela
1397 2501 1596 2536 expandentes,
1615 2511 1675 2531 cum
1692 2512 1788 2541 magna
1803 2505 1864 2534 dili-

1075 2545 1162 2579 gentia
1177 2551 1338 2580 properent,
1353 2551 1383 2574 ut
1397 2548 1484 2575 socios
1506 2556 1541 2576 ex
1562 2548 1687 2579 ﬂuctibus
1706 2553 1820 2580 emant!
1832 2552 1863 2581 Si

1076 2597 1140 2618 vero
1151 2591 1218 2618 artis
1230 2591 1349 2626 ejusdem
1363 2598 1500 2622 consortes
1515 2599 1616 2622 tantum
1631 2596 1682 2623 sibi
1693 2602 1786 2625 mutuo
1796 2605 1865 2633 prm-

1076 2640 1147 2663 stant
1157 2637 1294 2670 auxilium,
1307 2637 1390 2665 multo
1405 2639 1488 2674 magis
1501 2640 1621 2675 ejusdem
1635 2649 1738 2670 natura:
1749 2650 1863 2672 consor-

1078 2686 1118 2710 tes
1131 2681 1189 2710 ha‘c
1198 2683 1286 2711 omnia
1305 2683 1395 2712 facere
1417 2693 1465 2720 par
1477 2690 1527 2713 est.
1541 2685 1606 2714 Nam
1622 2687 1665 2715 hic
1677 2696 1783 2724 quoque
1797 2697 1865 2718 nan-

1077 2727 1191 2763 fragium
1215 2734 1257 2757 est
1282 2729 1329 2757 illo
1352 2731 1535 2765 perniciosius.
1564 2733 1702 2761 Auteuim
1727 2735 1771 2762 ille
1786 2735 1871 2764 laesus.

1078 2773 1288 2808 blasphemavit,
1316 2780 1344 2803 et
1360 2777 1449 2804 omnia
1476 2777 1544 2805 bona
1573 2780 1726 2812 evacuavit;
1749 2785 1795 2807 aut
1821 2789 1870 2816 pe-

1075 2821 1190 2855 jeravit,
1206 2821 1244 2850 ira
1259 2826 1380 2857 cogente,
1401 2827 1483 2857 atque
1501 2823 1527 2852 in
1540 2822 1688 2859 gehennam
1702 2826 1813 2862 incidit;
1826 2827 1872 2855 vel
