2073 3127
191 141 244 170 237

191 199 297 233 plagam
311 197 390 225 infert
403 201 483 232 alque
495 204 598 229 necem,
608 201 635 225 et
646 197 697 225 hoc
711 196 796 232 ipsum
808 197 907 233 patitur
920 204 985 225 nau-

191 244 314 279 fragium.
329 244 414 279 Perge
439 243 529 279 igitur,
544 244 641 271 malum
657 243 722 270 illud
743 243 807 271 seda
819 264 827 276 ,
843 243 983 271 demersos

189 289 311 323 extrahe,
325 289 351 316 in
364 289 451 324 ipsum
463 289 627 324 tempestatis
641 289 750 324 pelagus
759 289 937 323 descendens,
951 296 983 317 ac

190 335 280 363 soluto
304 335 404 363 diaboli
425 335 549 368 theatro,
573 335 686 363 scorsim
710 335 829 371 singulos
853 335 984 368 admone,

191 380 327 409 ﬂammam
348 381 499 417 exstingue,
525 381 673 416 ﬂuctusque
690 382 848 416 comprime.
873 382 901 410 Si
921 389 986 409 vero

191 428 281 462 majus
293 427 372 455 fuerit
384 427 545 458 incendium,
559 427 706 462 fornaxque
719 427 856 455 ardentior
867 448 875 461 ,
890 435 925 456 ne
934 428 988 455 for-

195 475 283 502 mich
298 483 306 502 :
323 475 398 502 multi
413 475 485 502 enim
507 474 604 501 adsunt
617 473 663 509 qui
675 474 722 501 tibi
739 474 913 509 opitulentttr,
927 481 987 502 ma-

192 529 311 557 numque
328 522 462 557 porrigant
474 541 481 554 ,
494 521 516 548 si
531 521 617 548 solum
630 520 752 555 incipias.
766 525 848 556 atque
860 528 914 556 przc
929 528 987 548 om-

194 567 274 596 nibus
286 567 358 596 Deus
381 567 464 603 pacis.
489 567 522 594 Et
539 567 561 594 si
576 567 648 602 prior
661 566 796 594 ﬂammam
823 567 986 600 excusseris,

194 613 270 641 multi
293 613 337 641 alii
358 618 512 648 sequentur,
528 613 620 648 sicque
643 620 746 646 eorum,
773 620 832 648 qua‘:
843 612 892 647 ipsi
916 617 988 640 recte

193 660 317 694 fecerint,
332 664 361 688 tu
383 659 535 688 mercedem
548 658 676 694 accipies.
703 658 771 686 Audi
789 659 852 694 quid
865 658 988 686 Christus

193 706 296 734 Judteis
311 706 383 733 butni
394 705 550 740 repentibus
561 705 727 740 przcceperit.
739 705 769 733 Si
778 705 880 738 videris,
892 705 986 739 inquit,

191 754 337 788 jumentum
356 751 453 778 inimici
477 751 514 778 tui
535 751 645 786 lapsum,
673 759 704 778 ne
731 757 921 786 pretercurras,
944 751 988 778 sed

197 799 265 834 erige
292 798 357 825 illud
383 797 480 833 (Exod.
504 797 550 824 9.5.
566 796 615 832 5).
632 797 712 832 Atqui
730 796 808 832 longe
832 796 934 824 facilius
947 801 989 824 est

193 851 255 872 sese
280 848 372 871 mutuo
395 843 568 870 verberantes
593 842 718 870 homines
744 849 880 878 separare,
906 850 987 878 quam

190 891 343 926 iumentum
371 890 486 925 erigere.
514 888 543 917 Si
567 897 631 917 vero
663 889 831 917 inimicorum
857 888 985 922 asinum,

192 936 277 964 multo
289 935 375 972 magis
389 936 537 963 amicorum
548 935 652 963 animas
666 940 772 970 oportet
786 935 892 970 erigere
905 945 911 962 :
924 942 985 963 cum

192 982 311 1010 maxime
324 982 442 1010 deterior
453 986 496 1009 est
508 981 585 1009 ruina
598 989 605 1013 ;
622 989 709 1016 neque
724 981 795 1008 enim
817 981 844 1008 in
869 988 987 1015 omnum,

196 1029 244 1057 sed
259 1029 285 1056 in
307 1028 455 1064 gehennam
470 1027 539 1063 ignis
562 1027 682 1055 incidunt
695 1047 702 1060 ,
715 1027 786 1062 quod
812 1027 858 1054 ira:
883 1027 988 1063 pondus

190 1082 271 1110 grave
281 1082 334 1102 non
344 1073 569 1102 sustinuerint.Tu
579 1080 643 1101 vero
652 1073 745 1100 videns
754 1072 862 1100 fratrem
874 1073 924 1101 sub
935 1080 990 1101 sar-

190 1120 409 1156 cinajacentem,
429 1124 456 1148 et
479 1119 614 1147 diabolum
624 1119 766 1147 instantem
777 1127 807 1147 ac
820 1127 912 1155 rogum
927 1127 989 1148 suc-

191 1167 366 1200 cendentem,
381 1166 559 1194 inhumaniter
580 1166 776 1201 crudeliterque
794 1167 987 1202 praetercurris,

190 1213 261 1250 quod
283 1221 316 1241 ne
335 1221 397 1248 erga
411 1212 487 1240 bruta
500 1209 608 1248 quidem
628 1211 686 1240 sine
700 1212 819 1246 periculo
830 1211 987 1241 admittitur.

231 1261 276 1288 ll.
303 1259 356 1287 Eos
376 1260 420 1295 qui
439 1259 580 1287 rimantibus
599 1267 649 1286 non
667 1258 840 1292 intercedunt,
856 1259 989 1295 increpat,-

191 1307 292 1338 deinde,
316 1307 384 1341 ipso:
407 1306 543 1333 rixatores.
557 1304 787 1333 —Samaritanus
812 1304 919 1340 quidem
944 1305 990 1333 ille

191 1353 311 1380 sanciunt
332 1352 425 1380 videns
439 1351 568 1387 ignotum,
586 1351 704 1386 nihilque
720 1350 754 1378 ad
774 1358 834 1378 eum
854 1352 990 1386 pertinen-

193 1402 259 1430 tem,
274 1401 301 1424 et
320 1397 402 1430 stetit,
426 1401 453 1424 et
461 1396 583 1432 jumento
597 1403 646 1424 suo
657 1396 792 1431 imposuit,
809 1396 888 1431 inque
902 1397 990 1429 diver-

192 1443 292 1471 sorium
307 1442 427 1476 deduxit,
443 1450 474 1470 ac
488 1442 620 1470 medicum
643 1442 767 1470 mercede
779 1442 923 1476 conduxit,
946 1450 990 1470 ar-

192 1493 353 1524 gentumque
365 1488 459 1523 partim
472 1487 554 1521 dedit,
566 1487 853 1523 partimquepollicitus
863 1487 987 1523 est(Luc.

193 1535 239 1564 10.
264 1535 308 1562 55.
328 1534 408 1570 sqq.).
429 1534 470 1562 Tu
491 1541 553 1562 vero
567 1533 630 1562 dum
651 1533 787 1561 hominem
801 1534 875 1562 vides
889 1534 934 1570 qui
947 1534 989 1562 in-

193 1582 268 1614 cidit,
282 1589 335 1610 non
351 1582 377 1608 in
399 1581 528 1614 latrones,
538 1581 585 1609 sed
604 1581 631 1608 in
644 1580 839 1608 daemoniorum
851 1581 988 1615 cohortes,

193 1628 293 1664 quique
306 1627 396 1654 furore
418 1631 559 1662 correptus
581 1630 633 1659 est,
658 1634 711 1654 non
727 1626 753 1653 in
766 1626 884 1660 deserto.
899 1626 946 1654 sed
960 1627 988 1654 in

193 1674 284 1702 medio
299 1673 368 1707 foro,
377 1680 429 1701 non
439 1673 577 1708 pecuniam
588 1673 768 1707 impensurus.
779 1680 828 1700 nec
837 1673 988 1708 iumentum

193 1720 386 1754 conducturos,
401 1720 440 1747 vel
455 1719 570 1755 aliquem
586 1719 680 1755 procul
693 1719 832 1751 missurus,
846 1718 894 1746 sed
908 1719 988 1746 verba

195 1772 298 1795 tantum
320 1767 480 1802 prolaturus,
503 1766 636 1794 cunctaris
660 1772 693 1793 ac
713 1764 821 1800 refugis,
834 1769 914 1800 atque
929 1765 988 1793 sine

194 1813 378 1842 misericordia
404 1813 606 1848 praetercurris?
629 1812 664 1839 Et
685 1811 820 1846 quomodo
844 1819 938 1845 Speras
963 1816 989 1839 te

194 1860 278 1888 Deum
302 1867 427 1893 umquam
449 1858 593 1894 propitium
607 1857 758 1885 habiturum
775 1857 855 1885 esse?
866 1857 926 1885 Jam
940 1865 989 1885 vos

194 1908 315 1943 alloquar
328 1907 373 1942 qui
388 1907 414 1934 in
428 1907 486 1934 foro
499 1905 626 1934 indecore
636 1905 724 1941 agitis,
736 1913 850 1941 eumque
858 1906 903 1941 qui
916 1905 989 1933 laedit

194 1958 222 1981 et
237 1953 327 1988 inique
341 1953 405 1988 agit.
428 1952 475 1979 Dic
489 1951 564 1986 mihi,
579 1951 669 1987 plagas
684 1951 790 1983 ineutis,
806 1951 924 1979 calcibus
936 1951 988 1978 im-

195 1999 273 2035 petis,
288 2003 315 2026 et
328 1997 455 2026 ntordes?
469 1997 555 2026 Susne
569 1997 690 2025 silvester
704 2003 742 2030 es,
757 1997 799 2024 vel
810 1997 925 2032 onager?
935 1996 990 2025 Nec

197 2051 224 2075 te
234 2046 326 2082 pudet,
339 2052 390 2073 nec
403 2045 550 2076 erubescis,
564 2044 600 2071 ita
612 2044 749 2076 eﬂ'eratus,
764 2043 808 2078 qui
822 2043 989 2071 nobilitatem

198 2097 270 2120 tuam
292 2091 449 2128 prodidisti?
470 2090 500 2119 Si
523 2090 594 2118 enim
610 2097 710 2125 pauper
722 2097 762 2123 es,
782 2094 810 2116 at
824 2090 893 2118 liber
905 2097 951 2123 es;
965 2090 990 2118 si

197 2138 291 2166 artifex
304 2144 344 2170 es,
365 2137 412 2165 sed
425 2136 603 2165 Christianus.
620 2136 659 2163 Eo
672 2135 731 2171 ipso
744 2134 814 2170 quod
834 2143 934 2171 pauper
947 2143 988 2169 es,

198 2185 336 2220 quiescere
347 2184 439 2212 debes.
453 2183 519 2211 Nam
534 2182 644 2210 divitum
659 2187 700 2210 est.
714 2182 828 2218 litigare,
845 2190 899 2210 non
923 2190 989 2218 pau-

199 2238 309 2265 perum;
329 2229 449 2262 divitum,
473 2229 591 2264 inquam,
608 2228 653 2264 qui
668 2228 765 2255 multas
779 2228 877 2256 habent
885 2228 989 2264 iurgio-

201 2284 259 2304 rum
273 2283 374 2304 causas.
388 2275 428 2302 Tu
447 2282 511 2302 vero
529 2274 574 2309 qui
596 2274 746 2301 divitiarum
760 2274 922 2309 voluptatem
936 2282 988 2302 non

199 2323 293 2355 habes,
307 2322 373 2349 mala
387 2327 474 2349 tamen
483 2320 633 2349 divitiarum
646 2320 755 2356 quwris,
769 2320 920 2348 inimicitias
931 2320 988 2353 tibi,

198 2369 385 2399 contentiones
407 2373 433 2396 et
448 2368 520 2396 rixas
532 2367 679 2400 attrahens,
696 2366 803 2394 fruti-cm
817 2368 946 2402 praefocas
962 2372 990 2394 et

198 2415 285 2450 augis.
307 2419 334 2442 et
349 2414 454 2449 publice
467 2413 517 2441 sub
530 2413 649 2440 omnium
662 2413 747 2440 oculis
763 2413 910 2448 prosternis
922 2423 929 2441 :
941 2420 991 2440 nec

199 2465 227 2488 te
237 2465 313 2495 putas
325 2459 409 2494 magis
421 2458 546 2486 indecore
557 2466 648 2494 agere,
660 2457 723 2485 dtuu
736 2457 849 2486 ferarum
862 2458 991 2493 impetum

198 2505 323 2538 imitaris,
345 2504 490 2540 quinetiam
511 2504 564 2531 illis
581 2503 698 2531 deterior
716 2503 827 2531 effectus
840 2511 880 2532 es.
896 2503 990 2532 Omnia

198 2552 296 2586 quippe
311 2550 362 2578 illis
375 2549 525 2578 communia
539 2553 611 2582 sunt,
626 2549 704 2577 simul
718 2554 923 2586 congregantur,
936 2558 989 2577 una

199 2597 343 2630 incedunt;
365 2597 443 2624 nobis
462 2604 528 2624 vero
541 2596 608 2623 nihil
621 2603 762 2624 commune
775 2600 825 2628 est,
841 2596 888 2624 sed
901 2596 991 2625 omnia

197 2651 244 2673 sus
263 2643 350 2678 deque
371 2643 454 2677 posita
470 2646 541 2675 sunt,
557 2643 631 2675 rixze,
645 2642 840 2676 contentiones,
859 2642 990 2676 convicia,

767 139 800 169 ΙΝ
819 139 1021 170 ΜΑΤΤΙΙΑΕυΙΙ
1039 141 1154 170 HOMIL.
1176 141 1246 171 XVI.

1038 197 1193 233 inimicitiae,
1203 200 1384 229 contumeliae.
1407 201 1461 230 Sed
1475 210 1562 239 neque
1575 204 1669 232 caelum
1686 205 1770 240 ipsum
1788 216 1832 235 re-

1038 251 1172 277 veremur,
1185 252 1238 280 quo
1252 252 1346 274 omnes
1359 245 1440 275 slmul
1454 249 1542 276 vocati
1555 257 1659 284 sumus,
1674 259 1762 287 neque
1775 257 1831 280 ter-

1038 297 1096 317 ram
1116 298 1176 325 quae
1201 291 1278 319 nobis
1301 293 1426 321 omnibus
1452 294 1570 328 obvenit,
1597 303 1684 332 tteque
1708 303 1832 327 naturam

1039 335 1122 370 ipsam
1139 336 1206 364 :sed
1230 337 1321 365 omnia
1346 338 1425 366 simul
1453 340 1492 367 ira
1518 345 1546 368 et
1568 349 1644 369 amor
1660 343 1832 376 pecuniarum

1039 381 1187 417 dissipavit.
1202 383 1260 411 Non
1284 384 1359 412 vides
1379 386 1454 413 illum
1468 386 1513 421 qui
1527 386 1620 415 decem
1638 388 1719 416 millia
1735 390 1837 417 talenta

1038 427 1162 461 debebat,
1179 434 1318 464 postquam
1341 431 1385 458 illa
1405 431 1455 459 sibi
1471 433 1581 460 remissa
1597 434 1710 468 fuerant,
1723 442 1834 463 conser-

1039 481 1101 501 vum
1121 481 1199 501 suum
1220 475 1394 504 suffocantem
1423 485 1471 512 pro
1491 484 1599 506 centum
1621 479 1747 514 denariis,
1770 485 1836 516 quot

1039 519 1108 545 mala
1124 519 1204 546 subiit
1222 525 1247 547 et
1261 521 1395 556 quomodo
1409 527 1510 550 aeterno
1525 524 1638 552 traditus
1652 525 1684 552 sit
1704 526 1837 560 suppl-icio

1039 564 1155 601 (Matth.
1172 565 1217 593 l8.
1231 566 1276 594 28.
1297 576 1351 603 sqq.
1363 567 1394 604 )?
1414 568 1471 596 Non
1496 570 1574 597 times
1593 571 1766 606 exemplum?
1779 580 1833 600 non

1041 613 1136 640 metuis
1150 621 1184 641 ne
1197 617 1225 641 tu
1240 614 1334 642 eadem
1345 615 1473 650 patiaris?
1487 616 1590 644 Etenim
1604 625 1654 645 nos
1663 626 1768 653 quoque
1783 619 1836 646 Do-

1041 659 1114 686 mino
1127 659 1241 693 plurima
1256 667 1404 696 magnaque
1416 661 1561 695 debemus;
1577 663 1620 691 ille
1640 668 1727 691 tamen
1739 672 1834 700 exspe-

1041 710 1096 732 ctat
1117 709 1144 732 et
1164 706 1295 740 patienter
1318 707 1371 742 agit
1387 716 1394 734 :
1411 716 1464 736 non
1479 709 1569 741 instat,
1585 714 1614 737 ut
1633 718 1683 738 nos
1697 711 1834 738 conservis

1041 751 1140 778 nostris
1154 759 1160 777 :
1176 759 1229 778 non
1245 759 1294 779 nos
1309 753 1381 788 angit
1393 757 1420 781 et
1433 753 1545 782 suﬂ'ocat
1559 764 1567 782 :
1580 760 1653 783 certe
1665 756 1687 783 si
1702 757 1743 784 vel
1756 756 1835 784 mini-

1040 803 1110 823 mam
1123 801 1225 831 partem
1239 797 1320 825 vellet
1329 805 1344 824 a
1356 798 1432 826 nobis
1441 799 1559 834 exigere.
1571 800 1625 835 jam
1634 801 1697 828 olim
1709 801 1834 836 periisse-

1040 848 1110 868 mus.
1125 841 1188 869 Hmc
1210 842 1300 877 itaque
1312 843 1471 878 cogitantes,
1489 844 1590 878 dilecti,
1610 846 1791 878 humiliemur,
1806 851 1834 874 et

1040 887 1207 915 debitoribus
1229 889 1327 916 nostris
1350 890 1462 924 gratiam
1488 890 1656 919 habeamus:
1678 897 1742 920 sunt
1761 894 1834 921 enim

1041 933 1128 966 nobis,
1151 934 1174 962 si
1186 934 1416 970 philosophentur,
1427 937 1532 964 occasio
1547 939 1670 965 maximae
1693 939 1833 974 indulgen-

1040 978 1085 1006 tite
1098 988 1105 1006 :
1121 983 1149 1007 et
1163 987 1244 1014 pauca
1256 980 1359 1011 dantes.
1372 980 1486 1016 plurima
1496 982 1667 1017 accipiemus.
1677 983 1744 1018 Quid
1756 985 1835 1020 igitur

1041 1024 1172 1053 violenter
1193 1025 1227 1053 ab
1247 1033 1280 1053 eo
1303 1026 1398 1061 exigis,
1416 1034 1478 1054 cum
1501 1032 1646 1062 oporteret,
1659 1030 1764 1057 etiamsi
1777 1030 1835 1066 ipse

1041 1070 1146 1098 solvere
1168 1070 1261 1105 vellet,
1283 1070 1403 1099 debitum
1428 1073 1576 1107 remittere,
1599 1078 1628 1101 ut
1647 1079 1732 1102 totum
1747 1083 1763 1103 a
1779 1075 1835 1104 Dco

1041 1115 1194 1150 acciperes?
1205 1115 1281 1144 Nunc
1294 1124 1360 1144 vero
1371 1117 1436 1144 nihil
1449 1125 1503 1145 non
1514 1119 1581 1153 agis,
1596 1119 1649 1146 vim
1665 1120 1758 1154 infers,
1769 1128 1835 1148 con-

1043 1161 1139 1195 tendis,
1156 1165 1184 1189 ttt
1197 1161 1244 1190 tibi
1257 1161 1322 1189 nihil
1336 1169 1369 1190 ex
1381 1163 1478 1191 debitis
1495 1164 1547 1191 tuis
1569 1165 1735 1199 remittatur;
1751 1171 1778 1194 et
1793 1167 1835 1194 vi-

1041 1207 1114 1234 deris
1135 1206 1243 1242 quidem
1263 1208 1385 1243 proximo
1408 1213 1453 1236 tuo
1473 1209 1622 1237 molestiam
1647 1211 1757 1245 inferre,
1770 1212 1834 1240 dum

1041 1254 1158 1290 gladium
1171 1254 1219 1282 tibi
1232 1255 1369 1288 admoves,
1384 1262 1410 1283 et
1421 1255 1549 1291 gehenna:
1562 1257 1719 1292 supplicium
1735 1266 1834 1294 auges;

1042 1301 1064 1328 si
1079 1305 1167 1329 autem
1179 1301 1220 1328 vel
1232 1302 1364 1329 tantillum
1378 1302 1422 1329 hic
1444 1302 1650 1337 philosopheris,
1667 1303 1781 1332 leviores
1793 1304 1834 1332 ef-

1041 1346 1100 1374 licis
1118 1347 1236 1374 rationes
1256 1355 1402 1383 ptenasque
1417 1352 1486 1375 tuas.
1502 1348 1607 1376 Etenim
1619 1349 1688 1376 Deus
1702 1349 1763 1377 ideo
1777 1350 1836 1378 vult

1041 1396 1070 1419 ut
1084 1391 1153 1427 apud
1167 1399 1215 1419 nos
1230 1391 1380 1427 hujusmodi
1393 1393 1539 1421 liberalitas
1552 1394 1662 1427 oriatur,
1675 1399 1705 1422 ut
1718 1396 1836 1423 occasio-

1042 1445 1103 1465 nem
1126 1437 1189 1465 hiuc
1209 1443 1299 1473 captet
1322 1438 1433 1473 plurima
1458 1439 1535 1466 nobis
1556 1439 1683 1467 donandi.
1699 1440 1836 1476 Quotquot

1041 1483 1121 1518 igitur
1143 1483 1278 1512 debitores
1299 1484 1345 1512 tibi
1367 1489 1438 1518 sunt,
1462 1485 1518 1512 sive
1539 1485 1573 1513 de
1591 1486 1719 1521 pecuniis,
1733 1487 1789 1514 sire
1800 1487 1836 1514 dc

1041 1529 1151 1558 oﬂ‘ensis
1164 1535 1267 1565 agatur,
1289 1530 1338 1558 hos
1351 1537 1446 1558 omnes
1458 1530 1562 1559 dimitte
1584 1531 1693 1566 liberos,
1709 1536 1736 1560 ct
1750 1540 1765 1559 a
1780 1532 1837 1560 Deo

1041 1576 1157 1611 postulo,
1180 1581 1211 1604 ut
1235 1581 1316 1604 tanta:
1338 1577 1563 1613 magnanimitatis
1585 1578 1630 1605 tibi
1650 1579 1723 1606 vices
1737 1586 1835 1614 repen-

1040 1621 1147 1649 dantur.
1169 1622 1259 1650 Donec
1280 1623 1352 1650 enim
1375 1623 1447 1658 ipsos
1468 1623 1605 1652 debitores
1617 1624 1737 1658 habebis,
1752 1625 1834 1653 Deum

1041 1668 1189 1697 debitorem
1209 1677 1261 1696 non
1284 1669 1414 1703 habebis;
1439 1670 1480 1697 sin
1495 1670 1556 1698 illos
1571 1670 1669 1698 liberos
1690 1671 1834 1705 dimiseris,

1041 1714 1141 1749 poteris
1157 1721 1173 1742 a
1200 1715 1254 1742 Deo
1275 1715 1383 1750 exigere
1401 1723 1462 1743 cum
1487 1716 1612 1743 instantia
1635 1723 1729 1752 magna
1755 1721 1835 1745 tantm

1042 1759 1218 1794 philosophia;
1240 1761 1406 1788 mercedem.
1431 1760 1460 1788 Si
1481 1761 1552 1790 enim
1575 1761 1655 1789 homo
1669 1762 1833 1797 praateriens,

1041 1805 1187 1841 vidensque
1197 1810 1223 1834 te
1236 1805 1384 1834 debitorem
1407 1810 1510 1841 tenere,
1521 1807 1627 1842 juberet
1646 1812 1672 1836 te
1693 1808 1778 1843 ipsum
1792 1808 1835 1836 di-

1042 1851 1160 1883 mittere,
1182 1855 1210 1879 et
1223 1852 1272 1879 abs
1290 1859 1320 1879 se
1333 1851 1454 1880 debitum
1466 1861 1618 1888 reposcere,
1633 1862 1685 1881 non
1698 1860 1771 1883 certe
1792 1856 1834 1882 in-

1041 1901 1134 1932 gratus
1156 1897 1193 1924 illi
1216 1897 1286 1925 foret
1306 1902 1367 1932 post
1388 1898 1585 1932 remissionem,
1601 1903 1692 1934 utpote
1705 1901 1750 1935 qui
1763 1901 1789 1928 in
1804 1907 1836 1929 se

1042 1947 1127 1971 totum
1150 1943 1485 1978 transtuleritzquomodo
1510 1945 1580 1972 Deus
1604 1952 1657 1972 non
1684 1945 1759 1981 plura
1772 1946 1834 1981 alia,

1042 1989 1097 2017 imo
1116 1989 1215 2017 millies
1230 1989 1304 2025 plura
1319 1990 1423 2023 reddet,
1435 1998 1496 2018 cum
1511 1991 1568 2025 ejus
1586 1997 1720 2027 przecepto
1731 1993 1835 2020 obtent-

1042 2039 1177 2071 perantes,
1188 2035 1322 2063 debitores
1335 2041 1450 2069 nostros,
1462 2044 1513 2064 nec
1521 2044 1640 2071 parvum,
1651 2045 1700 2065 nec
1710 2046 1835 2074 magnum

1042 2082 1077 2110 ab
1096 2083 1136 2110 eis
1150 2082 1359 2117 expostulantes,
1384 2081 1567 2110 dimiserimus
1588 2091 1697 2118 prorsus
1717 2084 1835 2112 liberos?

1041 2128 1082 2157 Ne
1095 2133 1294 2163 temporaneam
1304 2128 1376 2156 illam
1388 2128 1550 2164 voluptatem
1560 2129 1739 2163 attendamus,
1754 2139 1834 2166 quam

1042 2175 1132 2203 debita
1148 2179 1301 2210 repetentes
1314 2175 1475 2210 accipimus;
1495 2175 1544 2204 sed
1558 2176 1684 2204 damnum
1699 2177 1763 2205 illud
1775 2183 1834 2205 tan-

1043 2225 1110 2254 tum,
1122 2220 1193 2256 quod
1206 2221 1234 2248 in
1246 2221 1334 2248 futuro
1353 2226 1548 2256 exspectamus,
1565 2222 1591 2249 in
1607 2222 1683 2250 bonis
1696 2223 1836 2251 immorta-

1044 2266 1113 2294 libus
1136 2273 1185 2293 u0s
1209 2266 1281 2301 ipsos
1306 2265 1442 2294 laedentes.
1456 2266 1586 2295 Omnibus
1606 2275 1670 2303 ergo
1683 2269 1836 2304 superiores

1043 2311 1116 2345 facti,
1141 2311 1287 2346 largiamur
1309 2316 1336 2339 et
1358 2311 1523 2346 pecuniaset
1543 2312 1657 2340 oﬂ‘ensas
1671 2313 1836 2343 debitoribus

1044 2358 1152 2391 nostris,
1166 2363 1193 2386 ut
1205 2358 1319 2387 leviores
1331 2358 1408 2387 nobis
1418 2359 1535 2387 rationes
1542 2359 1691 2388 reddendas
1701 2368 1834 2395 paremus;

1043 2409 1071 2432 et
1084 2404 1155 2440 quod
1169 2412 1222 2432 non
1241 2405 1374 2440 potuimus
1389 2413 1436 2440 per
1448 2405 1514 2433 alias
1527 2405 1638 2433 virtutes
1651 2407 1770 2442 assequi,
1790 2415 1838 2442 per

1043 2451 1204 2480 oblivionem
1222 2452 1379 2487 injuriarum
1387 2457 1590 2488 consequentes,
1599 2457 1699 2481 aeterna
1707 2453 1750 2481 adi
1754 2454 1836 2489 pisca-

1044 2506 1104 2525 mur
1118 2498 1198 2528 hona.
1213 2499 1296 2533 gratia
1311 2503 1339 2526 et
1351 2498 1535 2526 misericordia
1557 2499 1661 2527 Domini
1674 2500 1757 2527 nostri
1772 2500 1835 2527 Iesu

1044 2543 1154 2576 Christi,
1175 2544 1217 2570 cui
1240 2543 1323 2578 gloria
1345 2551 1373 2571 et
1387 2544 1537 2579 imperium,
1552 2552 1622 2573 nunc
1635 2549 1662 2572 et
1676 2553 1792 2581 seraper,
1812 2550 1839 2574 et
1861 2574 1866 2579 ,

1046 2589 1073 2617 in
1085 2589 1180 2617 saecula
1195 2589 1363 2616 saeculorum.
1378 2589 1474 2617 Amen.

877 2726 1051 2758 HOMILIA
1074 2726 1158 2756 XVI.

200 2781 264 2809 CAP.
288 2780 314 2809 5.
335 2787 363 2807 v.
383 2781 427 2807 l7.
449 2779 536 2807 Nolite
555 2784 653 2814 putare,
675 2779 743 2814 quod
770 2779 878 2806 venerim
899 2780 994 2808 solvere

451 2826 529 2861 legem
544 2829 588 2852 aut
599 2825 744 2861 prophetas.

1047 2788 1092 2806 cur
1104 2787 1154 2806 non
1168 2787 1252 2805 cntutu
1259 2780 1331 2814 quasi
1342 2779 1492 2806 auctoritate
1501 2788 1547 2806 sua
1558 2780 1681 2815 faciat.—
1689 2778 1754 2813 Quis
1767 2778 1839 2806 enim

1047 2825 1073 2854 id
1086 2825 1174 2853 fuerat
1187 2825 1357 2859 suspicatus?
1371 2830 1416 2852 aut
1431 2825 1491 2861 quis
1504 2826 1649 2861 objccerat,
1669 2830 1699 2853 ut
1714 2825 1774 2852 huic
1789 2827 1839 2851 obs

240 2874 264 2902 l.
279 2872 362 2909 Quare
379 2873 494 2902 Christus
503 2881 530 2902 se
539 2881 589 2901 non
605 2873 700 2901 solvere
715 2872 792 2908 tegam
806 2874 956 2907 euenerit;
970 2878 996 2902 et
1045 2872 1155 2909 lectioni
1169 2871 1339 2901 occurreret?
1353 2871 1445 2908 Neque
1456 2873 1527 2900 enim
1542 2880 1574 2901 ex
1589 2872 1668 2901 dictis
1678 2871 1738 2900 talis
1750 2870 1839 2906 suspi-
