2073 3127
183 118 238 146 239

179 175 222 202 cio
234 173 370 202 oriebatur
386 181 393 200 :
411 179 471 200 nam
493 171 564 207 quod
586 171 692 207 iuberet
706 171 785 198 mites
795 177 865 202 esse,
878 167 974 196 mode-

179 227 247 254 stos,
275 219 474 253 misericordes,
502 218 616 246 mundos
644 218 726 246 cordo
750 221 779 244 et
802 223 851 251 pro
868 214 973 251 justilia

178 268 330 301 decertare,
346 266 411 294 nihil
426 265 515 293 simile
530 264 682 296 indicebat;
697 264 751 291 imo
765 262 827 290 huic
840 262 878 289 rei
894 267 978 295 oppo-

179 308 262 340 situm'
272 316 339 340 erat.
350 312 408 345 Qua
418 319 481 346 ergo
491 310 524 338 de
533 318 613 338 causa
625 310 675 337 hoc
684 309 753 336 dixit
760 309 772 334 ?
779 307 836 335 Non
846 308 978 334 incassum

172 367 231 386 .nec
245 359 359 389 frustra:
376 357 422 385 sed
446 357 506 392 quia
521 356 657 384 veteribus
672 355 811 390 prmeeptis
824 353 924 388 majora
937 352 978 380 la-

181 411 257 432 turns
273 409 341 436 erat,
356 403 450 431 dicens
464 413 471 430 :
486 402 609 434 Audistis,
620 402 679 437 quia
700 401 795 427 dictant
808 405 844 426 ert
857 398 977 432 antiquis,

181 449 242 477 Non
252 450 364 482 occides;
375 457 419 484 ego
427 453 509 475 autent
519 448 575 474 dico
583 447 660 480 vobis,
667 446 705 473 Ne
713 445 859 473 irascamini
872 444 977 480 (Matth.

219 495 249 522 2|
260 516 264 522 .
274 495 332 529 2‘2);
347 494 500 522 utdivinam
508 493 647 529 quamdam
657 492 824 520 acca-lestem
836 491 904 517 viam
917 497 980 525 ape-

188 542 260 572 riret,
285 549 319 568 ne
341 541 378 568 rei
404 540 507 567 novitas
526 539 675 566 auditorum
691 538 795 565 animos
810 537 937 567 turbaret,
953 540 981 563 et

177 587 218 615 .ad
232 587 406 614 dubitandum
421 586 454 613 de
468 586 546 613 dictis
559 585 712 616 a‘dduceret,
728 583 778 611 hac
788 583 870 610 utitur
881 581 980 617 pmzvia

178 633 316 660 .eautione.
331 632 439 659 Etiamsi
461 630 531 658 enim
547 630 632 665 legem
648 637 700 657 non
715 629 865 664 implerent,
879 634 976 662 magno

179 685 274 708 tamen
289 685 350 713 erga
373 677 444 704 illam
462 677 621 705 tenebantur
642 676 748 708 aﬁ'ectu,
764 683 795 703 ac
816 674 879 702 licet
896 674 980 709 ipsam

185 723 305 759 quotidie
329 723 470 755 violarent,
496 722 584 749 literas
605 727 692 750 tamen
716 721 840 749 volebant
858 721 983 747 immotas

180 777 309 800 .inanere.
335 769 454 804 nihilque
475 769 541 803 ipsis
564 769 659 803 adjici;
683 769 737 796 imo
750 775 815 796 vero
833 767 953 803 quaedam
967 773 982 793 a

189 815 353 850 principibus
373 815 429 842 suis
443 814 532 842 addita
546 815 697 848 tuebantur,
719 822 779 849 quze
797 818 869 841 certe
885 821 936 840 non
949 812 983 839 ad

188 861 294 895 melius,
308 862 354 888 sed
367 861 400 888 ad
416 861 491 896 pejus
506 862 661 896 vergebant.
674 860 781 888 Etenim
795 861 923 887 honorem
938 865 984 893 pa-

190 908 311 936 rentibus
326 908 445 935 debitum
467 907 509 935 his
521 907 710 935 additamentis
723 907 871 938 solverunt,
893 909 920 932 et
932 904 983 932 alia

191 954 302 988 plurima
334 954 494 989 importunis
523 953 703 981 additionihus
734 951 983 988 pessumdederunt.

191 1000 322 1032 Quoniam
334 1008 397 1034 ergo
409 999 533 1028 Christus
547 1008 580 1027 ex
593 999 752 1027 sacerdotali
766 998 834 1026 tribu
849 1006 902 1025 non
915 1000 983 1028 erat,

191 1051 219 1073 et
242 1053 302 1081 qua:
328 1046 386 1081 ipsc
409 1046 564 1074 inducturus
585 1050 662 1078 erat,
693 1045 902 1072 additamentum
929 1047 985 1070 erat

192 1092 347 1127 quodpiam,
362 1092 430 1127 quod
445 1092 567 1120 virtutem
579 1099 632 1119 non
645 1091 788 1122 minueret.
800 1090 847 1117 sed
862 1093 984 1124 augeret:

194 1137 252 1164 huic
263 1137 342 1164 ambo
357 1136 517 1171 pra-videns,
531 1144 590 1172 qua:
603 1136 675 1172 ipsos
688 1136 824 1163 turbatura
836 1139 923 1167 erant,
936 1142 986 1160 an-

195 1188 300 1217 tequam
313 1182 483 1210 admirandas
496 1182 555 1210 illas
576 1182 648 1218 leges
667 1182 768 1217 scripto
783 1181 851 1208 tradi
869 1184 985 1213 curaret,

195 1228 261 1256 illud
284 1228 371 1263 rejicit
391 1228 463 1263 quod
485 1228 536 1256 illis
561 1228 588 1255 in
609 1233 725 1255 mentem
751 1233 893 1254 venturum
918 1230 986 1253 erat.

195 1273 264 1308 Quid
277 1281 340 1301 vero
353 1274 416 1302 illud
430 1278 488 1302 erat
500 1274 571 1310 quod
583 1274 740 1309 subreperet
752 1278 778 1301 et
788 1273 865 1307 ohjici
877 1272 989 1308 posset?

197 1320 330 1348 Putabant
351 1321 423 1347 illum
446 1320 504 1348 tunc
525 1320 616 1348 dicere
639 1319 672 1347 ad
689 1320 781 1355 Iegalia
805 1323 894 1346 vetera
909 1318 989 1345 abro-

196 1365 292 1400 ganda.
307 1365 383 1393 Hanc
406 1366 495 1401 itaque
514 1370 589 1393 sanat
608 1366 771 1401 opinionem.
785 1364 875 1399 Neque
888 1364 931 1391 hic
944 1372 988 1391 so-

198 1412 253 1438 lum
269 1411 320 1439 hoc
343 1411 416 1444 facit,
436 1411 483 1439 sed
497 1415 524 1439 et
537 1411 600 1438 alibi
614 1419 729 1446 quoque.
749 1410 816 1445 Quia
830 1410 901 1437 enim
917 1409 989 1436 illum

198 1457 380 1484 adversarium
397 1457 451 1484 Deo
464 1457 629 1489 credebant,
645 1463 678 1484 eo
698 1456 768 1491 quod
783 1455 922 1482 sabbatum
937 1462 989 1482 non

198 1505 333 1535 servaret,
351 1507 380 1530 ut
392 1502 460 1530 hanc
473 1502 579 1530 illorum
593 1502 770 1537 suspicionem
784 1505 922 1532 amovcal,
938 1500 992 1528 illic

188 1555 306 1583 quoque
316 1547 487 1575 defensiones
499 1547 643 1582 expromit,
656 1547 768 1583 illasque
781 1547 830 1574 sibi
845 1554 993 1581 congruen-

201 1599 242 1622 tes
255 1603 262 1621 :
276 1598 304 1621 ut
317 1601 377 1621 cum
392 1593 455 1621 dicit
467 1603 474 1620 :
489 1592 567 1620 Pater
582 1602 651 1620 meus
664 1598 791 1628 operatur,
807 1598 831 1620 et
845 1601 890 1628 ego
904 1601 994 1628 operor

190 1639 212 1675 _(
223 1638 301 1667 Joan.
315 1639 342 1668 5.
355 1640 387 1675 17
398 1638 424 1675 );
440 1639 505 1666 alias
518 1647 581 1666 vero
595 1638 753 1666 demissiore
769 1638 848 1666 modo
864 1638 990 1673 prolatas,

203 1689 231 1711 ut
244 1692 305 1712 eum
319 1693 395 1712 ovem
411 1684 436 1712 in
455 1684 570 1712 medium
585 1684 664 1712 aﬁ‘ert
682 1685 708 1711 in
731 1684 842 1712 sabbato
853 1684 993 1719 perditam,

201 1734 229 1757 et
239 1729 353 1757 Ostendit
363 1729 397 1757 ad
406 1730 464 1764 ejus
474 1729 586 1757 salutetn
598 1730 681 1765 legem
696 1730 778 1758 fuisse
795 1730 927 1763 solutam,
942 1730 996 1757 cir-

191 1775 392 1803 .cnmcisionetn
405 1783 510 1811 quoque
524 1776 636 1811 idipsum
656 1777 794 1804 facientem
804 1781 997 1804 commemorat

204 1821 215 1857 (
231 1821 324 1849 Matth.
341 1822 385 1850 12.
400 1823 444 1850 11.
460 1821 526 1858 12).
542 1821 604 1850 Ideo
622 1822 723 1850 scilicet
733 1820 916 1850 humilioribus
925 1829 997 1857 saepe

207 1867 297 1904 verbis
310 1868 426 1902 loquitur
437 1888 446 1902 ,
462 1872 492 1895 ut
505 1868 659 1903 opinionem
678 1867 750 1895 illam
763 1888 770 1901 ,
786 1875 838 1903 qua
858 1868 998 1902 putabatur

207 1913 263 1947 ipse
276 1912 332 1941 Deo
341 1913 487 1947 adversari,
501 1913 660 1941 eliminaret.
675 1913 777 1941 Idcirco
789 1913 834 1949 qui
847 1913 928 1941 verbo
939 1914 996 1941 solo

207 1958 365 1985 innumeros
375 1962 496 1986 mortuos
508 1959 691 1990 suscitaverat,
703 1966 763 1986 cum
777 1958 906 1986 Lazarum
918 1967 997 1987 voca-

207 2004 255 2037 vit,
266 2008 293 2032 et
302 2005 450 2032 orationem
460 2004 556 2040 adjecit
565 2005 700 2040 (Joan.H.
708 2004 753 2040 41)
762 2013 768 2037 ;
778 2004 885 2038 deinde,
896 2013 931 2033 ne
938 2005 999 2033 hinc

208 2050 287 2077 Patre
296 2057 345 2078 suo
355 2050 443 2078 minor
452 2050 638 2078 ostenderetur
645 2071 653 2084 ,
665 2055 693 2078 et
702 2054 731 2078 ut
741 2050 809 2078 hanc
818 2051 998 2086 suspicionem

207 2096 382 2130 emendaret,
401 2096 538 2131 subjunxit
551 2105 559 2123 :
574 2095 636 2124 "th
648 2096 702 2123 dixi
717 2101 819 2131 propter
830 2096 929 2124 turbam
947 2097 999 2124 cir-

209 2146 372 2169 cumstante»:
381 2162 389 2175 ,
401 2147 428 2169 ut
437 2142 541 2169 credant
551 2142 610 2177 quia
625 2146 651 2169 tu
661 2150 699 2169 me
712 2142 800 2169 misisti
815 2142 894 2178 (Ibid.
907 2150 931 2169 Il.
940 2143 998 2178 42).

208 2187 302 2222 Neque
315 2187 404 2215 omnia
415 2188 489 2222 quasi
502 2195 550 2215 sua
561 2188 719 2216 auctoritate
731 2187 803 2221 facit,
814 2193 843 2215 ut
854 2188 1000 2215 inﬁrmitati

209 2241 302 2260 eorum
317 2240 347 2260 se
366 2238 541 2268 altemperet;
558 2241 643 2268 neque
656 2234 735 2260 etiam
751 2233 840 2261 omnia
855 2233 1001 2269 praemissis

212 2278 332 2313 precibus
341 2278 412 2312 facit,
423 2286 457 2306 ne
468 2278 581 2313 posteris
590 2279 751 2314 relinqueret
760 2279 918 2314 suspicionis
928 2286 1002 2314 argu-

211 2327 344 2355 mentum,
361 2323 436 2359 quasi
451 2323 552 2351 scilicet
565 2324 685 2351 infirmus
698 2327 726 2351 et
741 2323 872 2358 impotens
885 2324 937 2356 sit,
952 2323 999 2351 sed

212 2370 268 2397 lnec
278 2370 329 2397 illis
341 2375 367 2397 et
376 2370 418 2398 illa
429 2370 471 2398 his
479 2369 617 2398 admiscet.
630 2370 695 2397 Illud
705 2375 792 2397 autem
803 2377 855 2397 non
867 2369 924 2397 sine
933 2374 1001 2397 tem-

213 2420 367 2452 peramento
379 2416 455 2450 facit,
465 2416 512 2444 sed
522 2424 582 2444 cum
592 2416 696 2445 decenti
707 2417 757 2444 sibi
768 2416 918 2451 prudentia.
935 2416 1001 2444 Nam

211 2468 239 2490 cl.
250 2462 351 2497 majora
363 2463 424 2491 facit
436 2464 510 2499 quasi
522 2468 678 2498 potestatem
692 2463 804 2496 habens,
814 2468 842 2491 et
851 2463 878 2491 in
892 2464 1004 2491 minori-

213 2509 262 2535 bus
273 2509 305 2535 ad
314 2509 410 2536 cadum
418 2510 536 2544 respicit.
545 2509 680 2545 Siquidem
693 2516 753 2536 cum
765 2514 871 2544 peccata
884 2509 1003 2543 dimittit,

212 2561 273 2581 cum
288 2559 391 2582 secreta
408 2555 527 2588 revelat,
540 2559 568 2583 et
581 2554 730 2590 paradisum
750 2555 852 2590 aperit,
868 2562 929 2582 cum
950 2555 1005 2582 da:-

213 2606 307 2626 in0nas
330 2599 419 2634 pellit,
439 2608 499 2627 cum
521 2601 642 2633 leprosos
664 2601 792 2635 mundat,
811 2609 873 2630 cum
892 2605 1005 2629 mortem

214 2645 301 2673 frenat
311 2666 317 2677 .
328 2653 389 2673 cum
398 2650 517 2674 mortuos
528 2648 638 2675 suscitat
649 2647 802 2675 innumeros
812 2668 819 2681 ,
829 2648 905 2683 jussu
915 2648 1004 2675 omnia

215 2691 294 2725 facit;
309 2700 370 2719 cum
383 2697 470 2720 autem
482 2712 489 2724 ,
504 2693 575 2728 quod
590 2693 673 2721 multo
685 2694 772 2721 minus
784 2699 861 2726 erat,
877 2701 959 2728 panes
973 2701 1005 2720 ex

216 2739 307 2774 paucis
319 2739 418 2767 multos
432 2739 504 2772 fecit,
521 2745 584 2767 tunc
598 2740 624 2767 in
636 2740 730 2767 cadum
744 2740 871 2774 respexit,
889 2748 935 2774 per
949 2747 1006 2767 om-

216 2785 259 2812 nia
272 2785 417 2813 ostendens
430 2793 460 2814 se
474 2793 527 2813 non
543 2793 576 2813 ex
595 2784 747 2814 inﬁrmitate
761 2785 812 2813 hoc
826 2785 923 2813 facere.
939 2785 1006 2812 Nam

210 2827 266 2875 qui
276 2832 377 2868 majora
387 2834 494 2868 poterat
502 2839 562 2860 cum
575 2835 708 2868 potestate
720 2831 818 2866 facere,
832 2830 966 2867 quomodo
979 2831 1007 2859 in

541 115 570 144 S.
590 115 729 144 JOANNIS
747 111 984 142 CHRYSOSTOMI
1002 109 1163 139 AllClllEP.
1182 107 1450 139 CONSTANTINOP.

1769 113 1822 141 210

1029 165 1176 194 minoribus
1190 173 1269 201 prece
1279 173 1346 201 opus
1360 166 1513 195 habuisset?
1527 166 1591 201 Sed,
1604 167 1674 203 quod
1685 167 1742 203 jam
1755 168 1821 202 dixi,

1028 216 1059 240 ut
1077 213 1183 240 illorum
1202 212 1394 248 impudentiam
1407 219 1529 241 coerceat
1543 213 1594 242 hoc
1608 214 1679 242 facit.
1703 215 1822 249 ldipsum

1029 259 1201 291 existimato,
1216 267 1277 287 cum
1295 259 1371 287 vides
1385 267 1447 287 eum
1467 259 1575 287 humilia
1592 261 1673 288 verba
1688 262 1820 296 proferre.

1029 305 1096 333 Nam
1110 311 1137 333 et
1151 306 1294 333 verborum
1313 310 1341 333 et
1359 313 1469 341 operum
1485 305 1638 340 huiusmodi
1658 307 1748 334 multa-
1763 313 1826 335 sunt

1030 359 1118 379 causre
1128 360 1135 384 ;
1146 352 1260 387 exempli
1272 353 1368 388 gratia,
1383 359 1415 380 ne
1425 360 1440 379 a
1453 352 1508 380 Deo
1522 357 1630 388 putetur
1640 360 1699 381 esse
1710 353 1824 387 alienus,

1031 398 1103 434 quod
1115 405 1209 426 omnes
1224 399 1328 426 erudiat
1342 402 1370 425 et
1383 404 1460 426 sanet
1472 419 1479 431 ,
1497 398 1569 433 quod
1585 398 1761 427 humilitatem
1775 399 1826 426 do-

1031 450 1089 472 ceat
1101 465 1108 476 ,
1122 444 1190 479 quod
1204 453 1284 472 carne
1298 443 1480 472 circumdetur
1490 465 1497 478 ,
1511 445 1581 479 quod
1596 453 1648 472 non
1663 445 1764 480 possint
1776 444 1820 473 Ju-

1032 490 1082 517 dzei
1104 490 1192 517 omnia
1212 489 1353 518 confertim
1376 490 1486 524 audire,
1508 490 1578 526 quod
1599 490 1694 518 doceat
1714 499 1747 518 ne
1765 492 1826 527 quis

1032 544 1156 570 magtnun
1171 536 1232 572 quid
1247 537 1281 564 de
1293 537 1382 571 seipso
1397 537 1529 571 loquatur.
1539 536 1651 572 Ideoque
1659 545 1731 572 stepe
1743 537 1826 565 multa

1033 582 1142 609 humilia
1149 581 1182 609 de
1193 583 1281 616 seipse
1291 582 1489 617 dicensuuagna
1500 582 1558 610 aliis
1569 582 1825 617 relinquitdicenda.

1068 628 1094 654 2.
1135 628 1202 655 Nam
1229 629 1286 663 ipse
1306 636 1368 656 cum
1394 628 1493 656 Judaais
1519 628 1673 663 loqueretur
1696 629 1825 656 dicebat:

1033 674 1174 710 Antequam
1193 674 1322 702 Abraham
1343 676 1424 710 ﬁeret,
1446 684 1492 711 ego
1511 684 1568 702 sum
1581 675 1679 712 (Joan.
1696 676 1723 704 8.
1746 676 1821 712 58);

1034 721 1182 756 discipulus
1191 727 1280 749 autem
1295 721 1354 757 ejus
1368 729 1421 749 non
1435 722 1481 755 ita,
1497 722 1554 755 sed,
1571 721 1604 749 In
1626 722 1751 758 principio
1774 727 1828 750 erat

1039 767 1157 801 Verbum,
1169 772 1191 795 et
1209 767 1316 794 Verbum
1329 773 1382 794 erat
1395 767 1464 803 apud
1478 767 1571 801 Deum,
1583 773 1605 795 et
1620 767 1689 795 Deus
1701 773 1754 795 erat
1770 767 1831 795 Ver—

1037 813 1095 839 bum
1109 812 1208 847 (Joan.
1230 813 1258 840 ί.
1281 813 1329 849 1).
1344 813 1472 845 Rursum,
1494 813 1565 855 quod
1587 813 1693 847 cadum,
1720 818 1829 846 terram,

1029 866 1110 885 mare
1135 857 1192 892 ipse
1214 857 1324 892 fecerit,
1343 866 1393 886 nec
1419 866 1471 885 non
1502 858 1614 886 visibilia
1639 863 1666 886 et
1689 858 1830 886 invisibilia

1036 903 1137 937 omnia,
1151 903 1210 939 ipse
1231 911 1379 939 numquam
1406 905 1478 932 clare
1501 904 1585 937 dixit;
1600 904 1745 940 discipulus
1767 912 1832 932 vero

1036 957 1097 976 cum
1110 949 1233 977 libertate
1243 957 1337 985 magna
1353 951 1420 978 nihil
1431 951 1599 986 supprimens
1609 971 1617 985 ,
1633 951 1734 983 semel,
1749 951 1790 978 bis
1804 955 1832 978 et

1037 996 1136 1031 pluries
1150 996 1175 1024 id
1187 997 1224 1024 ait
1236 996 1340 1023 :Omnia
1350 1006 1395 1032 per
1406 997 1490 1032 ipsum
1505 999 1572 1032 facta
1585 1003 1652 1031 sunt,
1670 1002 1692 1024 et
1703 998 1756 1025 sine
1776 999 1832 1033 ipso

1038 1045 1133 1078 factum
1156 1047 1192 1070 est
1215 1043 1279 1070 nihil
1294 1043 1383 1079 (Ibid.
1404 1052 1428 1071 υ.
1452 1045 1500 1078 5);
1517 1049 1553 1076 et,
1570 1043 1708 1071 Inmuth
1722 1048 1776 1071 erat
1787 1065 1794 1078 ,
1810 1049 1833 1071 et

1038 1087 1148 1114 vitandus
1167 1096 1212 1123 per
1234 1088 1318 1123 ipsum
1339 1091 1422 1124 factus
1443 1094 1478 1116 est
1494 1089 1578 1125 (Ibid.
1604 1098 1628 1117 υ.
1655 1089 1714 1124 10).
1731 1089 1833 1124 Ecquid

1039 1132 1144 1160 miraris
1155 1153 1163 1166 ,
1178 1133 1202 1160 si
1221 1133 1265 1160 alii
1281 1133 1380 1169 majora
1401 1134 1435 1162 de
1457 1133 1503 1162 illo
1521 1134 1656 1167 dixerunt,
1671 1142 1749 1170 quam
1765 1135 1831 1170 ipse,

1039 1179 1146 1213 quando
1165 1180 1248 1207 multa
1272 1187 1319 1214 per
1332 1188 1413 1215 opera
1436 1181 1575 1214 exhibens,
1591 1188 1638 1216 per
1661 1181 1742 1208 verba
1763 1181 1834 1208 claro

1042 1233 1093 1252 non
1106 1225 1226 1253 dicebat?
1235 1225 1311 1259 Quod
1324 1227 1396 1254 enim
1410 1227 1545 1255 hominem
1559 1228 1615 1263 ipse
1627 1227 1730 1260 fecerit,
1744 1233 1835 1255 Osten-

1040 1270 1080 1298 dit
1102 1271 1174 1299 clare
1195 1279 1243 1307 per
1269 1279 1388 1305 caseum;
1413 1281 1474 1300 cum
1488 1278 1576 1301 autem
1590 1273 1624 1301 de
1637 1273 1795 1301 formatione
1807 1274 1834 1301 in

1043 1317 1172 1351 principio
1187 1317 1254 1345 facta
1269 1326 1358 1345 senno
1373 1319 1422 1354 ipsi
1436 1324 1508 1353 erat,
1525 1327 1578 1347 non
1591 1319 1674 1354 dixit,
1687 1319 1745 1356 Ego
1765 1319 1833 1351 ft-ci:

1042 1364 1088 1391 sed
1100 1384 1110 1397 .
1123 1365 1172 1397 Qui
1186 1365 1262 1400 fecit,
1277 1366 1417 1392 iimlculum
1430 1371 1453 1392 et
1467 1367 1584 1402 [auinam
1596 1367 1654 1402 fecit
1666 1375 1707 1393 eos
1718 1368 1726 1401 (
1739 1366 1834 1394 Matth.

1043 1409 1088 1437 19.
1105 1411 1131 1437 tl.
1156 1410 1220 1438 Gen.
1236 1411 1260 1438 1.
1271 1411 1336 1448 27).
1354 1412 1387 1439 Ει
1400 1413 1470 1447 quod
1482 1413 1607 1440 mundum
1617 1413 1834 1446 ereaverit,ete.1

1043 1465 1103 1493 qum
1115 1457 1142 1485 in
1156 1459 1213 1493 ipso
1225 1463 1297 1492 sunt,
1315 1466 1362 1494 per
1382 1459 1477 1492 pisces,
1492 1467 1540 1495 per
1558 1460 1658 1493 vinum,
1675 1467 1722 1495 per
1742 1467 1835 1496 panes,

1050 1510 1098 1538 per
1111 1504 1331 1539 tranquillitatem
1356 1505 1384 1532 in
1410 1506 1493 1538 mari,
1514 1514 1562 1541 per
1578 1508 1669 1535 radios
1679 1508 1747 1536 solis
1766 1517 1837 1544 quos

1035 1551 1148 1578 .avertit
1164 1551 1191 1578 in
1210 1552 1324 1585 cruce‘,
1349 1560 1450 1588 perque
1467 1553 1583 1588 plurima
1591 1555 1643 1582 alia
1652 1556 1830 1588 monstravit;

1049 1597 1139 1624 verbis
1152 1602 1240 1625 tamen
1250 1607 1397 1634 numquam
1408 1600 1482 1627 clare
1492 1600 1576 1628 dixit:
1602 1601 1648 1628 sed
1663 1602 1788 1636 discipuli
1807 1602 1833 1630 id

1049 1650 1119 1677 saepe
1138 1643 1378 1677 dicunt,Joannes,
1389 1644 1498 1678 Paulus,
1513 1645 1693 1674 Petrus.Nam
1703 1648 1726 1674 si
1736 1647 1780 1675 isti
1788 1648 1835 1683 qui

1048 1694 1126 1716 nocte
1135 1689 1324 1724 diequeipsmn
1338 1690 1491 1725 loquentem
1500 1692 1656 1724 audiebant,
1671 1693 1836 1721 etmiracula

1048 1739 1198 1768 patrantem
1208 1736 1344 1769 videbant,
1352 1737 1451 1771 quibus
1458 1738 1571 1765 seorsim
1578 1739 1661 1766 multa
1669 1739 1800 1771 solvebat,
1809 1744 1837 1767 et

1049 1781 1147 1803 tantam
1169 1776 1280 1804 dederat
1300 1782 1473 1812 potestatein,
1493 1782 1522 1805 ut
1541 1782 1569 1805 et
1589 1784 1708 1805 mortuos
1729 1779 1840 1805 suscita-

1050 1826 1120 1855 rent,
1145 1826 1224 1856 atque
1251 1823 1286 1849 ita
1309 1821 1441 1857 perfectos
1463 1823 1626 1857 reddiderat,
1647 1828 1676 1851 ut
1689 1824 1779 1851 omnia
1793 1832 1842 1859 pro

1050 1867 1108 1902 ipso
1122 1867 1321 1903 relinquerent:
1337 1874 1396 1903 post
1418 1873 1518 1896 tantam
1542 1870 1665 1897 virtutem
1679 1875 1707 1897 et
1720 1870 1840 1905 philoso-

1050 1913 1151 1949 phiam,
1166 1922 1217 1941 non
1230 1919 1374 1949 potuerunt
1386 1916 1475 1943 omnia
1488 1920 1606 1951 portare,
1621 1923 1762 1951 antequam
1782 1917 1844 1952 Spi-

1050 1960 1130 1987 ritum
1146 1966 1265 1988 sanctum
1285 1961 1600 1998 acciperentzquomodo
1619 1963 1731 1999 populus
1750 1963 1842 1991 Iudai-

1051 2013 1117 2040 cus,
1137 2006 1317 2041 intelligentia:
1342 2014 1455 2042 expers,
1479 2009 1524 2043 qui
1537 2006 1571 2035 ad
1595 2013 1695 2036 tantam
1716 2008 1844 2036 virtutem

1052 2059 1105 2078 non
1132 2057 1301 2086 pervenerat,
1316 2052 1360 2087 qui
1385 2052 1489 2080 nonnisi
1516 2053 1626 2080 fortuito
1650 2061 1714 2082 casu
1733 2055 1791 2088 ejus
1816 2059 1844 2081 et

1052 2096 1135 2132 gestis
1148 2101 1175 2124 et
1189 2097 1268 2124 dictis
1281 2097 1384 2129 aderat,
1400 2098 1485 2133 ipsum
1500 2099 1616 2126 alienum
1631 2107 1646 2126 a
1663 2099 1716 2126 Deo
1737 2099 1844 2127 univer-

1053 2150 1144 2170 sorum
1158 2150 1217 2170 esse
1231 2150 1284 2170 non
1296 2143 1473 2178 credidisset,
1490 2144 1541 2171 nisi
1553 2149 1626 2172 tanta
1640 2145 1803 2173 demissione
1817 2149 1845 2173 et

1054 2187 1218 2223 indulgentia
1232 2195 1280 2222 per
1291 2188 1379 2216 omnia
1394 2196 1459 2216 usus
1471 2189 1560 2217 esset?
1573 2190 1634 2217 Ideo
1644 2197 1770 2225 namque,
1784 2197 1845 2217 cum

1054 2234 1193 2262 sabbatum
1206 2234 1333 2268 solveret,
1349 2242 1401 2262 non
1414 2239 1492 2263 antea
1508 2235 1592 2271 legem
1607 2235 1757 2271 bujustnodi
1770 2243 1846 2264 suam

1056 2280 1213 2313 induxerat;
1228 2280 1274 2308 sed
1290 2281 1377 2308 varias
1391 2285 1418 2309 et
1438 2282 1535 2309 multas
1549 2282 1622 2318 prius
1646 2281 1723 2309 ah‘ert
1748 2289 1846 2317 purga-

1057 2329 1153 2355 tiones.
1181 2327 1257 2362 Quod
1271 2328 1300 2355 'si
1315 2328 1468 2356 mandatum
1494 2336 1575 2356 unum
1599 2328 1747 2362 soluturus,
1775 2332 1845 2355 tanta

1057 2375 1139 2402 utitur
1164 2374 1304 2402 verborum
1330 2375 1464 2408 cautione,
1479 2383 1513 2403 ne
1539 2374 1674 2402 auditores
1698 2374 1847 2410 percellat:

1057 2424 1141 2451 multo
1164 2424 1250 2459 magis
1274 2431 1335 2451 cum
1364 2423 1415 2459 legi
1447 2424 1556 2458 integra:
1583 2424 1711 2458 integram
1739 2422 1849 2450 addi-ret

1058 2469 1153 2504 legem,
1171 2469 1284 2504 plurimo
1299 2469 1394 2504 egebat
1406 2474 1534 2504 apparatu
1548 2473 1627 2504 atque
1636 2476 1711 2501 cura,
1726 2476 1759 2495 ne
1771 2467 1849 2494 audi-

1058 2519 1129 2543 tores
1153 2515 1281 2542 turbaret.

1095 2561 1147 2589 Cur
1165 2559 1280 2587 Christus
1299 2560 1435 2595 aliquando
1458 2568 1508 2587 non
1526 2567 1553 2586 se
1571 2559 1639 2586 clare
1661 2558 1743 2586 Deum
1767 2558 1844 2585 dicat.

1092 2617 1101 2632 ι
1109 2613 1310 2639 Montefalconius
1319 2614 1429 2638 lnGraeco
1439 2613 1539 2645 legebat
1545 2613 1603 2645 igta
1610 2617 1652 2641 τῆς
1657 2612 1784 2645 ἀκτῖνοςςῆς
1789 2613 1850 2641 ἀπή-

1062 2647 1172 2681 ατρμψεν-
1177 2646 1200 2669 ἐν
1204 2646 1241 2681 ετξ)
1247 2646 1344 2681 Quietae,
1351 2642 1486 2681 batineqife
1492 2642 1642 2681 reddiderat,
1648 2650 1693 2674 per
1700 2642 1784 2668 rudia:
1789 2649 1850 2681 quos

1061 2674 1142 2702 emisit
1164 2676 1188 2700 in
1204 2674 1395 2708 Thaboreftiie,
1407 2674 1638 2708 inquit,a_ccu_ratius
1655 2681 1784 2707 perpensa,
1798 2679 1850 2698 tec-

1063 2708 1155 2732 tionem
1166 2708 1241 2736 illam,
1248 2713 1297 2738 per?
1304 2705 1387 2738 radios
1397 2704 1456 2738 quos
1467 2704 1545 2738 emisit
1556 2704 1580 2729 in
1591 2704 1670 2733 cruce,
1677 2704 1776 2738 omnino
1782 2707 1853 2738 stare

1061 2745 1109 2762 non
1120 2744 1192 2769 posue
1203 2735 1371 2769 animadverti.
1380 2735 1449 2769 pana
1456 2735 1522 2760 enim
1533 2736 1557 2760 in
1567 2742 1640 2769 cruce
1650 2735 1850 2769 refulseril,_iinl-

1062 2770 1101 2793 lus
1117 2765 1322 2801 evangelistarum
1335 2765 1416 2801 dixit,
1429 2768 1584 2801 Quapropter
1598 2765 1851 2801 lectioneinJrrT/nj-

1061 2796 1310 2831 bore,ampiect_imur.
1318 2807 1326 2821 ι
1335 2796 1432 2831 Videsis
1444 2796 1499 2831 quis
1509 2796 1610 2831 in_hunc
1621 2796 1701 2831 locum
1707 2796 1852 2831 similleqin

1063 2827 1436 2859 Moutetalcouiianuotationem
1446 2827 1617 2853 animadvertit
1623 2827 1762 2853 Fridericus
1769 2827 1848 2853 Ficlds
