2073 3127
230 94 280 124 261

230 154 326 182 Contra
341 151 507 180 Hanichwos.
523 165 559 172 -—
572 149 673 178 Idcirco
687 156 740 178 non
758 148 856 184 ubique
869 148 902 177 de
921 147 1019 176 divini-

231 205 287 228 tate
307 207 354 228 sua
368 199 441 226 clare
461 197 579 232 loquitur
590 201 619 224 et
630 196 718 224 docet.
738 195 766 224 Si
778 195 849 224 enim
861 215 869 228 ,
881 194 951 230 quod
967 193 1019 229 legi

229 246 364 282 quidpiam
379 245 518 279 adjiceret,
533 244 594 271 illos
608 247 709 271 tantum
724 242 849 275 turbavit,
863 241 948 269 multo
962 248 1019 268 ma-

230 293 270 329 gis
287 292 423 320 turbasset
435 292 457 318 si
472 298 503 319 se
516 290 599 318 Deum
610 297 670 317 esse
687 288 886 317 deelaravisset.
903 287 1018 322 ideoque

225 339 312 366 multa
337 345 384 365 sua
403 337 543 365 divinitate
568 336 647 371 longe
670 335 797 363 inferiora
819 333 947 369 loquitur.
969 333 1017 360 Hic

228 393 293 413 vero
302 385 336 412 de
345 384 480 412 additione
493 383 545 419 legi
557 381 676 410 facienda
694 381 773 409 verba
787 380 903 408 facturus
912 400 920 414 ,
935 379 1017 410 multa

227 431 406 466 praecentione
421 430 512 458 utitur.
535 429 626 465 Neque
639 428 711 456 enim
724 427 808 455 semel
830 431 931 454 tantum
950 425 1018 454 dixit

227 486 257 506 se
271 478 356 514 legem
374 484 427 505 non
441 477 556 508 solvere,
577 475 625 503 sed
639 475 665 502 id
685 473 802 502 secundo
814 473 938 508 repetiit,
957 479 1015 500 ma-

225 525 323 560 jusque
346 523 416 551 aliud
445 530 537 551 rursus
560 521 668 557 adjecit.
694 520 759 548 Cum
784 519 897 547 dixisset
923 519 1014 552 enim,

226 569 316 597 Nolite
339 574 438 603 putare,
458 568 577 604 quoniam
597 567 653 594 ueni
671 567 766 593 solvere
786 565 876 600 legem,
899 564 1014 599 adjecit,

227 615 289 644 Non
302 616 359 643 seni
371 615 477 648 solvere,
488 614 532 642 sed
545 614 693 646 adimplere.
709 612 775 640 lllud
789 619 853 640 vero
867 619 919 639 non
934 611 1014 639 modo

225 662 378 690 Iudaeorum
401 660 592 696 impudentiam
614 662 734 692 coercet,
751 657 797 686 sed
810 658 890 685 etiam
909 657 1013 684 lucreti-

224 715 318 736 corum
340 715 386 735 ora
409 706 524 738 censuit,
550 706 594 741 qui
614 709 732 733 veterem
755 704 840 739 legem
853 711 888 732 ex
906 702 1014 730 diabolo

223 761 286 782 esse
307 753 410 781 dicunt.
426 751 491 780 Nam
514 751 537 779 si
557 751 616 786 ejus
641 750 810 786 tyrannidem
829 749 1013 777 destructurus

221 800 344 828 Christus
355 799 473 831 advenit,
485 805 539 833 quo
549 801 626 833 pacto
636 805 695 825 eam
704 803 758 824 nan
769 795 849 823 modo
858 803 910 823 non
922 794 1012 827 solvit,

223 847 272 874 sed
285 847 365 875 etiam
381 845 496 880 implet?
508 845 565 872 Non
579 844 650 871 enim
671 847 773 870 tantum
792 842 869 875 dixit,
884 841 941 869 Non
955 841 1012 869 sol-

220 899 257 920 το
269 900 277 925 ;
291 891 362 927 quod
377 891 443 918 satis
453 895 526 918 certe
539 889 648 922 fuisset;
663 889 710 917 sed
723 893 751 916 et
769 888 877 923 adjecit,
890 887 1010 922 impleo;

221 938 293 974 quod
307 946 360 966 non
382 937 462 965 modo
475 945 529 965 non
542 936 689 964 adversarii
708 935 775 971 legis
788 939 855 967 erat,
870 934 917 962 sed
930 934 1010 962 etiam

219 983 381 1012 defensoris.
403 983 436 1010 Et
458 982 592 1018 quomodo
615 988 669 1008 non
691 980 785 1014 solvit,
809 980 929 1015 inquies,
945 986 1011 1014 quo-

219 1029 302 1058 modo
323 1028 443 1064 implevit
456 1031 503 1055 aut
517 1028 613 1063 legem,
638 1030 685 1054 aut
707 1024 1009 1061 prophetas‘iProplie-

219 1080 261 1103 tas
273 1074 380 1111 quidem
390 1094 398 1107 ,
411 1073 484 1109 quod
498 1073 587 1100 omnia
609 1080 668 1108 quae
682 1071 715 1099 de
729 1072 788 1107 ipso
798 1071 867 1099 dicta
882 1075 959 1098 erant
976 1070 1009 1098 ab

217 1121 268 1154 eis,
290 1119 415 1155 operibus
433 1118 650 1151 conﬁrmaverit;
669 1123 831 1153 quapropter
847 1116 1008 1151 evangelista

217 1166 252 1194 ad
262 1166 367 1201 singula
379 1165 484 1193 dicebat
498 1172 506 1192 :
523 1163 558 1191 Ut
567 1163 715 1199 impleretur
725 1162 793 1198 quod
807 1162 901 1189 dictant
915 1166 951 1189 est
964 1170 1009 1197 per

217 1211 389 1247 prophetam;
409 1214 509 1238 etcum
524 1213 603 1238 natus
616 1212 667 1242 est,
685 1213 786 1236 etcum
800 1207 875 1243 pueri
897 1207 1007 1235 mirabi-

216 1258 298 1286 bilem
312 1257 440 1294 hymnum
454 1256 489 1284 de
503 1256 562 1292 ipso
583 1255 733 1286 canebant,
749 1259 777 1282 et
797 1253 904 1289 quando
924 1253 1007 1281 asinze

216 1304 360 1336 insidebat,
383 1310 488 1330 necnon
500 1302 580 1330 etiam
593 1301 619 1329 in
636 1300 755 1336 pluribus
776 1300 837 1328 aliis
854 1299 905 1327 hoc
919 1299 1006 1334 ipsum

217 1349 357 1385 implevit;
371 1355 430 1383 quae
442 1346 531 1375 omnia
551 1354 604 1374 non
620 1345 753 1381 implenda
772 1352 897 1381 umquam
917 1349 1004 1377 erant,

214 1395 266 1422 nisi
286 1394 446 1422 advenisset.
463 1392 562 1428 Legem
584 1396 674 1419 autent
688 1398 742 1419 non
755 1398 809 1418 uno
828 1395 941 1423 tantum,
957 1389 1005 1417 sed

213 1439 332 1468 secundo
345 1439 426 1468 etiam
439 1446 470 1466 ac
484 1439 562 1466 tertio
575 1438 655 1466 modo
668 1437 796 1473 implevit.
812 1436 872 1465 Uno
883 1436 1002 1472 quidem,

212 1487 285 1522 quod
297 1494 330 1514 ex
346 1485 475 1521 legalibus
493 1484 559 1512 nihil
578 1483 817 1519 transgrederetur.
839 1482 915 1516 Quod
930 1482 1003 1509 enim

212 1538 295 1561 totam
309 1533 393 1567 legem
408 1531 571 1567 impleverit,
587 1530 649 1558 audi
663 1529 726 1565 quid
740 1529 812 1557 dicat
827 1528 921 1556 Joanni
935 1537 941 1555 :
958 1527 1003 1555 Sic

211 1580 279 1607 enim
291 1587 337 1607 nos
347 1579 416 1605 decet
423 1577 528 1612 implere
540 1584 639 1604 omnem
644 1576 772 1610 justitiam
785 1575 891 1612 (Matth.
901 1575 928 1601 5.
944 1574 1000 1609 15).

211 1624 246 1652 Et
256 1624 355 1652 Iudaeis
370 1623 477 1651 dicebat
491 1631 499 1650 :
516 1622 579 1656 Quis
593 1630 624 1650 ei;
646 1621 715 1648 vobis
733 1625 821 1657 arguet
844 1628 884 1647 me
896 1621 927 1647 de
940 1628 1000 1655 pec-

209 1675 266 1698 cato
277 1670 367 1707 (Joan.
381 1670 408 1697 8.
423 1669 469 1705 ιθ)
481 1669 493 1696 ἳ
503 1670 541 1697 Ac
553 1668 691 1704 discipulis
700 1676 805 1696 rursum
822 1677 829 1695 :
847 1666 919 1694 Venit
930 1667 1001 1702 prin-

209 1718 270 1752 ceps
284 1716 372 1743 mundi
384 1716 472 1752 hujus,
486 1720 509 1743 et
520 1715 547 1742 in
558 1723 597 1742 me
614 1723 666 1742 non
680 1714 754 1742 habet
766 1714 904 1749 quidquam
915 1712 997 1749 (Ibid.

209 1763 254 1790 li.
268 1763 325 1794 50).
337 1761 471 1797 Propheta
489 1768 596 1796 quoque
610 1767 692 1796 supra
707 1760 790 1792 dixit,
804 1760 890 1795 ipsum
904 1766 999 1794 pecca-

208 1813 265 1836 tum
275 1815 328 1835 non
349 1807 449 1835 habere
468 1806 555 1842 (Isai.
568 1806 613 1834 55.
629 1806 647 1834 9
661 1806 681 1842 ).
697 1805 754 1834 Hoc
773 1805 862 1841 itaque
876 1812 930 1832 uno
941 1804 998 1840 pri-

207 1860 305 1889 moque
322 1853 402 1881 modo
422 1852 507 1888 legem
522 1851 653 1887 implevit.
664 1850 788 1879 Secundo
803 1855 892 1878 autem
907 1849 998 1885 imple-

208 1900 246 1928 vit
263 1899 354 1932 modo,
375 1898 447 1934 quod
466 1897 492 1926 id
517 1903 626 1933 propter
651 1905 700 1926 nos
719 1897 821 1925 fecerit.
840 1897 906 1924 Nam
925 1896 996 1932 quod

207 1946 305 1974 mirum
318 1949 369 1978 est,
382 1953 435 1972 non
446 1944 526 1972 modo
536 1944 595 1980 ipse
608 1944 737 1980 implevit,
753 1943 800 1972 sed
813 1943 880 1971 illud
890 1949 996 1978 quoque

206 1992 320 2027 largitus
333 1994 376 2019 est
388 1995 418 2018 ut
434 1999 483 2019 nos
498 1991 679 2026 impleremus.
694 1990 769 2024 Quod
784 1987 884 2018 Paulus
894 1989 933 2017 sic
945 1989 995 2016 de-

204 2037 290 2065 clarat
305 2046 312 2063 :
336 2037 463 2071 Quoniam
477 2037 536 2071 finis
545 2037 607 2072 legis
620 2035 736 2065 Christus
746 2036 780 2063 ad
787 2036 915 2071 justitiam
926 2035 996 2062 omni

204 2083 316 2111 (γοάαιή
330 2087 339 2119 (
352 2082 429 2110 Rom.
443 2082 486 2110 l0.
501 2081 548 2118 ι).
564 2082 598 2110 Et
613 2087 750 2117 peccatum
766 2081 839 2109 illum
853 2081 994 2109 damnasse

204 2128 271 2157 dicit
281 2129 308 2156 in
318 2136 400 2157 ante
414 2137 421 2156 :
438 2127 472 2156 Ut
479 2128 632 2164 justiﬁeatio
641 2128 703 2162 legis
712 2127 857 2162 impleretur
870 2127 897 2154 in
911 2126 992 2159 nobis.

204 2175 249 2210 qui
273 2183 325 2203 non
347 2174 485 2203 secundum
501 2182 602 2201 carnem
624 2173 782 2201 ambulamus
796 2173 805 2209 (
819 2172 877 2200 Ibid
903 2172 930 2200 8.
943 2172 992 2208 4).

204 2220 241 2248 Et
253 2227 358 2248 rursum
373 2228 381 2247 :
397 2219 489 2255 Legem
502 2227 562 2255 ergo
574 2219 726 2246 destruimus
738 2226 783 2254 per
795 2218 871 2253 ﬁdem
883 2218 896 2246 7
911 2217 992 2246 Absit.

203 2266 259 2294 Sed
279 2266 359 2301 legem
380 2266 514 2293 statuimus
536 2264 627 2301 (Ibid.
643 2265 669 2292 5.
689 2265 756 2300 51).
779 2265 846 2298 Quia
864 2263 936 2292 enim
950 2264 992 2292 lex

202 2311 327 2339 studebat
340 2311 476 2339 hominem
491 2311 579 2339 facere
590 2311 705 2346 justum,
723 2310 770 2339 sed
785 2310 969 2339 inﬁrmabatur
982 2319 991 2344 ;

203 2357 314 2384 veniens
324 2355 392 2392 ipse,
399 2361 427 2385 et
441 2357 549 2384 modum
558 2357 670 2392 justitire
684 2355 823 2389 inducens,
838 2363 933 2391 nempe
944 2363 993 2391 per

206 2402 299 2436 ﬁdem,
311 2403 377 2438 legis
390 2402 554 2431 voluntatem
569 2402 681 2436 statuit;
695 2407 722 2430 et
734 2402 804 2438 quod
817 2402 860 2430 illa
875 2409 928 2430 non
941 2409 992 2437 po-

205 2454 294 2478 tuerat
307 2457 355 2485 per
365 2449 466 2483 literas,
482 2449 508 2477 id
518 2449 575 2485 ipse
585 2457 633 2485 per
641 2448 721 2477 ﬁdem
733 2448 852 2485 perfecit.
862 2448 991 2485 Propter-

202 2502 235 2524 ea
246 2495 330 2531 inquit
345 2504 353 2523 :
364 2495 426 2523 Non
437 2495 494 2523 ueni
506 2496 600 2523 soluere
611 2496 701 2531 legem.

236 2540 265 2569 3.
285 2539 380 2568 Christi
389 2546 514 2576 precepts
525 2545 584 2569 sunt
598 2540 806 2577 complementum
818 2540 880 2577 legis
891 2540 989 2568 ueteris.

200 2600 237 2608 —
246 2586 275 2615 Si
289 2587 349 2623 quis
361 2594 426 2615 vero
437 2586 578 2622 diligenter
586 2587 717 2622 exploret,
728 2587 808 2615 alium
820 2593 927 2622 quoque
937 2590 990 2614 ter-

199 2633 267 2661 tium
277 2633 385 2661 modum
399 2633 524 2666 inveniet,
535 2641 588 2670 quo
599 2634 623 2661 id
633 2634 729 2662 factum
739 2638 790 2662 est.
800 2633 884 2668 Quem
895 2632 990 2661 illum?

198 2677 254 2705 Per
277 2683 411 2715 precepts
434 2687 494 2714 quae
517 2679 629 2707 daturus
645 2683 712 2707 erat.
728 2679 819 2714 Neque
837 2680 910 2707 enim
930 2683 989 2706 erat

198 2723 338 2759 abrogatio
359 2725 490 2760 priorum,
508 2725 557 2754 sed
578 2725 699 2754 extensio
717 2730 744 2753 et
763 2726 988 2760 complementum

195 2774 276 2798 erant
299 2778 331 2799 ea
350 2778 412 2807 qua:
424 2771 590 2800 dicebantur.
613 2770 679 2799 Nam
694 2778 748 2799 non
762 2770 901 2799 occidendi
921 2777 989 2806 prm-

199 2820 310 2851 ceptum
321 2825 375 2845 non
386 2817 527 2853 abrogatur
536 2825 553 2846 it
566 2821 700 2854 praecepto
707 2824 760 2846 non
774 2816 904 2847 irascendi
915 2825 924 2851 ;
938 2815 987 2845 sed

795 92 828 120 IN
847 89 1049 120 MATTHEUM
1068 89 1183 120 lIOMIL.
1204 93 1276 123 XVI.

1809 101 1865 130 ΞΩ

1073 149 1298 185 complementum
1313 157 1354 181 est
1365 152 1399 181 ad
1412 153 1540 190 majorem
1555 156 1704 184 cautionem
1718 166 1726 185 :
1748 162 1775 186 et
1791 159 1861 187 idem

1071 194 1176 223 dicatur
1185 196 1220 224 de
1233 198 1338 226 caeteris
1353 200 1490 228 omnibus.
1504 200 1618 237 Ideoque
1635 210 1696 230 cum
1710 202 1805 231 horum
1819 213 1862 232 se-

1070 240 1142 268 mina
1161 242 1218 270 sine
1232 243 1320 279 aliqua
1333 245 1484 280 suspicione
1499 246 1571 281 prius
1585 248 1734 282 sparsisset,
1754 250 1862 284 quando

1069 286 1167 315 clarius
1188 297 1221 317 ex
1244 291 1444 326 comparatione
1462 297 1582 320 veterum
1602 297 1630 321 et
1643 302 1773 323 novorum
1788 295 1861 330 lega-

1069 333 1134 361 lium
1149 340 1179 363 ιιι
1192 335 1336 364 adversans
1351 337 1403 374 legi
1418 338 1445 366 in
1455 339 1634 374 suspicionem
1645 341 1780 368 vocandus
1791 346 1860 375 erat,

1069 382 1168 416 prrevia
1188 382 1232 410 illa
1250 384 1373 412 cautione
1387 393 1450 414 usus
1463 390 1513 414 est.
1536 386 1641 414 Etenim
1664 387 1718 422 jam
1734 387 1776 415 illa
1792 387 1859 414 a-ni-

1068 427 1182 462 gmatice
1204 428 1312 457 fundata
1328 436 1404 459 erant
1418 440 1467 467 per
1483 440 1514 460 ea
1530 441 1589 468 quae
1609 433 1678 461 dicta
1694 433 1807 462 fuerant.
1824 433 1859 461 ll-

1069 472 1114 500 lud
1133 474 1216 506 enim,
1232 474 1304 502 Beati
1323 485 1445 512 pauperes
1465 478 1568 512 spiritu,
1584 479 1698 514 idipsum
1714 483 1756 507 est
1774 479 1858 514 quod.

1069 517 1112 546 Ne
1134 520 1299 549 irascimini:
1311 528 1338 550 et
1361 523 1437 557 illud,
1460 523 1533 551 Beati
1552 525 1646 552 mundo
1664 525 1754 557 corde,
1771 525 1858 553 simile

1068 564 1129 592 huic
1142 570 1276 602 prmcepto
1288 573 1340 602 est,
1365 577 1417 596 non
1430 570 1626 605 respiciendum
1646 578 1706 599 esse
1718 571 1857 600 mulierem

1066 611 1099 638 ad
1112 614 1356 648 concupiscendum
1376 623 1435 643 eam
1450 621 1497 646 :et
1516 617 1592 651 illud,
1607 626 1659 645 non
1674 618 1857 646 thesaurizan-

1066 657 1128 685 dum
1149 666 1210 687 csse
1223 659 1363 688 thesauros
1376 661 1401 689 in
1415 666 1497 695 terra,
1512 662 1574 690 huic
1586 663 1684 691 accinit
1697 672 1704 690 :
1719 664 1792 692 Beati
1806 664 1856 691 mi-

1067 704 1207 732 sericardes
1219 713 1230 738 ;
1244 711 1271 732 et
1293 706 1367 739 illud.
1383 707 1483 742 lugere,
1499 709 1747 743 persequutionibus
1764 713 1792 737 et
1809 717 1857 745 op-

1067 748 1180 782 probriis
1195 750 1297 785 impeti,
1312 751 1364 779 tale
1381 756 1432 784 est,
1450 753 1528 788 quale
1543 753 1642 781 intrare
1657 761 1706 789 per
1715 760 1854 790 angustam

1065 798 1167 829 portam
1181 803 1188 828 ;
1211 800 1238 823 et
1258 796 1323 824 illud
1338 817 1346 829 ,
1362 798 1466 825 esurire
1488 801 1515 826 et
1537 798 1611 826 sitire
1623 799 1771 833 justitiam,
1789 799 1855 827 nihil

1064 840 1136 868 aliud
1155 845 1196 868 est
1209 850 1289 876 quam
1310 842 1335 870 id
1347 863 1354 874 .
1378 843 1448 878 quod
1470 848 1563 878 postea
1585 844 1649 872 dicit
1665 854 1673 872 :
1688 845 1856 880 Quaecumque

1063 886 1138 913 vultis
1151 891 1179 913 ut
1191 888 1285 922 faciant
1298 888 1366 915 vobis
1376 889 1498 922 homines,
1509 895 1533 916 et
1542 897 1585 917 vos
1598 891 1673 926 facile
1686 890 1737 918 illis
1748 890 1853 926 (Matth.

1063 932 1089 958 7.
1105 931 1160 966 l2).
1175 932 1208 960 Et
1220 940 1279 960 cum
1291 933 1430 968 paciﬁcum
1442 935 1602 970 appellasset
1612 935 1730 970 beatum,
1740 937 1853 972 idipsum

1063 984 1146 1012 prope
1160 977 1244 1010 dixit,
1267 978 1337 1013 quod
1354 986 1415 1006 cum
1434 979 1516 1014 jussit
1534 981 1684 1016 relinquere
1702 981 1812 1016 donum,
1827 987 1855 1011 et

1062 1022 1189 1051 festinare
1211 1023 1245 1052 ad
1263 1024 1393 1052 oﬁ'ensum
1415 1024 1524 1053 fratrem
1538 1026 1588 1053 sibi
1608 1027 1852 1060 reconciliandum,

1061 1073 1089 1095 et
1103 1067 1259 1096 benevolum
1279 1078 1339 1097 esse
1358 1070 1523 1098 adversario.
1540 1071 1592 1099 Sed
1606 1071 1642 1100 ibi
1657 1072 1765 1108 quidem
1780 1081 1853 1109 pm-

1061 1114 1113 1141 mia
1136 1119 1210 1142 recte
1230 1116 1397 1151 operantium
1422 1117 1534 1151 posuit:
1551 1117 1594 1144 hic
1614 1125 1680 1145 vero
1702 1126 1756 1146 non
1779 1124 1852 1147 recte

1060 1161 1228 1195 operantium
1243 1161 1383 1196 supplicia.
1394 1162 1562 1198 Quapropter
1570 1163 1604 1191 ibi
1616 1164 1722 1199 quidem
1734 1165 1850 1199 dicebat,

1059 1205 1137 1233 mites
1153 1210 1251 1233 terram
1263 1214 1434 1242 possessuros
1447 1216 1507 1235 esse
1519 1217 1526 1241 ;
1542 1209 1585 1236 hic
1595 1217 1659 1237 vero
1671 1210 1718 1244 ait,
1730 1217 1791 1238 eum
1804 1210 1851 1246 qui

1059 1252 1168 1280 fratrem
1181 1261 1257 1280 suum
1277 1253 1376 1281 fatuum
1396 1255 1540 1288 vocaverit,
1554 1263 1629 1283 reum
1650 1257 1705 1284 fore
1719 1257 1850 1292 gehenna:

1059 1297 1136 1333 ignis.
1151 1298 1280 1327 lllicitem
1294 1299 1360 1327 dixit
1372 1300 1486 1328 mundos
1501 1301 1583 1330 corde
1597 1302 1680 1330 Deum
1699 1310 1761 1331 esse
1774 1303 1847 1331 visu-

1057 1351 1123 1377 ros;
1139 1344 1184 1372 hic
1197 1353 1262 1373 vero
1275 1353 1348 1379 cum,
1361 1346 1406 1381 qui
1427 1347 1567 1382 impudicis
1587 1348 1671 1375 oculis
1686 1349 1844 1383 respexerit,

1057 1397 1118 1418 esse
1129 1398 1192 1418 vere
1214 1391 1347 1419 machum
1362 1400 1370 1425 ;
1385 1399 1416 1419 ac
1428 1400 1488 1420 cum
1505 1393 1558 1421 illic
1578 1394 1702 1428 paciﬁcos
1715 1395 1784 1422 ﬁlios
1799 1395 1846 1424 Dei

1056 1440 1186 1468 vocasset,
1201 1436 1244 1464 hic
1262 1437 1313 1464 alia
1329 1437 1433 1465 ratione
1454 1438 1573 1466 deterret
1593 1439 1705 1467 dicens:
1722 1439 1764 1467 Ne
1781 1441 1846 1476 forte

1056 1481 1139 1507 tradat
1157 1486 1181 1508 te
1201 1482 1361 1511 aduersarius
1371 1484 1467 1519 judici.
1483 1484 1528 1512 Sic
1542 1490 1569 1512 et
1582 1485 1703 1519 lugentes
1714 1491 1740 1513 et
1753 1494 1844 1520 perse-

1054 1527 1210 1561 quutionem
1228 1529 1359 1563 patientes
1381 1537 1442 1557 cum
1458 1530 1550 1558 beatos
1562 1532 1685 1566 superius
1699 1531 1843 1566 praedicas-

1053 1577 1112 1605 set,
1129 1574 1154 1601 in
1169 1575 1342 1610 sequentibus
1357 1575 1471 1610 idipsum
1490 1580 1616 1609 tractans,
1634 1577 1778 1611 perniciem
1801 1577 1842 1604 in-

1054 1619 1212 1647 terminalnr
1235 1621 1269 1648 iis
1282 1622 1326 1657 qui
1352 1629 1406 1649 non
1431 1622 1524 1650 eadem
1550 1623 1606 1657 ipsa
1628 1622 1669 1650 via
1692 1623 1842 1650 incedunt:

1052 1673 1114 1694 nam
1133 1667 1178 1702 qui
1200 1675 1246 1701 per
1264 1668 1408 1702 spatiosum
1429 1669 1498 1696 viam
1513 1669 1660 1702 ambulant,
1677 1669 1772 1704 inquit,
1786 1668 1842 1697 illic

1051 1717 1172 1746 pereunt.
1189 1711 1241 1740 Sed
1253 1717 1280 1740 et
1295 1713 1370 1747 illud,
1388 1713 1447 1741 Non
1462 1715 1564 1749 potestis
1579 1714 1632 1741 Deo
1645 1715 1739 1742 servire
1751 1719 1775 1742 et
1787 1723 1842 1742 ma-

1049 1767 1132 1786 mona:
1143 1759 1249 1796 (Matth.
1264 1760 1291 1794 6.
1303 1761 1361 1796 21),
1378 1760 1438 1789 huic
1449 1761 1521 1789 dicto
1534 1761 1622 1790 simile
1637 1761 1702 1789 mihi
1712 1762 1817 1790 videtur
1831 1771 1838 1789 :

1048 1804 1122 1832 Beati
1130 1806 1313 1839 misericordes,
1329 1812 1366 1839 ct,
1382 1807 1432 1840 Qui
1449 1808 1564 1835 esuriunt
1573 1807 1712 1843 justitiam.
1727 1808 1839 1842 Verum,

1049 1856 1078 1878 ut
1099 1852 1258 1886 praemonui,
1283 1853 1345 1888 quia
1370 1852 1428 1881 haec
1452 1853 1552 1881 clarius
1566 1853 1687 1881 dicturus
1711 1858 1763 1887 est,
1787 1861 1838 1882 nec

1048 1897 1146 1925 clarius
1166 1898 1246 1926 modo
1260 1897 1391 1932 dicturus,
1407 1898 1454 1927 sed
1469 1899 1551 1927 etiam
1565 1899 1641 1935 plura
1662 1899 1743 1927 dictis
1764 1899 1839 1934 adje—

1047 1949 1139 1972 cturus
1151 1944 1223 1980 (non
1242 1945 1314 1972 enim
1333 1944 1389 1980 jam
1405 1945 1606 1973 misericordem
1618 1949 1720 1972 tantum
1731 1946 1837 1981 quaerit,

1047 1991 1093 2019 sed
1107 1991 1187 2019 etiam
1203 1991 1290 2019 tunica
1313 1995 1339 2019 te
1360 1991 1420 2018 exui
1439 1991 1534 2026 jubet;
1558 1998 1608 2019 nec
1630 1992 1720 2019 mitem
1733 1991 1836 2019 solum-

1047 2036 1127 2063 modo
1137 2057 1144 2068 ,
1158 2036 1205 2064 sed
1221 2041 1248 2064 et
1264 2041 1292 2064 ut
1305 2035 1384 2064 aliam
1397 2036 1530 2064 maxillam
1543 2040 1684 2064 convertas
1698 2041 1837 2072 percutere

1046 2082 1179 2118 volenti),
1201 2082 1285 2116 illam,
1306 2091 1365 2118 qua:
1384 2082 1522 2110 videbatur
1543 2090 1614 2117 esse,
1634 2084 1835 2119 repugnantiam

1045 2132 1073 2156 et
1085 2129 1302 2156 contrarietatem
1313 2129 1386 2163 prius
1406 2129 1482 2156 tollit.
1498 2127 1622 2164 Ideoque.
1639 2133 1667 2156 ut
1679 2136 1758 2164 supra
1769 2129 1834 2162 dixi,

1046 2181 1098 2201 non
1108 2174 1190 2201 semel
1206 2178 1307 2201 tantum
1322 2173 1374 2201 hoc
1388 2174 1507 2209 protulit,
1520 2174 1566 2202 sed
1582 2173 1632 2201 bis.
1643 2174 1709 2202 Cum
1720 2174 1835 2201 dixisset

1044 2219 1126 2251 enim.
1143 2218 1229 2247 Nolite
1240 2224 1338 2255 putare,
1347 2219 1415 2255 quod
1427 2220 1534 2247 venerim
1546 2219 1641 2248 solvere
1654 2219 1743 2255 legem,
1757 2219 1834 2254 adje-

1044 2265 1081 2293 cit
1096 2274 1102 2292 :
1115 2264 1175 2292 Non
1186 2265 1240 2292 ueni
1253 2265 1357 2298 soluere,
1371 2265 1416 2292 sed
1426 2265 1574 2301 adimplere.
1587 2265 1700 2292 Rursum
1713 2266 1752 2292 ait
1765 2273 1772 2292 :
1788 2265 1832 2293 l8.

1045 2312 1124 2338 Amen
1140 2311 1234 2346 quippe
1244 2311 1301 2338 dico
1315 2310 1393 2344 vobis,
1405 2311 1485 2338 donec
1497 2315 1607 2338 transeat
1620 2311 1710 2338 calum
1720 2315 1742 2338 et
1755 2315 1833 2344 terra,

1043 2357 1095 2384 iota
1107 2365 1186 2383 unum
1204 2361 1249 2383 aut
1270 2364 1336 2383 unus
1357 2364 1424 2391 apex
1438 2364 1488 2383 non
1503 2355 1639 2391 praeteribit
1649 2364 1666 2383 a
1678 2355 1742 2391 lege,
1753 2356 1833 2383 donec

1043 2402 1128 2429 omnia
1141 2402 1213 2436 ﬁant.
1225 2401 1300 2435 Quod
1312 2406 1400 2429 autem
1413 2401 1485 2434 dicit,
1495 2400 1645 2436 hujusmodi
1655 2405 1698 2429 est
1712 2409 1719 2428 :
1733 2401 1833 2436 Impos-

1042 2447 1121 2479 sibile
1135 2452 1176 2474 est
1198 2454 1251 2474 non
1269 2447 1403 2482 impletam
1422 2454 1548 2480 manere,
1564 2446 1610 2474 sed
1632 2447 1674 2474 vel
1693 2447 1832 2475 minimum

1042 2494 1165 2529 quodque
1188 2492 1246 2529 ejus
1268 2493 1372 2528 impleri
1403 2497 1517 2528 oportet.
1532 2492 1608 2526 Quod
1629 2492 1687 2527 ipse
1707 2493 1767 2521 fecit
1786 2493 1832 2528 qui

1041 2543 1166 2568 accurate
1180 2539 1268 2566 omnia
1284 2539 1414 2574 implevit.
1428 2539 1476 2567 llic
1493 2543 1581 2566 autem
1597 2538 1674 2566 nobis
1684 2538 1833 2567 subindicat

1042 2584 1125 2613 totius
1145 2584 1236 2612 mundi
1259 2584 1370 2620 ﬁguram
1396 2584 1588 2611 immutandam
1605 2591 1675 2612 esse.
1696 2583 1753 2612 Nec
1773 2585 1832 2612 sine

1041 2639 1121 2659 causa
1135 2630 1162 2659 id
1177 2631 1275 2666 posuit,
1294 2631 1342 2658 sed
1357 2635 1385 2658 ut
1399 2631 1515 2666 erigeret
1528 2630 1692 2665 auditorem,
1706 2630 1831 2659 ostende-

1042 2682 1137 2713 retque
1150 2684 1180 2705 se
1196 2677 1257 2712 jure
1271 2676 1351 2704 aliam
1367 2676 1493 2705 inducere
1502 2676 1670 2713 disciplinam
1685 2686 1692 2704 :
1707 2677 1730 2705 si
1742 2677 1833 2705 omnia

1041 2731 1102 2759 qua:
1115 2724 1143 2751 in
1156 2723 1256 2751 mundo
1268 2727 1330 2751 sunt
1344 2723 1472 2751 mutanda
1484 2723 1547 2756 sint,
1559 2728 1585 2751 et
1597 2723 1620 2751 si
1632 2723 1768 2751 hominum
1782 2730 1829 2758 ge-

1041 2776 1092 2797 nus
1114 2768 1148 2797 ad
1173 2769 1251 2796 aliam
1272 2769 1385 2804 patriam
1406 2769 1442 2797 sit
1461 2769 1628 2803 vocandum,
1650 2768 1830 2797 sublimiorem

1041 2815 1187 2852 prmparari
1200 2814 1291 2844 vitam.
1315 2815 1358 2845 l9.
1382 2814 1537 2852 Quicumque
1555 2823 1617 2852 ergo
1636 2815 1736 2843 solverit
1747 2821 1829 2842 unum
