2073 3127
238 128 293 157 ΕΠ)

237 188 271 215 de
284 187 411 215 "tendatis
424 186 478 215 isti:
490 187 611 221 minimis,
628 192 653 216 et
670 187 782 215 docuerit
793 188 829 215 sic
842 187 964 220 homines,
978 195 1028 213 nn-

236 235 322 262 rtinms
335 235 464 262 vocabitur
475 234 503 262 in
519 242 596 270 regno
609 234 738 261 oculorum.
761 234 904 269 Postquam
917 233 987 261 enim
1000 241 1030 262 se

237 289 251 309 η
266 281 334 309 mala
347 281 498 317 suspicione
517 281 668 314 vindicavit,
685 285 815 309 eteorum
831 281 875 316 qui
892 280 1029 308 contradi-

237 335 299 356 cere
311 327 410 355 vellent
429 334 477 355 ora
492 326 622 359 obstruit,
643 331 705 354 tunc
723 326 830 355 demum
850 331 877 355 et
892 330 988 357 terret.
1003 330 1030 354 et

233 373 324 401 minas
336 373 453 409 graviter
467 373 580 401 intentat
592 380 674 408 super
688 373 775 400 futura
785 373 854 408 lege.
867 372 943 406 Quod
957 373 1028 400 enim

232 420 263 448 ‘id
284 429 337 448 non
354 420 389 448 de
403 420 518 454 antiquis
531 420 634 455 legibus
646 419 760 451 dixerit.
782 420 829 448 sed
846 420 880 447 dc
898 420 948 447 illis
963 427 1029 455 quas

235 467 293 500 ipse
306 466 406 494 laturus
419 470 486 499 crat,
497 466 558 494 audi
572 466 717 501 sequentia.
730 466 774 494 20.
788 465 852 493 Dico
862 466 929 493 enim
941 466 1009 493 vobis
1019 473 1030 494 :

237 511 298 540 Nisi
310 511 473 539 abundaverit
483 512 584 547 juuitia
597 516 678 539 uestra
695 512 752 547 plus
764 520 840 547 quam
852 512 989 539 scribarum
1005 516 1030 539 et

234 557 435 590 Phnriscorum,
448 566 498 585 non
510 557 636 585 intrabitis
649 559 675 585 in
694 566 797 594 regnum
808 558 938 585 certorum.
953 558 1029 592 Quod

235 603 258 631 si
272 603 341 631 circa
355 608 472 631 veterem
486 603 571 638 legem
594 604 750 636 minaretur,
766 611 815 631 cur
829 604 951 637 dixisset,
968 603 1029 631 Nisi

235 649 397 677 abundaverit
406 649 420 677 7
434 649 453 677 li
464 650 535 678 enim
546 650 591 685 qui
602 650 696 678 eadem
711 650 785 686 ipsa,
797 658 857 686 quae
870 651 907 678 illi
919 672 927 684 ,
945 651 1028 679 facie-

232 695 307 728 bant,
320 703 373 722 non
386 699 509 731 poterant
522 696 668 724 secundum
681 697 791 732 iustitiae
805 697 934 725 rationem
945 698 1028 726 abun-

230 741 308 769 dare.
319 741 371 769 Sed
383 741 446 777 quid
460 747 516 769 erat
532 742 596 769 illud
607 742 678 777 quod
687 742 859 771 abundabat?
868 743 925 771 Non
937 743 1025 778 irasci,

234 788 372 815 mulierem
392 795 445 815 non
462 788 595 823 impudice
614 789 760 824 respicere.

269 834 296 861 4.
317 833 372 861 Cur
394 840 458 869 ergo
474 833 598 862 minimas
619 834 677 862 illas
696 835 800 863 vocavit
824 836 908 871 leges,
922 836 1026 865 etiamsi

230 883 315 906 tanta:
338 883 444 915 tamque
458 879 585 907 sublimes
604 880 681 907 sint?
696 881 762 914 Quia
778 881 835 916 ipse
848 882 932 917 legem
947 883 1027 910 indu-

230 929 325 952 cturus
338 929 404 952 erat.
417 924 494 953 Sicut
504 926 575 953 enim
589 933 618 953 se
628 925 760 959 humiliat,
777 932 804 954 et
816 927 936 956 modeste
954 936 1026 964 saepe

229 973 266 1000 dc
280 973 368 1008 seipso
383 973 500 1008 loquitur
514 982 520 1000 :
536 974 574 1001 sic
588 973 667 1001 etiam
678 974 747 1002 circa
765 974 848 1010 legem
863 983 938 1002 suam
951 977 1023 1012 agit;

230 1024 261 1046 ut
274 1027 323 1046 nos
336 1027 442 1055 quoque
456 1019 498 1047 hic
511 1019 606 1047 doceat
620 1020 645 1047 in
659 1021 783 1048 omnibus
796 1021 918 1049 modeste
934 1029 1023 1058 agere.

233 1061 358 1101 Alioquin
374 1072 463 1093 autem
484 1066 545 1101 quia
565 1066 746 1093 innovationis
766 1067 883 1102 suSpicio
902 1067 1023 1103 quautam

227 1119 291 1138 esse
311 1111 466 1145 videbatur,
489 1111 647 1139 demissiore
661 1111 767 1139 interim
783 1113 906 1147 loquendi
927 1121 1024 1149 genere

229 1158 325 1185 utitur.
340 1157 407 1185 Cum
426 1165 489 1185 vero
501 1158 578 1185 audis
587 1157 727 1185 minimum
742 1159 768 1185 in
782 1166 866 1193 regno
884 1160 1022 1194 mulorum,

228 1210 265 1230 ne
275 1203 344 1230 aliud
355 1203 498 1238 suspiceris
509 1212 587 1238 quam
600 1204 749 1239 gehennam
761 1209 842 1239 atque
851 1206 1022 1240 supplicium.

230 1248 350 1284 Regnum
365 1250 436 1277 enim
450 1250 518 1277 solet
532 1250 677 1285 appellare,
693 1258 745 1278 non
759 1251 954 1280 usumfrnctum
966 1261 1023 1280 mo-

228 1295 281 1329 do,
304 1296 350 1324 sed
370 1296 449 1323 etiam
471 1297 672 1324 resurrectionis
693 1302 814 1332 tempus.
834 1302 862 1325 et
880 1299 1021 1327 adventum

230 1341 306 1369 illum
326 1342 484 1369 terribilem.
510 1342 576 1370 Nam
601 1343 736 1377 quomodo
760 1343 854 1370 rationi
878 1349 1021 1372 consenta-

229 1396 308 1416 neum
331 1393 418 1421 esset,
439 1397 500 1416 eum
520 1390 565 1424 qui
579 1389 689 1416 fratrem
704 1389 814 1417 stultum
829 1396 916 1424 vocat,
933 1395 960 1418 et
976 1391 1021 1427 qui

228 1435 380 1463 mandatum
397 1444 477 1464 unum
488 1436 579 1469 violat,
595 1436 620 1463 in
631 1435 781 1471 gehennam
794 1437 912 1465 incidere
925 1446 932 1469 ;
947 1437 1020 1465 illum

229 1490 293 1510 vero
315 1483 359 1518 qui
377 1483 470 1510 omnia
487 1488 622 1518 praecepta
636 1483 755 1515 solverit,
772 1487 799 1510 et
820 1483 886 1511 alios
897 1483 930 1511 ad
950 1484 1021 1519 idip-

228 1537 287 1557 sutn
301 1529 444 1562 induxerit,
460 1529 486 1556 in
502 1536 584 1564 regno
598 1529 678 1557 locari
692 1530 703 1556 ‘i
716 1528 773 1556 Non
787 1529 866 1564 igitur
880 1530 930 1557 hoc
944 1530 1019 1563 dicit,

229 1575 276 1603 sed
292 1575 366 1603 illum
376 1583 409 1602 eo
421 1579 544 1610 tempore
564 1575 702 1603 minimum
718 1575 847 1609 futurntn,
862 1576 888 1604 id
903 1581 955 1609 est,
974 1577 1021 1605 ab-

226 1621 337 1658 iectum,
361 1621 491 1649 ultimum.
508 1621 624 1650 Ultimus
645 1626 733 1650 autem
748 1627 809 1650 tunc
825 1623 850 1650 in
872 1623 1020 1658 gehennam

227 1667 336 1694 incidet.
359 1667 464 1694 Etenim
486 1672 578 1702 utpote
594 1667 663 1695 Deus
678 1668 820 1695 multorum
833 1669 1019 1704 negligentiam

229 1712 391 1746 prmvidchat
400 1733 407 1744 ,
421 1716 448 1739 et
460 1712 589 1748 quosdam
603 1712 706 1741 futuros
718 1721 778 1741 esse
790 1715 834 1749 qui
853 1714 896 1742 ilia
909 1723 956 1750 per
969 1715 1019 1752 hy-

227 1758 353 1794 perbolen
376 1758 462 1786 solum
487 1759 557 1786 dicta
579 1767 640 1787 esse
662 1764 804 1794 putarent,
830 1765 857 1787 et
882 1761 927 1796 qui
948 1762 1018 1789 circa

227 1806 299 1841 leges
311 1805 531 1833 ratiocinarentur
541 1805 696 1834 etdicerent
711 1815 717 1834 :
730 1806 758 1834 Si
770 1815 834 1842 ergo
846 1809 905 1843 quis
919 1808 1018 1837 fatuum

227 1852 371 1885 vocaverit,
385 1851 494 1887 punitur
505 1852 516 1878 τ
527 1852 549 1879 si
565 1853 702 1880 mulierem
723 1853 881 1888 simpliciter
891 1862 1018 1889 respexe-

227 1898 272 1930 rit,
287 1897 406 1925 mechus
420 1897 557 1925 efﬁcitur?
578 1898 640 1926 Ideo
653 1898 724 1925 illam
739 1899 836 1926 tollens
850 1900 1017 1934 socordiam,

226 1945 314 1972 minas
334 1945 447 1972 intentat
462 1945 590 1972 maximas
602 1945 742 1980 utrisque,
756 1949 784 1972 et
798 1946 1018 1981 transgredienti-

227 1991 287 2022 lms.
302 1995 329 2017 ct
341 1991 408 2018 alios
423 1991 455 2017 ad
470 1990 522 2018 hoc
537 1990 732 2017 inducentibus.
751 1991 835 2018 Minas
856 1991 943 2027 itaque
955 1999 1018 2020 cer-

225 2042 330 2072 nentes,
343 2044 432 2072 neque
442 2036 489 2071 ipsi
502 2036 737 2071 transgrediamur,
749 2045 834 2071 neque
846 2037 902 2065 lucc
912 2045 1019 2066 servare

227 2083 346 2109 volentes
368 2086 531 2109 avertamus.
559 2081 610 2116 Qui
631 2087 714 2108 autem
735 2082 822 2118 fecerit
839 2087 864 2109 et
888 2083 1016 2117 docuerit,

225 2129 321 2164 inquit,
348 2137 454 2164 utagnur
476 2129 613 2155 vocabitur.
627 2127 686 2155 Non
710 2128 781 2155 enim
802 2129 879 2156 nobis
902 2133 1016 2163 tantum,

226 2175 273 2203 sed
292 2180 319 2202 et
343 2175 403 2202 aliis
425 2174 502 2202 utiles
524 2181 585 2201 esse
606 2174 744 2201 debemus.
768 2174 860 2210 Neque
876 2176 947 2203 enitn
971 2184 1018 2211 par

225 2228 330 2248 merces
348 2226 390 2248 est
410 2221 435 2248 ei
455 2221 499 2255 qui
513 2228 542 2248 se
556 2219 589 2247 ad
613 2225 685 2248 recte
707 2220 854 2248 faciendum
869 2227 1016 2257 comparat,

225 2270 253 2293 et
275 2266 300 2294 ei
328 2266 373 2301 qui
403 2273 494 2294 secum
523 2265 605 2292 alium
627 2265 660 2293 ad
684 2265 710 2292 id
733 2266 849 2293 adducit.
876 2267 1016 2300 Quemad-

226 2313 335 2340 modum
350 2313 422 2340 enim
439 2312 537 2340 docere
557 2316 585 2339 et
605 2319 657 2338 non
678 2311 774 2344 facere,
791 2312 951 2340 condenmat
964 2313 1017 2340 do-

225 2364 348 2392 centem,
373 2359 456 2394 (nam
478 2358 515 2385 ait
530 2367 537 2386 :
555 2358 607 2392 Qui
627 2358 701 2386 doces
716 2359 795 2385 alium
807 2379 815 2391 ,
836 2359 942 2393 teipsum
965 2368 1017 2387 non

225 2407 298 2433 docet
312 2405 322 2442 ι
334 2406 407 2434 Rom.
426 2405 454 2433 2.
468 2405 541 2442 21])
556 2406 569 2432 ll
590 2405 629 2432 sic
652 2405 748 2438 facere,
771 2413 821 2433 nec
844 2406 910 2433 alios
933 2406 965 2433 ad
980 2406 1017 2433 fa-

225 2451 350 2480 ciendum
365 2451 491 2479 inducere
501 2472 509 2484 ,
523 2450 673 2479 mercedem
687 2451 791 2478 minuit.
810 2451 921 2486 Oportet
939 2451 1018 2487 igitur

226 2498 252 2525 in
275 2501 389 2532 utroque
407 2505 560 2532 supremum
581 2504 650 2530 esse,
670 2501 697 2524 et
719 2504 779 2524 cum
802 2500 828 2524 te
846 2497 962 2531 priorem
983 2497 1017 2524 ad

225 2542 442 2571 benefaciendum
464 2543 599 2571 induxeris
611 2564 619 2576 ,
637 2542 669 2570 ad
689 2542 801 2570 aliorttm
818 2550 908 2569 curam
927 2546 1016 2570 trans-

223 2589 342 2618 eundum
361 2593 411 2616 est.
432 2588 533 2616 Idcirco
545 2588 615 2616 enim
629 2588 686 2623 ipse
699 2595 779 2623 opera
794 2591 856 2615 ante
868 2587 1015 2615 doctrinam

225 2637 326 2672 posuit,
348 2636 494 2664 ostendens
515 2636 554 2664 sic
565 2635 667 2671 optime
689 2634 811 2670 quemvis
830 2642 860 2662 se
873 2634 906 2662 ad
921 2634 1017 2662 docen-

223 2683 289 2711 dum
301 2688 471 2717 comparare,
488 2689 574 2717 neque
587 2681 641 2708 alio
660 2680 739 2708 modo
754 2688 888 2716 umquam.
904 2679 1018 2707 Auditu-

223 2737 272 2759 ωε
290 2734 363 2757 esset
377 2728 449 2756 enim
460 2748 467 2762 ,
482 2727 590 2761 Modice,
608 2735 671 2754 cura
684 2727 790 2761 teipsum
810 2727 820 2761 (
832 2725 895 2753 Luc.
909 2726 936 2754 4.
947 2725 983 2753 25
993 2724 1016 2760 ).

225 2776 276 2810 Qui
294 2776 366 2804 enim
385 2783 445 2803 eum
468 2775 585 2810 seipsum
607 2774 704 2802 docere
722 2781 774 2800 non
796 2773 927 2808 potuerit,
950 2772 1017 2800 alios

228 2821 374 2850 emendare
386 2825 509 2854 conatur,
526 2827 541 2847 a
558 2819 647 2847 multis
660 2818 813 2847 irridebitur
828 2827 836 2852 ς
851 2818 905 2845 imo
919 2825 953 2845 ne
965 2817 1017 2845 do-

222 2876 287 2898 cete
308 2868 416 2905 quidem
441 2867 485 2897 ille
506 2867 619 2904 poterit,
642 2866 705 2902 ipsis
729 2864 853 2902 operibus
879 2863 1012 2892 contraria

611 129 640 158 S.
659 128 798 158 JOANNIS
817 127 1052 159 CIIRYSOSTOMI
1070 127 1231 158 ARCHIEP.
1249 130 1518 162 CONSTANTINOP.
1534 105 1538 111 ‘

1824 133 1874 161 ΞΗ

1083 187 1297 217 testificantibus.
1319 188 1347 217 Si
1367 197 1431 218 vero
1454 190 1481 218 in
1501 194 1614 227 utroque
1636 190 1771 228 perfectus
1783 190 1875 221 fuerit.

1082 242 1195 270 magnus
1209 234 1348 262 vocabitur
1365 236 1390 263 in
1408 244 1491 272 regno
1503 237 1640 265 culorum.
1661 237 1725 265 Dico
1748 238 1816 264 enim
1832 246 1875 265 vo-

1083 280 1131 314 bis,
1149 280 1209 308 Nisi
1222 280 1383 308 abundath
1397 283 1498 318 justitia
1515 287 1597 310 uestra
1611 283 1668 318 plus
1684 292 1760 318 quam
1779 283 1876 311 scriba-

1081 334 1139 353 rum
1151 317 1174 354 et
1185 326 1383 360 Pltaristcorum,
1395 327 1579 355 nonintrabitis
1589 328 1616 354 in
1625 336 1731 363 regnum
1743 329 1873 356 caelorum.

1082 371 1131 399 llic
1149 371 1294 406 justitiam,
1315 379 1423 400 omnem
1444 378 1520 400 vocat
1538 373 1682 406 virtutem;
1703 378 1733 401 ut
1745 374 1825 402 etiam
1843 375 1877 402 de

1081 418 1149 446 Jobo
1160 427 1272 446 nanans
1284 419 1390 447 dicebat
1403 429 1410 446 :
1427 419 1460 446 Et
1474 424 1528 447 erat
1543 420 1618 447 homo
1630 420 1873 454 ineprchcnsibitis,

1081 464 1164 498 iustus
1183 464 1255 500 (Job
1276 465 1330 492 L‘l
1346 465 1366 499 ).
1395 464 1547 493 Secundum
1570 464 1640 492 hanc
1656 465 1874 500 justiticalioncn:

1079 509 1181 544 justum
1203 511 1276 538 illum
1299 510 1397 538 Paulus
1421 511 1551 544 vocabat,
1565 511 1610 539 cui
1629 511 1715 546 legem
1729 519 1782 538 non
1800 512 1874 547 posi-

1082 560 1136 582 tam
1162 563 1222 584 csse
1244 555 1350 584 dicebat
1373 565 1380 583 :
1405 556 1481 584 Iusto
1502 557 1569 584 enim
1594 557 1636 584 tea;
1659 565 1711 584 non
1731 558 1814 591 posita
1839 562 1874 585 ut

1080 601 1130 636 (1.
1144 601 1212 630 Tim.
1229 603 1254 630 Ι.
1270 603 1320 637 9),
1344 602 1440 638 inquit.
1462 603 1592 639 Sameque
1615 603 1678 631 alibi
1702 603 1752 631 hoc
1775 612 1872 632 nomen

1081 655 1129 683 pro
1139 649 1256 684 generali
1271 649 1369 677 virtute
1382 650 1496 684 positum
1511 650 1629 685 reperire
1637 654 1679 678 est
1689 650 1741 685 (α).
1755 650 1794 678 Tu
1809 658 1870 679 ver:

1081 694 1146 722 mihi
1170 695 1306 730 perpende
1320 697 1413 730 gratia:
1432 700 1603 731 augmentum
1613 717 1621 729 ,
1636 696 1743 732 quando
1757 696 1872 732 discipu-

1081 739 1121 766 los
1144 739 1230 768 adhuc
1251 740 1332 767 rudes
1352 740 1410 768 vult
1432 741 1530 769 veteris
1555 741 1621 777 legis
1639 741 1793 770 doctoribus
1813 750 1872 770 esse

1079 786 1215 814 meliores.
1238 785 1346 814 Scribas
1368 791 1456 815 autem
1475 792 1502 815 et
1520 787 1671 816 Pharismos
1692 788 1735 816 hic
1750 796 1803 816 non
1819 789 1872 816 im-

1080 832 1179 867 probos
1201 838 1404 866 commemorat,
1421 834 1469 861 sed
1494 834 1615 869 probos;
1637 835 1688 862 nisi
1707 836 1779 863 enim
1794 836 1870 870 probi

1078 883 1185 912 essent,
1202 887 1369 914 nequaquam
1382 887 1432 907 eos
1446 880 1548 908 diceret
1560 880 1659 908 habere
1668 880 1808 916 justitiam,
1824 889 1871 909 ne-

1077 932 1130 960 que
1138 924 1267 960 justitiam
1279 932 1332 952 non
1343 926 1515 953 exsistentem
1529 933 1590 953 cum
1601 926 1747 955 exsistente
1757 934 1869 962 compa-

1077 975 1158 998 raret.
1173 970 1312 1006 Perpende
1331 974 1420 998 autem
1434 971 1487 1000 hoc
1498 971 1557 999 loco
1575 972 1708 1008 quomodo
1727 980 1787 1000 esse
1799 978 1871 1001 vete-

1077 1024 1134 1044 rem
1163 1016 1248 1052 legem
1274 1017 1457 1050 commendet,
1483 1017 1546 1045 dum
1568 1025 1628 1045 eam
1650 1023 1788 1054 comparat
1808 1026 1869 1047 cum

1076 1069 1144 1089 nova
1160 1069 1168 1089 :
1190 1061 1261 1097 quod
1276 1069 1341 1090 sane
1355 1062 1472 1090 declarat
1491 1063 1564 1090 illam
1578 1063 1640 1091 huic
1656 1071 1717 1092 esse
1729 1069 1868 1100 cognatam

1076 1113 1103 1136 ct
1114 1108 1221 1135 afﬁnem
1236 1117 1243 1134 :
1260 1116 1320 1135 nam
1335 1108 1393 1144 plus
1406 1113 1434 1136 ct
1447 1109 1535 1136 minus
1548 1109 1668 1144 ejusdem
1680 1111 1786 1145 generis
1795 1115 1867 1138 sunt.

1075 1153 1134 1182 Non
1148 1154 1228 1189 igitur
1247 1154 1329 1182 veteri
1348 1154 1490 1188 obtrectat,
1506 1154 1554 1182 sed
1578 1155 1650 1182 illam
1670 1156 1760 1190 augeri
1773 1156 1829 1183 vult
1840 1161 1868 1184 et

1075 1200 1182 1228 extendi
1199 1209 1206 1228 :
1221 1208 1281 1235 qum
1297 1200 1320 1228 si
1343 1207 1357 1227 a
1379 1200 1450 1228 rnan
1465 1200 1594 1236 prodiret.
1606 1209 1658 1228 non
1674 1201 1789 1236 amplius
1801 1202 1864 1237 quid

1075 1246 1101 1274 in
1118 1246 1159 1274 illa
1174 1251 1317 1280 quamcret,
1334 1254 1421 1282 neque
1443 1247 1515 1274 illam
1537 1247 1722 1282 pet-tectiorem
1736 1249 1868 1277 reddidis-

1074 1298 1125 1325 set.
1141 1292 1189 1320 sed
1211 1292 1382 1327 explosisset.
1405 1292 1440 1320 Et
1459 1293 1605 1329 quomodo,
1623 1294 1739 1330 inquies.
1763 1295 1785 1322 si
1808 1296 1868 1323 talis

1074 1343 1126 1372 est,
1148 1339 1174 1366 in
1201 1346 1310 1374 regnum
1322 1339 1378 1374 jam
1395 1347 1447 1366 non
1462 1339 1589 1367 inducit?
1603 1339 1660 1367 Νοη
1676 1340 1775 1368 inducit
1793 1346 1867 1370 certe

1073 1393 1121 1413 eos
1143 1386 1187 1421 qui
1211 1390 1271 1421 post
1284 1385 1384 1416 Christi
1405 1385 1553 1414 adventum
1575 1386 1655 1414 vitam
1674 1387 1864 1420 instituerunt.

1074 1437 1165 1467 utpote
1190 1432 1235 1467 qui
1261 1432 1390 1467 majorem
1415 1432 1572 1468 consequuti
1595 1433 1737 1465 virtutem,
1763 1434 1866 1467 majora

1072 1478 1172 1506 debent
1193 1478 1267 1506 adire
1291 1479 1437 1507 certamina
1457 1487 1465 1506 :
1485 1487 1548 1507 nam
1561 1479 1683 1507 alumnos
1694 1487 1757 1507 suos
1772 1488 1866 1508 omnes

1072 1532 1106 1553 eo
1127 1525 1280 1552 introducit.
1297 1525 1375 1552 Multi
1396 1525 1463 1552 enim
1485 1525 1583 1552 uenient
1595 1526 1627 1552 ab
1650 1526 1746 1553 oriente
1764 1531 1786 1553 et
1800 1528 1864 1554 occi-

1073 1572 1156 1603 denle,
1173 1572 1267 1606 inquit,
1279 1576 1303 1599 et
1315 1571 1457 1599 recumbent
1477 1572 1504 1599 in
1517 1572 1576 1600 sinu
1589 1572 1698 1599 Abraha:
1710 1578 1733 1600 et
1746 1572 1829 1600 lsaaci
1839 1578 1865 1600 et

1071 1618 1162 1646 Jacobi
1173 1618 1315 1654 (Matth.8.
1328 1618 1384 1655 Η).
1398 1618 1515 1646 Laurus
1528 1624 1609 1651 certe,
1625 1619 1668 1654 qui
1685 1619 1787 1654 magnis
1801 1618 1865 1647 frui-

1071 1669 1115 1692 tur
1126 1665 1257 1701 prmmiis,
1272 1665 1298 1692 in
1313 1665 1372 1700 ejus
1386 1665 1446 1692 sinu
1466 1672 1579 1693 versans
1591 1671 1701 1700 apparet
1720 1665 1796 1701 (Luc.
1809 1666 1864 1701 16).
1894 1694 1902 1706 l

1071 1710 1106 1739 Et
1127 1716 1259 1747 quotquot
1273 1712 1299 1739 in
1321 1712 1406 1740 veteri
1427 1712 1484 1748 lege
1507 1712 1650 1740 admodum
1673 1712 1812 1744 nefulsere.
1838 1713 1864 1741 id

1072 1765 1120 1794 per
1140 1758 1211 1786 illam
1226 1758 1364 1794 assequuﬁ
1388 1762 1459 1786 sunt.
1482 1758 1605 1786 Christus
1627 1765 1702 1790 vero,
1718 1758 1740 1786 si
1762 1759 1804 1786 lex
1819 1759 1864 1786 illa

1071 1805 1140 1832 mala
1162 1810 1190 1832 et
1211 1804 1296 1832 aliena
1319 1804 1432 1838 fuisset,
1454 1812 1506 1832 non
1521 1804 1592 1832 illam
1607 1812 1714 1832 omnem
1729 1804 1864 1840 implevis-

1070 1855 1122 1879 set.
1144 1851 1210 1879 Nam
1233 1851 1255 1879 si
1270 1851 1295 1879 id
1318 1851 1405 1879 solum
1422 1850 1527 1878 fecisset
1541 1855 1570 1878 ttt
1586 1851 1693 1878 Judzros
1706 1851 1862 1884 attraheret,

1071 1907 1124 1927 non
1137 1903 1225 1926 autem
1244 1902 1274 1926 ut
1289 1897 1443 1926 ostenderet
1467 1905 1526 1925 eam
1540 1902 1678 1932 cognatam
1694 1904 1754 1925 esse
1768 1902 1794 1924 et
1805 1897 1864 1924 alli-

1071 1954 1131 1974 nem
1143 1953 1220 1973 novae
1233 1944 1295 1980 legi,
1309 1952 1358 1972 cur
1369 1951 1422 1972 non
1436 1943 1516 1971 etiam
1530 1943 1669 1978 gentilium
1683 1943 1757 1979 leges
1771 1948 1797 1971 et
1811 1950 1864 1970 mo

1070 1999 1115 2019 res
1128 1990 1302 2026 implevisset,
1319 1995 1348 2017 ut
1360 1989 1476 2025 gentiles
1490 1988 1659 2024 pertraheret
1671 1988 1683 2015 Τ

1106 2037 1133 2065 5.
1151 2036 1275 2072 Undique
1293 2043 1358 2071 ergo
1372 2035 1461 2071 palam
1476 2039 1518 2062 est
1530 2041 1590 2062 eam
1604 2042 1620 2062 a
1634 2034 1742 2062 Christo
1752 2041 1806 2062 non
1819 2034 1861 2062 in-

1070 2083 1142 2116 duci,
1160 2091 1213 2110 non
1225 2082 1297 2118 quod
1311 2081 1380 2109 mala
1393 2081 1439 2114 sit,
1454 2073 1501 2109 sed
1516 2080 1587 2116 quod
1602 2080 1731 2115 majorum
1745 2081 1781 2107 sit.
1793 2087 1863 2115 prae-

1069 2136 1208 2166 ceptorum
1216 2134 1332 2165 tempus.
1342 2128 1452 2156 Etiamsi
1466 2136 1528 2156 vero
1541 2127 1722 2162 imperibctior
1734 2128 1770 2155 sit
1782 2135 1862 2162 quam

1071 2185 1150 2210 nova,
1164 2176 1190 2204 id
1203 2171 1275 2204 certe
1286 2183 1339 2203 non
1350 2175 1445 2209 probat
1456 2173 1540 2208 ipsam
1554 2181 1614 2202 esse
1624 2174 1720 2201 malam
1729 2182 1737 2200 :
1746 2174 1863 2208 alioquin

1069 2228 1157 2250 autem
1171 2229 1240 2249 nava
1252 2222 1277 2248 in
1289 2220 1410 2248 eamdem
1426 2219 1555 2247 incideret
1568 2218 1760 2247 conditionem.
1773 2219 1863 2254 Siqui-

1069 2269 1130 2298 dem
1143 2267 1221 2303 hujus
1236 2266 1357 2298 scientia,
1372 2265 1394 2293 si
1407 2273 1467 2293 cum
1482 2265 1577 2292 futura:
1591 2265 1651 2292 vita:
1663 2265 1774 2292 scientia
1784 2273 1863 2292 com-

1070 2319 1188 2350 paretur.
1204 2313 1301 2348 exigua
1316 2317 1343 2339 et
1357 2311 1510 2346 imperfecta
1522 2315 1575 2343 est,
1589 2316 1671 2346 atque
1685 2310 1727 2337 illa
1738 2310 1863 2338 veniente

1069 2365 1223 2389 evacuatur.
1236 2359 1302 2387 Nam
1315 2358 1381 2386 Cum
1394 2358 1487 2385 uenerit
1496 2378 1504 2390 ,
1525 2357 1627 2392 inquit,
1642 2356 1711 2390 quod
1725 2356 1863 2391 perfectum

1069 2412 1116 2438 est,
1127 2412 1186 2434 tunc
1198 2405 1359 2434 evacuabitur
1367 2403 1435 2439 quod
1450 2411 1481 2430 ex
1494 2407 1565 2438 parte
1574 2407 1610 2429 est
1623 2402 1646 2438 (Ι
1654 2421 1660 2428 .
1669 2401 1728 2429 Cor.
1742 2402 1785 2429 I3.
1797 2401 1860 2435 £0):

1068 2453 1140 2490 quod
1155 2460 1202 2488 per
1215 2452 1317 2480 Novam
1330 2450 1413 2478 Vetus
1427 2455 1553 2485 perpessa
1567 2453 1617 2476 est.
1633 2448 1686 2475 Nec
1700 2452 1787 2475 tamen
1801 2455 1863 2482 pro-

1070 2505 1161 2536 pterea
1176 2498 1247 2526 illam
1261 2495 1472 2526 criminabimur.
1490 2494 1552 2521 licet
1567 2493 1611 2521 illa
1626 2498 1722 2524 cesset.
1738 2500 1799 2520 cum
1813 2499 1863 2520 nos

1069 2552 1152 2580 regno
1163 2546 1297 2580 potiemur
1309 2551 1315 2570 :
1328 2541 1400 2569 Tunc
1412 2541 1483 2569 enim
1496 2540 1655 2567 evacuabitur
1665 2539 1735 2575 quod
1748 2547 1780 2565 ea:
1791 2543 1862 2573 parte

1069 2597 1116 2626 est,
1128 2591 1231 2627 inquit:
1240 2590 1312 2617 illam
1323 2593 1412 2616 tamen
1423 2593 1546 2622 magnam
1558 2585 1681 2615 dicimus.
1692 2584 1760 2612 Cum
1772 2584 1862 2620 itaque

1070 2640 1169 2676 majora
1185 2638 1239 2666 sint
1251 2637 1371 2674 przemia,
1386 2636 1553 2671 ampliorque
1566 2633 1680 2670 Spiritus
1693 2633 1787 2666 virtus,
1801 2632 1861 2668 jure

1103 2771 1138 2804 (tt)
1149 2771 1313 2804 Jamrolimab
1329 2770 1451 2804 antiquis,
1459 2768 1565 2804 futtilia,
1587 2768 1613 2793 in
1624 2775 1725 2804 genere
1743 2766 1860 2804 proomni

1103 2778 1138 2804 (tt)
1149 2778 1202 2797 tam
1218 2778 1276 2796 ottm
1283 2778 1313 2806 ap
1329 2778 1565 2826 ιηῐιὲυιεαιιιιηια,
1587 2778 1613 2793 tn
1627 2778 1725 2803 genere
1743 2778 1817 2800 prum

1070 2802 1162 2839 virtute
1175 2803 1258 2839 habita
1269 2803 1330 2839 futt‘,
1338 2809 1374 2826 sic
1404 2801 1549 2839 Enpedocles
1566 2800 1630 2839 apltd
1641 2799 1817 2839 aristotelem:

1136 2833 1175 2866 Ἑν
1183 2834 1213 2866 ,δε
1224 2833 1359 2866 ﬁnenem.in
1373 2831 1505 2866 ορλλῆδὸην
1517 2831 1574 2866 πᾶς’
1587 2831 1659 2866 ἀρετή
1675 2831 1735 2856 ’στιν

1138 2863 1271 2898 tnjustitia
1284 2862 1448 2897 omittit-tu
1456 2862 1676 2894 mrpreltendiutr.
