2073 3127
188 114 241 144 2-55

189 173 290 207 majora
304 173 479 208 requiruntur
506 172 580 201 dona
609 174 628 201 ¹.
650 173 717 204 Non
744 174 800 209 jam
825 177 895 200 terra
911 172 978 200 lacte

187 224 216 248 et
233 220 312 248 melle
329 227 440 247 manans
459 220 638 255 promittitur,
660 227 712 246 non
735 224 861 246 senectus
876 219 978 251 vivida,

188 273 241 293 non
264 265 407 292 multitudo
422 265 553 299 liliorum,
571 272 624 292 non
648 265 809 292 frtunentum
829 269 857 292 et
872 265 977 296 vinum,

189 319 241 338 non
255 319 350 346 greges
363 316 390 338 et
404 316 522 338 armenta
536 319 542 342 ς
562 310 607 337 sed
621 310 714 337 emittm
731 315 757 336 ct
769 309 884 337 cmlestia
898 309 978 342 bona,

188 357 295 391 adoptio
307 362 333 384 ct
347 357 499 384 fraternitas
511 364 570 384 cum
584 356 735 392 Uoigcnito,
750 356 904 383 hereditatis
915 363 980 383 con-

188 403 314 434 sortium.
335 403 426 437 gloriae
441 407 468 430 et
482 403 555 437 regni
578 403 707 434 societas,
729 402 921 437 inuumeraque
936 402 978 429 illa

190 450 308 484 praemia.
324 449 398 482 Quod
419 453 508 476 autem
529 448 624 483 majori
646 447 744 475 auxilio
761 448 897 481 fruamur,
918 448 978 475 andi

189 495 298 522 Paulum
311 495 444 522 dicentem
455 504 462 522 ε
473 494 547 521 Nihil
565 502 624 529 ergo
644 494 698 528 iam
712 493 884 520 damnationis
897 498 934 520 est
948 494 979 520 iis

188 543 230 576 qui
242 546 299 568 sunt
311 542 337 567 in
347 539 447 568 Christo
458 539 529 572 Iesu,
546 541 589 575 qui
602 548 651 566 non
665 539 802 566 secundum
815 547 915 566 carnem
925 547 979 565 mn-

189 587 285 619 bttlant,
301 587 345 614 sed
357 587 494 613 secundum
510 587 635 621 spiritum.
653 585 706 612 Lex
723 586 787 612 enim
802 586 905 620 spiritus
922 585 980 611 vitta

187 633 301 660 liberavit
322 641 360 659 me
380 641 397 659 a
418 632 471 668 lege
489 633 586 667 peccati
605 637 629 658 et
651 633 738 658 mortis
752 632 839 666 (Rom.
855 631 882 659 8.
899 631 923 658 l.
938 631 977 666 2).

188 678 369 705 Comuﬁnatns
392 679 481 713 itaque
496 677 737 712 transgressoribus
748 698 755 709 ,
769 681 798 704 et
811 684 905 712 magna
918 677 977 711 pol-

188 724 274 752 licitus
285 725 391 759 prmmia
402 729 474 752 recte
485 724 634 759 agentibus,
642 729 672 751 ut
682 723 797 751 ostendit
806 724 866 758 plus
877 731 890 750 a
902 723 978 751 nobis

186 770 246 805 jure
268 771 356 805 exigi,
380 779 459 805 quam
479 778 619 798 mensuras
643 770 760 805 priores,
784 770 890 798 demum
907 770 979 804 leges

188 821 304 844 statuere
319 817 422 852 incipit,
438 824 491 844 non
504 816 675 852 simpliciter,
690 816 738 844 sed
752 817 819 843 facta
834 823 893 843 cum
907 816 978 843 anti-

186 863 245 898 quis
260 862 387 897 legalibus
402 862 617 897 comparatione;
641 862 698 889 lucc
712 861 766 889 duo
779 862 871 889 volens
884 866 976 888 osten-

187 909 261 940 dere,
275 916 305 936 se
317 908 442 936 videlicet
454 916 506 936 non
519 909 609 943 priora
625 908 822 943 impugnantem
833 928 840 940 ,
856 907 904 935 sed
916 915 977 936 cum

187 955 238 982 illis
251 954 394 982 admodum
409 958 601 982 consonantem
612 975 619 986 ,
640 954 688 981 has
706 959 823 982 statuere
844 954 933 989 leges,
947 961 978 980 ac

186 1001 244 1035 jure
266 1006 469 1037 opportuneque
493 1001 550 1028 lucc
574 1009 642 1028 nova
665 1001 799 1028 veteribus
821 1000 975 1036 adjungere.

187 1047 262 1082 Quod
277 1053 305 1075 ιιι
317 1047 415 1075 clarius
428 1047 533 1078 evadat,
548 1047 603 1082 ipsa
619 1046 778 1082 legislatoris
791 1046 872 1074 verba
885 1046 978 1074 audia-

188 1101 257 1120 mus.
277 1093 346 1127 Quid
361 1093 441 1128 igitur
452 1094 488 1120 ait
503 1093 564 1121 ille?
577 1093 622 1120 9.].
639 1093 751 1120 Audistis
762 1092 823 1127 quia
835 1092 930 1119 dictum
941 1097 978 1119 est

187 1140 304 1174 antiquis,
321 1138 381 1166 Non
396 1139 492 1166 occides
505 1138 601 1174 (Exod.
617 1138 662 1166 ΞΟ.
677 1138 733 1174 15).
748 1138 827 1173 Atqui
840 1139 862 1165 is
876 1138 920 1173 qui
932 1138 975 1165 illa

187 1185 268 1217 dedit,
286 1185 342 1220 ipse
351 1189 408 1217 est;
425 1185 471 1213 sed
484 1185 589 1213 interim
599 1185 811 1220 impersonaliter
821 1184 878 1212 haec
890 1185 975 1219 ponit.

187 1230 214 1258 Si
230 1230 299 1258 enim
319 1230 449 1263 dixisset,
472 1230 591 1258 Audistis
604 1238 646 1258 tne
660 1230 759 1258 dixisse
773 1230 906 1265 antiquis,
922 1238 976 1257 non

187 1281 311 1311 acceptus
325 1277 418 1304 fuisset
433 1277 476 1304 hic
497 1284 586 1304 sermo
596 1297 604 1308 ,
629 1284 679 1304 nec
694 1276 865 1304 audientibus
876 1276 976 1312 proha-

188 1327 243 1355 tus;
259 1323 280 1349 si
295 1330 360 1350 vero
375 1322 488 1350 dixisset
499 1332 506 1350 :
518 1323 636 1350 Audistis
657 1322 718 1358 quia
740 1322 840 1350 dictum
853 1326 895 1349 est
907 1322 976 1349 anti-

187 1368 245 1403 quis
257 1376 270 1394 a
285 1368 363 1396 Patre
376 1376 453 1401 meo.
472 1368 621 1402 deindeque
636 1368 783 1401 intulisset,
805 1367 863 1403 Ego
885 1373 975 1394 autem

187 1414 257 1447 dim,
282 1415 366 1449 major
386 1415 535 1450 arrogantia
550 1415 604 1442 visa
624 1414 726 1442 fuisset.
744 1414 912 1449 Quapropter
926 1414 977 1440 hoc

188 1460 344 1494 simpliciter
358 1461 446 1495 posuit
459 1461 492 1487 ad
507 1461 558 1488 hoc
570 1469 650 1488 unum
664 1466 799 1496 spectans,
814 1460 977 1487 utostende—

188 1511 226 1533 ret
240 1513 270 1533 sc
282 1506 337 1541 jam
350 1511 501 1541 opportuno
516 1510 635 1541 tempore
648 1507 699 1534 hoc
711 1506 810 1534 dicere.
825 1506 891 1534 Cum
904 1507 975 1533 enim

187 1552 239 1584 ait,
265 1551 331 1585 Quia
352 1551 446 1578 dictum
460 1557 496 1579 est
511 1552 636 1588 antiquis,
661 1552 771 1579 multum
794 1551 976 1580 intercessisse

187 1599 316 1634 temporis
329 1599 490 1631 declaravit,
506 1607 537 1627 ex
552 1607 605 1634 quo
618 1599 670 1626 hoc
685 1603 846 1634 praeceptum
861 1606 974 1633 accepe‘

186 1650 257 1672 rant.
273 1645 330 1673 Hoc
342 1653 406 1673 vero
427 1645 504 1676 fecit.
526 1650 556 1673 ut
576 1645 724 1673 auditorem
740 1645 926 1681 pudefaceret,
941 1645 975 1672 ad

188 1692 343 1720 sublimiora
358 1693 401 1720 illa
416 1693 490 1721 adire
503 1698 635 1728 przecepta
651 1698 836 1726 cunctantem;
855 1693 892 1720 uti
908 1692 976 1720 solet

186 1738 312 1774 magister
323 1746 407 1774 puero
420 1738 510 1767 dicere
521 1739 661 1775 negligenti
677 1749 682 1766 :
695 1738 734 1766 An
749 1739 836 1767 nescis
847 1742 975 1774 quantum

188 1784 316 1818 temporis
338 1784 365 1811 in
387 1785 549 1820 syllabarum
570 1785 742 1812 meditatione
761 1784 976 1819 consumpseris?

187 1829 244 1857 Hoc
263 1834 291 1857 et
309 1830 365 1865 ipse
379 1831 549 1866 antiqttorum
564 1832 672 1859 nomine
686 1830 869 1864 subindicans,
883 1835 977 1858 evocat

186 1875 248 1902 illos
259 1875 292 1903 ad
303 1880 434 1911 praecepta
448 1877 569 1910 meliora,
580 1885 612 1905 ac
622 1878 644 1905 si
655 1877 756 1905 diceret
767 1887 775 1904 :
786 1879 808 1905 A
821 1877 886 1904 satis
895 1877 976 1912 longo

186 1926 307 1956 tempore
327 1921 385 1949 haec
402 1922 565 1950 meditamini
579 1931 585 1949 :
597 1927 703 1958 oportet
720 1923 826 1951 demum
841 1923 874 1951 ad
891 1922 976 1950 subli-

185 1966 269 1994 miora
280 1974 401 2002 pergere.
416 1968 488 1996 Bene
500 1973 588 1996 autem
601 1970 687 2004 agitur
696 1970 766 2005 quod
782 1974 976 2005 praeceptorum

184 2013 252 2040 ordo
265 2021 318 2041 non
333 2014 520 2047 confundatur,
534 2015 581 2042 sed
596 2023 610 2043 a
625 2016 713 2050 priore
727 2016 879 2051 incipiatur,
895 2024 910 2043 a
922 2022 975 2052 quo

186 2059 228 2086 lex
244 2060 341 2095 incepit
353 2051 468 2088 :‘etenim
484 2061 547 2088 illud
564 2062 648 2095 ipsum
663 2061 834 2089 concordiam
848 2061 973 2089 ostendit.

185 2105 232 2132 R3.
246 2105 302 2141 Ego
316 2110 400 2132 autem
417 2105 473 2133 dico
486 2105 569 2137 vobis,
584 2107 702 2138 quoniam
715 2107 757 2142 qui
771 2107 888 2134 irascitur
901 2108 976 2142 fratri

185 2159 231 2178 suo
245 2156 362 2185 temere,
383 2160 440 2178 reus
454 2152 501 2179 erit
509 2152 618 2186 judicio.
638 2152 729 2180 Vidisti
744 2152 888 2187 perfectam
901 2157 976 2187 pote-

186 2199 302 2225 statem?
312 2198 400 2225 vidisti
412 2198 522 2226 modum
532 2199 677 2233 legislatori
687 2198 900 2234 competentem?
911 2199 976 2233 Quis

185 2245 257 2272 enim
280 2244 469 2280 prophetarum
489 2245 528 2272 sic
550 2252 674 2279 umquam
695 2245 819 2280 loquutus
840 2245 903 2273 est?
917 2245 976 2280 quis

184 2291 338 2325 iustorum?
358 2290 418 2326 quis
441 2291 671 2325 patriarcharum?
690 2290 783 2318 Nullus
805 2298 887 2323 sane;
908 2291 972 2322 sed.

190 2335 252 2364 Ilarc
265 2336 326 2363 dicit
337 2336 473 2363 Dominus.
487 2336 585 2364 Verum
599 2344 652 2364 non
666 2337 701 2364 ita
716 2337 808 2364 Filius.
821 2337 862 2364 llli
876 2337 975 2372 qttippe

188 2381 293 2409 Domini
308 2381 388 2409 verba
399 2381 581 2416 pronuntiant,
597 2381 639 2409 hic
651 2381 746 2409 Patris.
761 2382 825 2409 Cum
839 2387 927 2410 autem
943 2390 974 2410 ea

185 2435 245 2462 qua:
258 2427 354 2461 Patris,
367 2434 398 2455 ea
409 2435 469 2462 quae
479 2427 551 2455 illius
561 2432 622 2454 sunt
634 2427 702 2455 dico.
713 2427 772 2455 Mea
784 2429 864 2460 enim,
880 2429 975 2464 inquit,

186 2479 230 2500 tua
241 2478 310 2507 sunt,
327 2479 350 2501 et
363 2478 407 2501 tua
417 2482 472 2501 mea
484 2479 543 2501 sunt
557 2473 646 2510 (Joan.
660 2475 702 2501 l7.
718 2474 774 2508 10).
788 2475 825 2501 llli
839 2475 976 2503 conServis

186 2521 271 2556 legem
287 2520 424 2553 ferebant,
440 2520 483 2547 hic
497 2520 582 2548 servis
600 2520 665 2547 suis.
686 2521 882 2555 lnterrogemus
898 2521 976 2557 igitur

187 2574 234 2594 eos
247 2566 292 2601 qui
305 2572 423 2594 veterem
437 2566 521 2601 legem
535 2565 691 2601 explodunt.
706 2566 764 2593 Non
778 2565 856 2594 irasci
877 2571 905 2594 et
922 2575 975 2595 non

187 2612 308 2640 occidere
322 2611 491 2639 contrariane
502 2616 575 2644 sunt,
588 2619 675 2639 annon
690 2611 776 2647 potius
790 2612 840 2640 hoc
852 2612 924 2639 illius
937 2617 977 2640 est

189 2658 318 2694 perfectio
340 2663 368 2685 et
390 2657 634 2692 complementum?
656 2657 745 2685 Palam
769 2663 810 2685 est
833 2658 884 2685 hoc
905 2658 977 2686 illius

189 2711 249 2732 esse
259 2703 498 2740 complementum,
508 2703 620 2738 ideoque
629 2703 726 2739 majus.
738 2703 803 2731 Nam
815 2704 860 2739 qui
871 2703 898 2731 in
909 2704 976 2731 iram

223 2781 232 2797 ¹
245 2781 324 2815 ,luxta
333 2780 421 2805 Morel.
431 2781 575 2815 legendum
581 2782 758 2815 eSset,mojora
768 2782 924 2815 requinuttur
929 2789 982 2815 cer-

192 2811 293 2836 tamina.
307 2811 324 2844 ti
328 2815 418 2844 traque
431 2811 505 2837 lectio
514 2813 633 2843 quadrare
645 2811 732 2844 posset
743 2820 749 2842 ;
770 2811 858 2837 verum
876 2813 981 2840 Savilia-

193 2848 249 2867 nam
274 2842 348 2868 nobis
363 2844 558 2875 amplectendam
573 2850 629 2869 esse
646 2842 741 2868 "series
753 2843 978 2877 ipsasuadetﬁnu.

746 115 780 142 ΙΝ
800 114 1002 144 MATTHJEUM
1021 115 1136 143 HOMIL.
1157 115 1225 143 XVI.

1771 121 1824 150 2&6

1037 180 1089 199 non
1100 174 1258 206 concitatur,
1270 173 1354 201 multo
1367 174 1449 210 magis
1461 182 1475 201 a
1489 175 1561 202 carde
1571 176 1712 204 abstinebit
1725 186 1730 204 :
1742 183 1768 206 et
1778 180 1822 212 qui

1033 219 1098 245 iram
1121 218 1228 251 frenat,
1253 220 1337 247 multo
1361 221 1446 255 magis
1468 228 1562 248 manus
1585 223 1720 250 retinebit.
1735 224 1821 252 Radix

1031 265 1101 291 enim
1115 265 1211 296 caedis.
1228 265 1277 292 ira.
1292 265 1342 300 Qui
1357 273 1421 301 ergo
1436 267 1554 295 radicem
1570 269 1702 296 exscindit
1714 290 1722 302 ,
1739 271 1823 298 multo

1030 310 1115 345 magis
1127 318 1217 338 ramos
1228 311 1329 339 auferet
1342 321 1348 338 :
1362 313 1415 339 imo
1428 320 1492 340 vero
1506 321 1591 347 neque
1605 315 1678 341 nasci
1693 315 1774 343 sinet.

1066 355 1092 382 6.
1106 355 1160 382 Lee:
1168 361 1237 384 vetus
1248 358 1364 392 ﬁrmatur
1374 357 1521 393 Evangelia.
1535 358 1638 386 Creator
1652 361 1740 388 mundi
1749 361 1823 389 Citri-

1029 406 1067 428 sta
1080 401 1106 428 in
1123 401 1224 429 Patrem
1236 403 1387 430 vindicatur.
1402 403 1435 431 In
1448 404 1501 440 lege
1513 406 1588 432 veteri
1602 414 1653 433 non
1665 411 1700 433 est
1713 407 1822 434 crudeli-

1030 450 1078 473 tas.
1093 446 1146 474 Lex
1155 455 1211 483 qua:
1221 448 1314 475 scelera
1324 449 1415 483 plectat
1425 451 1564 477 necessaria
1575 456 1619 478 est.
1632 452 1730 479 —Non
1743 453 1823 488 igitur

1030 491 1062 518 ad
1076 491 1141 527 legis
1155 493 1364 528 abrogationem,
1379 495 1425 522 sed
1440 495 1472 522 ad
1484 496 1611 530 majorem
1623 497 1822 534 facilioremque

1030 538 1086 572 ejus
1099 538 1244 565 custodiam
1255 559 1262 571 ,
1276 539 1325 566 has
1340 540 1468 568 alTerehat
1482 541 1562 576 leges.
1577 542 1644 575 Quid
1660 544 1730 571 enim
1745 546 1822 573 vole-

1030 583 1075 610 bat
1089 584 1130 611 lex
1143 591 1203 612 cum
1218 585 1275 613 haec
1290 587 1463 621 prmcipcret?
1487 589 1582 615 Annon
1597 594 1625 616 ut
1639 597 1719 617 nemo
1733 592 1823 626 proxi-

1030 636 1102 656 mum
1125 637 1202 658 suum
1229 632 1386 659 occideret?
1419 633 1500 668 lgitur
1523 634 1734 670 impugnatorem
1757 637 1822 673 li-gis

1030 674 1170 703 homicidia
1184 682 1338 710 oportuerat
1350 678 1480 713 imperare
1496 689 1502 706 :
1518 688 1578 707 natn
1593 682 1716 710 occidere
1728 687 1756 710 et
1768 691 1822 710 non

1029 720 1151 748 occidere
1174 723 1306 750 contraria
1329 729 1406 756 sunt:
1432 726 1453 753 si
1477 733 1540 753 vero
1561 734 1595 754 ne
1617 727 1695 755 irasci
1714 729 1822 764 quidem

1028 767 1181 800 permittat,
1200 767 1266 795 illud
1288 769 1431 803 perfectius
1445 772 1536 799 statuit
1556 773 1626 808 quod
1647 774 1690 801 lex
1705 775 1820 802 volebat.

1028 813 1084 840 Non
1097 814 1167 841 enim
1178 815 1288 850 perinde
1301 817 1444 844 abstinebit
1453 825 1469 845 a
1479 818 1561 851 cmde,
1575 820 1620 854 qui
1632 827 1684 846 non
1699 821 1822 849 occidere

1029 859 1187 893 meditatur,
1204 866 1283 896 atque
1303 862 1348 889 ille
1367 863 1412 897 qui
1432 864 1497 890 iram
1520 865 1643 897 sustulit,
1661 866 1703 893 hic
1723 867 1822 902 quippe

1029 905 1133 940 longius
1146 906 1221 934 abest
1234 915 1247 933 a
1262 908 1306 934 tali
1321 908 1446 936 facinorc.
1462 909 1495 937 Ut
1508 915 1594 938 autem
1609 911 1667 938 illos
1678 912 1730 939 alio
1741 913 1821 940 modo

1027 955 1209 988 conl'utemus,
1227 963 1257 982 ca
1272 965 1331 991 qum
1350 957 1441 984 dicunt
1459 958 1624 992 proferamus
1644 960 1669 986 in
1692 961 1819 988 medium.

1028 1001 1155 1035 Quaenam
1169 1003 1262 1031 dicunt
1275 1005 1372 1039 igitur?
1385 1005 1467 1032 Deum
1481 1005 1526 1040 qui
1542 1006 1669 1033 mundum
1684 1007 1761 1040 fecit,
1776 1008 1822 1042 qui

1028 1048 1112 1075 solem
1125 1048 1190 1075 oriri
1205 1048 1268 1076 facit
1280 1056 1360 1083 super
1375 1049 1479 1085 iniquos
1493 1054 1519 1077 et
1532 1050 1627 1084 bonos,
1641 1051 1686 1086 qui
1700 1052 1766 1086 pluit
1778 1058 1823 1079 su-

1028 1101 1076 1127 per
1094 1094 1180 1128 justos
1195 1099 1222 1122 et
1242 1094 1353 1129 injustos
1367 1095 1482 1131 (Matth.
1496 1097 1522 1124 5.
1538 1097 1593 1131 45)
1607 1117 1614 1129 ,
1634 1104 1695 1125 esse
1710 1097 1821 1125 malum.

1028 1139 1077 1173 Qui
1091 1147 1155 1167 vero
1167 1140 1360 1168 moderatiores
1372 1141 1441 1176 apud
1454 1142 1512 1169 illos
1525 1148 1587 1170 sunt
1601 1143 1651 1171 hoe
1664 1145 1821 1180 repudiant;

1028 1185 1091 1212 dum
1106 1190 1195 1214 autem
1209 1186 1301 1214 dicunt
1315 1187 1388 1214 illum
1403 1194 1463 1215 esse
1478 1188 1579 1223 justum
1594 1210 1601 1222 ,
1617 1189 1715 1218 bonum
1731 1196 1820 1219 tamen

1028 1238 1089 1259 esse
1103 1236 1208 1266 negant.
1234 1232 1322 1259 Alium
1340 1240 1405 1260 vero
1420 1234 1561 1267 quemdam
1573 1255 1580 1265 ,
1597 1236 1641 1270 qui
1655 1243 1718 1264 rere
1733 1237 1822 1264 nullus

1029 1281 1080 1309 est,
1092 1281 1118 1304 et
1132 1277 1175 1312 qui
1186 1277 1252 1304 nihil
1263 1277 1371 1310 creavit,
1383 1277 1489 1305 Christo
1499 1278 1563 1306 dant
1573 1279 1690 1308 Patrem.
1702 1281 1736 1308 Et
1747 1282 1821 1309 illum

1027 1323 1135 1358 quidem
1149 1331 1201 1351 non
1217 1324 1315 1350 bonum
1334 1324 1359 1351 in
1374 1324 1453 1351 rebus
1468 1324 1500 1352 ad
1515 1332 1544 1352 se
1558 1326 1750 1360 pertinentibus
1765 1335 1822 1354 ma-

1028 1376 1112 1401 nere,
1134 1374 1161 1396 et
1183 1377 1229 1396 sua
1251 1377 1410 1396 conservare
1432 1369 1523 1397 dicunt
1538 1379 1545 1397 :
1559 1370 1657 1398 bonum
1682 1377 1770 1400 autem
1793 1373 1821 1401 in

1027 1415 1111 1442 aliena
1128 1415 1228 1442 irruere
1239 1437 1245 1447 ,
1261 1424 1406 1451 eorumque
1418 1437 1425 1449 ,
1440 1424 1552 1451 quorum
1572 1417 1629 1452 ipse
1646 1424 1751 1446 creator
1765 1428 1820 1448 non

1027 1465 1084 1492 est,
1101 1465 1212 1496 repente
1226 1461 1295 1489 velle
1313 1467 1476 1489 servatorem
1491 1470 1562 1491 esse.
1585 1463 1706 1492 Vidistin‘
1720 1465 1820 1494 diaboli

1027 1505 1115 1539 ﬁlios,
1139 1506 1272 1541 quomodo
1293 1514 1326 1534 ex
1348 1507 1430 1542 patris
1453 1508 1494 1534 sui
1516 1508 1633 1537 fontibus
1656 1510 1819 1545 loquantur,

1027 1552 1133 1587 quando
1145 1553 1306 1580 creationem
1317 1561 1332 1580 a
1348 1553 1403 1580 Deo
1415 1554 1544 1587 alienant,
1560 1562 1620 1582 cum
1635 1561 1722 1584 tamen
1735 1557 1819 1584 Joan-

1026 1605 1075 1625 nes
1087 1598 1184 1626 clamet
1198 1607 1204 1624 :
1220 1598 1252 1625 In
1268 1599 1371 1634 propria
1391 1600 1475 1632 venit,
1496 1605 1520 1626 et
1541 1601 1651 1628 mundus
1672 1611 1717 1636 per
1734 1604 1820 1638 ipsum

1027 1646 1110 1680 factus
1123 1650 1160 1671 est
1172 1645 1182 1678 (
1192 1644 1270 1672 Jorm.
1288 1646 1313 1672 l.
1330 1646 1359 1672 ll
1374 1645 1382 1678 )
1395 1646 1406 1672 ?
1422 1646 1521 1673 Deinde
1535 1647 1620 1682 legem
1635 1649 1819 1678 examinantcs

1026 1696 1144 1718 veterem
1155 1710 1163 1723 ,
1175 1698 1226 1726 qua
1239 1691 1349 1726 jubetur
1360 1692 1466 1718 oculum
1481 1699 1528 1725 pro
1541 1693 1618 1719 oculo
1630 1713 1637 1724 ,
1651 1693 1757 1721 dentem
1771 1703 1819 1730 pro

1026 1736 1106 1764 dente
1121 1736 1207 1769 evelli,
1224 1738 1312 1764 statim
1329 1739 1478 1772 irrumpunt
1490 1742 1516 1765 et
1530 1739 1621 1766 dicunt
1635 1747 1643 1765 τ
1659 1739 1693 1767 Ει
1705 1748 1819 1775 quomo-

1026 1783 1060 1812 do
1073 1785 1157 1819 possit
1169 1785 1193 1812 is
1207 1784 1252 1820 qui
1266 1784 1322 1812 hmc
1335 1784 1408 1817 dicit,
1423 1793 1482 1813 esse
1497 1786 1600 1813 bonus?
1613 1786 1680 1820 Quid
1694 1787 1773 1823 igitur
1784 1788 1819 1816 ad

1026 1829 1084 1858 haec
1095 1830 1233 1857 dicamus?
1248 1830 1322 1857 llanc
1340 1831 1484 1858 maximam
1499 1840 1558 1858 esse
1573 1831 1741 1867 benignitatis
1754 1840 1818 1868 spe-

1026 1877 1105 1904 ciem.
1118 1876 1175 1904 Non
1190 1876 1260 1903 enim
1273 1881 1301 1903 ut
1313 1884 1362 1904 nos
1373 1878 1488 1904 vicissim
1499 1877 1590 1905 oculos
1602 1886 1736 1912 eruamus,
1749 1879 1819 1907 hanc

1026 1922 1115 1957 posuit
1136 1923 1238 1958 legem;
1258 1922 1305 1950 sed
1321 1927 1349 1950 ut
1363 1928 1434 1950 metu
1456 1923 1526 1958 paris
1547 1923 1697 1959 inlligcnda-
1710 1932 1795 1960 pmntn
1806 1945 1817 1959 ,

1026 1968 1206 1996 abstineamus
1226 1972 1252 1995 et
1271 1968 1317 1995 tali
1337 1975 1398 2004 erga
1415 1969 1481 1996 alios
1496 1969 1621 1997 facinore.
1639 1969 1818 2003 Quemadmo-

1025 2015 1089 2042 dum
1106 2016 1185 2042 etiam
1205 2014 1328 2042 Ninivitis
1343 2014 1476 2042 excidium
1488 2016 1665 2043 comminatus
1683 2020 1724 2044 est
1735 2037 1743 2048 .
1763 2024 1817 2045 non

1026 2066 1055 2088 ut
1069 2061 1128 2089 illos
1143 2060 1266 2096 perderet
1278 2061 1349 2097 (nam
1363 2061 1384 2087 si
1398 2061 1425 2088 id
1439 2061 1574 2091 voluisset.
1591 2066 1679 2089 tacere
1691 2067 1818 2097 oportue-

1026 2107 1087 2141 rat);
1098 2106 1144 2134 sed
1156 2111 1185 2133 ut
1194 2112 1265 2134 metu
1275 2107 1398 2134 meliores
1408 2106 1492 2134 factos
1504 2107 1607 2141 videns,
1617 2109 1682 2135 iram
1693 2109 1815 2137 sedaret:

1026 2153 1065 2180 sic
1075 2153 1156 2180 etiam
1169 2152 1202 2179 iis
1211 2172 1218 2185 ,
1232 2152 1277 2187 qui
1291 2156 1391 2180 temere
1406 2152 1431 2178 in
1445 2152 1557 2179 aliorum
1570 2153 1662 2180 oculos
1676 2153 1793 2181 involant
1805 2174 1814 2187 ,

1026 2198 1182 2233 supplicium
1196 2197 1321 2230 adduxit;
1337 2202 1366 2224 ut
1376 2198 1398 2225 si
1412 2205 1443 2225 ex
1455 2197 1525 2225 bono
1536 2199 1672 2233 proposito
1684 2199 1819 2227 noluerint

1025 2251 1041 2271 a
1056 2243 1102 2271 tali
1116 2243 1274 2271 crudelitate
1288 2242 1437 2277 abstinere,
1452 2248 1524 2270 metu
1541 2248 1627 2271 tamen
1643 2249 1829 2272 coerceantur.

1027 2297 1062 2317 ne.
1074 2290 1166 2317 oculos
1185 2289 1299 2324 proximi
1321 2290 1428 2317 laedant;
1450 2290 1477 2317 Si
1496 2297 1575 2325 porro
1596 2291 1658 2318 illud
1672 2291 1816 2319 crudelitas

1026 2337 1061 2365 sit
1073 2358 1080 2369 ,
1094 2337 1202 2364 crudele
1213 2337 1276 2364 item
1290 2337 1337 2364 erit
1349 2358 1356 2370 ,
1374 2337 1531 2365 homicidam
1547 2337 1672 2365 cohibere
1683 2359 1689 2371 ,
1707 2343 1733 2365 et
1747 2346 1816 2367 mm-

1025 2384 1105 2411 chum
1118 2391 1219 2411 arcere.
1235 2384 1269 2411 At
1283 2385 1423 2411 stultorum
1439 2384 1495 2412 haec
1509 2384 1590 2411 verba
1603 2389 1674 2417 sunt,
1689 2390 1716 2412 et
1728 2389 1818 2413 extre‘

1027 2437 1070 2457 mo
1081 2429 1171 2457 furore
1181 2434 1331 2464 captorutn.
1345 2429 1401 2464 Ego
1411 2429 1481 2457 enim
1494 2434 1594 2457 tantum
1605 2430 1680 2458 abest
1690 2435 1720 2458 ut
1729 2430 1816 2458 dicam

1027 2474 1084 2502 hare
1093 2482 1154 2502 esse
1163 2474 1358 2506 crudelitatem,
1368 2478 1398 2501 ut
1411 2475 1453 2502 his
1465 2476 1596 2502 contraria
1607 2475 1753 2503 secundum
1767 2476 1802 2503 hu
1811 2491 1816 2496 -

1027 2528 1136 2547 tnanum
1155 2519 1322 2546 ratiocinium
1342 2519 1473 2547 aflirmem
1491 2520 1580 2555 iniqua
1595 2527 1665 2548 esse.
1689 2520 1729 2547 Tu
1743 2521 1816 2548 enim

1027 2566 1093 2592 dicis
1113 2565 1173 2593 ideo
1187 2564 1322 2592 crudelem
1336 2572 1414 2599 esse,
1429 2566 1500 2600 quod
1517 2566 1628 2598 jusserit
1641 2566 1747 2593 oculum
1768 2574 1818 2601 pro

1027 2612 1105 2639 oculo
1118 2618 1230 2643 eruere;
1245 2618 1296 2646 ego
1308 2616 1397 2639 autem
1410 2611 1470 2639 dico
1480 2633 1488 2645 ,
1503 2612 1526 2639 si
1541 2619 1593 2639 non
1609 2611 1660 2640 hoc
1672 2611 1797 2647 jussisset
1808 2633 1816 2644 ,

1028 2664 1091 2686 tunc
1101 2657 1236 2685 videretur
1250 2658 1341 2685 multis
1353 2658 1376 2685 is
1389 2665 1458 2691 esse,
1476 2666 1553 2693 quem
1569 2664 1597 2686 tu
1612 2659 1661 2686 ais.
1677 2658 1818 2693 Suppona-

1028 2711 1087 2731 mus
1098 2703 1169 2730 enim
1180 2706 1262 2729 totam
1274 2703 1357 2737 legem
1366 2703 1519 2738 abrogatam
1531 2703 1622 2736 fuisse,
1632 2704 1818 2738 neminemque
1848 2739 1849 2742 η

1029 2750 1123 2776 timere
1136 2748 1293 2784 supplicium
1305 2748 1332 2776 in
1346 2748 1388 2776 illa
1402 2748 1530 2776 indictum
1545 2759 1551 2776 :
1566 2749 1612 2777 sed
1627 2749 1706 2777 licere
1717 2749 1817 2776 facino-

1028 2793 1096 2821 rosis
1106 2793 1228 2821 omnibus
1238 2800 1298 2820 cum
1311 2793 1432 2821 libertate
1442 2794 1560 2821 moribus
1571 2795 1607 2821 uti
1620 2795 1691 2828 suis;
1706 2794 1818 2822 mmchis

1032 2847 1137 2876 nempe,
1152 2840 1301 2875 homicidis,
1315 2839 1428 2872 furibus,
1443 2840 1566 2876 perjuris,
1581 2840 1719 2876 parricidis
1733 2850 1740 2867 :
1753 2848 1817 2868 non-
