  <div class='ocr_page' id='page_1' title='image "/cluster/home/n/w/nwhite01/storage/ocr_20150623/57-58/njp.32101077772653/177.png"; bbox 0 0 2067 3132; ppageno 0'>
   <div class='ocr_carea' id='block_1_1' title="bbox 250 128 303 157">
    <p class='ocr_par' dir='ltr' id='par_1_1' title="bbox 250 128 303 157">
     <span class='ocr_line' id='line_1_1' title="bbox 250 128 303 157; baseline 0 0"><span class='ocrx_word' id='word_1_1' title='bbox 250 128 303 157; x_wconf 67' lang='lat' dir='ltr'><strong>an</strong></span> 
     </span>
    </p>
   </div>
   <div class='ocr_carea' id='block_1_2' title="bbox 250 184 1043 222">
    <p class='ocr_par' dir='ltr' id='par_1_2' title="bbox 250 184 1043 222">
     <span class='ocr_line' id='line_1_2' title="bbox 250 184 1043 222; baseline -0.008 -6"><span class='ocrx_word' id='word_1_2' title='bbox 250 196 285 216; x_wconf 91' lang='lat' dir='ltr'><strong>ne</strong></span> <span class='ocrx_word' id='word_1_3' title='bbox 298 187 387 216; x_wconf 88' lang='lat' dir='ltr'><strong>omnia</strong></span> <span class='ocrx_word' id='word_1_4' title='bbox 402 193 448 214; x_wconf 90' lang='lat' dir='ltr'><strong>sus</strong></span> <span class='ocrx_word' id='word_1_5' title='bbox 460 185 547 222; x_wconf 82' lang='lat' dir='ltr'><strong>deque</strong></span> <span class='ocrx_word' id='word_1_6' title='bbox 557 185 734 219; x_wconf 84' lang='lat' dir='ltr'><strong>verterentur,</strong></span> <span class='ocrx_word' id='word_1_7' title='bbox 746 191 774 213; x_wconf 84' lang='lat' dir='ltr'><strong>et</strong></span> <span class='ocrx_word' id='word_1_8' title='bbox 787 186 933 213; x_wconf 86' lang='lat' dir='ltr'><strong>innumeris</strong></span> <span class='ocrx_word' id='word_1_9' title='bbox 948 184 1043 212; x_wconf 77' lang='lat' dir='ltr'><strong>facino-</strong></span> 
     </span>
    </p>
   </div>
   <div class='ocr_carea' id='block_1_3' title="bbox 249 230 1042 268">
    <p class='ocr_par' dir='ltr' id='par_1_3' title="bbox 249 230 1042 268">
     <span class='ocr_line' id='line_1_3' title="bbox 249 230 1042 268; baseline -0.006 -7"><span class='ocrx_word' id='word_1_10' title='bbox 249 233 325 261; x_wconf 83' lang='lat' dir='ltr'><strong>ribus</strong></span> <span class='ocrx_word' id='word_1_11' title='bbox 339 237 419 268; x_wconf 89' lang='lat' dir='ltr'><strong>atque</strong></span> <span class='ocrx_word' id='word_1_12' title='bbox 433 230 551 260; x_wconf 70' lang='lat' dir='ltr'><strong>caadibus</strong></span> <span class='ocrx_word' id='word_1_13' title='bbox 565 230 655 265; x_wconf 89' lang='lat' dir='ltr'><strong>urbes,</strong></span> <span class='ocrx_word' id='word_1_14' title='bbox 670 231 737 264; x_wconf 76' lang='lat' dir='ltr'><strong>fora,</strong></span> <span class='ocrx_word' id='word_1_15' title='bbox 751 231 858 263; x_wconf 80' lang='lat' dir='ltr'><strong>domus.</strong></span> <span class='ocrx_word' id='word_1_16' title='bbox 872 237 956 263; x_wconf 92' lang='lat' dir='ltr'><strong>mare,</strong></span> <span class='ocrx_word' id='word_1_17' title='bbox 972 234 1042 257; x_wconf 82' lang='lat' dir='ltr'><strong>terra</strong></span> 
     </span>
    </p>
   </div>
   <div class='ocr_carea' id='block_1_4' title="bbox 248 276 1041 313">
    <p class='ocr_par' dir='ltr' id='par_1_4' title="bbox 248 276 1041 313">
     <span class='ocr_line' id='line_1_4' title="bbox 248 276 1041 313; baseline -0.008 -6"><span class='ocrx_word' id='word_1_18' title='bbox 248 284 276 307; x_wconf 88' lang='lat' dir='ltr'><strong>et</strong></span> <span class='ocrx_word' id='word_1_19' title='bbox 297 283 369 307; x_wconf 89' lang='lat' dir='ltr'><strong>totus</strong></span> <span class='ocrx_word' id='word_1_20' title='bbox 391 277 463 306; x_wconf 84' lang='lat' dir='ltr'><strong>orbis</strong></span> <span class='ocrx_word' id='word_1_21' title='bbox 482 277 670 313; x_wconf 76' lang='lat' dir='ltr'><strong>replerentur?</strong></span> <span class='ocrx_word' id='word_1_22' title='bbox 692 276 747 304; x_wconf 93' lang='lat' dir='ltr'><strong>lloc</strong></span> <span class='ocrx_word' id='word_1_23' title='bbox 768 276 867 304; x_wconf 86' lang='lat' dir='ltr'><strong>nemini</strong></span> <span class='ocrx_word' id='word_1_24' title='bbox 883 283 935 303; x_wconf 91' lang='lat' dir='ltr'><strong>non</strong></span> <span class='ocrx_word' id='word_1_25' title='bbox 951 280 1041 302; x_wconf 90' lang='lat' dir='ltr'><strong>notum</strong></span> 
     </span>
    </p>
   </div>
   <div class='ocr_carea' id='block_1_5' title="bbox 242 321 1041 359">
    <p class='ocr_par' dir='ltr' id='par_1_5' title="bbox 242 321 1041 359">
     <span class='ocr_line' id='line_1_5' title="bbox 242 321 1041 359; baseline -0.006 -6"><span class='ocrx_word' id='word_1_26' title='bbox 242 329 300 353; x_wconf 65' lang='lat' dir='ltr'><strong>est.</strong></span> <span class='ocrx_word' id='word_1_27' title='bbox 323 325 351 353; x_wconf 90' lang='lat' dir='ltr'><strong>Si</strong></span> <span class='ocrx_word' id='word_1_28' title='bbox 365 325 435 352; x_wconf 92' lang='lat' dir='ltr'><strong>enim</strong></span> <span class='ocrx_word' id='word_1_29' title='bbox 450 324 582 352; x_wconf 86' lang='lat' dir='ltr'><strong>stantibus</strong></span> <span class='ocrx_word' id='word_1_30' title='bbox 595 323 698 359; x_wconf 72' lang='lat' dir='ltr'><strong>legibus</strong></span> <span class='ocrx_word' id='word_1_31' title='bbox 709 327 736 350; x_wconf 90' lang='lat' dir='ltr'><strong>et</strong></span> <span class='ocrx_word' id='word_1_32' title='bbox 747 323 841 350; x_wconf 78' lang='lat' dir='ltr'><strong>timore</strong></span> <span class='ocrx_word' id='word_1_33' title='bbox 852 327 932 357; x_wconf 91' lang='lat' dir='ltr'><strong>atque</strong></span> <span class='ocrx_word' id='word_1_34' title='bbox 943 321 1022 349; x_wconf 84' lang='lat' dir='ltr'><strong>minis</strong></span> <span class='ocrx_word' id='word_1_35' title='bbox 1033 341 1041 354; x_wconf 88' lang='lat'><strong>,</strong></span> 
     </span>
    </p>
   </div>
   <div class='ocr_carea' id='block_1_6' title="bbox 243 367 1042 406">
    <p class='ocr_par' dir='ltr' id='par_1_6' title="bbox 243 367 1042 406">
     <span class='ocr_line' id='line_1_6' title="bbox 243 367 1042 406; baseline -0.004 -9"><span class='ocrx_word' id='word_1_36' title='bbox 243 371 291 399; x_wconf 74' lang='lat' dir='ltr'><strong>vix</strong></span> <span class='ocrx_word' id='word_1_37' title='bbox 315 371 437 406; x_wconf 69' lang='lat' dir='ltr'><strong>maligna:</strong></span> <span class='ocrx_word' id='word_1_38' title='bbox 459 370 610 398; x_wconf 83' lang='lat' dir='ltr'><strong>voluntates</strong></span> <span class='ocrx_word' id='word_1_39' title='bbox 631 373 791 397; x_wconf 87' lang='lat' dir='ltr'><strong>coercentur</strong></span> <span class='ocrx_word' id='word_1_40' title='bbox 808 377 815 395; x_wconf 88' lang='lat'><strong>:</strong></span> <span class='ocrx_word' id='word_1_41' title='bbox 833 368 857 395; x_wconf 89' lang='lat' dir='ltr'><strong>si</strong></span> <span class='ocrx_word' id='word_1_42' title='bbox 878 368 936 395; x_wconf 66' lang='lat' dir='ltr'><strong>haec</strong></span> <span class='ocrx_word' id='word_1_43' title='bbox 955 367 1042 395; x_wconf 86' lang='lat' dir='ltr'><strong>ablata</strong></span> 
     </span>
    </p>
   </div>
   <div class='ocr_carea' id='block_1_7' title="bbox 247 413 1040 452">
    <p class='ocr_par' dir='ltr' id='par_1_7' title="bbox 247 413 1040 452">
     <span class='ocr_line' id='line_1_7' title="bbox 247 413 1040 452; baseline -0.005 -8"><span class='ocrx_word' id='word_1_44' title='bbox 247 417 341 444; x_wconf 76' lang='lat' dir='ltr'><strong>fuisset</strong></span> <span class='ocrx_word' id='word_1_45' title='bbox 360 417 448 444; x_wconf 81' lang='lat' dir='ltr'><strong>cautio</strong></span> <span class='ocrx_word' id='word_1_46' title='bbox 458 437 466 448; x_wconf 87' lang='lat'><strong>,</strong></span> <span class='ocrx_word' id='word_1_47' title='bbox 480 416 541 452; x_wconf 89' lang='lat' dir='ltr'><strong>quid</strong></span> <span class='ocrx_word' id='word_1_48' title='bbox 561 415 703 451; x_wconf 92' lang='lat' dir='ltr'><strong>impediret</strong></span> <span class='ocrx_word' id='word_1_49' title='bbox 718 423 751 442; x_wconf 87' lang='lat' dir='ltr'><strong>ne</strong></span> <span class='ocrx_word' id='word_1_50' title='bbox 766 414 863 441; x_wconf 89' lang='lat' dir='ltr'><strong>malitia</strong></span> <span class='ocrx_word' id='word_1_51' title='bbox 887 413 1040 441; x_wconf 88' lang='lat' dir='ltr'><strong>dominare-</strong></span> 
     </span>
    </p>
   </div>
   <div class='ocr_carea' id='block_1_8' title="bbox 247 460 1041 498">
    <p class='ocr_par' dir='ltr' id='par_1_8' title="bbox 247 460 1041 498">
     <span class='ocr_line' id='line_1_8' title="bbox 247 460 1041 498; baseline -0.005 -8"><span class='ocrx_word' id='word_1_52' title='bbox 247 464 309 490; x_wconf 91' lang='lat' dir='ltr'><strong>tur?</strong></span> <span class='ocrx_word' id='word_1_53' title='bbox 321 467 417 498; x_wconf 88' lang='lat' dir='ltr'><strong>quanta</strong></span> <span class='ocrx_word' id='word_1_54' title='bbox 430 470 481 489; x_wconf 92' lang='lat' dir='ltr'><strong>non</strong></span> <span class='ocrx_word' id='word_1_55' title='bbox 492 462 573 496; x_wconf 83' lang='lat' dir='ltr'><strong>pestis</strong></span> <span class='ocrx_word' id='word_1_56' title='bbox 584 462 609 489; x_wconf 91' lang='lat' dir='ltr'><strong>in</strong></span> <span class='ocrx_word' id='word_1_57' title='bbox 620 461 762 488; x_wconf 77' lang='lat' dir='ltr'><strong>humanam</strong></span> <span class='ocrx_word' id='word_1_58' title='bbox 770 461 850 487; x_wconf 85' lang='lat' dir='ltr'><strong>vitam</strong></span> <span class='ocrx_word' id='word_1_59' title='bbox 858 460 1041 495; x_wconf 72' lang='lat' dir='ltr'><strong>grassaretur?</strong></span> 
     </span>
    </p>
   </div>
   <div class='ocr_carea' id='block_1_9' title="bbox 246 507 1039 544">
    <p class='ocr_par' dir='ltr' id='par_1_9' title="bbox 246 507 1039 544">
     <span class='ocr_line' id='line_1_9' title="bbox 246 507 1039 544; baseline -0.004 -8"><span class='ocrx_word' id='word_1_60' title='bbox 246 509 337 544; x_wconf 85' lang='lat' dir='ltr'><strong>Neque</strong></span> <span class='ocrx_word' id='word_1_61' title='bbox 348 510 418 536; x_wconf 88' lang='lat' dir='ltr'><strong>enim</strong></span> <span class='ocrx_word' id='word_1_62' title='bbox 433 509 457 535; x_wconf 92' lang='lat' dir='ltr'><strong>id</strong></span> <span class='ocrx_word' id='word_1_63' title='bbox 472 509 556 536; x_wconf 89' lang='lat' dir='ltr'><strong>solum</strong></span> <span class='ocrx_word' id='word_1_64' title='bbox 570 508 677 535; x_wconf 84' lang='lat' dir='ltr'><strong>crudele</strong></span> <span class='ocrx_word' id='word_1_65' title='bbox 691 513 777 539; x_wconf 84' lang='lat' dir='ltr'><strong>esset,</strong></span> <span class='ocrx_word' id='word_1_66' title='bbox 792 507 814 534; x_wconf 90' lang='lat' dir='ltr'><strong>si</strong></span> <span class='ocrx_word' id='word_1_67' title='bbox 827 507 967 534; x_wconf 80' lang='lat' dir='ltr'><strong>facinorosi</strong></span> <span class='ocrx_word' id='word_1_68' title='bbox 981 515 1039 542; x_wconf 82' lang='lat' dir='ltr'><strong>qmc</strong></span> 
     </span>
    </p>
   </div>
   <div class='ocr_carea' id='block_1_10' title="bbox 246 552 1039 590">
    <p class='ocr_par' dir='ltr' id='par_1_10' title="bbox 246 552 1039 590">
     <span class='ocr_line' id='line_1_10' title="bbox 246 552 1039 590; baseline -0.003 -8"><span class='ocrx_word' id='word_1_69' title='bbox 246 556 344 583; x_wconf 84' lang='lat' dir='ltr'><strong>vellent</strong></span> <span class='ocrx_word' id='word_1_70' title='bbox 364 562 444 590; x_wconf 77' lang='lat' dir='ltr'><strong>agere</strong></span> <span class='ocrx_word' id='word_1_71' title='bbox 464 555 698 590; x_wconf 84' lang='lat' dir='ltr'><strong>permitterentur;</strong></span> <span class='ocrx_word' id='word_1_72' title='bbox 724 553 770 581; x_wconf 91' lang='lat' dir='ltr'><strong>sed</strong></span> <span class='ocrx_word' id='word_1_73' title='bbox 789 556 817 580; x_wconf 92' lang='lat' dir='ltr'><strong>et</strong></span> <span class='ocrx_word' id='word_1_74' title='bbox 835 552 906 580; x_wconf 85' lang='lat' dir='ltr'><strong>aliud</strong></span> <span class='ocrx_word' id='word_1_75' title='bbox 925 553 970 581; x_wconf 91' lang='lat' dir='ltr'><strong>illo</strong></span> <span class='ocrx_word' id='word_1_76' title='bbox 985 561 1039 580; x_wconf 92' lang='lat' dir='ltr'><strong>non</strong></span> 
     </span>
    </p>
   </div>
   <div class='ocr_carea' id='block_1_11' title="bbox 246 599 1039 635">
    <p class='ocr_par' dir='ltr' id='par_1_11' title="bbox 246 599 1039 635">
     <span class='ocr_line' id='line_1_11' title="bbox 246 599 1039 635; baseline 0 -8"><span class='ocrx_word' id='word_1_77' title='bbox 246 601 334 628; x_wconf 91' lang='lat' dir='ltr'><strong>minus</strong></span> <span class='ocrx_word' id='word_1_78' title='bbox 348 600 526 635; x_wconf 88' lang='lat' dir='ltr'><strong>perniciosum</strong></span> <span class='ocrx_word' id='word_1_79' title='bbox 542 599 621 629; x_wconf 79' lang='lat' dir='ltr'><strong>foret.</strong></span> <span class='ocrx_word' id='word_1_80' title='bbox 634 600 656 626; x_wconf 87' lang='lat' dir='ltr'><strong>si</strong></span> <span class='ocrx_word' id='word_1_81' title='bbox 669 600 714 634; x_wconf 87' lang='lat' dir='ltr'><strong>qui</strong></span> <span class='ocrx_word' id='word_1_82' title='bbox 728 599 794 626; x_wconf 88' lang='lat' dir='ltr'><strong>nihil</strong></span> <span class='ocrx_word' id='word_1_83' title='bbox 808 600 929 631; x_wconf 74' lang='lat' dir='ltr'><strong>laesisset,</strong></span> <span class='ocrx_word' id='word_1_84' title='bbox 943 604 970 626; x_wconf 90' lang='lat' dir='ltr'><strong>et</strong></span> <span class='ocrx_word' id='word_1_85' title='bbox 981 599 1039 627; x_wconf 88' lang='lat' dir='ltr'><strong>sine</strong></span> 
     </span>
    </p>
   </div>
   <div class='ocr_carea' id='block_1_12' title="bbox 243 646 1037 681">
    <p class='ocr_par' dir='ltr' id='par_1_12' title="bbox 243 646 1037 681">
     <span class='ocr_line' id='line_1_12' title="bbox 243 646 1037 681; baseline -0.003 -7"><span class='ocrx_word' id='word_1_86' title='bbox 243 654 323 674; x_wconf 87' lang='lat' dir='ltr'><strong>causa</strong></span> <span class='ocrx_word' id='word_1_87' title='bbox 340 647 410 673; x_wconf 86' lang='lat' dir='ltr'><strong>male</strong></span> <span class='ocrx_word' id='word_1_88' title='bbox 426 653 518 681; x_wconf 88' lang='lat' dir='ltr'><strong>passus</strong></span> <span class='ocrx_word' id='word_1_89' title='bbox 531 651 622 679; x_wconf 91' lang='lat' dir='ltr'><strong>esset,</strong></span> <span class='ocrx_word' id='word_1_90' title='bbox 638 647 696 673; x_wconf 89' lang='lat' dir='ltr'><strong>sine</strong></span> <span class='ocrx_word' id='word_1_91' title='bbox 708 646 806 672; x_wconf 82' lang='lat' dir='ltr'><strong>auxilio</strong></span> <span class='ocrx_word' id='word_1_92' title='bbox 821 650 940 673; x_wconf 87' lang='lat' dir='ltr'><strong>maneret</strong></span> <span class='ocrx_word' id='word_1_93' title='bbox 952 651 978 673; x_wconf 88' lang='lat' dir='ltr'><strong>et</strong></span> <span class='ocrx_word' id='word_1_94' title='bbox 992 653 1037 672; x_wconf 88' lang='lat' dir='ltr'><strong>ne-</strong></span> 
     </span>
    </p>
   </div>
   <div class='ocr_carea' id='block_1_13' title="bbox 243 692 1037 728">
    <p class='ocr_par' dir='ltr' id='par_1_13' title="bbox 243 692 1037 728">
     <span class='ocr_line' id='line_1_13' title="bbox 243 692 1037 728; baseline -0.003 -8"><span class='ocrx_word' id='word_1_95' title='bbox 243 693 396 728; x_wconf 80' lang='lat' dir='ltr'><strong>gligeretur.</strong></span> <span class='ocrx_word' id='word_1_96' title='bbox 421 692 468 719; x_wconf 92' lang='lat' dir='ltr'><strong>Dic</strong></span> <span class='ocrx_word' id='word_1_97' title='bbox 487 692 560 719; x_wconf 87' lang='lat' dir='ltr'><strong>cnim</strong></span> <span class='ocrx_word' id='word_1_98' title='bbox 579 692 643 719; x_wconf 92' lang='lat' dir='ltr'><strong>mihi</strong></span> <span class='ocrx_word' id='word_1_99' title='bbox 657 712 664 724; x_wconf 90' lang='lat'><strong>,</strong></span> <span class='ocrx_word' id='word_1_100' title='bbox 686 692 707 719; x_wconf 91' lang='lat' dir='ltr'><strong>si</strong></span> <span class='ocrx_word' id='word_1_101' title='bbox 727 693 787 727; x_wconf 84' lang='lat' dir='ltr'><strong>quis</strong></span> <span class='ocrx_word' id='word_1_102' title='bbox 806 692 950 719; x_wconf 87' lang='lat' dir='ltr'><strong>sceleratos</strong></span> <span class='ocrx_word' id='word_1_103' title='bbox 966 692 1037 719; x_wconf 87' lang='lat' dir='ltr'><strong>viros</strong></span> 
     </span>
    </p>
   </div>
   <div class='ocr_carea' id='block_1_14' title="bbox 243 738 1035 773">
    <p class='ocr_par' dir='ltr' id='par_1_14' title="bbox 243 738 1035 773">
     <span class='ocr_line' id='line_1_14' title="bbox 243 738 1035 773; baseline 0.001 -8"><span class='ocrx_word' id='word_1_104' title='bbox 243 739 359 773; x_wconf 89' lang='lat' dir='ltr'><strong>undique</strong></span> <span class='ocrx_word' id='word_1_105' title='bbox 374 738 500 773; x_wconf 79' lang='lat' dir='ltr'><strong>colligens</strong></span> <span class='ocrx_word' id='word_1_106' title='bbox 516 743 543 766; x_wconf 89' lang='lat' dir='ltr'><strong>et</strong></span> <span class='ocrx_word' id='word_1_107' title='bbox 555 738 650 773; x_wconf 82' lang='lat' dir='ltr'><strong>gladiis</strong></span> <span class='ocrx_word' id='word_1_108' title='bbox 667 739 789 766; x_wconf 87' lang='lat' dir='ltr'><strong>muniens</strong></span> <span class='ocrx_word' id='word_1_109' title='bbox 800 760 807 771; x_wconf 86' lang='lat'><strong>,</strong></span> <span class='ocrx_word' id='word_1_110' title='bbox 822 739 928 773; x_wconf 83' lang='lat' dir='ltr'><strong>jnberet</strong></span> <span class='ocrx_word' id='word_1_111' title='bbox 943 739 1035 766; x_wconf 90' lang='lat' dir='ltr'><strong>urbem</strong></span> 
     </span>
    </p>
   </div>
   <div class='ocr_carea' id='block_1_15' title="bbox 244 784 1035 820">
    <p class='ocr_par' dir='ltr' id='par_1_15' title="bbox 244 784 1035 820">
     <span class='ocr_line' id='line_1_15' title="bbox 244 784 1035 820; baseline 0 -8"><span class='ocrx_word' id='word_1_112' title='bbox 244 789 327 812; x_wconf 89' lang='lat' dir='ltr'><strong>totam</strong></span> <span class='ocrx_word' id='word_1_113' title='bbox 338 785 479 812; x_wconf 86' lang='lat' dir='ltr'><strong>circumire</strong></span> <span class='ocrx_word' id='word_1_114' title='bbox 490 789 517 812; x_wconf 89' lang='lat' dir='ltr'><strong>et</strong></span> <span class='ocrx_word' id='word_1_115' title='bbox 532 784 625 812; x_wconf 90' lang='lat' dir='ltr'><strong>obvios</strong></span> <span class='ocrx_word' id='word_1_116' title='bbox 635 792 755 820; x_wconf 89' lang='lat' dir='ltr'><strong>quosque</strong></span> <span class='ocrx_word' id='word_1_117' title='bbox 773 784 916 817; x_wconf 81' lang='lat' dir='ltr'><strong>trucidare,</strong></span> <span class='ocrx_word' id='word_1_118' title='bbox 928 793 961 811; x_wconf 87' lang='lat' dir='ltr'><strong>an</strong></span> <span class='ocrx_word' id='word_1_119' title='bbox 974 785 1035 820; x_wconf 88' lang='lat' dir='ltr'><strong>quid</strong></span> 
     </span>
    </p>
   </div>
   <div class='ocr_carea' id='block_1_16' title="bbox 243 831 1033 866">
    <p class='ocr_par' dir='ltr' id='par_1_16' title="bbox 243 831 1033 866">
     <span class='ocr_line' id='line_1_16' title="bbox 243 831 1033 866; baseline -0.001 -8"><span class='ocrx_word' id='word_1_120' title='bbox 243 836 333 866; x_wconf 85' lang='lat' dir='ltr'><strong>posset</strong></span> <span class='ocrx_word' id='word_1_121' title='bbox 346 832 487 858; x_wconf 83' lang='lat' dir='ltr'><strong>immanius</strong></span> <span class='ocrx_word' id='word_1_122' title='bbox 497 831 661 866; x_wconf 78' lang='lat' dir='ltr'><strong>excogitari?</strong></span> <span class='ocrx_word' id='word_1_123' title='bbox 671 831 769 859; x_wconf 87' lang='lat' dir='ltr'><strong>Contra</strong></span> <span class='ocrx_word' id='word_1_124' title='bbox 781 839 844 858; x_wconf 88' lang='lat' dir='ltr'><strong>vero</strong></span> <span class='ocrx_word' id='word_1_125' title='bbox 856 831 877 858; x_wconf 85' lang='lat' dir='ltr'><strong>si</strong></span> <span class='ocrx_word' id='word_1_126' title='bbox 889 832 949 866; x_wconf 85' lang='lat' dir='ltr'><strong>quis</strong></span> <span class='ocrx_word' id='word_1_127' title='bbox 958 832 1033 863; x_wconf 84' lang='lat' dir='ltr'><strong>alius,</strong></span> 
     </span>
    </p>
   </div>
   <div class='ocr_carea' id='block_1_17' title="bbox 241 878 1034 907">
    <p class='ocr_par' dir='ltr' id='par_1_17' title="bbox 241 878 1034 907">
     <span class='ocr_line' id='line_1_17' title="bbox 241 878 1034 907; baseline -0.001 -2"><span class='ocrx_word' id='word_1_128' title='bbox 241 884 359 906; x_wconf 90' lang='lat' dir='ltr'><strong>armatos</strong></span> <span class='ocrx_word' id='word_1_129' title='bbox 380 878 440 907; x_wconf 90' lang='lat' dir='ltr'><strong>illos</strong></span> <span class='ocrx_word' id='word_1_130' title='bbox 462 878 575 906; x_wconf 91' lang='lat' dir='ltr'><strong>vinculis</strong></span> <span class='ocrx_word' id='word_1_131' title='bbox 593 879 752 906; x_wconf 89' lang='lat' dir='ltr'><strong>constrictos</strong></span> <span class='ocrx_word' id='word_1_132' title='bbox 773 879 799 906; x_wconf 91' lang='lat' dir='ltr'><strong>in</strong></span> <span class='ocrx_word' id='word_1_133' title='bbox 820 886 953 906; x_wconf 88' lang='lat' dir='ltr'><strong>carcerem</strong></span> <span class='ocrx_word' id='word_1_134' title='bbox 975 886 1034 906; x_wconf 88' lang='lat' dir='ltr'><strong>eum</strong></span> 
     </span>
    </p>
   </div>
   <div class='ocr_carea' id='block_1_18' title="bbox 241 925 1035 960">
    <p class='ocr_par' dir='ltr' id='par_1_18' title="bbox 241 925 1035 960">
     <span class='ocr_line' id='line_1_18' title="bbox 241 925 1035 960; baseline 0 -9"><span class='ocrx_word' id='word_1_135' title='bbox 241 925 409 952; x_wconf 84' lang='lat' dir='ltr'><strong>vehementia</strong></span> <span class='ocrx_word' id='word_1_136' title='bbox 421 925 551 957; x_wconf 89' lang='lat' dir='ltr'><strong>traderet,</strong></span> <span class='ocrx_word' id='word_1_137' title='bbox 564 925 622 952; x_wconf 93' lang='lat' dir='ltr'><strong>illos</strong></span> <span class='ocrx_word' id='word_1_138' title='bbox 633 930 720 953; x_wconf 91' lang='lat' dir='ltr'><strong>autem</strong></span> <span class='ocrx_word' id='word_1_139' title='bbox 731 925 774 960; x_wconf 91' lang='lat' dir='ltr'><strong>qui</strong></span> <span class='ocrx_word' id='word_1_140' title='bbox 787 933 848 952; x_wconf 78' lang='lat' dir='ltr'><strong>mox</strong></span> <span class='ocrx_word' id='word_1_141' title='bbox 859 925 1035 952; x_wconf 87' lang='lat' dir='ltr'><strong>interliciendi</strong></span> 
     </span>
    </p>
   </div>
   <div class='ocr_carea' id='block_1_19' title="bbox 241 970 1035 1006">
    <p class='ocr_par' dir='ltr' id='par_1_19' title="bbox 241 970 1035 1006">
     <span class='ocr_line' id='line_1_19' title="bbox 241 970 1035 1006; baseline 0 -9"><span class='ocrx_word' id='word_1_142' title='bbox 241 976 334 1004; x_wconf 87' lang='lat' dir='ltr'><strong>erant,</strong></span> <span class='ocrx_word' id='word_1_143' title='bbox 358 979 390 998; x_wconf 75' lang='lat' dir='ltr'><strong>ex</strong></span> <span class='ocrx_word' id='word_1_144' title='bbox 414 971 565 1006; x_wconf 87' lang='lat' dir='ltr'><strong>iniquorum</strong></span> <span class='ocrx_word' id='word_1_145' title='bbox 590 971 712 997; x_wconf 85' lang='lat' dir='ltr'><strong>manibus</strong></span> <span class='ocrx_word' id='word_1_146' title='bbox 734 970 886 1005; x_wconf 82' lang='lat' dir='ltr'><strong>abriperet,</strong></span> <span class='ocrx_word' id='word_1_147' title='bbox 903 978 966 997; x_wconf 90' lang='lat' dir='ltr'><strong>num</strong></span> <span class='ocrx_word' id='word_1_148' title='bbox 990 971 1035 997; x_wconf 92' lang='lat' dir='ltr'><strong>illo</strong></span> 
     </span>
    </p>
   </div>
   <div class='ocr_carea' id='block_1_20' title="bbox 242 1016 1033 1052">
    <p class='ocr_par' dir='ltr' id='par_1_20' title="bbox 242 1016 1033 1052">
     <span class='ocr_line' id='line_1_20' title="bbox 242 1016 1033 1052; baseline -0.001 -8"><span class='ocrx_word' id='word_1_149' title='bbox 242 1018 385 1045; x_wconf 86' lang='lat' dir='ltr'><strong>humanius</strong></span> <span class='ocrx_word' id='word_1_150' title='bbox 398 1017 533 1052; x_wconf 87' lang='lat' dir='ltr'><strong>quidpiam</strong></span> <span class='ocrx_word' id='word_1_151' title='bbox 547 1017 598 1044; x_wconf 94' lang='lat' dir='ltr'><strong>dici</strong></span> <span class='ocrx_word' id='word_1_152' title='bbox 611 1017 712 1052; x_wconf 89' lang='lat' dir='ltr'><strong>possit?</strong></span> <span class='ocrx_word' id='word_1_153' title='bbox 732 1017 794 1044; x_wconf 72' lang='lat' dir='ltr'><strong>lla&#39;c</strong></span> <span class='ocrx_word' id='word_1_154' title='bbox 809 1017 888 1052; x_wconf 75' lang='lat' dir='ltr'><strong>igitur</strong></span> <span class='ocrx_word' id='word_1_155' title='bbox 900 1016 933 1044; x_wconf 88' lang='lat' dir='ltr'><strong>ad</strong></span> <span class='ocrx_word' id='word_1_156' title='bbox 949 1017 1033 1051; x_wconf 78' lang='lat' dir='ltr'><strong>legem</strong></span> 
     </span>
    </p>
   </div>
   <div class='ocr_carea' id='block_1_21' title="bbox 241 1062 1034 1097">
    <p class='ocr_par' dir='ltr' id='par_1_21' title="bbox 241 1062 1034 1097">
     <span class='ocr_line' id='line_1_21' title="bbox 241 1062 1034 1097; baseline 0 -8"><span class='ocrx_word' id='word_1_157' title='bbox 241 1063 355 1089; x_wconf 88' lang='lat' dir='ltr'><strong>transl&#39;er</strong></span> <span class='ocrx_word' id='word_1_158' title='bbox 373 1063 505 1097; x_wconf 75' lang='lat' dir='ltr'><strong>exempla.</strong></span> <span class='ocrx_word' id='word_1_159' title='bbox 526 1062 592 1089; x_wconf 83' lang='lat' dir='ltr'><strong>Nam</strong></span> <span class='ocrx_word' id='word_1_160' title='bbox 610 1062 654 1097; x_wconf 91' lang='lat' dir='ltr'><strong>qui</strong></span> <span class='ocrx_word' id='word_1_161' title='bbox 671 1063 747 1096; x_wconf 89' lang='lat' dir='ltr'><strong>jubet</strong></span> <span class='ocrx_word' id='word_1_162' title='bbox 766 1063 870 1089; x_wconf 84' lang='lat' dir='ltr'><strong>oculum</strong></span> <span class='ocrx_word' id='word_1_163' title='bbox 892 1070 939 1096; x_wconf 91' lang='lat' dir='ltr'><strong>pro</strong></span> <span class='ocrx_word' id='word_1_164' title='bbox 957 1062 1034 1089; x_wconf 88' lang='lat' dir='ltr'><strong>oculo</strong></span> 
     </span>
    </p>
   </div>
   <div class='ocr_carea' id='block_1_22' title="bbox 240 1106 1033 1142">
    <p class='ocr_par' dir='ltr' id='par_1_22' title="bbox 240 1106 1033 1142">
     <span class='ocr_line' id='line_1_22' title="bbox 240 1106 1033 1142; baseline -0.001 -8"><span class='ocrx_word' id='word_1_165' title='bbox 240 1115 334 1135; x_wconf 89' lang='lat' dir='ltr'><strong>eruere</strong></span> <span class='ocrx_word' id='word_1_166' title='bbox 344 1129 351 1139; x_wconf 80' lang='grc'>,</span> <span class='ocrx_word' id='word_1_167' title='bbox 366 1115 415 1134; x_wconf 92' lang='lat' dir='ltr'><strong>ceu</strong></span> <span class='ocrx_word' id='word_1_168' title='bbox 436 1107 570 1134; x_wconf 91' lang='lat' dir='ltr'><strong>vinculum</strong></span> <span class='ocrx_word' id='word_1_169' title='bbox 584 1107 717 1142; x_wconf 86' lang='lat' dir='ltr'><strong>quoddam</strong></span> <span class='ocrx_word' id='word_1_170' title='bbox 734 1108 838 1134; x_wconf 88' lang='lat' dir='ltr'><strong>lirnmm</strong></span> <span class='ocrx_word' id='word_1_171' title='bbox 853 1107 878 1134; x_wconf 91' lang='lat' dir='ltr'><strong>in</strong></span> <span class='ocrx_word' id='word_1_172' title='bbox 899 1106 1033 1134; x_wconf 81' lang='lat' dir='ltr'><strong>facinoro-</strong></span> 
     </span>
    </p>
   </div>
   <div class='ocr_carea' id='block_1_23' title="bbox 239 1153 1033 1189">
    <p class='ocr_par' dir='ltr' id='par_1_23' title="bbox 239 1153 1033 1189">
     <span class='ocr_line' id='line_1_23' title="bbox 239 1153 1033 1189; baseline 0 -9"><span class='ocrx_word' id='word_1_173' title='bbox 239 1162 330 1181; x_wconf 87' lang='lat' dir='ltr'><strong>sorutn</strong></span> <span class='ocrx_word' id='word_1_174' title='bbox 343 1153 447 1181; x_wconf 86' lang='lat' dir='ltr'><strong>animos</strong></span> <span class='ocrx_word' id='word_1_175' title='bbox 454 1154 577 1189; x_wconf 85' lang='lat' dir='ltr'><strong>conjecit,</strong></span> <span class='ocrx_word' id='word_1_176' title='bbox 585 1154 662 1188; x_wconf 83' lang='lat' dir='ltr'><strong>eique</strong></span> <span class='ocrx_word' id='word_1_177' title='bbox 672 1154 767 1180; x_wconf 87' lang='lat' dir='ltr'><strong>similis</strong></span> <span class='ocrx_word' id='word_1_178' title='bbox 780 1158 829 1185; x_wconf 85' lang='lat' dir='ltr'><strong>est,</strong></span> <span class='ocrx_word' id='word_1_179' title='bbox 837 1153 981 1188; x_wconf 81' lang='lat' dir='ltr'><strong>quigladiis</strong></span> <span class='ocrx_word' id='word_1_180' title='bbox 991 1162 1033 1180; x_wconf 93' lang='lat' dir='ltr'><strong>ar-</strong></span> 
     </span>
    </p>
   </div>
   <div class='ocr_carea' id='block_1_24' title="bbox 239 1198 1029 1234">
    <p class='ocr_par' dir='ltr' id='par_1_24' title="bbox 239 1198 1029 1234">
     <span class='ocr_line' id='line_1_24' title="bbox 239 1198 1029 1234; baseline -0.004 -8"><span class='ocrx_word' id='word_1_181' title='bbox 239 1204 325 1226; x_wconf 86' lang='lat' dir='ltr'><strong>matos</strong></span> <span class='ocrx_word' id='word_1_182' title='bbox 340 1199 399 1226; x_wconf 93' lang='lat' dir='ltr'><strong>illos</strong></span> <span class='ocrx_word' id='word_1_183' title='bbox 406 1199 523 1226; x_wconf 87' lang='lat' dir='ltr'><strong>coercuit</strong></span> <span class='ocrx_word' id='word_1_184' title='bbox 534 1199 663 1234; x_wconf 90' lang='lat' dir='ltr'><strong>:quivero</strong></span> <span class='ocrx_word' id='word_1_185' title='bbox 671 1199 734 1225; x_wconf 94' lang='lat' dir='ltr'><strong>nulli</strong></span> <span class='ocrx_word' id='word_1_186' title='bbox 748 1198 1029 1234; x_wconf 79' lang='lat' dir='ltr'><strong>addiceretsupplieio,</strong></span> 
     </span>
    </p>
   </div>
   <div class='ocr_carea' id='block_1_25' title="bbox 239 1245 1030 1280">
    <p class='ocr_par' dir='ltr' id='par_1_25' title="bbox 239 1245 1030 1280">
     <span class='ocr_line' id='line_1_25' title="bbox 239 1245 1030 1280; baseline -0.003 -7"><span class='ocrx_word' id='word_1_187' title='bbox 239 1246 289 1273; x_wconf 87' lang='lat' dir='ltr'><strong>hac</strong></span> <span class='ocrx_word' id='word_1_188' title='bbox 302 1246 408 1273; x_wconf 87' lang='lat' dir='ltr'><strong>licentia</strong></span> <span class='ocrx_word' id='word_1_189' title='bbox 423 1253 489 1280; x_wconf 90' lang='lat' dir='ltr'><strong>pene</strong></span> <span class='ocrx_word' id='word_1_190' title='bbox 500 1245 574 1272; x_wconf 91' lang='lat' dir='ltr'><strong>illum</strong></span> <span class='ocrx_word' id='word_1_191' title='bbox 589 1250 716 1278; x_wconf 87' lang='lat' dir='ltr'><strong>armaret,</strong></span> <span class='ocrx_word' id='word_1_192' title='bbox 733 1245 860 1280; x_wconf 89' lang='lat' dir='ltr'><strong>illumque</strong></span> <span class='ocrx_word' id='word_1_193' title='bbox 872 1245 1030 1278; x_wconf 83' lang='lat' dir='ltr'><strong>imitaretur,</strong></span> 
     </span>
    </p>
   </div>
   <div class='ocr_carea' id='block_1_26' title="bbox 237 1290 1030 1326">
    <p class='ocr_par' dir='ltr' id='par_1_26' title="bbox 237 1290 1030 1326">
     <span class='ocr_line' id='line_1_26' title="bbox 237 1290 1030 1326; baseline 0 -9"><span class='ocrx_word' id='word_1_194' title='bbox 237 1291 281 1326; x_wconf 86' lang='lat' dir='ltr'><strong>qui</strong></span> <span class='ocrx_word' id='word_1_195' title='bbox 297 1295 412 1318; x_wconf 86' lang='lat' dir='ltr'><strong>armatos</strong></span> <span class='ocrx_word' id='word_1_196' title='bbox 426 1290 518 1325; x_wconf 65' lang='lat' dir='ltr'><strong>gladiis</strong></span> <span class='ocrx_word' id='word_1_197' title='bbox 531 1291 602 1317; x_wconf 86' lang='lat' dir='ltr'><strong>viros</strong></span> <span class='ocrx_word' id='word_1_198' title='bbox 624 1298 670 1325; x_wconf 88' lang='lat' dir='ltr'><strong>per</strong></span> <span class='ocrx_word' id='word_1_199' title='bbox 692 1294 772 1317; x_wconf 83' lang='lat' dir='ltr'><strong>totam</strong></span> <span class='ocrx_word' id='word_1_200' title='bbox 788 1290 879 1318; x_wconf 89' lang='lat' dir='ltr'><strong>urbem</strong></span> <span class='ocrx_word' id='word_1_201' title='bbox 904 1291 1030 1317; x_wconf 79' lang='lat' dir='ltr'><strong>mitteret.</strong></span> 
     </span>
    </p>
   </div>
   <div class='ocr_carea' id='block_1_27' title="bbox 274 1335 1031 1371">
    <p class='ocr_par' dir='ltr' id='par_1_27' title="bbox 274 1335 1031 1371">
     <span class='ocr_line' id='line_1_27' title="bbox 274 1335 1031 1371; baseline -0.001 -9"><span class='ocrx_word' id='word_1_202' title='bbox 274 1337 299 1363; x_wconf 93' lang='lat'><strong>7.</strong></span> <span class='ocrx_word' id='word_1_203' title='bbox 320 1336 383 1370; x_wconf 83' lang='lat' dir='ltr'><strong>Ipsa</strong></span> <span class='ocrx_word' id='word_1_204' title='bbox 397 1337 508 1371; x_wconf 76' lang='lat' dir='ltr'><strong>antiqua:</strong></span> <span class='ocrx_word' id='word_1_205' title='bbox 527 1336 588 1370; x_wconf 84' lang='lat' dir='ltr'><strong>legis</strong></span> <span class='ocrx_word' id='word_1_206' title='bbox 602 1341 728 1370; x_wconf 78' lang='lat' dir='ltr'><strong>prwcepta</strong></span> <span class='ocrx_word' id='word_1_207' title='bbox 747 1335 853 1370; x_wconf 81' lang='lat' dir='ltr'><strong>benigna</strong></span> <span class='ocrx_word' id='word_1_208' title='bbox 872 1340 941 1363; x_wconf 80' lang='lat' dir='ltr'><strong>sunt.</strong></span> <span class='ocrx_word' id='word_1_209' title='bbox 960 1335 1031 1362; x_wconf 85' lang='lat' dir='ltr'><strong>Unus</strong></span> 
     </span>
    </p>
   </div>
   <div class='ocr_carea' id='block_1_28' title="bbox 237 1381 1031 1418">
    <p class='ocr_par' dir='ltr' id='par_1_28' title="bbox 237 1381 1031 1418">
     <span class='ocr_line' id='line_1_28' title="bbox 237 1381 1031 1418; baseline 0 -9"><span class='ocrx_word' id='word_1_210' title='bbox 237 1383 352 1418; x_wconf 78' lang='lat' dir='ltr'><strong>idemque</strong></span> <span class='ocrx_word' id='word_1_211' title='bbox 365 1388 401 1409; x_wconf 75' lang='lat' dir='ltr'><strong>est</strong></span> <span class='ocrx_word' id='word_1_212' title='bbox 415 1382 545 1415; x_wconf 83' lang='lat' dir='ltr'><strong>utriusque</strong></span> <span class='ocrx_word' id='word_1_213' title='bbox 557 1381 710 1408; x_wconf 82' lang='lat' dir='ltr'><strong>Tcstamenli</strong></span> <span class='ocrx_word' id='word_1_214' title='bbox 724 1381 862 1417; x_wconf 82' lang='lat' dir='ltr'><strong>legislator.</strong></span> <span class='ocrx_word' id='word_1_215' title='bbox 882 1397 917 1402; x_wconf 93' lang='lat'><strong><em>—</em></strong></span> <span class='ocrx_word' id='word_1_216' title='bbox 937 1382 1031 1409; x_wconf 82' lang='lat' dir='ltr'><strong>Viden‘</strong></span> 
     </span>
    </p>
   </div>
   <div class='ocr_carea' id='block_1_29' title="bbox 237 1427 1029 1464">
    <p class='ocr_par' dir='ltr' id='par_1_29' title="bbox 237 1427 1029 1464">
     <span class='ocr_line' id='line_1_29' title="bbox 237 1427 1029 1464; baseline -0.001 -9"><span class='ocrx_word' id='word_1_217' title='bbox 237 1428 371 1464; x_wconf 89' lang='lat' dir='ltr'><strong>quomodo</strong></span> <span class='ocrx_word' id='word_1_218' title='bbox 381 1437 432 1455; x_wconf 90' lang='lat' dir='ltr'><strong>non</strong></span> <span class='ocrx_word' id='word_1_219' title='bbox 443 1428 610 1462; x_wconf 86' lang='lat' dir='ltr'><strong>crudelitate,</strong></span> <span class='ocrx_word' id='word_1_220' title='bbox 620 1428 667 1455; x_wconf 87' lang='lat' dir='ltr'><strong>sed</strong></span> <span class='ocrx_word' id='word_1_221' title='bbox 677 1428 838 1463; x_wconf 81' lang='lat' dir='ltr'><strong>benignitate</strong></span> <span class='ocrx_word' id='word_1_222' title='bbox 849 1436 942 1463; x_wconf 80' lang='lat' dir='ltr'><strong>magna</strong></span> <span class='ocrx_word' id='word_1_223' title='bbox 952 1427 1029 1463; x_wconf 88' lang='lat' dir='ltr'><strong>plena</strong></span> 
     </span>
    </p>
   </div>
   <div class='ocr_carea' id='block_1_30' title="bbox 237 1475 1028 1511">
    <p class='ocr_par' dir='ltr' id='par_1_30' title="bbox 237 1475 1028 1511">
     <span class='ocr_line' id='line_1_30' title="bbox 237 1475 1028 1511; baseline 0.001 -9"><span class='ocrx_word' id='word_1_224' title='bbox 237 1477 290 1502; x_wconf 86' lang='lat' dir='ltr'><strong>siut</strong></span> <span class='ocrx_word' id='word_1_225' title='bbox 305 1475 456 1511; x_wconf 72' lang='lat' dir='ltr'><strong>prmcepta?</strong></span> <span class='ocrx_word' id='word_1_226' title='bbox 477 1476 504 1503; x_wconf 91' lang='lat' dir='ltr'><strong>Si</strong></span> <span class='ocrx_word' id='word_1_227' title='bbox 518 1483 581 1502; x_wconf 80' lang='lat' dir='ltr'><strong>vero</strong></span> <span class='ocrx_word' id='word_1_228' title='bbox 596 1480 735 1510; x_wconf 87' lang='lat' dir='ltr'><strong>propterea</strong></span> <span class='ocrx_word' id='word_1_229' title='bbox 749 1475 927 1510; x_wconf 77' lang='lat' dir='ltr'><strong>legislatorem</strong></span> <span class='ocrx_word' id='word_1_230' title='bbox 944 1475 1028 1503; x_wconf 89' lang='lat' dir='ltr'><strong>mole-</strong></span> 
     </span>
    </p>
   </div>
   <div class='ocr_carea' id='block_1_31' title="bbox 236 1521 1029 1556">
    <p class='ocr_par' dir='ltr' id='par_1_31' title="bbox 236 1521 1029 1556">
     <span class='ocr_line' id='line_1_31' title="bbox 236 1521 1029 1556; baseline 0 -8"><span class='ocrx_word' id='word_1_231' title='bbox 236 1527 306 1549; x_wconf 89' lang='lat' dir='ltr'><strong>stum</strong></span> <span class='ocrx_word' id='word_1_232' title='bbox 322 1529 518 1556; x_wconf 88' lang='lat' dir='ltr'><strong>onerosumque</strong></span> <span class='ocrx_word' id='word_1_233' title='bbox 530 1529 619 1554; x_wconf 79' lang='lat' dir='ltr'><strong>vocas,</strong></span> <span class='ocrx_word' id='word_1_234' title='bbox 635 1521 698 1556; x_wconf 88' lang='lat' dir='ltr'><strong>quid</strong></span> <span class='ocrx_word' id='word_1_235' title='bbox 714 1522 867 1552; x_wconf 82' lang='lat' dir='ltr'><strong>molestius.</strong></span> <span class='ocrx_word' id='word_1_236' title='bbox 881 1529 971 1556; x_wconf 67' lang='lat' dir='ltr'><strong>qumso</strong></span> <span class='ocrx_word' id='word_1_237' title='bbox 981 1543 987 1553; x_wconf 87' lang='grc'>,</span> <span class='ocrx_word' id='word_1_238' title='bbox 1002 1526 1029 1549; x_wconf 93' lang='lat' dir='ltr'><strong>et</strong></span> 
     </span>
    </p>
   </div>
   <div class='ocr_carea' id='block_1_32' title="bbox 236 1567 1029 1604">
    <p class='ocr_par' dir='ltr' id='par_1_32' title="bbox 236 1567 1029 1604">
     <span class='ocr_line' id='line_1_32' title="bbox 236 1567 1029 1604; baseline 0 -10"><span class='ocrx_word' id='word_1_239' title='bbox 236 1569 298 1604; x_wconf 84' lang='lat' dir='ltr'><strong>quid</strong></span> <span class='ocrx_word' id='word_1_240' title='bbox 313 1568 452 1596; x_wconf 88' lang='lat' dir='ltr'><strong>onerosius</strong></span> <span class='ocrx_word' id='word_1_241' title='bbox 465 1568 515 1599; x_wconf 83' lang='lat' dir='ltr'><strong>sit,</strong></span> <span class='ocrx_word' id='word_1_242' title='bbox 533 1576 584 1594; x_wconf 92' lang='lat' dir='ltr'><strong>non</strong></span> <span class='ocrx_word' id='word_1_243' title='bbox 596 1567 728 1600; x_wconf 83' lang='lat' dir='ltr'><strong>occidere,</strong></span> <span class='ocrx_word' id='word_1_244' title='bbox 743 1575 776 1594; x_wconf 87' lang='lat' dir='ltr'><strong>an</strong></span> <span class='ocrx_word' id='word_1_245' title='bbox 789 1576 841 1595; x_wconf 90' lang='lat' dir='ltr'><strong>non</strong></span> <span class='ocrx_word' id='word_1_246' title='bbox 855 1568 952 1594; x_wconf 87' lang='lat' dir='ltr'><strong>irasci?</strong></span> <span class='ocrx_word' id='word_1_247' title='bbox 965 1567 1029 1601; x_wconf 82' lang='lat' dir='ltr'><strong>Quis</strong></span> 
     </span>
    </p>
   </div>
   <div class='ocr_carea' id='block_1_33' title="bbox 237 1613 1028 1650">
    <p class='ocr_par' dir='ltr' id='par_1_33' title="bbox 237 1613 1028 1650">
     <span class='ocr_line' id='line_1_33' title="bbox 237 1613 1028 1650; baseline -0.001 -9"><span class='ocrx_word' id='word_1_248' title='bbox 237 1615 365 1646; x_wconf 69' lang='lat' dir='ltr'><strong>sevorior,</strong></span> <span class='ocrx_word' id='word_1_249' title='bbox 381 1614 425 1650; x_wconf 89' lang='lat' dir='ltr'><strong>qui</strong></span> <span class='ocrx_word' id='word_1_250' title='bbox 441 1613 575 1642; x_wconf 90' lang='lat' dir='ltr'><strong>homicidii</strong></span> <span class='ocrx_word' id='word_1_251' title='bbox 591 1621 683 1648; x_wconf 62' lang='lat' dir='ltr'><strong>poenas</strong></span> <span class='ocrx_word' id='word_1_252' title='bbox 697 1613 803 1649; x_wconf 89' lang='lat' dir='ltr'><strong>repetit,</strong></span> <span class='ocrx_word' id='word_1_253' title='bbox 818 1621 851 1640; x_wconf 91' lang='lat' dir='ltr'><strong>an</strong></span> <span class='ocrx_word' id='word_1_254' title='bbox 863 1614 907 1648; x_wconf 93' lang='lat' dir='ltr'><strong>qui</strong></span> <span class='ocrx_word' id='word_1_255' title='bbox 922 1615 1028 1640; x_wconf 89' lang='lat' dir='ltr'><strong>iracun-</strong></span> 
     </span>
    </p>
   </div>
   <div class='ocr_carea' id='block_1_34' title="bbox 236 1659 1028 1696">
    <p class='ocr_par' dir='ltr' id='par_1_34' title="bbox 236 1659 1028 1696">
     <span class='ocr_line' id='line_1_34' title="bbox 236 1659 1028 1696; baseline -0.003 -8"><span class='ocrx_word' id='word_1_256' title='bbox 236 1659 306 1688; x_wconf 61' lang='lat' dir='ltr'><strong>diar?</strong></span> <span class='ocrx_word' id='word_1_257' title='bbox 320 1661 364 1696; x_wconf 90' lang='lat' dir='ltr'><strong>qui</strong></span> <span class='ocrx_word' id='word_1_258' title='bbox 377 1659 510 1688; x_wconf 66' lang='lat' dir='ltr'><strong>moechum</strong></span> <span class='ocrx_word' id='word_1_259' title='bbox 524 1665 583 1694; x_wconf 91' lang='lat' dir='ltr'><strong>post</strong></span> <span class='ocrx_word' id='word_1_260' title='bbox 596 1664 729 1694; x_wconf 90' lang='lat' dir='ltr'><strong>peractam</strong></span> <span class='ocrx_word' id='word_1_261' title='bbox 742 1667 810 1692; x_wconf 89' lang='lat' dir='ltr'><strong>rem,</strong></span> <span class='ocrx_word' id='word_1_262' title='bbox 825 1660 954 1694; x_wconf 89' lang='lat' dir='ltr'><strong>supplicio</strong></span> <span class='ocrx_word' id='word_1_263' title='bbox 966 1659 1028 1687; x_wconf 90' lang='lat' dir='ltr'><strong>sub-</strong></span> 
     </span>
    </p>
   </div>
   <div class='ocr_carea' id='block_1_35' title="bbox 236 1705 1028 1740">
    <p class='ocr_par' dir='ltr' id='par_1_35' title="bbox 236 1705 1028 1740">
     <span class='ocr_line' id='line_1_35' title="bbox 236 1705 1028 1740; baseline -0.001 -7"><span class='ocrx_word' id='word_1_264' title='bbox 236 1706 292 1740; x_wconf 79' lang='lat' dir='ltr'><strong>iicit</strong></span> <span class='ocrx_word' id='word_1_265' title='bbox 304 1727 310 1738; x_wconf 85' lang='lat'><strong>,</strong></span> <span class='ocrx_word' id='word_1_266' title='bbox 327 1714 359 1732; x_wconf 87' lang='lat' dir='ltr'><strong>an</strong></span> <span class='ocrx_word' id='word_1_267' title='bbox 375 1706 419 1740; x_wconf 85' lang='lat' dir='ltr'><strong>qui</strong></span> <span class='ocrx_word' id='word_1_268' title='bbox 441 1705 523 1740; x_wconf 90' lang='lat' dir='ltr'><strong>ipsius</strong></span> <span class='ocrx_word' id='word_1_269' title='bbox 537 1705 759 1739; x_wconf 67' lang='lat' dir='ltr'><strong>concupiscentia:</strong></span> <span class='ocrx_word' id='word_1_270' title='bbox 770 1705 845 1739; x_wconf 88' lang='lat' dir='ltr'><strong>jubet</strong></span> <span class='ocrx_word' id='word_1_271' title='bbox 859 1705 923 1732; x_wconf 89' lang='lat' dir='ltr'><strong>dare</strong></span> <span class='ocrx_word' id='word_1_272' title='bbox 936 1713 1028 1740; x_wconf 67' lang='lat' dir='ltr'><strong>pwnas</strong></span> 
     </span>
    </p>
   </div>
   <div class='ocr_carea' id='block_1_36' title="bbox 236 1750 1028 1787">
    <p class='ocr_par' dir='ltr' id='par_1_36' title="bbox 236 1750 1028 1787">
     <span class='ocr_line' id='line_1_36' title="bbox 236 1750 1028 1787; baseline 0 -8"><span class='ocrx_word' id='word_1_273' title='bbox 236 1757 263 1779; x_wconf 76' lang='lat' dir='ltr'><strong>ct</strong></span> <span class='ocrx_word' id='word_1_274' title='bbox 285 1760 377 1787; x_wconf 65' lang='lat' dir='ltr'><strong>pinnas</strong></span> <span class='ocrx_word' id='word_1_275' title='bbox 398 1751 581 1779; x_wconf 88' lang='lat' dir='ltr'><strong>immortales?</strong></span> <span class='ocrx_word' id='word_1_276' title='bbox 604 1750 717 1783; x_wconf 83' lang='lat' dir='ltr'><strong>Videte,</strong></span> <span class='ocrx_word' id='word_1_277' title='bbox 742 1751 766 1777; x_wconf 93' lang='lat' dir='ltr'><strong>in</strong></span> <span class='ocrx_word' id='word_1_278' title='bbox 788 1751 950 1778; x_wconf 89' lang='lat' dir='ltr'><strong>contrarium</strong></span> <span class='ocrx_word' id='word_1_279' title='bbox 976 1751 1028 1779; x_wconf 81' lang='lat' dir='ltr'><strong>illis</strong></span> 
     </span>
    </p>
   </div>
   <div class='ocr_carea' id='block_1_37' title="bbox 235 1796 1026 1832">
    <p class='ocr_par' dir='ltr' id='par_1_37' title="bbox 235 1796 1026 1832">
     <span class='ocr_line' id='line_1_37' title="bbox 235 1796 1026 1832; baseline 0.001 -8"><span class='ocrx_word' id='word_1_280' title='bbox 235 1805 394 1825; x_wconf 80' lang='lat' dir='ltr'><strong>conversum</strong></span> <span class='ocrx_word' id='word_1_281' title='bbox 409 1804 467 1824; x_wconf 83' lang='lat' dir='ltr'><strong>csse</strong></span> <span class='ocrx_word' id='word_1_282' title='bbox 482 1805 643 1824; x_wconf 86' lang='lat' dir='ltr'><strong>sermonem.</strong></span> <span class='ocrx_word' id='word_1_283' title='bbox 665 1796 731 1823; x_wconf 86' lang='lat' dir='ltr'><strong>Nam</strong></span> <span class='ocrx_word' id='word_1_284' title='bbox 747 1797 845 1824; x_wconf 86' lang='lat' dir='ltr'><strong>veteris</strong></span> <span class='ocrx_word' id='word_1_285' title='bbox 860 1798 925 1832; x_wconf 80' lang='lat' dir='ltr'><strong>legis</strong></span> <span class='ocrx_word' id='word_1_286' title='bbox 940 1798 1007 1825; x_wconf 88' lang='lat' dir='ltr'><strong>Deus</strong></span> <span class='ocrx_word' id='word_1_287' title='bbox 1017 1819 1026 1831; x_wconf 87' lang='lat'><strong>,</strong></span> 
     </span>
    </p>
   </div>
   <div class='ocr_carea' id='block_1_38' title="bbox 236 1842 1027 1878">
    <p class='ocr_par' dir='ltr' id='par_1_38' title="bbox 236 1842 1027 1878">
     <span class='ocr_line' id='line_1_38' title="bbox 236 1842 1027 1878; baseline 0 -8"><span class='ocrx_word' id='word_1_288' title='bbox 236 1851 314 1878; x_wconf 88' lang='lat' dir='ltr'><strong>quem</strong></span> <span class='ocrx_word' id='word_1_289' title='bbox 330 1843 379 1878; x_wconf 88' lang='lat' dir='ltr'><strong>ipsi</strong></span> <span class='ocrx_word' id='word_1_290' title='bbox 393 1842 485 1870; x_wconf 86' lang='lat' dir='ltr'><strong>dicunt</strong></span> <span class='ocrx_word' id='word_1_291' title='bbox 497 1842 632 1869; x_wconf 85' lang='lat' dir='ltr'><strong>crudelem</strong></span> <span class='ocrx_word' id='word_1_292' title='bbox 648 1850 722 1874; x_wconf 87' lang='lat' dir='ltr'><strong>esse,</strong></span> <span class='ocrx_word' id='word_1_293' title='bbox 741 1847 894 1869; x_wconf 90' lang='lat' dir='ltr'><strong>mansuetus</strong></span> <span class='ocrx_word' id='word_1_294' title='bbox 908 1843 1027 1870; x_wconf 87' lang='lat' dir='ltr'><strong>invenie-</strong></span> 
     </span>
    </p>
   </div>
   <div class='ocr_carea' id='block_1_39' title="bbox 236 1889 1026 1924">
    <p class='ocr_par' dir='ltr' id='par_1_39' title="bbox 236 1889 1026 1924">
     <span class='ocr_line' id='line_1_39' title="bbox 236 1889 1026 1924; baseline 0.003 -9"><span class='ocrx_word' id='word_1_295' title='bbox 236 1894 297 1920; x_wconf 89' lang='lat' dir='ltr'><strong>tur;</strong></span> <span class='ocrx_word' id='word_1_296' title='bbox 321 1897 396 1915; x_wconf 78' lang='lat' dir='ltr'><strong>novze</strong></span> <span class='ocrx_word' id='word_1_297' title='bbox 415 1892 502 1915; x_wconf 90' lang='lat' dir='ltr'><strong>autem</strong></span> <span class='ocrx_word' id='word_1_298' title='bbox 519 1889 584 1923; x_wconf 78' lang='lat' dir='ltr'><strong>legis</strong></span> <span class='ocrx_word' id='word_1_299' title='bbox 597 1889 682 1921; x_wconf 87' lang='lat' dir='ltr'><strong>Deus,</strong></span> <span class='ocrx_word' id='word_1_300' title='bbox 698 1896 777 1923; x_wconf 87' lang='lat' dir='ltr'><strong>quem</strong></span> <span class='ocrx_word' id='word_1_301' title='bbox 791 1896 850 1916; x_wconf 86' lang='lat' dir='ltr'><strong>esse</strong></span> <span class='ocrx_word' id='word_1_302' title='bbox 863 1889 960 1916; x_wconf 89' lang='lat' dir='ltr'><strong>bonum</strong></span> <span class='ocrx_word' id='word_1_303' title='bbox 978 1891 1026 1924; x_wconf 90' lang='lat' dir='ltr'><strong>ipsi</strong></span> 
     </span>
    </p>
   </div>
   <div class='ocr_carea' id='block_1_40' title="bbox 235 1933 1025 1966">
    <p class='ocr_par' dir='ltr' id='par_1_40' title="bbox 235 1933 1025 1966">
     <span class='ocr_line' id='line_1_40' title="bbox 235 1933 1025 1966; baseline 0.001 -5"><span class='ocrx_word' id='word_1_304' title='bbox 235 1935 370 1966; x_wconf 84' lang='lat' dir='ltr'><strong>fatentur,</strong></span> <span class='ocrx_word' id='word_1_305' title='bbox 396 1933 524 1960; x_wconf 89' lang='lat' dir='ltr'><strong>molestus</strong></span> <span class='ocrx_word' id='word_1_306' title='bbox 548 1938 574 1960; x_wconf 85' lang='lat' dir='ltr'><strong>et</strong></span> <span class='ocrx_word' id='word_1_307' title='bbox 599 1941 727 1960; x_wconf 87' lang='lat' dir='ltr'><strong>onerosus</strong></span> <span class='ocrx_word' id='word_1_308' title='bbox 750 1934 894 1961; x_wconf 91' lang='lat' dir='ltr'><strong>secundum</strong></span> <span class='ocrx_word' id='word_1_309' title='bbox 920 1935 1025 1962; x_wconf 88' lang='lat' dir='ltr'><strong>illorum</strong></span> 
     </span>
    </p>
   </div>
   <div class='ocr_carea' id='block_1_41' title="bbox 236 1979 1027 2015">
    <p class='ocr_par' dir='ltr' id='par_1_41' title="bbox 236 1979 1027 2015">
     <span class='ocr_line' id='line_1_41' title="bbox 236 1979 1027 2015; baseline 0 -8"><span class='ocrx_word' id='word_1_310' title='bbox 236 1980 384 2014; x_wconf 85' lang='lat' dir='ltr'><strong>stultitiam.</strong></span> <span class='ocrx_word' id='word_1_311' title='bbox 411 1979 464 2006; x_wconf 83' lang='lat' dir='ltr'><strong>Nos</strong></span> <span class='ocrx_word' id='word_1_312' title='bbox 487 1979 584 2014; x_wconf 89' lang='lat' dir='ltr'><strong>quippe</strong></span> <span class='ocrx_word' id='word_1_313' title='bbox 608 1987 688 2006; x_wconf 91' lang='lat' dir='ltr'><strong>unum</strong></span> <span class='ocrx_word' id='word_1_314' title='bbox 712 1979 889 2015; x_wconf 88' lang='lat' dir='ltr'><strong>eumdemque</strong></span> <span class='ocrx_word' id='word_1_315' title='bbox 914 1980 1027 2007; x_wconf 90' lang='lat' dir='ltr'><strong>dicimus</strong></span> 
     </span>
    </p>
   </div>
   <div class='ocr_carea' id='block_1_42' title="bbox 236 2023 1026 2060">
    <p class='ocr_par' dir='ltr' id='par_1_42' title="bbox 236 2023 1026 2060">
     <span class='ocr_line' id='line_1_42' title="bbox 236 2023 1026 2060; baseline 0.001 -9"><span class='ocrx_word' id='word_1_316' title='bbox 236 2026 373 2059; x_wconf 88' lang='lat' dir='ltr'><strong>utriusque</strong></span> <span class='ocrx_word' id='word_1_317' title='bbox 388 2024 549 2051; x_wconf 84' lang='lat' dir='ltr'><strong>Testamenti</strong></span> <span class='ocrx_word' id='word_1_318' title='bbox 565 2023 744 2059; x_wconf 79' lang='lat' dir='ltr'><strong>lcgislatorem</strong></span> <span class='ocrx_word' id='word_1_319' title='bbox 754 2045 761 2056; x_wconf 81' lang='lat'><strong>,</strong></span> <span class='ocrx_word' id='word_1_320' title='bbox 776 2024 820 2060; x_wconf 87' lang='lat' dir='ltr'><strong>qui</strong></span> <span class='ocrx_word' id='word_1_321' title='bbox 835 2025 924 2052; x_wconf 89' lang='lat' dir='ltr'><strong>omnia</strong></span> <span class='ocrx_word' id='word_1_322' title='bbox 940 2031 967 2052; x_wconf 90' lang='lat' dir='ltr'><strong>ut</strong></span> <span class='ocrx_word' id='word_1_323' title='bbox 981 2026 1026 2053; x_wconf 90' lang='lat' dir='ltr'><strong>de-</strong></span> 
     </span>
    </p>
   </div>
   <div class='ocr_carea' id='block_1_43' title="bbox 235 2070 1026 2106">
    <p class='ocr_par' dir='ltr' id='par_1_43' title="bbox 235 2070 1026 2106">
     <span class='ocr_line' id='line_1_43' title="bbox 235 2070 1026 2106; baseline 0.003 -10"><span class='ocrx_word' id='word_1_324' title='bbox 235 2071 312 2097; x_wconf 81' lang='lat' dir='ltr'><strong>cebat</strong></span> <span class='ocrx_word' id='word_1_325' title='bbox 324 2070 504 2104; x_wconf 81' lang='lat' dir='ltr'><strong>dispensavit,</strong></span> <span class='ocrx_word' id='word_1_326' title='bbox 519 2075 545 2097; x_wconf 93' lang='lat' dir='ltr'><strong>et</strong></span> <span class='ocrx_word' id='word_1_327' title='bbox 560 2075 709 2104; x_wconf 91' lang='lat' dir='ltr'><strong>temporum</strong></span> <span class='ocrx_word' id='word_1_328' title='bbox 723 2070 869 2098; x_wconf 83' lang='lat' dir='ltr'><strong>discrimini</strong></span> <span class='ocrx_word' id='word_1_329' title='bbox 889 2072 1026 2106; x_wconf 88' lang='lat' dir='ltr'><strong>utriusque</strong></span> 
     </span>
    </p>
   </div>
   <div class='ocr_carea' id='block_1_44' title="bbox 236 2115 1026 2152">
    <p class='ocr_par' dir='ltr' id='par_1_44' title="bbox 236 2115 1026 2152">
     <span class='ocr_line' id='line_1_44' title="bbox 236 2115 1026 2152; baseline 0.003 -10"><span class='ocrx_word' id='word_1_330' title='bbox 236 2117 301 2151; x_wconf 80' lang='lat' dir='ltr'><strong>legis</strong></span> <span class='ocrx_word' id='word_1_331' title='bbox 324 2115 500 2143; x_wconf 70' lang='lat' dir='ltr'><strong>differentiam</strong></span> <span class='ocrx_word' id='word_1_332' title='bbox 523 2116 631 2150; x_wconf 85' lang='lat' dir='ltr'><strong>aptavit.</strong></span> <span class='ocrx_word' id='word_1_333' title='bbox 658 2116 737 2150; x_wconf 81' lang='lat' dir='ltr'><strong>Igitur</strong></span> <span class='ocrx_word' id='word_1_334' title='bbox 756 2123 805 2143; x_wconf 86' lang='lat' dir='ltr'><strong>nec</strong></span> <span class='ocrx_word' id='word_1_335' title='bbox 828 2116 869 2143; x_wconf 89' lang='lat' dir='ltr'><strong>illa</strong></span> <span class='ocrx_word' id='word_1_336' title='bbox 893 2123 1026 2152; x_wconf 75' lang='lat' dir='ltr'><strong>prmccpla</strong></span> 
     </span>
    </p>
   </div>
   <div class='ocr_carea' id='block_1_45' title="bbox 235 2162 1026 2199">
    <p class='ocr_par' dir='ltr' id='par_1_45' title="bbox 235 2162 1026 2199">
     <span class='ocr_line' id='line_1_45' title="bbox 235 2162 1026 2199; baseline 0.001 -10"><span class='ocrx_word' id='word_1_337' title='bbox 235 2162 363 2195; x_wconf 80' lang='lat' dir='ltr'><strong>crudelia,</strong></span> <span class='ocrx_word' id='word_1_338' title='bbox 377 2170 462 2197; x_wconf 89' lang='lat' dir='ltr'><strong>neque</strong></span> <span class='ocrx_word' id='word_1_339' title='bbox 477 2163 533 2189; x_wconf 72' lang='lat' dir='ltr'><strong>haec</strong></span> <span class='ocrx_word' id='word_1_340' title='bbox 545 2169 658 2189; x_wconf 88' lang='lat' dir='ltr'><strong>onerosa</strong></span> <span class='ocrx_word' id='word_1_341' title='bbox 671 2163 711 2189; x_wconf 90' lang='lat' dir='ltr'><strong>vel</strong></span> <span class='ocrx_word' id='word_1_342' title='bbox 722 2163 844 2196; x_wconf 84' lang='lat' dir='ltr'><strong>molesta,</strong></span> <span class='ocrx_word' id='word_1_343' title='bbox 858 2163 903 2190; x_wconf 87' lang='lat' dir='ltr'><strong>sed</strong></span> <span class='ocrx_word' id='word_1_344' title='bbox 915 2169 1026 2199; x_wconf 87' lang='lat' dir='ltr'><strong>utraque</strong></span> 
     </span>
    </p>
   </div>
   <div class='ocr_carea' id='block_1_46' title="bbox 234 2208 1025 2244">
    <p class='ocr_par' dir='ltr' id='par_1_46' title="bbox 234 2208 1025 2244">
     <span class='ocr_line' id='line_1_46' title="bbox 234 2208 1025 2244; baseline 0.003 -9"><span class='ocrx_word' id='word_1_345' title='bbox 234 2209 269 2235; x_wconf 87' lang='lat' dir='ltr'><strong>ab</strong></span> <span class='ocrx_word' id='word_1_346' title='bbox 290 2216 340 2235; x_wconf 87' lang='lat' dir='ltr'><strong>una</strong></span> <span class='ocrx_word' id='word_1_347' title='bbox 362 2208 509 2243; x_wconf 81' lang='lat' dir='ltr'><strong>eademque</strong></span> <span class='ocrx_word' id='word_1_348' title='bbox 527 2209 691 2243; x_wconf 76' lang='lat' dir='ltr'><strong>providentia</strong></span> <span class='ocrx_word' id='word_1_349' title='bbox 713 2210 926 2243; x_wconf 76' lang='lat' dir='ltr'><strong>proficiscuntur.</strong></span> <span class='ocrx_word' id='word_1_350' title='bbox 950 2211 1025 2244; x_wconf 88' lang='lat' dir='ltr'><strong>Quod</strong></span> 
     </span>
    </p>
   </div>
   <div class='ocr_carea' id='block_1_47' title="bbox 234 2253 1022 2290">
    <p class='ocr_par' dir='ltr' id='par_1_47' title="bbox 234 2253 1022 2290">
     <span class='ocr_line' id='line_1_47' title="bbox 234 2253 1022 2290; baseline 0.006 -12"><span class='ocrx_word' id='word_1_351' title='bbox 234 2253 306 2279; x_wconf 87' lang='lat' dir='ltr'><strong>enim</strong></span> <span class='ocrx_word' id='word_1_352' title='bbox 335 2253 393 2287; x_wconf 84' lang='lat' dir='ltr'><strong>ipse</strong></span> <span class='ocrx_word' id='word_1_353' title='bbox 420 2258 538 2280; x_wconf 87' lang='lat' dir='ltr'><strong>veterem</strong></span> <span class='ocrx_word' id='word_1_354' title='bbox 562 2262 670 2289; x_wconf 84' lang='lat' dir='ltr'><strong>quoque</strong></span> <span class='ocrx_word' id='word_1_355' title='bbox 696 2255 779 2290; x_wconf 81' lang='lat' dir='ltr'><strong>legem</strong></span> <span class='ocrx_word' id='word_1_356' title='bbox 805 2256 929 2288; x_wconf 84' lang='lat' dir='ltr'><strong>dederit,</strong></span> <span class='ocrx_word' id='word_1_357' title='bbox 959 2256 1022 2283; x_wconf 84' lang='lat' dir='ltr'><strong>audi</strong></span> 
     </span>
    </p>
   </div>
   <div class='ocr_carea' id='block_1_48' title="bbox 235 2299 1021 2337">
    <p class='ocr_par' dir='ltr' id='par_1_48' title="bbox 235 2299 1021 2337">
     <span class='ocr_line' id='line_1_48' title="bbox 235 2299 1021 2337; baseline 0.006 -12"><span class='ocrx_word' id='word_1_358' title='bbox 235 2299 394 2334; x_wconf 90' lang='lat' dir='ltr'><strong>prophetam</strong></span> <span class='ocrx_word' id='word_1_359' title='bbox 412 2299 561 2332; x_wconf 86' lang='lat' dir='ltr'><strong>dicentem,</strong></span> <span class='ocrx_word' id='word_1_360' title='bbox 583 2300 636 2327; x_wconf 89' lang='lat' dir='ltr'><strong>imo</strong></span> <span class='ocrx_word' id='word_1_361' title='bbox 654 2301 808 2335; x_wconf 77' lang='lat' dir='ltr'><strong>(dicendum</strong></span> <span class='ocrx_word' id='word_1_362' title='bbox 825 2303 886 2337; x_wconf 80' lang='lat' dir='ltr'><strong>est)</strong></span> <span class='ocrx_word' id='word_1_363' title='bbox 903 2307 929 2330; x_wconf 88' lang='lat' dir='ltr'><strong>et</strong></span> <span class='ocrx_word' id='word_1_364' title='bbox 947 2302 1021 2330; x_wconf 92' lang='lat' dir='ltr'><strong>illutn</strong></span> 
     </span>
    </p>
   </div>
   <div class='ocr_carea' id='block_1_49' title="bbox 234 2345 1022 2381">
    <p class='ocr_par' dir='ltr' id='par_1_49' title="bbox 234 2345 1022 2381">
     <span class='ocr_line' id='line_1_49' title="bbox 234 2345 1022 2381; baseline 0.005 -10"><span class='ocrx_word' id='word_1_365' title='bbox 234 2350 262 2372; x_wconf 87' lang='lat' dir='ltr'><strong>et</strong></span> <span class='ocrx_word' id='word_1_366' title='bbox 279 2346 437 2380; x_wconf 86' lang='lat' dir='ltr'><strong>prophetam</strong></span> <span class='ocrx_word' id='word_1_367' title='bbox 459 2355 465 2372; x_wconf 90' lang='lat'>:</span> <span class='ocrx_word' id='word_1_368' title='bbox 490 2345 637 2381; x_wconf 83' lang='lat' dir='ltr'><strong>Disponam</strong></span> <span class='ocrx_word' id='word_1_369' title='bbox 658 2348 728 2374; x_wconf 77' lang='lat' dir='ltr'><strong>vobis</strong></span> <span class='ocrx_word' id='word_1_370' title='bbox 752 2353 952 2380; x_wconf 76' lang='lat' dir='ltr'><strong>testamentum,</strong></span> <span class='ocrx_word' id='word_1_371' title='bbox 971 2357 1022 2375; x_wconf 85' lang='lat' dir='ltr'><strong>non</strong></span> 
     </span>
    </p>
   </div>
   <div class='ocr_carea' id='block_1_50' title="bbox 233 2392 1023 2428">
    <p class='ocr_par' dir='ltr' id='par_1_50' title="bbox 233 2392 1023 2428">
     <span class='ocr_line' id='line_1_50' title="bbox 233 2392 1023 2428; baseline 0.004 -10"><span class='ocrx_word' id='word_1_372' title='bbox 233 2392 377 2419; x_wconf 61' lang='lat' dir='ltr'><strong>secundum</strong></span> <span class='ocrx_word' id='word_1_373' title='bbox 404 2397 588 2419; x_wconf 80' lang='lat' dir='ltr'><strong>testamentum</strong></span> <span class='ocrx_word' id='word_1_374' title='bbox 614 2394 682 2428; x_wconf 78' lang='lat' dir='ltr'><strong>quod</strong></span> <span class='ocrx_word' id='word_1_375' title='bbox 707 2394 827 2428; x_wconf 77' lang='lat' dir='ltr'><strong>disposui</strong></span> <span class='ocrx_word' id='word_1_376' title='bbox 846 2396 964 2428; x_wconf 79' lang='lat' dir='ltr'><strong>putribus</strong></span> <span class='ocrx_word' id='word_1_377' title='bbox 982 2403 1023 2422; x_wconf 74' lang='lat' dir='ltr'><strong>ve-</strong></span> 
     </span>
    </p>
   </div>
   <div class='ocr_carea' id='block_1_51' title="bbox 235 2435 1026 2474">
    <p class='ocr_par' dir='ltr' id='par_1_51' title="bbox 235 2435 1026 2474">
     <span class='ocr_line' id='line_1_51' title="bbox 235 2435 1026 2474; baseline 0.008 -13"><span class='ocrx_word' id='word_1_378' title='bbox 235 2436 294 2461; x_wconf 83' lang='lat' dir='ltr'><strong>stris</strong></span> <span class='ocrx_word' id='word_1_379' title='bbox 309 2435 383 2470; x_wconf 81' lang='lat' dir='ltr'><strong>(ler.</strong></span> <span class='ocrx_word' id='word_1_380' title='bbox 397 2436 441 2463; x_wconf 78' lang='grc'><strong>51.</strong></span> <span class='ocrx_word' id='word_1_381' title='bbox 454 2436 498 2463; x_wconf 78' lang='lat' dir='ltr'><strong>3i.</strong></span> <span class='ocrx_word' id='word_1_382' title='bbox 512 2436 547 2463; x_wconf 76' lang='grc'><strong>52</strong></span> <span class='ocrx_word' id='word_1_383' title='bbox 557 2436 578 2471; x_wconf 89' lang='grc'>).</span> <span class='ocrx_word' id='word_1_384' title='bbox 598 2436 673 2470; x_wconf 87' lang='lat' dir='ltr'><strong>Quod</strong></span> <span class='ocrx_word' id='word_1_385' title='bbox 692 2438 714 2464; x_wconf 91' lang='lat' dir='ltr'><strong>si</strong></span> <span class='ocrx_word' id='word_1_386' title='bbox 737 2439 787 2464; x_wconf 89' lang='lat' dir='ltr'><strong>hoc</strong></span> <span class='ocrx_word' id='word_1_387' title='bbox 806 2446 859 2465; x_wconf 90' lang='lat' dir='ltr'><strong>non</strong></span> <span class='ocrx_word' id='word_1_388' title='bbox 880 2439 987 2474; x_wconf 86' lang='lat' dir='ltr'><strong>recipiat</strong></span> <span class='ocrx_word' id='word_1_389' title='bbox 1004 2441 1026 2467; x_wconf 93' lang='lat' dir='ltr'><strong>is</strong></span> 
     </span>
    </p>
   </div>
   <div class='ocr_carea' id='block_1_52' title="bbox 235 2480 1025 2518">
    <p class='ocr_par' dir='ltr' id='par_1_52' title="bbox 235 2480 1025 2518">
     <span class='ocr_line' id='line_1_52' title="bbox 235 2480 1025 2518; baseline 0.005 -11"><span class='ocrx_word' id='word_1_390' title='bbox 235 2481 279 2515; x_wconf 94' lang='lat' dir='ltr'><strong>qui</strong></span> <span class='ocrx_word' id='word_1_391' title='bbox 299 2480 503 2508; x_wconf 66' lang='lat' dir='ltr'><strong>Manichaeorum</strong></span> <span class='ocrx_word' id='word_1_392' title='bbox 522 2482 615 2509; x_wconf 91' lang='lat' dir='ltr'><strong>morbo</strong></span> <span class='ocrx_word' id='word_1_393' title='bbox 628 2482 730 2510; x_wconf 83' lang='lat' dir='ltr'><strong>laborat</strong></span> <span class='ocrx_word' id='word_1_394' title='bbox 743 2483 798 2518; x_wconf 80' lang='grc' dir='ltr'><strong>(ιι),</strong></span> <span class='ocrx_word' id='word_1_395' title='bbox 812 2484 901 2511; x_wconf 90' lang='lat' dir='ltr'><strong>audiat</strong></span> <span class='ocrx_word' id='word_1_396' title='bbox 914 2485 1025 2512; x_wconf 87' lang='lat' dir='ltr'><strong>Paulum</strong></span> 
     </span>
    </p>
   </div>
   <div class='ocr_carea' id='block_1_53' title="bbox 236 2526 1026 2565">
    <p class='ocr_par' dir='ltr' id='par_1_53' title="bbox 236 2526 1026 2565">
     <span class='ocr_line' id='line_1_53' title="bbox 236 2526 1026 2565; baseline 0.006 -12"><span class='ocrx_word' id='word_1_397' title='bbox 236 2526 287 2553; x_wconf 89' lang='lat' dir='ltr'><strong>hoc</strong></span> <span class='ocrx_word' id='word_1_398' title='bbox 300 2527 386 2561; x_wconf 88' lang='lat' dir='ltr'><strong>ipsum</strong></span> <span class='ocrx_word' id='word_1_399' title='bbox 400 2535 492 2555; x_wconf 89' lang='lat' dir='ltr'><strong>rursus</strong></span> <span class='ocrx_word' id='word_1_400' title='bbox 505 2527 635 2556; x_wconf 89' lang='lat' dir='ltr'><strong>dicentem</strong></span> <span class='ocrx_word' id='word_1_401' title='bbox 649 2538 656 2556; x_wconf 86' lang='lat'><strong>:</strong></span> <span class='ocrx_word' id='word_1_402' title='bbox 668 2529 794 2556; x_wconf 81' lang='lat' dir='ltr'><strong>Abraham</strong></span> <span class='ocrx_word' id='word_1_403' title='bbox 807 2531 873 2557; x_wconf 87' lang='lat' dir='ltr'><strong>enim</strong></span> <span class='ocrx_word' id='word_1_404' title='bbox 884 2531 946 2557; x_wconf 83' lang='lat' dir='ltr'><strong>duos</strong></span> <span class='ocrx_word' id='word_1_405' title='bbox 959 2532 1026 2565; x_wconf 81' lang='lat' dir='ltr'><strong>ﬁlios</strong></span> 
     </span>
    </p>
   </div>
   <div class='ocr_carea' id='block_1_54' title="bbox 236 2573 1025 2607">
    <p class='ocr_par' dir='ltr' id='par_1_54' title="bbox 236 2573 1025 2607">
     <span class='ocr_line' id='line_1_54' title="bbox 236 2573 1025 2607; baseline 0.006 -9"><span class='ocrx_word' id='word_1_406' title='bbox 236 2573 322 2599; x_wconf 78' lang='lat' dir='ltr'><strong>[tabuit</strong></span> <span class='ocrx_word' id='word_1_407' title='bbox 333 2581 342 2605; x_wconf 86' lang='lat'><strong><em>;</em></strong></span> <span class='ocrx_word' id='word_1_408' title='bbox 356 2581 433 2599; x_wconf 86' lang='lat' dir='ltr'><strong>unum</strong></span> <span class='ocrx_word' id='word_1_409' title='bbox 446 2575 476 2600; x_wconf 86' lang='lat' dir='ltr'><strong>de</strong></span> <span class='ocrx_word' id='word_1_410' title='bbox 486 2575 589 2607; x_wconf 82' lang='lat' dir='ltr'><strong>ancilla,</strong></span> <span class='ocrx_word' id='word_1_411' title='bbox 601 2580 623 2600; x_wconf 86' lang='lat' dir='ltr'><strong>et</strong></span> <span class='ocrx_word' id='word_1_412' title='bbox 636 2583 712 2601; x_wconf 88' lang='lat' dir='ltr'><strong>unum</strong></span> <span class='ocrx_word' id='word_1_413' title='bbox 723 2575 754 2601; x_wconf 82' lang='lat' dir='ltr'><strong>de</strong></span> <span class='ocrx_word' id='word_1_414' title='bbox 766 2575 854 2603; x_wconf 74' lang='lat' dir='ltr'><strong>libera.</strong></span> <span class='ocrx_word' id='word_1_415' title='bbox 869 2575 931 2602; x_wconf 74' lang='lat' dir='ltr'><strong>Ila&#39;c</strong></span> <span class='ocrx_word' id='word_1_416' title='bbox 942 2581 1025 2604; x_wconf 84' lang='lat' dir='ltr'><strong>autent</strong></span> 
     </span>
    </p>
   </div>
   <div class='ocr_carea' id='block_1_55' title="bbox 235 2618 1025 2656">
    <p class='ocr_par' dir='ltr' id='par_1_55' title="bbox 235 2618 1025 2656">
     <span class='ocr_line' id='line_1_55' title="bbox 235 2618 1025 2656; baseline 0.009 -13"><span class='ocrx_word' id='word_1_417' title='bbox 235 2623 294 2644; x_wconf 80' lang='lat' dir='ltr'><strong>sunt</strong></span> <span class='ocrx_word' id='word_1_418' title='bbox 306 2618 355 2644; x_wconf 86' lang='lat' dir='ltr'><strong>duo</strong></span> <span class='ocrx_word' id='word_1_419' title='bbox 368 2624 514 2646; x_wconf 84' lang='lat' dir='ltr'><strong>testamenta</strong></span> <span class='ocrx_word' id='word_1_420' title='bbox 524 2619 622 2654; x_wconf 79' lang='lat' dir='ltr'><strong>(Galat.</strong></span> <span class='ocrx_word' id='word_1_421' title='bbox 635 2620 662 2647; x_wconf 72' lang='lat'><strong>4.</strong></span> <span class='ocrx_word' id='word_1_422' title='bbox 672 2620 717 2647; x_wconf 73' lang='lat'><strong>22.</strong></span> <span class='ocrx_word' id='word_1_423' title='bbox 728 2620 784 2656; x_wconf 69' lang='lat'><strong>24).</strong></span> <span class='ocrx_word' id='word_1_424' title='bbox 797 2621 1025 2655; x_wconf 88' lang='lat' dir='ltr'><strong>Quemadmodum</strong></span> 
     </span>
    </p>
   </div>
   <div class='ocr_carea' id='block_1_56' title="bbox 235 2663 1026 2699">
    <p class='ocr_par' dir='ltr' id='par_1_56' title="bbox 235 2663 1026 2699">
     <span class='ocr_line' id='line_1_56' title="bbox 235 2663 1026 2699; baseline 0.006 -9"><span class='ocrx_word' id='word_1_425' title='bbox 235 2671 299 2699; x_wconf 73' lang='lat' dir='ltr'><strong>ergo</strong></span> <span class='ocrx_word' id='word_1_426' title='bbox 313 2663 367 2691; x_wconf 89' lang='lat' dir='ltr'><strong>illic</strong></span> <span class='ocrx_word' id='word_1_427' title='bbox 379 2663 490 2691; x_wconf 78' lang='lat' dir='ltr'><strong>diversze</strong></span> <span class='ocrx_word' id='word_1_428' title='bbox 502 2669 562 2692; x_wconf 90' lang='lat' dir='ltr'><strong>sunt</strong></span> <span class='ocrx_word' id='word_1_429' title='bbox 576 2665 701 2693; x_wconf 90' lang='lat' dir='ltr'><strong>mulieres</strong></span> <span class='ocrx_word' id='word_1_430' title='bbox 710 2686 718 2699; x_wconf 86' lang='lat'><strong>,</strong></span> <span class='ocrx_word' id='word_1_431' title='bbox 734 2673 801 2694; x_wconf 92' lang='lat' dir='ltr'><strong>unus</strong></span> <span class='ocrx_word' id='word_1_432' title='bbox 813 2671 901 2694; x_wconf 89' lang='lat' dir='ltr'><strong>autem</strong></span> <span class='ocrx_word' id='word_1_433' title='bbox 915 2667 956 2695; x_wconf 86' lang='lat' dir='ltr'><strong>vir</strong></span> <span class='ocrx_word' id='word_1_434' title='bbox 969 2677 975 2694; x_wconf 84' lang='lat'>:</span> <span class='ocrx_word' id='word_1_435' title='bbox 987 2669 1026 2695; x_wconf 86' lang='lat' dir='ltr'><strong>sic</strong></span> 
     </span>
    </p>
   </div>
   <div class='ocr_carea' id='block_1_57' title="bbox 235 2708 1026 2747">
    <p class='ocr_par' dir='ltr' id='par_1_57' title="bbox 235 2708 1026 2747">
     <span class='ocr_line' id='line_1_57' title="bbox 235 2708 1026 2747; baseline 0.006 -12"><span class='ocrx_word' id='word_1_436' title='bbox 235 2713 262 2735; x_wconf 90' lang='lat' dir='ltr'><strong>et</strong></span> <span class='ocrx_word' id='word_1_437' title='bbox 281 2708 332 2736; x_wconf 94' lang='lat' dir='ltr'><strong>hoc</strong></span> <span class='ocrx_word' id='word_1_438' title='bbox 351 2708 411 2736; x_wconf 90' lang='lat' dir='ltr'><strong>loco</strong></span> <span class='ocrx_word' id='word_1_439' title='bbox 429 2709 482 2736; x_wconf 93' lang='lat' dir='ltr'><strong>duo</strong></span> <span class='ocrx_word' id='word_1_440' title='bbox 495 2709 663 2738; x_wconf 83' lang='lat' dir='ltr'><strong>Testamenta</strong></span> <span class='ocrx_word' id='word_1_441' title='bbox 676 2731 683 2743; x_wconf 84' lang='lat'><strong>,</strong></span> <span class='ocrx_word' id='word_1_442' title='bbox 699 2719 767 2739; x_wconf 90' lang='lat' dir='ltr'><strong>unus</strong></span> <span class='ocrx_word' id='word_1_443' title='bbox 781 2712 924 2747; x_wconf 76' lang='lat' dir='ltr'><strong>legislator.</strong></span> <span class='ocrx_word' id='word_1_444' title='bbox 952 2713 983 2740; x_wconf 65' lang='lat' dir='ltr'><strong>lit</strong></span> <span class='ocrx_word' id='word_1_445' title='bbox 998 2718 1026 2740; x_wconf 89' lang='lat' dir='ltr'><strong>ut</strong></span> 
     </span>
    </p>
   </div>
   <div class='ocr_carea' id='block_1_58' title="bbox 235 2754 1025 2793">
    <p class='ocr_par' dir='ltr' id='par_1_58' title="bbox 235 2754 1025 2793">
     <span class='ocr_line' id='line_1_58' title="bbox 235 2754 1025 2793; baseline 0.008 -13"><span class='ocrx_word' id='word_1_446' title='bbox 235 2754 333 2789; x_wconf 72' lang='lat' dir='ltr'><strong>discas,</strong></span> <span class='ocrx_word' id='word_1_447' title='bbox 348 2761 427 2782; x_wconf 88' lang='lat' dir='ltr'><strong>unam</strong></span> <span class='ocrx_word' id='word_1_448' title='bbox 439 2755 613 2791; x_wconf 88' lang='lat' dir='ltr'><strong>eamdemque</strong></span> <span class='ocrx_word' id='word_1_449' title='bbox 626 2756 707 2785; x_wconf 80' lang='lat' dir='ltr'><strong>fuisse</strong></span> <span class='ocrx_word' id='word_1_450' title='bbox 720 2758 858 2793; x_wconf 91' lang='lat' dir='ltr'><strong>utrobique</strong></span> <span class='ocrx_word' id='word_1_451' title='bbox 872 2765 1025 2787; x_wconf 87' lang='lat' dir='ltr'><strong>mansuetu-</strong></span> 
     </span>
    </p>
   </div>
   <div class='ocr_carea' id='block_1_59' title="bbox 266 2823 1024 2858">
    <p class='ocr_par' dir='ltr' id='par_1_59' title="bbox 266 2823 1024 2858">
     <span class='ocr_line' id='line_1_59' title="bbox 266 2823 1024 2858; baseline 0.005 -10"><span class='ocrx_word' id='word_1_452' title='bbox 266 2823 304 2855; x_wconf 89' lang='lat' dir='ltr'><strong>(a)</strong></span> <span class='ocrx_word' id='word_1_453' title='bbox 322 2823 442 2849; x_wconf 69' lang='lat' dir='ltr'><strong>Manichaei</strong></span> <span class='ocrx_word' id='word_1_454' title='bbox 462 2823 495 2849; x_wconf 95' lang='lat' dir='ltr'><strong>de</strong></span> <span class='ocrx_word' id='word_1_455' title='bbox 517 2824 607 2858; x_wconf 74' lang='lat' dir='ltr'><strong>quibus</strong></span> <span class='ocrx_word' id='word_1_456' title='bbox 626 2831 684 2858; x_wconf 52' lang='lat' dir='ltr'><strong>mox</strong></span> <span class='ocrx_word' id='word_1_457' title='bbox 702 2823 807 2856; x_wconf 88' lang='lat' dir='ltr'><strong>loquitur</strong></span> <span class='ocrx_word' id='word_1_458' title='bbox 833 2825 1024 2858; x_wconf 75' lang='lat' dir='ltr'><strong>Chrysostomus,</strong></span> 
     </span>
    </p>
   </div>
   <div class='ocr_carea' id='block_1_60' title="bbox 237 2853 745 2881">
    <p class='ocr_par' dir='ltr' id='par_1_60' title="bbox 237 2853 745 2881">
     <span class='ocr_line' id='line_1_60' title="bbox 237 2853 745 2881; baseline 0.002 -2"><span class='ocrx_word' id='word_1_459' title='bbox 237 2853 315 2880; x_wconf 75' lang='lat' dir='ltr'><strong>Vetth</strong></span> <span class='ocrx_word' id='word_1_460' title='bbox 322 2858 504 2881; x_wconf 82' lang='lat' dir='ltr'><strong>Testamentum</strong></span> <span class='ocrx_word' id='word_1_461' title='bbox 519 2853 568 2880; x_wconf 82' lang='lat' dir='ltr'><strong>rion</strong></span> <span class='ocrx_word' id='word_1_462' title='bbox 579 2853 745 2881; x_wconf 65' lang='lat' dir='ltr'><strong>admittebant.</strong></span> 
     </span>
    </p>
   </div>
   <div class='ocr_carea' id='block_1_61' title="bbox 621 123 1521 157">
    <p class='ocr_par' dir='ltr' id='par_1_61' title="bbox 621 123 1521 157">
     <span class='ocr_line' id='line_1_61' title="bbox 621 123 1521 157; baseline 0.001 -1"><span class='ocrx_word' id='word_1_463' title='bbox 621 127 649 157; x_wconf 86' lang='lat' dir='ltr'><strong>S.</strong></span> <span class='ocrx_word' id='word_1_464' title='bbox 668 127 807 156; x_wconf 80' lang='lat' dir='ltr'><strong>JOANNIS</strong></span> <span class='ocrx_word' id='word_1_465' title='bbox 824 123 1060 156; x_wconf 70' lang='lat' dir='ltr'><strong>CllRYSOSTOIIl</strong></span> <span class='ocrx_word' id='word_1_466' title='bbox 1079 126 1236 156; x_wconf 73' lang='lat' dir='ltr'><strong>ARCHIEP.</strong></span> <span class='ocrx_word' id='word_1_467' title='bbox 1256 126 1521 157; x_wconf 76' lang='lat' dir='ltr'><strong>CONSTANTINOP.</strong></span> 
     </span>
    </p>
   </div>
   <div class='ocr_carea' id='block_1_62' title="bbox 1841 134 1891 161">
    <p class='ocr_par' dir='ltr' id='par_1_62' title="bbox 1841 134 1891 161">
     <span class='ocr_line' id='line_1_62' title="bbox 1841 134 1891 161; baseline -0.02 -1"><span class='ocrx_word' id='word_1_468' title='bbox 1841 134 1891 161; x_wconf 66' lang='grc'><strong>21³</strong></span> 
     </span>
    </p>
   </div>
   <div class='ocr_carea' id='block_1_63' title="bbox 1099 184 1892 223">
    <p class='ocr_par' dir='ltr' id='par_1_63' title="bbox 1099 184 1892 223">
     <span class='ocr_line' id='line_1_63' title="bbox 1099 184 1892 223; baseline 0.005 -11"><span class='ocrx_word' id='word_1_469' title='bbox 1099 184 1188 213; x_wconf 91' lang='lat' dir='ltr'><strong>dinem</strong></span> <span class='ocrx_word' id='word_1_470' title='bbox 1203 194 1210 213; x_wconf 87' lang='lat'><strong>:</strong></span> <span class='ocrx_word' id='word_1_471' title='bbox 1224 185 1278 213; x_wconf 88' lang='lat' dir='ltr'><strong>illic</strong></span> <span class='ocrx_word' id='word_1_472' title='bbox 1291 186 1397 222; x_wconf 84' lang='lat' dir='ltr'><strong>quidem</strong></span> <span class='ocrx_word' id='word_1_473' title='bbox 1410 186 1486 220; x_wconf 82' lang='lat' dir='ltr'><strong>dixit,</strong></span> <span class='ocrx_word' id='word_1_474' title='bbox 1502 186 1611 215; x_wconf 83' lang='lat' dir='ltr'><strong>Oculum</strong></span> <span class='ocrx_word' id='word_1_475' title='bbox 1623 194 1670 223; x_wconf 83' lang='lat' dir='ltr'><strong>pro</strong></span> <span class='ocrx_word' id='word_1_476' title='bbox 1681 189 1754 217; x_wconf 80' lang='lat' dir='ltr'><strong>oculo</strong></span> <span class='ocrx_word' id='word_1_477' title='bbox 1764 198 1774 222; x_wconf 84' lang='lat'><em>;</em></span> <span class='ocrx_word' id='word_1_478' title='bbox 1786 189 1830 219; x_wconf 89' lang='lat' dir='ltr'><strong>hic</strong></span> <span class='ocrx_word' id='word_1_479' title='bbox 1844 200 1892 219; x_wconf 85' lang='lat' dir='ltr'><strong>an.</strong></span> 
     </span>
    </p>
   </div>
   <div class='ocr_carea' id='block_1_64' title="bbox 1097 230 1890 269">
    <p class='ocr_par' dir='ltr' id='par_1_64' title="bbox 1097 230 1890 269">
     <span class='ocr_line' id='line_1_64' title="bbox 1097 230 1890 269; baseline 0.009 -12"><span class='ocrx_word' id='word_1_480' title='bbox 1097 235 1149 258; x_wconf 90' lang='lat' dir='ltr'><strong>tem</strong></span> <span class='ocrx_word' id='word_1_481' title='bbox 1164 241 1171 258; x_wconf 93' lang='lat'>:</span> <span class='ocrx_word' id='word_1_482' title='bbox 1184 230 1214 259; x_wconf 88' lang='lat' dir='ltr'><strong>Si</strong></span> <span class='ocrx_word' id='word_1_483' title='bbox 1228 231 1285 266; x_wconf 79' lang='lat' dir='ltr'><strong>quis</strong></span> <span class='ocrx_word' id='word_1_484' title='bbox 1297 235 1321 258; x_wconf 85' lang='lat' dir='ltr'><strong>te</strong></span> <span class='ocrx_word' id='word_1_485' title='bbox 1332 232 1480 267; x_wconf 75' lang='lat' dir='ltr'><strong>percusserit</strong></span> <span class='ocrx_word' id='word_1_486' title='bbox 1490 233 1516 260; x_wconf 91' lang='lat' dir='ltr'><strong>in</strong></span> <span class='ocrx_word' id='word_1_487' title='bbox 1530 234 1660 261; x_wconf 77' lang='lat' dir='ltr'><strong>maxillam</strong></span> <span class='ocrx_word' id='word_1_488' title='bbox 1671 235 1812 269; x_wconf 70' lang='lat' dir='ltr'><strong>dexteram,</strong></span> <span class='ocrx_word' id='word_1_489' title='bbox 1826 243 1890 265; x_wconf 70' lang='lat' dir='ltr'><strong>certe</strong></span> 
     </span>
    </p>
   </div>
   <div class='ocr_carea' id='block_1_65' title="bbox 1094 277 1889 319">
    <p class='ocr_par' dir='ltr' id='par_1_65' title="bbox 1094 277 1889 319">
     <span class='ocr_line' id='line_1_65' title="bbox 1094 277 1889 319; baseline 0.01 -16"><span class='ocrx_word' id='word_1_490' title='bbox 1094 277 1133 304; x_wconf 78' lang='lat' dir='ltr'><strong>illi</strong></span> <span class='ocrx_word' id='word_1_491' title='bbox 1148 282 1172 303; x_wconf 87' lang='lat' dir='ltr'><strong>et</strong></span> <span class='ocrx_word' id='word_1_492' title='bbox 1183 277 1299 304; x_wconf 85' lang='lat' dir='ltr'><strong>alteram.</strong></span> <span class='ocrx_word' id='word_1_493' title='bbox 1319 278 1548 312; x_wconf 90' lang='lat' dir='ltr'><strong>Quemadmodutn</strong></span> <span class='ocrx_word' id='word_1_494' title='bbox 1561 281 1633 308; x_wconf 91' lang='lat' dir='ltr'><strong>enim</strong></span> <span class='ocrx_word' id='word_1_495' title='bbox 1648 280 1703 308; x_wconf 87' lang='lat' dir='ltr'><strong>illic</strong></span> <span class='ocrx_word' id='word_1_496' title='bbox 1717 282 1812 311; x_wconf 84' lang='lat' dir='ltr'><strong>timore</strong></span> <span class='ocrx_word' id='word_1_497' title='bbox 1826 292 1889 319; x_wconf 88' lang='lat' dir='ltr'><strong>sup-</strong></span> 
     </span>
    </p>
   </div>
   <div class='ocr_carea' id='block_1_66' title="bbox 1095 322 1890 360">
    <p class='ocr_par' dir='ltr' id='par_1_66' title="bbox 1095 322 1890 360">
     <span class='ocr_line' id='line_1_66' title="bbox 1095 322 1890 360; baseline 0.009 -11"><span class='ocrx_word' id='word_1_498' title='bbox 1095 322 1167 357; x_wconf 87' lang='lat' dir='ltr'><strong>plicii</strong></span> <span class='ocrx_word' id='word_1_499' title='bbox 1182 322 1323 351; x_wconf 70' lang='lat' dir='ltr'><strong>lredentem</strong></span> <span class='ocrx_word' id='word_1_500' title='bbox 1336 324 1450 357; x_wconf 84' lang='lat' dir='ltr'><strong>retinet;</strong></span> <span class='ocrx_word' id='word_1_501' title='bbox 1467 325 1509 352; x_wconf 92' lang='lat' dir='ltr'><strong>hic</strong></span> <span class='ocrx_word' id='word_1_502' title='bbox 1522 333 1627 360; x_wconf 86' lang='lat' dir='ltr'><strong>quoque</strong></span> <span class='ocrx_word' id='word_1_503' title='bbox 1640 327 1734 354; x_wconf 89' lang='lat' dir='ltr'><strong>eodem</strong></span> <span class='ocrx_word' id='word_1_504' title='bbox 1749 328 1838 356; x_wconf 88' lang='lat' dir='ltr'><strong>modo.</strong></span> <span class='ocrx_word' id='word_1_505' title='bbox 1858 331 1890 357; x_wconf 77' lang='lat' dir='ltr'><strong>Et</strong></span> 
     </span>
    </p>
   </div>
   <div class='ocr_carea' id='block_1_67' title="bbox 1093 368 1887 408">
    <p class='ocr_par' dir='ltr' id='par_1_67' title="bbox 1093 368 1887 408">
     <span class='ocr_line' id='line_1_67' title="bbox 1093 368 1887 408; baseline 0.006 -13"><span class='ocrx_word' id='word_1_506' title='bbox 1093 368 1237 403; x_wconf 85' lang='lat' dir='ltr'><strong>quomodo,</strong></span> <span class='ocrx_word' id='word_1_507' title='bbox 1250 369 1364 403; x_wconf 89' lang='lat' dir='ltr'><strong>inquies,</strong></span> <span class='ocrx_word' id='word_1_508' title='bbox 1374 377 1435 397; x_wconf 90' lang='lat' dir='ltr'><strong>eum</strong></span> <span class='ocrx_word' id='word_1_509' title='bbox 1443 369 1536 405; x_wconf 85' lang='lat' dir='ltr'><strong>jubeat</strong></span> <span class='ocrx_word' id='word_1_510' title='bbox 1546 369 1619 398; x_wconf 81' lang='lat' dir='ltr'><strong>illurn</strong></span> <span class='ocrx_word' id='word_1_511' title='bbox 1626 376 1653 399; x_wconf 92' lang='lat' dir='ltr'><strong>et</strong></span> <span class='ocrx_word' id='word_1_512' title='bbox 1662 372 1740 399; x_wconf 89' lang='lat' dir='ltr'><strong>aliam</strong></span> <span class='ocrx_word' id='word_1_513' title='bbox 1750 374 1887 408; x_wconf 72' lang='lat' dir='ltr'><strong>pr:ebere?</strong></span> 
     </span>
    </p>
   </div>
   <div class='ocr_carea' id='block_1_68' title="bbox 1094 414 1887 449">
    <p class='ocr_par' dir='ltr' id='par_1_68' title="bbox 1094 414 1887 449">
     <span class='ocr_line' id='line_1_68' title="bbox 1094 414 1887 449; baseline 0.01 -8"><span class='ocrx_word' id='word_1_514' title='bbox 1094 414 1161 447; x_wconf 86' lang='lat' dir='ltr'><strong>Quid</strong></span> <span class='ocrx_word' id='word_1_515' title='bbox 1183 415 1234 442; x_wconf 92' lang='lat' dir='ltr'><strong>hoc</strong></span> <span class='ocrx_word' id='word_1_516' title='bbox 1249 415 1378 443; x_wconf 86' lang='lat' dir='ltr'><strong>tandem?</strong></span> <span class='ocrx_word' id='word_1_517' title='bbox 1399 415 1457 443; x_wconf 86' lang='lat' dir='ltr'><strong>Non</strong></span> <span class='ocrx_word' id='word_1_518' title='bbox 1473 417 1544 444; x_wconf 90' lang='lat' dir='ltr'><strong>enim</strong></span> <span class='ocrx_word' id='word_1_519' title='bbox 1564 422 1592 445; x_wconf 93' lang='lat' dir='ltr'><strong>ut</strong></span> <span class='ocrx_word' id='word_1_520' title='bbox 1610 424 1709 446; x_wconf 92' lang='lat' dir='ltr'><strong>metum</strong></span> <span class='ocrx_word' id='word_1_521' title='bbox 1730 421 1814 448; x_wconf 74' lang='lat' dir='ltr'><strong>solvat</strong></span> <span class='ocrx_word' id='word_1_522' title='bbox 1836 421 1887 449; x_wconf 84' lang='lat' dir='ltr'><strong>hoc</strong></span> 
     </span>
    </p>
   </div>
   <div class='ocr_carea' id='block_1_69' title="bbox 1093 463 1887 502">
    <p class='ocr_par' dir='ltr' id='par_1_69' title="bbox 1093 463 1887 502">
     <span class='ocr_line' id='line_1_69' title="bbox 1093 463 1887 502; baseline 0.008 -13"><span class='ocrx_word' id='word_1_523' title='bbox 1093 463 1230 497; x_wconf 66' lang='lat' dir='ltr'><strong>praecipit,</strong></span> <span class='ocrx_word' id='word_1_524' title='bbox 1246 463 1293 490; x_wconf 90' lang='lat' dir='ltr'><strong>sed</strong></span> <span class='ocrx_word' id='word_1_525' title='bbox 1304 463 1381 498; x_wconf 82' lang='lat' dir='ltr'><strong>jubet</strong></span> <span class='ocrx_word' id='word_1_526' title='bbox 1398 463 1513 498; x_wconf 69' lang='lat' dir='ltr'><strong>pra-beri</strong></span> <span class='ocrx_word' id='word_1_527' title='bbox 1531 464 1581 499; x_wconf 91' lang='lat' dir='ltr'><strong>ipsi</strong></span> <span class='ocrx_word' id='word_1_528' title='bbox 1601 465 1708 492; x_wconf 91' lang='lat' dir='ltr'><strong>modum</strong></span> <span class='ocrx_word' id='word_1_529' title='bbox 1727 474 1757 494; x_wconf 89' lang='lat' dir='ltr'><strong>sc</strong></span> <span class='ocrx_word' id='word_1_530' title='bbox 1777 475 1887 502; x_wconf 89' lang='lat' dir='ltr'><strong>prorsus</strong></span> 
     </span>
    </p>
   </div>
   <div class='ocr_carea' id='block_1_70' title="bbox 1092 507 1885 545">
    <p class='ocr_par' dir='ltr' id='par_1_70' title="bbox 1092 507 1885 545">
     <span class='ocr_line' id='line_1_70' title="bbox 1092 507 1885 545; baseline 0.006 -10"><span class='ocrx_word' id='word_1_531' title='bbox 1092 507 1222 541; x_wconf 86' lang='lat' dir='ltr'><strong>satiandi;</strong></span> <span class='ocrx_word' id='word_1_532' title='bbox 1238 516 1324 544; x_wconf 89' lang='lat' dir='ltr'><strong>neque</strong></span> <span class='ocrx_word' id='word_1_533' title='bbox 1338 509 1404 536; x_wconf 80' lang='lat' dir='ltr'><strong>dixit</strong></span> <span class='ocrx_word' id='word_1_534' title='bbox 1417 509 1490 536; x_wconf 89' lang='lat' dir='ltr'><strong>illum</strong></span> <span class='ocrx_word' id='word_1_535' title='bbox 1502 510 1610 545; x_wconf 90' lang='lat' dir='ltr'><strong>impune</strong></span> <span class='ocrx_word' id='word_1_536' title='bbox 1623 510 1689 544; x_wconf 76' lang='lat' dir='ltr'><strong>fore,</strong></span> <span class='ocrx_word' id='word_1_537' title='bbox 1704 519 1795 539; x_wconf 90' lang='lat' dir='ltr'><strong>verum</strong></span> <span class='ocrx_word' id='word_1_538' title='bbox 1811 517 1837 539; x_wconf 92' lang='lat' dir='ltr'><strong>tu</strong></span> <span class='ocrx_word' id='word_1_539' title='bbox 1851 521 1885 540; x_wconf 91' lang='lat' dir='ltr'><strong>ne</strong></span> 
     </span>
    </p>
   </div>
   <div class='ocr_carea' id='block_1_71' title="bbox 1092 554 1884 592">
    <p class='ocr_par' dir='ltr' id='par_1_71' title="bbox 1092 554 1884 592">
     <span class='ocr_line' id='line_1_71' title="bbox 1092 554 1884 592; baseline 0.008 -12"><span class='ocrx_word' id='word_1_540' title='bbox 1092 554 1205 589; x_wconf 81' lang='lat' dir='ltr'><strong>punias;</strong></span> <span class='ocrx_word' id='word_1_541' title='bbox 1219 555 1295 582; x_wconf 90' lang='lat' dir='ltr'><strong>simul</strong></span> <span class='ocrx_word' id='word_1_542' title='bbox 1309 563 1493 589; x_wconf 87' lang='lat' dir='ltr'><strong>percussorem</strong></span> <span class='ocrx_word' id='word_1_543' title='bbox 1506 556 1527 583; x_wconf 90' lang='lat' dir='ltr'><strong>si</strong></span> <span class='ocrx_word' id='word_1_544' title='bbox 1539 557 1664 590; x_wconf 87' lang='lat' dir='ltr'><strong>persistat</strong></span> <span class='ocrx_word' id='word_1_545' title='bbox 1675 558 1757 592; x_wconf 81' lang='lat' dir='ltr'><strong>magis</strong></span> <span class='ocrx_word' id='word_1_546' title='bbox 1769 563 1884 592; x_wconf 88' lang='lat' dir='ltr'><strong>terrens,</strong></span> 
     </span>
    </p>
   </div>
   <div class='ocr_carea' id='block_1_72' title="bbox 1091 601 1883 638">
    <p class='ocr_par' dir='ltr' id='par_1_72' title="bbox 1091 601 1883 638">
     <span class='ocr_line' id='line_1_72' title="bbox 1091 601 1883 638; baseline 0.005 -11"><span class='ocrx_word' id='word_1_547' title='bbox 1091 604 1118 627; x_wconf 89' lang='lat' dir='ltr'><strong>ct</strong></span> <span class='ocrx_word' id='word_1_548' title='bbox 1133 608 1288 634; x_wconf 89' lang='lat' dir='ltr'><strong>percussum</strong></span> <span class='ocrx_word' id='word_1_549' title='bbox 1303 601 1454 628; x_wconf 82' lang='lat' dir='ltr'><strong>consolans.</strong></span> <span class='ocrx_word' id='word_1_550' title='bbox 1477 601 1575 628; x_wconf 88' lang='lat' dir='ltr'><strong>Verum</strong></span> <span class='ocrx_word' id='word_1_551' title='bbox 1596 603 1673 635; x_wconf 63' lang='lat' dir='ltr'><strong>haec,</strong></span> <span class='ocrx_word' id='word_1_552' title='bbox 1693 607 1721 629; x_wconf 91' lang='lat' dir='ltr'><strong>ut</strong></span> <span class='ocrx_word' id='word_1_553' title='bbox 1739 603 1761 630; x_wconf 88' lang='lat' dir='ltr'><strong>si</strong></span> <span class='ocrx_word' id='word_1_554' title='bbox 1776 604 1834 638; x_wconf 92' lang='lat' dir='ltr'><strong>quis</strong></span> <span class='ocrx_word' id='word_1_555' title='bbox 1856 604 1883 632; x_wconf 93' lang='lat' dir='ltr'><strong>in</strong></span> 
     </span>
    </p>
   </div>
   <div class='ocr_carea' id='block_1_73' title="bbox 1091 647 1883 683">
    <p class='ocr_par' dir='ltr' id='par_1_73' title="bbox 1091 647 1883 683">
     <span class='ocr_line' id='line_1_73' title="bbox 1091 647 1883 683; baseline 0.006 -10"><span class='ocrx_word' id='word_1_556' title='bbox 1091 650 1245 674; x_wconf 87' lang='lat' dir='ltr'><strong>transcursu</strong></span> <span class='ocrx_word' id='word_1_557' title='bbox 1263 647 1297 674; x_wconf 87' lang='lat' dir='ltr'><strong>de</strong></span> <span class='ocrx_word' id='word_1_558' title='bbox 1318 647 1442 674; x_wconf 88' lang='lat' dir='ltr'><strong>onmibus</strong></span> <span class='ocrx_word' id='word_1_559' title='bbox 1460 648 1600 682; x_wconf 67' lang='lat' dir='ltr'><strong>prmceptis</strong></span> <span class='ocrx_word' id='word_1_560' title='bbox 1619 648 1758 683; x_wconf 90' lang='lat' dir='ltr'><strong>loquatur,</strong></span> <span class='ocrx_word' id='word_1_561' title='bbox 1773 658 1788 676; x_wconf 87' lang='lat' dir='ltr'><strong>a</strong></span> <span class='ocrx_word' id='word_1_562' title='bbox 1806 650 1883 678; x_wconf 88' lang='lat' dir='ltr'><strong>nobis</strong></span> 
     </span>
    </p>
   </div>
   <div class='ocr_carea' id='block_1_74' title="bbox 1090 692 1880 729">
    <p class='ocr_par' dir='ltr' id='par_1_74' title="bbox 1090 692 1880 729">
     <span class='ocr_line' id='line_1_74' title="bbox 1090 692 1880 729; baseline 0.005 -10"><span class='ocrx_word' id='word_1_563' title='bbox 1090 692 1160 719; x_wconf 89' lang='lat' dir='ltr'><strong>dicta</strong></span> <span class='ocrx_word' id='word_1_564' title='bbox 1180 698 1269 719; x_wconf 87' lang='lat' dir='ltr'><strong>sunto.</strong></span> <span class='ocrx_word' id='word_1_565' title='bbox 1294 692 1352 720; x_wconf 88' lang='lat' dir='ltr'><strong>Jam</strong></span> <span class='ocrx_word' id='word_1_566' title='bbox 1366 693 1399 720; x_wconf 92' lang='lat' dir='ltr'><strong>ad</strong></span> <span class='ocrx_word' id='word_1_567' title='bbox 1416 694 1580 728; x_wconf 90' lang='lat' dir='ltr'><strong>propositum</strong></span> <span class='ocrx_word' id='word_1_568' title='bbox 1595 694 1683 722; x_wconf 90' lang='lat' dir='ltr'><strong>redire</strong></span> <span class='ocrx_word' id='word_1_569' title='bbox 1696 703 1805 723; x_wconf 84' lang='lat' dir='ltr'><strong>necesse</strong></span> <span class='ocrx_word' id='word_1_570' title='bbox 1819 701 1860 723; x_wconf 87' lang='lat' dir='ltr'><strong>est</strong></span> <span class='ocrx_word' id='word_1_571' title='bbox 1872 717 1880 729; x_wconf 97' lang='lat'><strong>,</strong></span> 
     </span>
    </p>
   </div>
   <div class='ocr_carea' id='block_1_75' title="bbox 1090 739 1882 774">
    <p class='ocr_par' dir='ltr' id='par_1_75' title="bbox 1090 739 1882 774">
     <span class='ocr_line' id='line_1_75' title="bbox 1090 739 1882 774; baseline 0.005 -9"><span class='ocrx_word' id='word_1_572' title='bbox 1090 745 1193 765; x_wconf 89' lang='lat' dir='ltr'><strong>necnon</strong></span> <span class='ocrx_word' id='word_1_573' title='bbox 1209 739 1306 766; x_wconf 87' lang='lat' dir='ltr'><strong>seriem</strong></span> <span class='ocrx_word' id='word_1_574' title='bbox 1324 739 1396 772; x_wconf 91' lang='lat' dir='ltr'><strong>prius</strong></span> <span class='ocrx_word' id='word_1_575' title='bbox 1411 739 1540 766; x_wconf 90' lang='lat' dir='ltr'><strong>dictorum</strong></span> <span class='ocrx_word' id='word_1_576' title='bbox 1556 744 1688 774; x_wconf 85' lang='lat' dir='ltr'><strong>repetere.</strong></span> <span class='ocrx_word' id='word_1_577' title='bbox 1704 741 1754 774; x_wconf 84' lang='lat' dir='ltr'><strong>Qui</strong></span> <span class='ocrx_word' id='word_1_578' title='bbox 1765 742 1882 769; x_wconf 74' lang='lat' dir='ltr'><strong>irascitur</strong></span> 
     </span>
    </p>
   </div>
   <div class='ocr_carea' id='block_1_76' title="bbox 1089 784 1881 820">
    <p class='ocr_par' dir='ltr' id='par_1_76' title="bbox 1089 784 1881 820">
     <span class='ocr_line' id='line_1_76' title="bbox 1089 784 1881 820; baseline 0.008 -11"><span class='ocrx_word' id='word_1_579' title='bbox 1089 785 1163 819; x_wconf 80' lang='lat' dir='ltr'><strong>fratri</strong></span> <span class='ocrx_word' id='word_1_580' title='bbox 1175 792 1221 810; x_wconf 86' lang='lat' dir='ltr'><strong>suo</strong></span> <span class='ocrx_word' id='word_1_581' title='bbox 1236 789 1353 816; x_wconf 87' lang='lat' dir='ltr'><strong>temere,</strong></span> <span class='ocrx_word' id='word_1_582' title='bbox 1372 792 1428 811; x_wconf 82' lang='lat' dir='ltr'><strong>reus</strong></span> <span class='ocrx_word' id='word_1_583' title='bbox 1441 784 1487 811; x_wconf 86' lang='lat' dir='ltr'><strong>erit</strong></span> <span class='ocrx_word' id='word_1_584' title='bbox 1496 785 1596 820; x_wconf 83' lang='lat' dir='ltr'><strong>judicio</strong></span> <span class='ocrx_word' id='word_1_585' title='bbox 1606 807 1613 818; x_wconf 89' lang='lat'><strong>,</strong></span> <span class='ocrx_word' id='word_1_586' title='bbox 1628 785 1721 820; x_wconf 78' lang='lat' dir='ltr'><strong>inquit.</strong></span> <span class='ocrx_word' id='word_1_587' title='bbox 1737 786 1793 814; x_wconf 91' lang='lat' dir='ltr'><strong>Non</strong></span> <span class='ocrx_word' id='word_1_588' title='bbox 1809 788 1881 815; x_wconf 88' lang='lat' dir='ltr'><strong>enim</strong></span> 
     </span>
    </p>
   </div>
   <div class='ocr_carea' id='block_1_77' title="bbox 1089 831 1882 867">
    <p class='ocr_par' dir='ltr' id='par_1_77' title="bbox 1089 831 1882 867">
     <span class='ocr_line' id='line_1_77' title="bbox 1089 831 1882 867; baseline 0.005 -10"><span class='ocrx_word' id='word_1_589' title='bbox 1089 839 1198 865; x_wconf 86' lang='lat' dir='ltr'><strong>prorsus</strong></span> <span class='ocrx_word' id='word_1_590' title='bbox 1217 839 1273 858; x_wconf 90' lang='lat' dir='ltr'><strong>rem</strong></span> <span class='ocrx_word' id='word_1_591' title='bbox 1294 831 1419 858; x_wconf 90' lang='lat' dir='ltr'><strong>sustulit:</strong></span> <span class='ocrx_word' id='word_1_592' title='bbox 1436 831 1523 866; x_wconf 90' lang='lat' dir='ltr'><strong>primo</strong></span> <span class='ocrx_word' id='word_1_593' title='bbox 1535 852 1542 863; x_wconf 86' lang='lat'><strong>,</strong></span> <span class='ocrx_word' id='word_1_594' title='bbox 1555 831 1616 866; x_wconf 85' lang='lat' dir='ltr'><strong>quia</strong></span> <span class='ocrx_word' id='word_1_595' title='bbox 1632 840 1684 859; x_wconf 90' lang='lat' dir='ltr'><strong>non</strong></span> <span class='ocrx_word' id='word_1_596' title='bbox 1699 837 1786 867; x_wconf 88' lang='lat' dir='ltr'><strong>potest</strong></span> <span class='ocrx_word' id='word_1_597' title='bbox 1801 832 1882 861; x_wconf 89' lang='lat' dir='ltr'><strong>homo</strong></span> 
     </span>
    </p>
   </div>
   <div class='ocr_carea' id='block_1_78' title="bbox 1088 876 1880 911">
    <p class='ocr_par' dir='ltr' id='par_1_78' title="bbox 1088 876 1880 911">
     <span class='ocr_line' id='line_1_78' title="bbox 1088 876 1880 911; baseline 0.005 -9"><span class='ocrx_word' id='word_1_598' title='bbox 1088 877 1168 903; x_wconf 88' lang='lat' dir='ltr'><strong>animi</strong></span> <span class='ocrx_word' id='word_1_599' title='bbox 1190 876 1329 904; x_wconf 84' lang='lat' dir='ltr'><strong>aﬂ&#39;eetibus</strong></span> <span class='ocrx_word' id='word_1_600' title='bbox 1350 883 1459 911; x_wconf 89' lang='lat' dir='ltr'><strong>prorsus</strong></span> <span class='ocrx_word' id='word_1_601' title='bbox 1481 877 1606 909; x_wconf 86' lang='lat' dir='ltr'><strong>liberari;</strong></span> <span class='ocrx_word' id='word_1_602' title='bbox 1623 877 1668 905; x_wconf 90' lang='lat' dir='ltr'><strong>sed</strong></span> <span class='ocrx_word' id='word_1_603' title='bbox 1685 878 1745 906; x_wconf 92' lang='lat' dir='ltr'><strong>illos</strong></span> <span class='ocrx_word' id='word_1_604' title='bbox 1763 879 1880 906; x_wconf 89' lang='lat' dir='ltr'><strong>retinere</strong></span> 
     </span>
    </p>
   </div>
   <div class='ocr_carea' id='block_1_79' title="bbox 1087 922 1878 960">
    <p class='ocr_par' dir='ltr' id='par_1_79' title="bbox 1087 922 1878 960">
     <span class='ocr_line' id='line_1_79' title="bbox 1087 922 1878 960; baseline 0.004 -12"><span class='ocrx_word' id='word_1_605' title='bbox 1087 922 1195 957; x_wconf 89' lang='lat' dir='ltr'><strong>quidem</strong></span> <span class='ocrx_word' id='word_1_606' title='bbox 1211 929 1351 957; x_wconf 87' lang='lat' dir='ltr'><strong>possumus</strong></span> <span class='ocrx_word' id='word_1_607' title='bbox 1360 942 1368 955; x_wconf 90' lang='lat'><strong>,</strong></span> <span class='ocrx_word' id='word_1_608' title='bbox 1382 922 1482 957; x_wconf 86' lang='lat' dir='ltr'><strong>absque</strong></span> <span class='ocrx_word' id='word_1_609' title='bbox 1495 922 1546 949; x_wconf 88' lang='lat' dir='ltr'><strong>illis</strong></span> <span class='ocrx_word' id='word_1_610' title='bbox 1559 923 1668 950; x_wconf 89' lang='lat' dir='ltr'><strong>omnino</strong></span> <span class='ocrx_word' id='word_1_611' title='bbox 1680 931 1740 951; x_wconf 87' lang='lat' dir='ltr'><strong>esse</strong></span> <span class='ocrx_word' id='word_1_612' title='bbox 1752 932 1803 951; x_wconf 91' lang='lat' dir='ltr'><strong>non</strong></span> <span class='ocrx_word' id='word_1_613' title='bbox 1817 932 1878 960; x_wconf 88' lang='lat' dir='ltr'><strong>pos-</strong></span> 
     </span>
    </p>
   </div>
   <div class='ocr_carea' id='block_1_80' title="bbox 1087 968 1878 1004">
    <p class='ocr_par' dir='ltr' id='par_1_80' title="bbox 1087 968 1878 1004">
     <span class='ocr_line' id='line_1_80' title="bbox 1087 968 1878 1004; baseline 0.006 -10"><span class='ocrx_word' id='word_1_614' title='bbox 1087 975 1196 1001; x_wconf 83' lang='lat' dir='ltr'><strong>sumus;</strong></span> <span class='ocrx_word' id='word_1_615' title='bbox 1212 968 1309 995; x_wconf 90' lang='lat' dir='ltr'><strong>deinde</strong></span> <span class='ocrx_word' id='word_1_616' title='bbox 1321 989 1328 1001; x_wconf 90' lang='lat'><strong>,</strong></span> <span class='ocrx_word' id='word_1_617' title='bbox 1346 969 1407 1003; x_wconf 88' lang='lat' dir='ltr'><strong>quia</strong></span> <span class='ocrx_word' id='word_1_618' title='bbox 1428 969 1472 996; x_wconf 89' lang='lat' dir='ltr'><strong>ille</strong></span> <span class='ocrx_word' id='word_1_619' title='bbox 1491 970 1572 996; x_wconf 89' lang='lat' dir='ltr'><strong>animi</strong></span> <span class='ocrx_word' id='word_1_620' title='bbox 1588 976 1675 997; x_wconf 91' lang='lat' dir='ltr'><strong>motus</strong></span> <span class='ocrx_word' id='word_1_621' title='bbox 1690 971 1761 998; x_wconf 86' lang='lat' dir='ltr'><strong>utilis</strong></span> <span class='ocrx_word' id='word_1_622' title='bbox 1775 976 1835 1004; x_wconf 84' lang='lat' dir='ltr'><strong>est,</strong></span> <span class='ocrx_word' id='word_1_623' title='bbox 1855 973 1878 999; x_wconf 88' lang='lat' dir='ltr'><strong>si</strong></span> 
     </span>
    </p>
   </div>
   <div class='ocr_carea' id='block_1_81' title="bbox 1088 1008 1878 1053">
    <p class='ocr_par' dir='ltr' id='par_1_81' title="bbox 1088 1008 1878 1053">
     <span class='ocr_line' id='line_1_81' title="bbox 1088 1008 1878 1053; baseline 0.005 -12"><span class='ocrx_word' id='word_1_624' title='bbox 1088 1015 1133 1042; x_wconf 93' lang='lat' dir='ltr'><strong>illo</strong></span> <span class='ocrx_word' id='word_1_625' title='bbox 1154 1016 1270 1042; x_wconf 90' lang='lat' dir='ltr'><strong>sciamus</strong></span> <span class='ocrx_word' id='word_1_626' title='bbox 1292 1021 1440 1050; x_wconf 89' lang='lat' dir='ltr'><strong>opportune</strong></span> <span class='ocrx_word' id='word_1_627' title='bbox 1460 1017 1508 1044; x_wconf 92' lang='lat' dir='ltr'><strong>uti.</strong></span> <span class='ocrx_word' id='word_1_628' title='bbox 1532 1016 1669 1051; x_wconf 85' lang='lat' dir='ltr'><strong>Perpende</strong></span> <span class='ocrx_word' id='word_1_629' title='bbox 1690 1018 1760 1044; x_wconf 91' lang='lat' dir='ltr'><strong>enim</strong></span> <span class='ocrx_word' id='word_1_630' title='bbox 1781 1008 1878 1053; x_wconf 85' lang='lat' dir='ltr'><strong>quanta</strong></span> 
     </span>
    </p>
   </div>
   <div class='ocr_carea' id='block_1_82' title="bbox 1087 1061 1879 1092">
    <p class='ocr_par' dir='ltr' id='par_1_82' title="bbox 1087 1061 1879 1092">
     <span class='ocr_line' id='line_1_82' title="bbox 1087 1061 1879 1092; baseline 0.004 -4"><span class='ocrx_word' id='word_1_631' title='bbox 1087 1061 1155 1088; x_wconf 86' lang='lat' dir='ltr'><strong>bona</strong></span> <span class='ocrx_word' id='word_1_632' title='bbox 1166 1061 1285 1089; x_wconf 85' lang='lat' dir='ltr'><strong>attulerit</strong></span> <span class='ocrx_word' id='word_1_633' title='bbox 1296 1061 1368 1089; x_wconf 87' lang='lat' dir='ltr'><strong>Pauli</strong></span> <span class='ocrx_word' id='word_1_634' title='bbox 1380 1062 1418 1090; x_wconf 88' lang='lat' dir='ltr'><strong>ira</strong></span> <span class='ocrx_word' id='word_1_635' title='bbox 1429 1067 1521 1089; x_wconf 88' lang='lat' dir='ltr'><strong>contra</strong></span> <span class='ocrx_word' id='word_1_636' title='bbox 1532 1063 1693 1090; x_wconf 90' lang='lat' dir='ltr'><strong>Corinthios.</strong></span> <span class='ocrx_word' id='word_1_637' title='bbox 1704 1063 1769 1090; x_wconf 78' lang='lat' dir='ltr'><strong>Nam</strong></span> <span class='ocrx_word' id='word_1_638' title='bbox 1781 1070 1807 1091; x_wconf 91' lang='lat' dir='ltr'><strong>et</strong></span> <span class='ocrx_word' id='word_1_639' title='bbox 1820 1065 1879 1092; x_wconf 87' lang='lat' dir='ltr'><strong>illos</strong></span> 
     </span>
    </p>
   </div>
   <div class='ocr_carea' id='block_1_83' title="bbox 1086 1107 1878 1145">
    <p class='ocr_par' dir='ltr' id='par_1_83' title="bbox 1086 1107 1878 1145">
     <span class='ocr_line' id='line_1_83' title="bbox 1086 1107 1878 1145; baseline 0.005 -11"><span class='ocrx_word' id='word_1_640' title='bbox 1086 1116 1100 1134; x_wconf 89' lang='lat' dir='ltr'><strong>a</strong></span> <span class='ocrx_word' id='word_1_641' title='bbox 1116 1116 1209 1143; x_wconf 79' lang='lat' dir='ltr'><strong>magna</strong></span> <span class='ocrx_word' id='word_1_642' title='bbox 1230 1113 1302 1143; x_wconf 86' lang='lat' dir='ltr'><strong>peste</strong></span> <span class='ocrx_word' id='word_1_643' title='bbox 1318 1107 1455 1141; x_wconf 82' lang='lat' dir='ltr'><strong>liberavit;</strong></span> <span class='ocrx_word' id='word_1_644' title='bbox 1478 1108 1629 1137; x_wconf 87' lang='lat' dir='ltr'><strong>Galatarum</strong></span> <span class='ocrx_word' id='word_1_645' title='bbox 1643 1109 1704 1137; x_wconf 91' lang='lat' dir='ltr'><strong>item</strong></span> <span class='ocrx_word' id='word_1_646' title='bbox 1718 1115 1823 1145; x_wconf 77' lang='lat' dir='ltr'><strong>gentem</strong></span> <span class='ocrx_word' id='word_1_647' title='bbox 1840 1111 1878 1138; x_wconf 84' lang='lat' dir='ltr'><strong>la-</strong></span> 
     </span>
    </p>
   </div>
   <div class='ocr_carea' id='block_1_84' title="bbox 1087 1154 1877 1190">
    <p class='ocr_par' dir='ltr' id='par_1_84' title="bbox 1087 1154 1877 1190">
     <span class='ocr_line' id='line_1_84' title="bbox 1087 1154 1877 1190; baseline 0.003 -9"><span class='ocrx_word' id='word_1_648' title='bbox 1087 1162 1160 1188; x_wconf 86' lang='lat' dir='ltr'><strong>psam</strong></span> <span class='ocrx_word' id='word_1_649' title='bbox 1183 1161 1232 1189; x_wconf 88' lang='lat' dir='ltr'><strong>per</strong></span> <span class='ocrx_word' id='word_1_650' title='bbox 1246 1154 1314 1181; x_wconf 88' lang='lat' dir='ltr'><strong>hanc</strong></span> <span class='ocrx_word' id='word_1_651' title='bbox 1329 1155 1511 1189; x_wconf 87' lang='lat' dir='ltr'><strong>recuperavit,</strong></span> <span class='ocrx_word' id='word_1_652' title='bbox 1531 1155 1651 1190; x_wconf 86' lang='lat' dir='ltr'><strong>aliosque</strong></span> <span class='ocrx_word' id='word_1_653' title='bbox 1672 1156 1778 1183; x_wconf 90' lang='lat' dir='ltr'><strong>multos.</strong></span> <span class='ocrx_word' id='word_1_654' title='bbox 1801 1157 1877 1190; x_wconf 84' lang='lat' dir='ltr'><strong>Quod</strong></span> 
     </span>
    </p>
   </div>
   <div class='ocr_carea' id='block_1_85' title="bbox 1085 1201 1877 1236">
    <p class='ocr_par' dir='ltr' id='par_1_85' title="bbox 1085 1201 1877 1236">
     <span class='ocr_line' id='line_1_85' title="bbox 1085 1201 1877 1236; baseline 0.005 -9"><span class='ocrx_word' id='word_1_655' title='bbox 1085 1208 1148 1235; x_wconf 82' lang='lat' dir='ltr'><strong>ergo</strong></span> <span class='ocrx_word' id='word_1_656' title='bbox 1167 1204 1271 1235; x_wconf 88' lang='lat' dir='ltr'><strong>tempus</strong></span> <span class='ocrx_word' id='word_1_657' title='bbox 1295 1201 1340 1228; x_wconf 72' lang='lat' dir='ltr'><strong>ira:</strong></span> <span class='ocrx_word' id='word_1_658' title='bbox 1353 1206 1531 1236; x_wconf 88' lang='lat' dir='ltr'><strong>opporttuuun</strong></span> <span class='ocrx_word' id='word_1_659' title='bbox 1552 1201 1614 1228; x_wconf 87' lang='lat' dir='ltr'><strong>est?</strong></span> <span class='ocrx_word' id='word_1_660' title='bbox 1628 1202 1738 1236; x_wconf 81' lang='lat' dir='ltr'><strong>Quando</strong></span> <span class='ocrx_word' id='word_1_661' title='bbox 1756 1210 1807 1230; x_wconf 90' lang='lat' dir='ltr'><strong>non</strong></span> <span class='ocrx_word' id='word_1_662' title='bbox 1828 1212 1877 1232; x_wconf 89' lang='lat' dir='ltr'><strong>nos</strong></span> 
     </span>
    </p>
   </div>
   <div class='ocr_carea' id='block_1_86' title="bbox 1085 1246 1874 1283">
    <p class='ocr_par' dir='ltr' id='par_1_86' title="bbox 1085 1246 1874 1283">
     <span class='ocr_line' id='line_1_86' title="bbox 1085 1246 1874 1283; baseline 0.005 -11"><span class='ocrx_word' id='word_1_663' title='bbox 1085 1246 1158 1280; x_wconf 87' lang='lat' dir='ltr'><strong>ipsos</strong></span> <span class='ocrx_word' id='word_1_664' title='bbox 1178 1246 1350 1279; x_wconf 89' lang='lat' dir='ltr'><strong>ulciscimur,</strong></span> <span class='ocrx_word' id='word_1_665' title='bbox 1366 1248 1413 1274; x_wconf 89' lang='lat' dir='ltr'><strong>sed</strong></span> <span class='ocrx_word' id='word_1_666' title='bbox 1431 1247 1498 1273; x_wconf 89' lang='lat' dir='ltr'><strong>alios</strong></span> <span class='ocrx_word' id='word_1_667' title='bbox 1519 1247 1668 1282; x_wconf 88' lang='lat' dir='ltr'><strong>petulantes</strong></span> <span class='ocrx_word' id='word_1_668' title='bbox 1688 1249 1855 1283; x_wconf 86' lang='lat' dir='ltr'><strong>reprimimus</strong></span> <span class='ocrx_word' id='word_1_669' title='bbox 1867 1271 1874 1281; x_wconf 88' lang='grc'>,</span> 
     </span>
    </p>
   </div>
   <div class='ocr_carea' id='block_1_87' title="bbox 1084 1291 1877 1328">
    <p class='ocr_par' dir='ltr' id='par_1_87' title="bbox 1084 1291 1877 1328">
     <span class='ocr_line' id='line_1_87' title="bbox 1084 1291 1877 1328; baseline 0.006 -11"><span class='ocrx_word' id='word_1_670' title='bbox 1084 1291 1191 1319; x_wconf 85' lang='lat' dir='ltr'><strong>desides</strong></span> <span class='ocrx_word' id='word_1_671' title='bbox 1204 1293 1394 1319; x_wconf 86' lang='lat' dir='ltr'><strong>convertimus.</strong></span> <span class='ocrx_word' id='word_1_672' title='bbox 1407 1292 1482 1326; x_wconf 87' lang='lat' dir='ltr'><strong>Quod</strong></span> <span class='ocrx_word' id='word_1_673' title='bbox 1498 1297 1601 1327; x_wconf 88' lang='lat' dir='ltr'><strong>tempus</strong></span> <span class='ocrx_word' id='word_1_674' title='bbox 1613 1301 1664 1320; x_wconf 92' lang='lat' dir='ltr'><strong>non</strong></span> <span class='ocrx_word' id='word_1_675' title='bbox 1678 1299 1854 1328; x_wconf 89' lang='lat' dir='ltr'><strong>opportunum</strong></span> <span class='ocrx_word' id='word_1_676' title='bbox 1863 1295 1877 1321; x_wconf 75' lang='grc' dir='ltr'>τ</span> 
     </span>
    </p>
   </div>
   <div class='ocr_carea' id='block_1_88' title="bbox 1083 1338 1873 1373">
    <p class='ocr_par' dir='ltr' id='par_1_88' title="bbox 1083 1338 1873 1373">
     <span class='ocr_line' id='line_1_88' title="bbox 1083 1338 1873 1373; baseline 0.004 -8"><span class='ocrx_word' id='word_1_677' title='bbox 1083 1338 1195 1371; x_wconf 86' lang='lat' dir='ltr'><strong>Quando</strong></span> <span class='ocrx_word' id='word_1_678' title='bbox 1209 1346 1259 1366; x_wconf 93' lang='lat' dir='ltr'><strong>nos</strong></span> <span class='ocrx_word' id='word_1_679' title='bbox 1273 1339 1345 1373; x_wconf 90' lang='lat' dir='ltr'><strong>ipsos</strong></span> <span class='ocrx_word' id='word_1_680' title='bbox 1360 1339 1517 1366; x_wconf 88' lang='lat' dir='ltr'><strong>ulciscentes</strong></span> <span class='ocrx_word' id='word_1_681' title='bbox 1532 1339 1558 1366; x_wconf 93' lang='lat' dir='ltr'><strong>id</strong></span> <span class='ocrx_word' id='word_1_682' title='bbox 1574 1339 1694 1367; x_wconf 78' lang='lat' dir='ltr'><strong>facimus.</strong></span> <span class='ocrx_word' id='word_1_683' title='bbox 1710 1340 1784 1373; x_wconf 84' lang='lat' dir='ltr'><strong>Quod</strong></span> <span class='ocrx_word' id='word_1_684' title='bbox 1804 1341 1873 1368; x_wconf 72' lang='lat' dir='ltr'><strong>Pau~</strong></span> 
     </span>
    </p>
   </div>
   <div class='ocr_carea' id='block_1_89' title="bbox 1084 1383 1871 1420">
    <p class='ocr_par' dir='ltr' id='par_1_89' title="bbox 1084 1383 1871 1420">
     <span class='ocr_line' id='line_1_89' title="bbox 1084 1383 1871 1420; baseline 0.004 -10"><span class='ocrx_word' id='word_1_685' title='bbox 1084 1383 1125 1410; x_wconf 92' lang='lat' dir='ltr'><strong>lus</strong></span> <span class='ocrx_word' id='word_1_686' title='bbox 1145 1383 1272 1411; x_wconf 88' lang='lat' dir='ltr'><strong>cohibens</strong></span> <span class='ocrx_word' id='word_1_687' title='bbox 1287 1385 1392 1412; x_wconf 89' lang='lat' dir='ltr'><strong>dicebat</strong></span> <span class='ocrx_word' id='word_1_688' title='bbox 1409 1393 1416 1411; x_wconf 73' lang='grc' dir='ltr'><strong>ε</strong></span> <span class='ocrx_word' id='word_1_689' title='bbox 1434 1384 1494 1411; x_wconf 86' lang='lat' dir='ltr'><strong>Non</strong></span> <span class='ocrx_word' id='word_1_690' title='bbox 1516 1386 1677 1420; x_wconf 74' lang='lat' dir='ltr'><strong>vosmetipsos</strong></span> <span class='ocrx_word' id='word_1_691' title='bbox 1698 1386 1852 1413; x_wconf 75' lang='lat' dir='ltr'><strong>vindicantes</strong></span> <span class='ocrx_word' id='word_1_692' title='bbox 1864 1407 1871 1419; x_wconf 92' lang='lat'><strong>,</strong></span> 
     </span>
    </p>
   </div>
   <div class='ocr_carea' id='block_1_90' title="bbox 1083 1428 1874 1467">
    <p class='ocr_par' dir='ltr' id='par_1_90' title="bbox 1083 1428 1874 1467">
     <span class='ocr_line' id='line_1_90' title="bbox 1083 1428 1874 1467; baseline 0.005 -12"><span class='ocrx_word' id='word_1_693' title='bbox 1083 1428 1184 1462; x_wconf 76' lang='lat' dir='ltr'><strong>dilecti,</strong></span> <span class='ocrx_word' id='word_1_694' title='bbox 1201 1430 1244 1456; x_wconf 78' lang='lat' dir='ltr'><strong>sed</strong></span> <span class='ocrx_word' id='word_1_695' title='bbox 1259 1430 1317 1457; x_wconf 84' lang='lat' dir='ltr'><strong>date</strong></span> <span class='ocrx_word' id='word_1_696' title='bbox 1328 1431 1410 1456; x_wconf 88' lang='lat' dir='ltr'><strong>locttm</strong></span> <span class='ocrx_word' id='word_1_697' title='bbox 1425 1431 1470 1457; x_wconf 69' lang='grc' dir='ltr'><strong>ἕνα»</strong></span> <span class='ocrx_word' id='word_1_698' title='bbox 1482 1430 1570 1465; x_wconf 81' lang='lat' dir='ltr'><strong>(Rom.</strong></span> <span class='ocrx_word' id='word_1_699' title='bbox 1589 1430 1632 1458; x_wconf 78' lang='lat' dir='ltr'><strong>l2.</strong></span> <span class='ocrx_word' id='word_1_700' title='bbox 1647 1430 1701 1467; x_wconf 79' lang='grc'><strong>19).</strong></span> <span class='ocrx_word' id='word_1_701' title='bbox 1715 1431 1825 1465; x_wconf 84' lang='lat' dir='ltr'><strong>Quando</strong></span> <span class='ocrx_word' id='word_1_702' title='bbox 1839 1432 1874 1460; x_wconf 85' lang='lat' dir='ltr'><strong>de</strong></span> 
     </span>
    </p>
   </div>
   <div class='ocr_carea' id='block_1_91' title="bbox 1083 1476 1872 1511">
    <p class='ocr_par' dir='ltr' id='par_1_91' title="bbox 1083 1476 1872 1511">
     <span class='ocr_line' id='line_1_91' title="bbox 1083 1476 1872 1511; baseline 0.004 -9"><span class='ocrx_word' id='word_1_703' title='bbox 1083 1476 1202 1510; x_wconf 86' lang='lat' dir='ltr'><strong>pecuniis</strong></span> <span class='ocrx_word' id='word_1_704' title='bbox 1224 1476 1366 1511; x_wconf 80' lang='lat' dir='ltr'><strong>litigamus.</strong></span> <span class='ocrx_word' id='word_1_705' title='bbox 1390 1476 1455 1503; x_wconf 86' lang='lat' dir='ltr'><strong>Nam</strong></span> <span class='ocrx_word' id='word_1_706' title='bbox 1475 1482 1502 1504; x_wconf 89' lang='lat' dir='ltr'><strong>et</strong></span> <span class='ocrx_word' id='word_1_707' title='bbox 1521 1477 1572 1504; x_wconf 91' lang='lat' dir='ltr'><strong>hoc</strong></span> <span class='ocrx_word' id='word_1_708' title='bbox 1591 1477 1632 1504; x_wconf 91' lang='lat' dir='ltr'><strong>his</strong></span> <span class='ocrx_word' id='word_1_709' title='bbox 1645 1477 1732 1505; x_wconf 88' lang='lat' dir='ltr'><strong>verbis</strong></span> <span class='ocrx_word' id='word_1_710' title='bbox 1745 1478 1872 1505; x_wconf 87' lang='lat' dir='ltr'><strong>sustulit:</strong></span> 
     </span>
    </p>
   </div>
   <div class='ocr_carea' id='block_1_92' title="bbox 1084 1522 1873 1560">
    <p class='ocr_par' dir='ltr' id='par_1_92' title="bbox 1084 1522 1873 1560">
     <span class='ocr_line' id='line_1_92' title="bbox 1084 1522 1873 1560; baseline 0.003 -12"><span class='ocrx_word' id='word_1_711' title='bbox 1084 1522 1168 1555; x_wconf 82' lang='lat' dir='ltr'><strong>Quare</strong></span> <span class='ocrx_word' id='word_1_712' title='bbox 1182 1530 1231 1549; x_wconf 84' lang='lat' dir='ltr'><strong>non</strong></span> <span class='ocrx_word' id='word_1_713' title='bbox 1246 1523 1325 1557; x_wconf 76' lang='lat' dir='ltr'><strong>magis</strong></span> <span class='ocrx_word' id='word_1_714' title='bbox 1340 1523 1459 1558; x_wconf 84' lang='lat' dir='ltr'><strong>injurium</strong></span> <span class='ocrx_word' id='word_1_715' title='bbox 1474 1523 1606 1558; x_wconf 78' lang='lat' dir='ltr'><strong>accipitis?</strong></span> <span class='ocrx_word' id='word_1_716' title='bbox 1627 1532 1704 1558; x_wconf 67' lang='lat' dir='ltr'><strong>quare</strong></span> <span class='ocrx_word' id='word_1_717' title='bbox 1724 1532 1774 1550; x_wconf 88' lang='lat' dir='ltr'><strong>non</strong></span> <span class='ocrx_word' id='word_1_718' title='bbox 1793 1525 1873 1560; x_wconf 80' lang='lat' dir='ltr'><strong>magis</strong></span> 
     </span>
    </p>
   </div>
   <div class='ocr_carea' id='block_1_93' title="bbox 1082 1568 1872 1604">
    <p class='ocr_par' dir='ltr' id='par_1_93' title="bbox 1082 1568 1872 1604">
     <span class='ocr_line' id='line_1_93' title="bbox 1082 1568 1872 1604; baseline 0.004 -10"><span class='ocrx_word' id='word_1_719' title='bbox 1082 1568 1196 1603; x_wconf 73' lang='lat' dir='ltr'><strong>frondent</strong></span> <span class='ocrx_word' id='word_1_720' title='bbox 1210 1569 1324 1603; x_wconf 84' lang='lat' dir='ltr'><strong>patimini</strong></span> <span class='ocrx_word' id='word_1_721' title='bbox 1339 1570 1347 1604; x_wconf 94' lang='lat'><strong>(</strong></span> <span class='ocrx_word' id='word_1_722' title='bbox 1360 1569 1386 1595; x_wconf 81' lang='grc'>1.</span> <span class='ocrx_word' id='word_1_723' title='bbox 1400 1569 1458 1596; x_wconf 84' lang='lat' dir='ltr'><strong>Cor.</strong></span> <span class='ocrx_word' id='word_1_724' title='bbox 1476 1570 1502 1597; x_wconf 87' lang='grc'><strong>6.</strong></span> <span class='ocrx_word' id='word_1_725' title='bbox 1523 1570 1581 1604; x_wconf 82' lang='lat'><strong>7)?</strong></span> <span class='ocrx_word' id='word_1_726' title='bbox 1594 1569 1667 1597; x_wconf 89' lang='lat' dir='ltr'><strong>Sicut</strong></span> <span class='ocrx_word' id='word_1_727' title='bbox 1678 1570 1748 1597; x_wconf 89' lang='lat' dir='ltr'><strong>enim</strong></span> <span class='ocrx_word' id='word_1_728' title='bbox 1764 1570 1821 1597; x_wconf 69' lang='lat' dir='ltr'><strong>hmc</strong></span> <span class='ocrx_word' id='word_1_729' title='bbox 1834 1571 1872 1597; x_wconf 87' lang='lat' dir='ltr'><strong>ira</strong></span> 
     </span>
    </p>
   </div>
   <div class='ocr_carea' id='block_1_94' title="bbox 1081 1615 1872 1649">
    <p class='ocr_par' dir='ltr' id='par_1_94' title="bbox 1081 1615 1872 1649">
     <span class='ocr_line' id='line_1_94' title="bbox 1081 1615 1872 1649; baseline 0.003 -8"><span class='ocrx_word' id='word_1_730' title='bbox 1081 1621 1277 1649; x_wconf 80' lang='lat' dir='ltr'><strong>supervacanea</strong></span> <span class='ocrx_word' id='word_1_731' title='bbox 1291 1619 1332 1641; x_wconf 91' lang='lat' dir='ltr'><strong>est</strong></span> <span class='ocrx_word' id='word_1_732' title='bbox 1342 1635 1349 1648; x_wconf 92' lang='lat'><strong>,</strong></span> <span class='ocrx_word' id='word_1_733' title='bbox 1365 1615 1404 1642; x_wconf 91' lang='lat' dir='ltr'><strong>sic</strong></span> <span class='ocrx_word' id='word_1_734' title='bbox 1418 1615 1461 1642; x_wconf 89' lang='lat' dir='ltr'><strong>illa</strong></span> <span class='ocrx_word' id='word_1_735' title='bbox 1477 1616 1626 1643; x_wconf 86' lang='lat' dir='ltr'><strong>necessaria</strong></span> <span class='ocrx_word' id='word_1_736' title='bbox 1638 1620 1664 1642; x_wconf 86' lang='lat' dir='ltr'><strong>et</strong></span> <span class='ocrx_word' id='word_1_737' title='bbox 1677 1616 1757 1643; x_wconf 89' lang='lat' dir='ltr'><strong>utilis.</strong></span> <span class='ocrx_word' id='word_1_738' title='bbox 1775 1615 1872 1643; x_wconf 88' lang='lat' dir='ltr'><strong>Verum</strong></span> 
     </span>
    </p>
   </div>
   <div class='ocr_carea' id='block_1_95' title="bbox 1082 1661 1872 1697">
    <p class='ocr_par' dir='ltr' id='par_1_95' title="bbox 1082 1661 1872 1697">
     <span class='ocr_line' id='line_1_95' title="bbox 1082 1661 1872 1697; baseline 0.003 -10"><span class='ocrx_word' id='word_1_739' title='bbox 1082 1661 1156 1688; x_wconf 90' lang='lat' dir='ltr'><strong>multi</strong></span> <span class='ocrx_word' id='word_1_740' title='bbox 1170 1669 1185 1688; x_wconf 92' lang='lat' dir='ltr'><strong>c</strong></span> <span class='ocrx_word' id='word_1_741' title='bbox 1203 1661 1338 1688; x_wconf 87' lang='lat' dir='ltr'><strong>contrario</strong></span> <span class='ocrx_word' id='word_1_742' title='bbox 1358 1662 1472 1694; x_wconf 82' lang='lat' dir='ltr'><strong>faciunt,</strong></span> <span class='ocrx_word' id='word_1_743' title='bbox 1491 1662 1592 1689; x_wconf 87' lang='lat' dir='ltr'><strong>cll&#39;erati</strong></span> <span class='ocrx_word' id='word_1_744' title='bbox 1605 1683 1611 1693; x_wconf 83' lang='lat'><strong>.</strong></span> <span class='ocrx_word' id='word_1_745' title='bbox 1625 1669 1685 1689; x_wconf 91' lang='lat' dir='ltr'><strong>cum</strong></span> <span class='ocrx_word' id='word_1_746' title='bbox 1705 1662 1798 1697; x_wconf 88' lang='lat' dir='ltr'><strong>injuria</strong></span> <span class='ocrx_word' id='word_1_747' title='bbox 1811 1662 1872 1689; x_wconf 83' lang='lat' dir='ltr'><strong>alli—</strong></span> 
     </span>
    </p>
   </div>
   <div class='ocr_carea' id='block_1_96' title="bbox 1081 1707 1870 1738">
    <p class='ocr_par' dir='ltr' id='par_1_96' title="bbox 1081 1707 1870 1738">
     <span class='ocr_line' id='line_1_96' title="bbox 1081 1707 1870 1738; baseline 0.001 -5"><span class='ocrx_word' id='word_1_748' title='bbox 1081 1707 1206 1737; x_wconf 78' lang='lat' dir='ltr'><strong>ciuntur,</strong></span> <span class='ocrx_word' id='word_1_749' title='bbox 1228 1707 1337 1733; x_wconf 84' lang='lat' dir='ltr'><strong>resoluti</strong></span> <span class='ocrx_word' id='word_1_750' title='bbox 1359 1713 1385 1734; x_wconf 88' lang='lat' dir='ltr'><strong>et</strong></span> <span class='ocrx_word' id='word_1_751' title='bbox 1405 1707 1498 1734; x_wconf 88' lang='lat' dir='ltr'><strong>molles</strong></span> <span class='ocrx_word' id='word_1_752' title='bbox 1511 1728 1517 1738; x_wconf 85' lang='lat'>.</span> <span class='ocrx_word' id='word_1_753' title='bbox 1537 1715 1596 1734; x_wconf 91' lang='lat' dir='ltr'><strong>cum</strong></span> <span class='ocrx_word' id='word_1_754' title='bbox 1620 1707 1712 1734; x_wconf 76' lang='lat' dir='ltr'><strong>lzcsum</strong></span> <span class='ocrx_word' id='word_1_755' title='bbox 1732 1707 1812 1735; x_wconf 90' lang='lat' dir='ltr'><strong>alium</strong></span> <span class='ocrx_word' id='word_1_756' title='bbox 1830 1707 1870 1734; x_wconf 91' lang='lat' dir='ltr'><strong>vi-</strong></span> 
     </span>
    </p>
   </div>
   <div class='ocr_carea' id='block_1_97' title="bbox 1080 1751 1870 1788">
    <p class='ocr_par' dir='ltr' id='par_1_97' title="bbox 1080 1751 1870 1788">
     <span class='ocr_line' id='line_1_97' title="bbox 1080 1751 1870 1788; baseline 0.003 -11"><span class='ocrx_word' id='word_1_757' title='bbox 1080 1751 1145 1778; x_wconf 90' lang='lat' dir='ltr'><strong>dent</strong></span> <span class='ocrx_word' id='word_1_758' title='bbox 1166 1761 1171 1778; x_wconf 87' lang='lat'>:</span> <span class='ocrx_word' id='word_1_759' title='bbox 1187 1760 1245 1786; x_wconf 77' lang='lat' dir='ltr'><strong>qum</strong></span> <span class='ocrx_word' id='word_1_760' title='bbox 1260 1752 1339 1778; x_wconf 89' lang='lat' dir='ltr'><strong>ambo</strong></span> <span class='ocrx_word' id='word_1_761' title='bbox 1353 1753 1484 1779; x_wconf 85' lang='lat' dir='ltr'><strong>contraria</strong></span> <span class='ocrx_word' id='word_1_762' title='bbox 1499 1758 1560 1779; x_wconf 91' lang='lat' dir='ltr'><strong>sunt</strong></span> <span class='ocrx_word' id='word_1_763' title='bbox 1579 1753 1737 1788; x_wconf 79' lang='lat' dir='ltr'><strong>evangelicis</strong></span> <span class='ocrx_word' id='word_1_764' title='bbox 1757 1752 1870 1787; x_wconf 78' lang='lat' dir='ltr'><strong>legibus.</strong></span> 
     </span>
    </p>
   </div>
   <div class='ocr_carea' id='block_1_98' title="bbox 1080 1797 1869 1833">
    <p class='ocr_par' dir='ltr' id='par_1_98' title="bbox 1080 1797 1869 1833">
     <span class='ocr_line' id='line_1_98' title="bbox 1080 1797 1869 1833; baseline 0.001 -9"><span class='ocrx_word' id='word_1_765' title='bbox 1080 1797 1138 1824; x_wconf 89' lang='lat' dir='ltr'><strong>Non</strong></span> <span class='ocrx_word' id='word_1_766' title='bbox 1151 1805 1216 1833; x_wconf 80' lang='lat' dir='ltr'><strong>ergo</strong></span> <span class='ocrx_word' id='word_1_767' title='bbox 1230 1798 1305 1825; x_wconf 89' lang='lat' dir='ltr'><strong>irasci</strong></span> <span class='ocrx_word' id='word_1_768' title='bbox 1322 1798 1439 1833; x_wconf 88' lang='lat' dir='ltr'><strong>iniquum</strong></span> <span class='ocrx_word' id='word_1_769' title='bbox 1454 1804 1495 1825; x_wconf 84' lang='lat' dir='ltr'><strong>est</strong></span> <span class='ocrx_word' id='word_1_770' title='bbox 1507 1819 1515 1830; x_wconf 89' lang='lat'><strong>,</strong></span> <span class='ocrx_word' id='word_1_771' title='bbox 1531 1798 1576 1825; x_wconf 85' lang='lat' dir='ltr'><strong>sed</strong></span> <span class='ocrx_word' id='word_1_772' title='bbox 1592 1799 1768 1833; x_wconf 88' lang='lat' dir='ltr'><strong>inopportune</strong></span> <span class='ocrx_word' id='word_1_773' title='bbox 1781 1798 1869 1825; x_wconf 84' lang='lat' dir='ltr'><strong>irasci.</strong></span> 
     </span>
    </p>
   </div>
   <div class='ocr_carea' id='block_1_99' title="bbox 1082 1843 1869 1879">
    <p class='ocr_par' dir='ltr' id='par_1_99' title="bbox 1082 1843 1869 1879">
     <span class='ocr_line' id='line_1_99' title="bbox 1082 1843 1869 1879; baseline 0 -9"><span class='ocrx_word' id='word_1_774' title='bbox 1082 1843 1143 1871; x_wconf 86' lang='lat' dir='ltr'><strong>Ideo</strong></span> <span class='ocrx_word' id='word_1_775' title='bbox 1157 1844 1284 1879; x_wconf 89' lang='lat' dir='ltr'><strong>propheta</strong></span> <span class='ocrx_word' id='word_1_776' title='bbox 1297 1844 1402 1871; x_wconf 89' lang='lat' dir='ltr'><strong>dicebat</strong></span> <span class='ocrx_word' id='word_1_777' title='bbox 1416 1853 1422 1870; x_wconf 87' lang='lat'><strong><em>:</em></strong></span> <span class='ocrx_word' id='word_1_778' title='bbox 1438 1844 1582 1871; x_wconf 79' lang='lat' dir='ltr'><strong>lrascimini</strong></span> <span class='ocrx_word' id='word_1_779' title='bbox 1592 1865 1599 1876; x_wconf 82' lang='lat'><strong>,</strong></span> <span class='ocrx_word' id='word_1_780' title='bbox 1619 1849 1642 1871; x_wconf 89' lang='lat' dir='ltr'><strong>et</strong></span> <span class='ocrx_word' id='word_1_781' title='bbox 1662 1844 1738 1871; x_wconf 86' lang='lat' dir='ltr'><strong>nolite</strong></span> <span class='ocrx_word' id='word_1_782' title='bbox 1757 1852 1869 1879; x_wconf 77' lang='lat' dir='ltr'><strong>peccare.</strong></span> 
     </span>
    </p>
   </div>
   <div class='ocr_carea' id='block_1_100' title="bbox 1082 1889 1871 1924">
    <p class='ocr_par' dir='ltr' id='par_1_100' title="bbox 1082 1889 1871 1924">
     <span class='ocr_line' id='line_1_100' title="bbox 1082 1889 1871 1924; baseline 0.001 -10"><span class='ocrx_word' id='word_1_783' title='bbox 1082 1889 1132 1922; x_wconf 83' lang='lat' dir='ltr'><strong>Qui</strong></span> <span class='ocrx_word' id='word_1_784' title='bbox 1147 1895 1230 1916; x_wconf 88' lang='lat' dir='ltr'><strong>autem</strong></span> <span class='ocrx_word' id='word_1_785' title='bbox 1247 1890 1338 1916; x_wconf 69' lang='lat' dir='ltr'><strong>dixerit</strong></span> <span class='ocrx_word' id='word_1_786' title='bbox 1357 1890 1431 1924; x_wconf 76' lang='lat' dir='ltr'><strong>fratri</strong></span> <span class='ocrx_word' id='word_1_787' title='bbox 1449 1898 1511 1922; x_wconf 77' lang='lat' dir='ltr'><strong>suo,</strong></span> <span class='ocrx_word' id='word_1_788' title='bbox 1528 1898 1587 1916; x_wconf 78' lang='lat' dir='ltr'><strong>ram</strong></span> <span class='ocrx_word' id='word_1_789' title='bbox 1599 1910 1606 1920; x_wconf 88' lang='lat'><strong>,</strong></span> <span class='ocrx_word' id='word_1_790' title='bbox 1627 1897 1683 1916; x_wconf 86' lang='lat' dir='ltr'><strong>reus</strong></span> <span class='ocrx_word' id='word_1_791' title='bbox 1701 1889 1747 1916; x_wconf 85' lang='lat' dir='ltr'><strong>erit</strong></span> <span class='ocrx_word' id='word_1_792' title='bbox 1766 1889 1871 1916; x_wconf 77' lang='lat' dir='ltr'><strong>concilio</strong></span> 
     </span>
    </p>
   </div>
   <div class='ocr_carea' id='block_1_101' title="bbox 1080 1935 1870 1972">
    <p class='ocr_par' dir='ltr' id='par_1_101' title="bbox 1080 1935 1870 1972">
     <span class='ocr_line' id='line_1_101' title="bbox 1080 1935 1870 1972; baseline -0.005 -7"><span class='ocrx_word' id='word_1_793' title='bbox 1080 1940 1089 1972; x_wconf 89' lang='lat'><strong>(</strong></span> <span class='ocrx_word' id='word_1_794' title='bbox 1104 1937 1176 1966; x_wconf 82' lang='lat' dir='ltr'><strong>Psal.</strong></span> <span class='ocrx_word' id='word_1_795' title='bbox 1192 1937 1218 1964; x_wconf 76' lang='grc'><strong>4.</strong></span> <span class='ocrx_word' id='word_1_796' title='bbox 1235 1936 1282 1971; x_wconf 86' lang='grc'><strong>5).</strong></span> <span class='ocrx_word' id='word_1_797' title='bbox 1307 1935 1454 1963; x_wconf 88' lang='lat' dir='ltr'><strong>Concilium</strong></span> <span class='ocrx_word' id='word_1_798' title='bbox 1470 1935 1530 1968; x_wconf 82' lang='lat' dir='ltr'><strong>hic,</strong></span> <span class='ocrx_word' id='word_1_799' title='bbox 1550 1935 1677 1969; x_wconf 89' lang='lat' dir='ltr'><strong>judicium</strong></span> <span class='ocrx_word' id='word_1_800' title='bbox 1700 1935 1870 1962; x_wconf 72' lang='lat' dir='ltr'><strong>llebramrum</strong></span> 
     </span>
    </p>
   </div>
   <div class='ocr_carea' id='block_1_102' title="bbox 1080 1981 1871 2017">
    <p class='ocr_par' dir='ltr' id='par_1_102' title="bbox 1080 1981 1871 2017">
     <span class='ocr_line' id='line_1_102' title="bbox 1080 1981 1871 2017; baseline -0.004 -6"><span class='ocrx_word' id='word_1_801' title='bbox 1080 1987 1167 2011; x_wconf 89' lang='lat' dir='ltr'><strong>vocat.</strong></span> <span class='ocrx_word' id='word_1_802' title='bbox 1190 1982 1266 2017; x_wconf 86' lang='lat' dir='ltr'><strong>Quod</strong></span> <span class='ocrx_word' id='word_1_803' title='bbox 1288 1982 1347 2010; x_wconf 88' lang='lat' dir='ltr'><strong>ideo</strong></span> <span class='ocrx_word' id='word_1_804' title='bbox 1363 1989 1432 2009; x_wconf 90' lang='lat' dir='ltr'><strong>nunc</strong></span> <span class='ocrx_word' id='word_1_805' title='bbox 1447 1982 1552 2016; x_wconf 89' lang='lat' dir='ltr'><strong>posuit,</strong></span> <span class='ocrx_word' id='word_1_806' title='bbox 1574 1989 1607 2008; x_wconf 91' lang='lat' dir='ltr'><strong>ne</strong></span> <span class='ocrx_word' id='word_1_807' title='bbox 1627 1981 1724 2016; x_wconf 91' lang='lat' dir='ltr'><strong>ubique</strong></span> <span class='ocrx_word' id='word_1_808' title='bbox 1737 1981 1871 2008; x_wconf 84' lang='lat' dir='ltr'><strong>videretur</strong></span> 
     </span>
    </p>
   </div>
   <div class='ocr_carea' id='block_1_103' title="bbox 1080 2027 1870 2064">
    <p class='ocr_par' dir='ltr' id='par_1_103' title="bbox 1080 2027 1870 2064">
     <span class='ocr_line' id='line_1_103' title="bbox 1080 2027 1870 2064; baseline -0.004 -7"><span class='ocrx_word' id='word_1_809' title='bbox 1080 2037 1149 2057; x_wconf 89' lang='lat' dir='ltr'><strong>nova</strong></span> <span class='ocrx_word' id='word_1_810' title='bbox 1173 2034 1200 2056; x_wconf 90' lang='lat' dir='ltr'><strong>et</strong></span> <span class='ocrx_word' id='word_1_811' title='bbox 1218 2028 1356 2064; x_wconf 77' lang='lat' dir='ltr'><strong>peregrina</strong></span> <span class='ocrx_word' id='word_1_812' title='bbox 1374 2028 1472 2055; x_wconf 89' lang='lat' dir='ltr'><strong>dicere.</strong></span> <span class='ocrx_word' id='word_1_813' title='bbox 1495 2027 1560 2055; x_wconf 92' lang='lat' dir='ltr'><strong>lllud</strong></span> <span class='ocrx_word' id='word_1_814' title='bbox 1580 2031 1667 2055; x_wconf 91' lang='lat' dir='ltr'><strong>autem</strong></span> <span class='ocrx_word' id='word_1_815' title='bbox 1681 2049 1689 2061; x_wconf 91' lang='lat'><strong>,</strong></span> <span class='ocrx_word' id='word_1_816' title='bbox 1707 2027 1778 2054; x_wconf 84' lang='lat' dir='ltr'><strong>Raca</strong></span> <span class='ocrx_word' id='word_1_817' title='bbox 1790 2048 1796 2059; x_wconf 89' lang='lat'><strong>.</strong></span> <span class='ocrx_word' id='word_1_818' title='bbox 1817 2035 1870 2055; x_wconf 89' lang='lat' dir='ltr'><strong>non</strong></span> 
     </span>
    </p>
   </div>
   <div class='ocr_carea' id='block_1_104' title="bbox 1080 2074 1871 2112">
    <p class='ocr_par' dir='ltr' id='par_1_104' title="bbox 1080 2074 1871 2112">
     <span class='ocr_line' id='line_1_104' title="bbox 1080 2074 1871 2112; baseline -0.004 -8"><span class='ocrx_word' id='word_1_819' title='bbox 1080 2084 1182 2112; x_wconf 68' lang='lat' dir='ltr'><strong>magna:</strong></span> <span class='ocrx_word' id='word_1_820' title='bbox 1196 2075 1364 2103; x_wconf 68' lang='lat' dir='ltr'><strong>contumelim</strong></span> <span class='ocrx_word' id='word_1_821' title='bbox 1378 2083 1427 2101; x_wconf 84' lang='lat' dir='ltr'><strong>vox</strong></span> <span class='ocrx_word' id='word_1_822' title='bbox 1441 2079 1480 2102; x_wconf 88' lang='lat' dir='ltr'><strong>est</strong></span> <span class='ocrx_word' id='word_1_823' title='bbox 1489 2097 1495 2107; x_wconf 79' lang='lat'><strong>,</strong></span> <span class='ocrx_word' id='word_1_824' title='bbox 1508 2074 1555 2102; x_wconf 92' lang='lat' dir='ltr'><strong>sed</strong></span> <span class='ocrx_word' id='word_1_825' title='bbox 1568 2076 1654 2109; x_wconf 89' lang='lat' dir='ltr'><strong>potius</strong></span> <span class='ocrx_word' id='word_1_826' title='bbox 1666 2079 1833 2109; x_wconf 89' lang='lat' dir='ltr'><strong>contemptus</strong></span> <span class='ocrx_word' id='word_1_827' title='bbox 1843 2080 1871 2102; x_wconf 90' lang='lat' dir='ltr'><strong>et</strong></span> 
     </span>
    </p>
   </div>
   <div class='ocr_carea' id='block_1_105' title="bbox 1080 2120 1871 2157">
    <p class='ocr_par' dir='ltr' id='par_1_105' title="bbox 1080 2120 1871 2157">
     <span class='ocr_line' id='line_1_105' title="bbox 1080 2120 1871 2157; baseline -0.004 -8"><span class='ocrx_word' id='word_1_828' title='bbox 1080 2121 1257 2157; x_wconf 77' lang='lat' dir='ltr'><strong>negligentiae.</strong></span> <span class='ocrx_word' id='word_1_829' title='bbox 1269 2120 1498 2153; x_wconf 83' lang='lat' dir='ltr'><strong>Quemadmodum</strong></span> <span class='ocrx_word' id='word_1_830' title='bbox 1509 2120 1579 2147; x_wconf 89' lang='lat' dir='ltr'><strong>enim</strong></span> <span class='ocrx_word' id='word_1_831' title='bbox 1590 2127 1637 2147; x_wconf 91' lang='lat' dir='ltr'><strong>nos</strong></span> <span class='ocrx_word' id='word_1_832' title='bbox 1647 2120 1751 2147; x_wconf 83' lang='lat' dir='ltr'><strong>latnulis</strong></span> <span class='ocrx_word' id='word_1_833' title='bbox 1761 2120 1871 2155; x_wconf 85' lang='lat' dir='ltr'><strong>aliisque</strong></span> 
     </span>
    </p>
   </div>
   <div class='ocr_carea' id='block_1_106' title="bbox 1080 2165 1869 2202">
    <p class='ocr_par' dir='ltr' id='par_1_106' title="bbox 1080 2165 1869 2202">
     <span class='ocr_line' id='line_1_106' title="bbox 1080 2165 1869 2202; baseline -0.004 -8"><span class='ocrx_word' id='word_1_834' title='bbox 1080 2168 1164 2195; x_wconf 86' lang='lat' dir='ltr'><strong>intimi</strong></span> <span class='ocrx_word' id='word_1_835' title='bbox 1184 2167 1281 2202; x_wconf 76' lang='lat' dir='ltr'><strong>gradus</strong></span> <span class='ocrx_word' id='word_1_836' title='bbox 1297 2167 1457 2201; x_wconf 87' lang='lat' dir='ltr'><strong>imperantes</strong></span> <span class='ocrx_word' id='word_1_837' title='bbox 1477 2166 1590 2192; x_wconf 90' lang='lat' dir='ltr'><strong>dicimus</strong></span> <span class='ocrx_word' id='word_1_838' title='bbox 1605 2175 1611 2192; x_wconf 90' lang='lat'>:</span> <span class='ocrx_word' id='word_1_839' title='bbox 1627 2165 1700 2192; x_wconf 87' lang='lat' dir='ltr'><strong>Vade</strong></span> <span class='ocrx_word' id='word_1_840' title='bbox 1723 2170 1750 2192; x_wconf 92' lang='lat' dir='ltr'><strong>tu</strong></span> <span class='ocrx_word' id='word_1_841' title='bbox 1761 2187 1768 2197; x_wconf 91' lang='lat'><strong>,</strong></span> <span class='ocrx_word' id='word_1_842' title='bbox 1785 2165 1827 2192; x_wconf 89' lang='lat' dir='ltr'><strong>dic</strong></span> <span class='ocrx_word' id='word_1_843' title='bbox 1843 2171 1869 2192; x_wconf 92' lang='lat' dir='ltr'><strong>tu</strong></span> 
     </span>
    </p>
   </div>
   <div class='ocr_carea' id='block_1_107' title="bbox 1081 2211 1869 2248">
    <p class='ocr_par' dir='ltr' id='par_1_107' title="bbox 1081 2211 1869 2248">
     <span class='ocr_line' id='line_1_107' title="bbox 1081 2211 1869 2248; baseline -0.005 -7"><span class='ocrx_word' id='word_1_844' title='bbox 1081 2214 1118 2241; x_wconf 90' lang='lat' dir='ltr'><strong>illi</strong></span> <span class='ocrx_word' id='word_1_845' title='bbox 1134 2223 1141 2241; x_wconf 86' lang='lat'><strong>:</strong></span> <span class='ocrx_word' id='word_1_846' title='bbox 1155 2214 1193 2241; x_wconf 92' lang='lat' dir='ltr'><strong>sic</strong></span> <span class='ocrx_word' id='word_1_847' title='bbox 1213 2213 1256 2248; x_wconf 87' lang='lat' dir='ltr'><strong>qui</strong></span> <span class='ocrx_word' id='word_1_848' title='bbox 1272 2212 1399 2248; x_wconf 79' lang='lat' dir='ltr'><strong>Syrorum</strong></span> <span class='ocrx_word' id='word_1_849' title='bbox 1420 2212 1505 2246; x_wconf 74' lang='lat' dir='ltr'><strong>lingua</strong></span> <span class='ocrx_word' id='word_1_850' title='bbox 1527 2218 1652 2243; x_wconf 87' lang='lat' dir='ltr'><strong>utuntur,</strong></span> <span class='ocrx_word' id='word_1_851' title='bbox 1667 2219 1733 2239; x_wconf 90' lang='lat' dir='ltr'><strong>voce</strong></span> <span class='ocrx_word' id='word_1_852' title='bbox 1749 2211 1819 2238; x_wconf 82' lang='lat' dir='ltr'><strong>Raca</strong></span> <span class='ocrx_word' id='word_1_853' title='bbox 1834 2211 1869 2238; x_wconf 91' lang='lat' dir='ltr'><strong>uti</strong></span> 
     </span>
    </p>
   </div>
   <div class='ocr_carea' id='block_1_108' title="bbox 1080 2256 1870 2292">
    <p class='ocr_par' dir='ltr' id='par_1_108' title="bbox 1080 2256 1870 2292">
     <span class='ocr_line' id='line_1_108' title="bbox 1080 2256 1870 2292; baseline -0.004 -6"><span class='ocrx_word' id='word_1_854' title='bbox 1080 2259 1176 2291; x_wconf 89' lang='lat' dir='ltr'><strong>solent,</strong></span> <span class='ocrx_word' id='word_1_855' title='bbox 1190 2258 1229 2285; x_wconf 87' lang='lat' dir='ltr'><strong>Tu</strong></span> <span class='ocrx_word' id='word_1_856' title='bbox 1243 2258 1433 2292; x_wconf 76' lang='lat' dir='ltr'><strong>signiﬁcantes.</strong></span> <span class='ocrx_word' id='word_1_857' title='bbox 1448 2257 1498 2284; x_wconf 85' lang='lat' dir='ltr'><strong>Sed</strong></span> <span class='ocrx_word' id='word_1_858' title='bbox 1514 2257 1643 2292; x_wconf 82' lang='lat' dir='ltr'><strong>benignus</strong></span> <span class='ocrx_word' id='word_1_859' title='bbox 1656 2256 1725 2284; x_wconf 88' lang='lat' dir='ltr'><strong>Deus</strong></span> <span class='ocrx_word' id='word_1_860' title='bbox 1738 2257 1779 2284; x_wconf 81' lang='lat' dir='ltr'><strong>Vt&#39;l</strong></span> <span class='ocrx_word' id='word_1_861' title='bbox 1795 2257 1870 2284; x_wconf 82' lang='lat' dir='ltr'><strong>mini-</strong></span> 
     </span>
    </p>
   </div>
   <div class='ocr_carea' id='block_1_109' title="bbox 1081 2303 1870 2337">
    <p class='ocr_par' dir='ltr' id='par_1_109' title="bbox 1081 2303 1870 2337">
     <span class='ocr_line' id='line_1_109' title="bbox 1081 2303 1870 2337; baseline -0.001 -7"><span class='ocrx_word' id='word_1_862' title='bbox 1081 2311 1122 2331; x_wconf 86' lang='lat' dir='ltr'><strong>ma</strong></span> <span class='ocrx_word' id='word_1_863' title='bbox 1137 2303 1246 2336; x_wconf 85' lang='lat' dir='ltr'><strong>evellit,</strong></span> <span class='ocrx_word' id='word_1_864' title='bbox 1264 2303 1361 2337; x_wconf 89' lang='lat' dir='ltr'><strong>jubens</strong></span> <span class='ocrx_word' id='word_1_865' title='bbox 1383 2310 1431 2329; x_wconf 91' lang='lat' dir='ltr'><strong>nos</strong></span> <span class='ocrx_word' id='word_1_866' title='bbox 1454 2307 1608 2330; x_wconf 84' lang='lat' dir='ltr'><strong>reverenter</strong></span> <span class='ocrx_word' id='word_1_867' title='bbox 1624 2307 1716 2329; x_wconf 90' lang='lat' dir='ltr'><strong>mutuo</strong></span> <span class='ocrx_word' id='word_1_868' title='bbox 1729 2310 1808 2337; x_wconf 82' lang='lat' dir='ltr'><strong>agere</strong></span> <span class='ocrx_word' id='word_1_869' title='bbox 1820 2323 1827 2335; x_wconf 92' lang='lat'><strong>,</strong></span> <span class='ocrx_word' id='word_1_870' title='bbox 1844 2307 1870 2329; x_wconf 92' lang='lat' dir='ltr'><strong>et</strong></span> 
     </span>
    </p>
   </div>
   <div class='ocr_carea' id='block_1_110' title="bbox 1081 2349 1869 2383">
    <p class='ocr_par' dir='ltr' id='par_1_110' title="bbox 1081 2349 1869 2383">
     <span class='ocr_line' id='line_1_110' title="bbox 1081 2349 1869 2383; baseline -0.001 -7"><span class='ocrx_word' id='word_1_871' title='bbox 1081 2358 1140 2377; x_wconf 87' lang='lat' dir='ltr'><strong>cum</strong></span> <span class='ocrx_word' id='word_1_872' title='bbox 1156 2350 1257 2377; x_wconf 86' lang='lat' dir='ltr'><strong>honore</strong></span> <span class='ocrx_word' id='word_1_873' title='bbox 1271 2349 1386 2381; x_wconf 86' lang='lat' dir='ltr'><strong>decenti,</strong></span> <span class='ocrx_word' id='word_1_874' title='bbox 1399 2353 1427 2375; x_wconf 90' lang='lat' dir='ltr'><strong>ut</strong></span> <span class='ocrx_word' id='word_1_875' title='bbox 1441 2357 1487 2383; x_wconf 82' lang='lat' dir='ltr'><strong>per</strong></span> <span class='ocrx_word' id='word_1_876' title='bbox 1498 2349 1554 2375; x_wconf 69' lang='lat' dir='ltr'><strong>haec</strong></span> <span class='ocrx_word' id='word_1_877' title='bbox 1564 2349 1643 2375; x_wconf 90' lang='lat' dir='ltr'><strong>etiam</strong></span> <span class='ocrx_word' id='word_1_878' title='bbox 1660 2349 1759 2382; x_wconf 90' lang='lat' dir='ltr'><strong>majora</strong></span> <span class='ocrx_word' id='word_1_879' title='bbox 1774 2349 1869 2375; x_wconf 70' lang='lat' dir='ltr'><strong>tollan&lt;</strong></span> 
     </span>
    </p>
   </div>
   <div class='ocr_carea' id='block_1_111' title="bbox 1081 2394 1869 2430">
    <p class='ocr_par' dir='ltr' id='par_1_111' title="bbox 1081 2394 1869 2430">
     <span class='ocr_line' id='line_1_111' title="bbox 1081 2394 1869 2430; baseline -0.003 -8"><span class='ocrx_word' id='word_1_880' title='bbox 1081 2401 1132 2422; x_wconf 87' lang='lat' dir='ltr'><strong>tur.</strong></span> <span class='ocrx_word' id='word_1_881' title='bbox 1150 2396 1200 2427; x_wconf 84' lang='lat' dir='ltr'><strong>Qui</strong></span> <span class='ocrx_word' id='word_1_882' title='bbox 1213 2400 1295 2422; x_wconf 85' lang='lat' dir='ltr'><strong>autent</strong></span> <span class='ocrx_word' id='word_1_883' title='bbox 1308 2395 1400 2421; x_wconf 65' lang='lat' dir='ltr'><strong>dixerit</strong></span> <span class='ocrx_word' id='word_1_884' title='bbox 1410 2416 1417 2426; x_wconf 87' lang='lat'><strong>,</strong></span> <span class='ocrx_word' id='word_1_885' title='bbox 1434 2396 1503 2430; x_wconf 78' lang='lat' dir='ltr'><strong>fatue</strong></span> <span class='ocrx_word' id='word_1_886' title='bbox 1512 2415 1519 2425; x_wconf 81' lang='grc'><em>,</em></span> <span class='ocrx_word' id='word_1_887' title='bbox 1534 2402 1592 2421; x_wconf 89' lang='lat' dir='ltr'><strong>reus</strong></span> <span class='ocrx_word' id='word_1_888' title='bbox 1605 2395 1650 2421; x_wconf 86' lang='lat' dir='ltr'><strong>erit</strong></span> <span class='ocrx_word' id='word_1_889' title='bbox 1664 2394 1783 2429; x_wconf 64' lang='lat' dir='ltr'><strong>gehennae</strong></span> <span class='ocrx_word' id='word_1_890' title='bbox 1794 2394 1869 2429; x_wconf 79' lang='lat' dir='ltr'><strong>ignis.</strong></span> 
     </span>
    </p>
   </div>
   <div class='ocr_carea' id='block_1_112' title="bbox 1081 2440 1868 2476">
    <p class='ocr_par' dir='ltr' id='par_1_112' title="bbox 1081 2440 1868 2476">
     <span class='ocr_line' id='line_1_112' title="bbox 1081 2440 1868 2476; baseline -0.004 -8"><span class='ocrx_word' id='word_1_891' title='bbox 1081 2441 1137 2468; x_wconf 91' lang='lat' dir='ltr'><strong>lloc</strong></span> <span class='ocrx_word' id='word_1_892' title='bbox 1151 2445 1312 2476; x_wconf 72' lang='lat' dir='ltr'><strong>prceceptum</strong></span> <span class='ocrx_word' id='word_1_893' title='bbox 1326 2440 1417 2467; x_wconf 91' lang='lat' dir='ltr'><strong>multis</strong></span> <span class='ocrx_word' id='word_1_894' title='bbox 1430 2447 1510 2474; x_wconf 81' lang='lat' dir='ltr'><strong>grave</strong></span> <span class='ocrx_word' id='word_1_895' title='bbox 1521 2444 1548 2466; x_wconf 91' lang='lat' dir='ltr'><strong>et</strong></span> <span class='ocrx_word' id='word_1_896' title='bbox 1560 2444 1701 2467; x_wconf 90' lang='lat' dir='ltr'><strong>onerosum</strong></span> <span class='ocrx_word' id='word_1_897' title='bbox 1715 2440 1799 2466; x_wconf 89' lang='lat' dir='ltr'><strong>visum</strong></span> <span class='ocrx_word' id='word_1_898' title='bbox 1811 2443 1868 2466; x_wconf 88' lang='lat' dir='ltr'><strong>est:</strong></span> 
     </span>
    </p>
   </div>
   <div class='ocr_carea' id='block_1_113' title="bbox 1081 2485 1869 2522">
    <p class='ocr_par' dir='ltr' id='par_1_113' title="bbox 1081 2485 1869 2522">
     <span class='ocr_line' id='line_1_113' title="bbox 1081 2485 1869 2522; baseline -0.003 -8"><span class='ocrx_word' id='word_1_899' title='bbox 1081 2488 1101 2514; x_wconf 90' lang='lat' dir='ltr'><strong>si</strong></span> <span class='ocrx_word' id='word_1_900' title='bbox 1123 2495 1170 2522; x_wconf 89' lang='lat' dir='ltr'><strong>pro</strong></span> <span class='ocrx_word' id='word_1_901' title='bbox 1185 2494 1238 2515; x_wconf 92' lang='lat' dir='ltr'><strong>uno</strong></span> <span class='ocrx_word' id='word_1_902' title='bbox 1252 2487 1363 2522; x_wconf 91' lang='lat' dir='ltr'><strong>simplici</strong></span> <span class='ocrx_word' id='word_1_903' title='bbox 1377 2486 1461 2514; x_wconf 90' lang='lat' dir='ltr'><strong>verbo</strong></span> <span class='ocrx_word' id='word_1_904' title='bbox 1481 2490 1583 2512; x_wconf 88' lang='lat' dir='ltr'><strong>tantum</strong></span> <span class='ocrx_word' id='word_1_905' title='bbox 1603 2485 1748 2513; x_wconf 89' lang='lat' dir='ltr'><strong>debeamus</strong></span> <span class='ocrx_word' id='word_1_906' title='bbox 1770 2485 1869 2520; x_wconf 65' lang='lat' dir='ltr'><strong>suppl2«</strong></span> 
     </span>
    </p>
   </div>
   <div class='ocr_carea' id='block_1_114' title="bbox 1080 2529 1867 2566">
    <p class='ocr_par' dir='ltr' id='par_1_114' title="bbox 1080 2529 1867 2566">
     <span class='ocr_line' id='line_1_114' title="bbox 1080 2529 1867 2566; baseline -0.005 -6"><span class='ocrx_word' id='word_1_907' title='bbox 1080 2534 1151 2560; x_wconf 92' lang='lat' dir='ltr'><strong>cium</strong></span> <span class='ocrx_word' id='word_1_908' title='bbox 1171 2533 1254 2560; x_wconf 88' lang='lat' dir='ltr'><strong>luere.</strong></span> <span class='ocrx_word' id='word_1_909' title='bbox 1270 2532 1382 2566; x_wconf 87' lang='lat' dir='ltr'><strong>Quidam</strong></span> <span class='ocrx_word' id='word_1_910' title='bbox 1395 2539 1459 2559; x_wconf 91' lang='lat' dir='ltr'><strong>vero</strong></span> <span class='ocrx_word' id='word_1_911' title='bbox 1478 2531 1529 2558; x_wconf 91' lang='lat' dir='ltr'><strong>hoc</strong></span> <span class='ocrx_word' id='word_1_912' title='bbox 1548 2531 1634 2566; x_wconf 88' lang='lat' dir='ltr'><strong>ipsum</strong></span> <span class='ocrx_word' id='word_1_913' title='bbox 1649 2529 1818 2566; x_wconf 81' lang='lat' dir='ltr'><strong>hyperbolice</strong></span> <span class='ocrx_word' id='word_1_914' title='bbox 1831 2529 1867 2556; x_wconf 84' lang='lat' dir='ltr'><strong>di-</strong></span> 
     </span>
    </p>
   </div>
   <div class='ocr_carea' id='block_1_115' title="bbox 1083 2575 1869 2607">
    <p class='ocr_par' dir='ltr' id='par_1_115' title="bbox 1083 2575 1869 2607">
     <span class='ocr_line' id='line_1_115' title="bbox 1083 2575 1869 2607; baseline -0.006 0"><span class='ocrx_word' id='word_1_915' title='bbox 1083 2584 1153 2607; x_wconf 90' lang='lat' dir='ltr'><strong>ctum</strong></span> <span class='ocrx_word' id='word_1_916' title='bbox 1166 2579 1327 2606; x_wconf 81' lang='lat' dir='ltr'><strong>existimant.</strong></span> <span class='ocrx_word' id='word_1_917' title='bbox 1353 2578 1404 2605; x_wconf 88' lang='lat' dir='ltr'><strong>Sed</strong></span> <span class='ocrx_word' id='word_1_918' title='bbox 1418 2585 1513 2605; x_wconf 88' lang='lat' dir='ltr'><strong>vereor</strong></span> <span class='ocrx_word' id='word_1_919' title='bbox 1525 2584 1559 2605; x_wconf 90' lang='lat' dir='ltr'><strong>ne</strong></span> <span class='ocrx_word' id='word_1_920' title='bbox 1573 2576 1662 2604; x_wconf 81' lang='lat' dir='ltr'><strong>verbis</strong></span> <span class='ocrx_word' id='word_1_921' title='bbox 1677 2576 1719 2603; x_wconf 92' lang='lat' dir='ltr'><strong>hic</strong></span> <span class='ocrx_word' id='word_1_922' title='bbox 1733 2583 1782 2604; x_wconf 91' lang='lat' dir='ltr'><strong>nos</strong></span> <span class='ocrx_word' id='word_1_923' title='bbox 1796 2575 1869 2603; x_wconf 87' lang='lat' dir='ltr'><strong>deei-</strong></span> 
     </span>
    </p>
   </div>
   <div class='ocr_carea' id='block_1_116' title="bbox 1081 2622 1796 2659">
    <p class='ocr_par' dir='ltr' id='par_1_116' title="bbox 1081 2622 1796 2659">
     <span class='ocr_line' id='line_1_116' title="bbox 1081 2622 1796 2659; baseline -0.006 -7"><span class='ocrx_word' id='word_1_924' title='bbox 1081 2626 1194 2659; x_wconf 88' lang='lat' dir='ltr'><strong>pientes,</strong></span> <span class='ocrx_word' id='word_1_925' title='bbox 1210 2625 1295 2659; x_wconf 84' lang='lat' dir='ltr'><strong>reipsa</strong></span> <span class='ocrx_word' id='word_1_926' title='bbox 1311 2630 1460 2651; x_wconf 83' lang='lat' dir='ltr'><strong>extremum</strong></span> <span class='ocrx_word' id='word_1_927' title='bbox 1474 2623 1615 2651; x_wconf 89' lang='lat' dir='ltr'><strong>subeamus</strong></span> <span class='ocrx_word' id='word_1_928' title='bbox 1629 2622 1796 2657; x_wconf 85' lang='lat' dir='ltr'><strong>supplicium.</strong></span> 
     </span>
    </p>
   </div>
   <div class='ocr_carea' id='block_1_117' title="bbox 1117 2667 1869 2705">
    <p class='ocr_par' dir='ltr' id='par_1_117' title="bbox 1117 2667 1869 2705">
     <span class='ocr_line' id='line_1_117' title="bbox 1117 2667 1869 2705; baseline -0.007 -7"><span class='ocrx_word' id='word_1_929' title='bbox 1117 2672 1143 2698; x_wconf 87' lang='lat'><strong>8.</strong></span> <span class='ocrx_word' id='word_1_930' title='bbox 1164 2671 1210 2697; x_wconf 83' lang='lat' dir='ltr'><strong>Ira</strong></span> <span class='ocrx_word' id='word_1_931' title='bbox 1224 2679 1269 2697; x_wconf 83' lang='lat' dir='ltr'><strong>cur</strong></span> <span class='ocrx_word' id='word_1_932' title='bbox 1283 2670 1451 2705; x_wconf 83' lang='lat' dir='ltr'><strong>reprimenda.</strong></span> <span class='ocrx_word' id='word_1_933' title='bbox 1466 2669 1623 2697; x_wconf 86' lang='lat' dir='ltr'><strong>Contumelia</strong></span> <span class='ocrx_word' id='word_1_934' title='bbox 1641 2669 1705 2695; x_wconf 81' lang='lat' dir='ltr'><strong>nihil</strong></span> <span class='ocrx_word' id='word_1_935' title='bbox 1724 2667 1869 2701; x_wconf 79' lang='lat' dir='ltr'><strong>intolerabi-</strong></span> 
     </span>
    </p>
   </div>
   <div class='ocr_carea' id='block_1_118' title="bbox 1082 2714 1869 2751">
    <p class='ocr_par' dir='ltr' id='par_1_118' title="bbox 1082 2714 1869 2751">
     <span class='ocr_line' id='line_1_118' title="bbox 1082 2714 1869 2751; baseline -0.005 -8"><span class='ocrx_word' id='word_1_936' title='bbox 1082 2715 1138 2743; x_wconf 73' lang='lat' dir='ltr'><strong>lius.</strong></span> <span class='ocrx_word' id='word_1_937' title='bbox 1151 2731 1184 2736; x_wconf 82' lang='lat'><strong>——</strong></span> <span class='ocrx_word' id='word_1_938' title='bbox 1199 2715 1262 2748; x_wconf 86' lang='lat' dir='ltr'><strong>Cur,</strong></span> <span class='ocrx_word' id='word_1_939' title='bbox 1284 2723 1385 2751; x_wconf 66' lang='lat' dir='ltr'><strong>quasso,</strong></span> <span class='ocrx_word' id='word_1_940' title='bbox 1410 2722 1554 2743; x_wconf 88' lang='lat' dir='ltr'><strong>onerosum</strong></span> <span class='ocrx_word' id='word_1_941' title='bbox 1576 2714 1680 2742; x_wconf 84' lang='lat' dir='ltr'><strong>videtur</strong></span> <span class='ocrx_word' id='word_1_942' title='bbox 1694 2721 1754 2741; x_wconf 83' lang='lat' dir='ltr'><strong>esse</strong></span> <span class='ocrx_word' id='word_1_943' title='bbox 1767 2720 1869 2748; x_wconf 49' lang='lat' dir='ltr'><strong>pmice-</strong></span> 
     </span>
    </p>
   </div>
   <div class='ocr_carea' id='block_1_119' title="bbox 1082 2763 1868 2798">
    <p class='ocr_par' dir='ltr' id='par_1_119' title="bbox 1082 2763 1868 2798">
     <span class='ocr_line' id='line_1_119' title="bbox 1082 2763 1868 2798; baseline -0.003 -8"><span class='ocrx_word' id='word_1_944' title='bbox 1082 2764 1174 2797; x_wconf 80' lang='lat' dir='ltr'><strong>ptum?</strong></span> <span class='ocrx_word' id='word_1_945' title='bbox 1186 2764 1227 2790; x_wconf 84' lang='lat' dir='ltr'><strong>An</strong></span> <span class='ocrx_word' id='word_1_946' title='bbox 1240 2764 1329 2790; x_wconf 81' lang='lat' dir='ltr'><strong>nescis</strong></span> <span class='ocrx_word' id='word_1_947' title='bbox 1341 2763 1468 2798; x_wconf 89' lang='lat' dir='ltr'><strong>pleraque</strong></span> <span class='ocrx_word' id='word_1_948' title='bbox 1482 2763 1610 2797; x_wconf 87' lang='lat' dir='ltr'><strong>supplicia</strong></span> <span class='ocrx_word' id='word_1_949' title='bbox 1621 2767 1648 2789; x_wconf 89' lang='lat' dir='ltr'><strong>et</strong></span> <span class='ocrx_word' id='word_1_950' title='bbox 1660 2766 1768 2797; x_wconf 84' lang='lat' dir='ltr'><strong>peccata</strong></span> <span class='ocrx_word' id='word_1_951' title='bbox 1781 2769 1795 2788; x_wconf 88' lang='lat' dir='ltr'><strong>a</strong></span> <span class='ocrx_word' id='word_1_952' title='bbox 1810 2769 1868 2788; x_wconf 81' lang='lat' dir='ltr'><strong>ver-</strong></span> 
     </span>
    </p>
   </div>
   <div class='ocr_carea' id='block_1_120' title="bbox 1082 2808 1870 2843">
    <p class='ocr_par' dir='ltr' id='par_1_120' title="bbox 1082 2808 1870 2843">
     <span class='ocr_line' id='line_1_120' title="bbox 1082 2808 1870 2843; baseline 0.001 -8"><span class='ocrx_word' id='word_1_953' title='bbox 1082 2809 1122 2835; x_wconf 86' lang='lat' dir='ltr'><strong>bis</strong></span> <span class='ocrx_word' id='word_1_954' title='bbox 1137 2809 1240 2835; x_wconf 86' lang='lat' dir='ltr'><strong>initium</strong></span> <span class='ocrx_word' id='word_1_955' title='bbox 1263 2809 1379 2836; x_wconf 85' lang='lat' dir='ltr'><strong>ducere?</strong></span> <span class='ocrx_word' id='word_1_956' title='bbox 1401 2809 1452 2836; x_wconf 89' lang='lat' dir='ltr'><strong>Per</strong></span> <span class='ocrx_word' id='word_1_957' title='bbox 1465 2809 1545 2836; x_wconf 88' lang='lat' dir='ltr'><strong>verba</strong></span> <span class='ocrx_word' id='word_1_958' title='bbox 1565 2809 1635 2835; x_wconf 86' lang='lat' dir='ltr'><strong>cuitu</strong></span> <span class='ocrx_word' id='word_1_959' title='bbox 1660 2808 1834 2843; x_wconf 66' lang='lat' dir='ltr'><strong>blasphemia:</strong></span> <span class='ocrx_word' id='word_1_960' title='bbox 1843 2813 1870 2836; x_wconf 87' lang='lat' dir='ltr'><strong>et</strong></span> 
     </span>
    </p>
   </div>
   <div class='ocr_carea' id='block_1_121' title="bbox 1081 2853 1875 2891">
    <p class='ocr_par' dir='ltr' id='par_1_121' title="bbox 1081 2853 1875 2891">
     <span class='ocr_line' id='line_1_121' title="bbox 1081 2853 1875 2891; baseline 0.003 -10"><span class='ocrx_word' id='word_1_961' title='bbox 1081 2855 1221 2890; x_wconf 70' lang='lat' dir='ltr'><strong>abnegatio</strong></span> <span class='ocrx_word' id='word_1_962' title='bbox 1229 2855 1291 2888; x_wconf 82' lang='lat' dir='ltr'><strong>Dei;</strong></span> <span class='ocrx_word' id='word_1_963' title='bbox 1304 2863 1350 2891; x_wconf 89' lang='lat' dir='ltr'><strong>per</strong></span> <span class='ocrx_word' id='word_1_964' title='bbox 1359 2855 1449 2888; x_wconf 85' lang='lat' dir='ltr'><strong>verba,</strong></span> <span class='ocrx_word' id='word_1_965' title='bbox 1460 2854 1577 2883; x_wconf 85' lang='lat' dir='ltr'><strong>convicia</strong></span> <span class='ocrx_word' id='word_1_966' title='bbox 1588 2860 1615 2883; x_wconf 92' lang='lat' dir='ltr'><strong>et</strong></span> <span class='ocrx_word' id='word_1_967' title='bbox 1625 2853 1854 2891; x_wconf 47' lang='lat' dir='ltr'><strong>contumeliapet</strong></span> <span class='ocrx_word' id='word_1_968' title='bbox 1864 2870 1875 2876; x_wconf 70' lang='grc' dir='ltr'>ι</span> 
     </span>
    </p>
   </div>
  </div>
