2067 3132
172 188 229 217 349

173 247 254 280 juris,
275 244 342 273 falsa
363 244 524 278 testimonia,
541 244 597 279 ipsa
612 243 765 271 homicidia.
790 242 828 270 Nc
842 243 922 277 igitur
939 241 964 269 id

175 290 309 323 attendas,
323 290 394 325 quod
409 298 489 317 unum
503 291 537 317 sit
548 289 677 323 verbum;
692 289 740 317 sed
755 297 787 316 an
797 289 908 316 multum
918 288 966 316 ha-

175 337 237 364 heat
251 336 371 372 periculi,
383 336 435 364 hoc
447 337 579 364 examina.
590 337 630 363 An
642 336 757 371 ignoras,
770 335 965 362 inimicitiarum

175 386 307 417 tempore,
319 389 380 409 cum
394 382 431 409 ira
443 382 612 410 succenditur
622 382 726 409 animus
738 386 766 409 et
777 381 966 414 inﬂammatur,

178 435 232 454 rem
244 427 380 454 minimam
390 435 512 463 magnam
522 428 617 460 videri,
630 431 657 455 et
670 427 802 454 modicum
817 427 968 454 convicium

175 473 319 500 molestum
331 473 408 500 esse?
420 473 548 509 Smpequc
563 473 620 500 lucc
634 480 714 508 parva
727 477 754 500 et
765 472 968 500 homicidiornm

175 526 255 546 musa
271 517 356 551 fuere,
369 522 398 546 et
411 519 533 546 civitates
552 519 670 554 integras
683 518 879 546 subverterunt.
895 517 968 546 Sicut

175 564 249 593 enim
264 565 334 593 inter
347 565 448 592 amicos
462 564 543 592 etiam
555 572 615 600 qua:
629 565 739 593 molesta
750 569 823 597 sunt,
836 564 902 592 levia
916 564 967 591 du-

175 615 290 638 cuntur:
301 611 350 643 sic,
364 610 500 638 inimicitia
511 611 630 643 suborta,
641 611 682 638 vel
694 610 802 638 minima
816 610 970 638 intolerabi-

176 655 212 683 lia
225 655 359 684 videntur.
374 656 485 683 Etiamsi
499 656 656 691 simpliciter
670 656 740 684 dicta
755 656 818 689 sint,
831 655 902 683 malo
912 656 969 683 ani-

176 710 222 730 mo
235 703 337 737 prolata
357 703 552 730 existimantur.
567 703 606 730 Ac
619 702 842 738 quemadmodum
857 702 884 729 in
896 702 967 737 igne,

176 749 200 775 si
215 756 295 783 parva
310 747 424 776 scintilla
448 748 492 781 sit,
518 748 622 776 etiamsi
646 748 784 776 innumera
811 748 879 783 ligna
895 748 970 782 adja-

176 799 266 828 ceant,
283 802 336 822 non
351 793 427 822 facile
441 794 654 827 inﬂammantur;
672 795 694 822 si
707 801 771 822 vero
784 794 838 829 jam
851 794 877 821 in
886 794 969 821 altum

177 840 285 867 ﬂamma
298 844 450 875 consurgat,
463 848 516 868 non
531 840 601 875 ligna
614 839 703 873 modo,
716 839 763 868 sed
775 840 854 868 etiam
869 839 971 874 lapides

177 885 311 921 aliamque
323 885 484 913 incidentem
500 886 638 913 materiam
653 885 731 914 facile
743 885 868 921 corripit;
881 890 909 913 et
924 893 972 921 per

176 931 237 966 quae
251 932 379 967 restingui
391 932 470 965 solet,
485 940 532 967 per
544 932 601 959 haec
610 932 752 960 violentius
765 932 840 960 ardet
853 931 971 969 (quidam

177 978 250 1005 enim
263 978 356 1005 dicunt
371 986 423 1006 non
439 978 539 1013 lignum
554 978 644 1011 modo,
657 983 779 1014 stuppam
793 979 896 1014 aliaque
905 978 972 1014 ignis

178 1023 317 1055 alimenta,
330 1023 378 1051 sed
391 1024 470 1051 etiam
485 1024 630 1051 immissam
641 1031 735 1059 aquam
747 1024 830 1059 magis
840 1025 893 1051 vim
904 1024 972 1058 ignis

178 1069 324 1104 excitare):
336 1070 374 1097 sic
387 1074 413 1096 et
428 1069 454 1096 in
468 1070 505 1097 ira
529 1069 641 1097 accidit:
654 1069 780 1105 quidquid
798 1069 907 1103 dixeris,
922 1070 972 1096 ali-

178 1118 301 1147 mentum
316 1114 425 1149 maligni
442 1114 555 1142 incendii
568 1114 658 1141 statim
668 1114 794 1142 efficitur.
807 1114 872 1148 Quae
884 1114 972 1141 omnia

179 1157 304 1187 Christus
317 1163 379 1186 ante
392 1159 583 1194 comprimens,
597 1167 657 1187 eum
671 1160 715 1195 qui
729 1164 829 1188 temere
839 1160 972 1194 irascitur,

177 1203 279 1238 judicio
292 1204 478 1232 condemnavit
491 1204 562 1239 (ideo
576 1205 653 1239 dixit,
667 1205 716 1238 Qui
727 1205 852 1239 irascitur,
863 1214 920 1233 reus
927 1206 974 1232 erit

176 1251 298 1285 judicio),
311 1251 444 1278 dicentem
458 1259 533 1285 vero,
545 1259 619 1286 raca,
635 1259 711 1280 reum
726 1259 785 1280 esse
798 1252 835 1279 ait
848 1252 972 1280 concilio.

178 1295 233 1324 Sed
252 1295 310 1323 haec
324 1296 443 1324 nondum
459 1304 554 1332 magna
569 1301 648 1325 sunt:
665 1297 691 1324 in
707 1297 758 1325 hoc
778 1297 848 1325 enim
873 1297 973 1326 steculo

179 1341 336 1375 puniuntur.
347 1341 463 1376 Ideoque
477 1342 500 1369 ei
512 1342 557 1377 qui
572 1342 672 1370 fatuum
681 1343 863 1378 appellaverit,
875 1343 975 1379 gehen-

180 1395 221 1414 na:
233 1387 320 1422 ignem
334 1387 447 1423 adjecit;
464 1395 587 1423 nuncque
607 1388 722 1423 primum
736 1388 866 1424 gehennae
880 1396 974 1417 vocem

181 1433 301 1468 protulit.
317 1433 395 1460 Prius
409 1432 480 1461 enim
501 1434 584 1461 multa
599 1434 632 1461 dc
653 1441 736 1469 regno
755 1434 887 1469 loquutus,
912 1439 975 1463 tunc

181 1486 241 1506 eam
253 1479 426 1512 memoravit;
441 1479 586 1507 ostendens
602 1479 667 1507 illud
682 1480 789 1516 quidem
804 1481 975 1516 benignitatis

181 1529 209 1551 et
222 1524 368 1552 voluntatis
382 1532 438 1552 sua:
451 1532 522 1558 esse,
542 1525 612 1553 hanc
634 1533 700 1553 vero
713 1531 812 1555 nostra:
832 1527 972 1556 socordiae.

181 1571 221 1597 Ac
233 1569 295 1598 vide
307 1571 444 1605 quomodo
470 1571 596 1606 paulatim
621 1572 749 1607 procedat
774 1573 802 1601 in
826 1574 972 1610 suppliciis,

181 1616 257 1651 quasi
273 1617 330 1645 fere
344 1625 404 1645 sese
416 1617 487 1652 apud
502 1622 528 1645 te
542 1623 678 1653 purgaret,
693 1619 850 1653 ostendens,
869 1629 899 1649 se
913 1621 974 1656 qui-

182 1662 243 1690 dem
264 1664 350 1691 nullas
363 1663 464 1692 similes
484 1665 572 1692 minas
584 1665 716 1693 intentare
730 1666 808 1699 velle,
823 1673 872 1694 nos
886 1672 974 1695 autetn

182 1709 258 1736 iilum
269 1709 302 1737 ad
311 1710 377 1738 tales
385 1710 598 1738 denuntiationes
606 1711 777 1746 compellere.
786 1712 975 1740 Animadverte

182 1755 264 1783 enim.
281 1755 351 1789 Dixi,
367 1763 402 1783 ne
423 1755 520 1783 frustra
536 1756 668 1789 irascaris,
684 1765 744 1783 nam
760 1765 823 1785 rcus
836 1758 890 1785 cris
900 1758 974 1793 judi~

182 1800 240 1833 cio;
252 1801 367 1836 primum
380 1800 446 1828 illud
463 1802 658 1837 contempsisti.
672 1801 739 1830 Vide
759 1803 823 1838 quid
841 1804 976 1839 pepererit

183 1847 239 1874 ira:
253 1846 286 1874 ad
299 1847 488 1875 contumeliam
504 1847 671 1876 inferendam
685 1853 711 1876 te
725 1848 814 1876 statim
834 1850 974 1884 pertraxit.

183 1891 253 1920 Raca
269 1893 341 1921 enim
354 1894 456 1921 vocasti
470 1894 580 1922 fratrem
596 1898 687 1928 tuum;
703 1903 796 1923 rursus
809 1895 889 1923 aliam
909 1903 975 1924 con-

183 1938 255 1965 stitui
271 1946 389 1974 poenam,
403 1947 500 1975 nempe
513 1940 630 1968 concilii.
641 1940 670 1969 Si
683 1940 734 1968 hac
745 1942 826 1969 etiam
838 1941 973 1977 despecta,

184 1984 216 2011 ad
224 1985 294 2012 aliud
306 1985 434 2020 procedas
441 1986 558 2021 gravius.
570 1994 623 2014 non
634 1987 702 2014 ultra
711 1990 736 2014 te
746 1986 891 2015 moderatis
902 1987 976 2016 hisce

183 2031 269 2064 pinnis
283 2031 408 2065 ulciscar,
422 2031 470 2059 sed
486 2032 627 2060 immortali
643 2032 773 2068 gehennte
788 2034 929 2069 supplicio,
941 2042 975 2062 ne

183 2076 291 2104 demum
304 2076 336 2104 ad
352 2077 454 2105 caedem
466 2078 545 2106 etiam
557 2079 691 2114 prosilias.
705 2079 776 2107 Nihil
788 2084 829 2108 est
839 2080 921 2113 enim,
934 2081 976 2108 ni-

183 2121 220 2149 hil
232 2127 274 2150 est
288 2123 380 2158 utique
393 2124 553 2152 contumelia
561 2125 764 2159 intolerabilius,
777 2133 827 2154 nec
838 2126 908 2162 quod
919 2134 976 2154 ma-

182 2168 222 2203 gis
230 2169 313 2203 possit
326 2169 471 2197 humanum
480 2170 604 2199 mordere
616 2171 744 2198 animum.
753 2171 829 2205 Quod
842 2172 864 2199 si
874 2172 973 2199 dictum

181 2213 248 2241 illud
262 2215 484 2243 contumeliosius
498 2221 524 2243 et
540 2217 627 2244 acrius
648 2216 738 2250 fuerit,
760 2221 814 2244 tum
835 2217 931 2252 duplex
946 2217 976 2245 fit

183 2258 348 2286 incendium.
364 2260 403 2287 Ne
414 2260 494 2295 igitur
504 2261 562 2288 leve
574 2261 711 2289 existimes
725 2269 785 2289 esse
797 2261 914 2297 aliquem
926 2270 974 2289 vo-

181 2312 244 2332 care
259 2305 370 2333 fatuum.
390 2306 506 2341 Quando
515 2307 585 2334 enim
607 2308 662 2341 illo,
679 2315 731 2343 quo
744 2316 759 2335 a
774 2308 858 2336 brutis
872 2309 975 2336 differi-

182 2359 252 2382 tnus,
266 2356 293 2379 et
305 2359 358 2387 quo
376 2353 495 2380 maxime
505 2353 626 2381 homines
641 2361 744 2386 sumus,
766 2359 855 2382 mente
873 2355 976 2383 scilicet

181 2401 262 2432 atque
273 2398 413 2432 prudentia
421 2398 529 2427 fratrem
543 2399 653 2434 spolias,
664 2400 736 2427 omni
750 2400 823 2428 illum
835 2401 974 2429 nobilitate

181 2443 303 2476 privasti.
318 2442 356 2470 Ne
368 2443 456 2479 itaque
468 2444 558 2472 verbis
567 2445 654 2473 solum
669 2446 846 2480 attendamus,
867 2446 915 2474 sed
929 2454 974 2475 res

180 2487 255 2522 ipsas
274 2493 299 2515 et
313 2488 436 2517 aﬂectum
454 2490 666 2526 considerantes,
686 2492 833 2527 cogitemus
848 2497 973 2528 quantam

182 2533 234 2561 hoc
247 2535 357 2561 verbum
373 2536 477 2570 plagam
494 2536 598 2569 inferat,
623 2542 651 2565 et
671 2538 698 2565 in
720 2543 849 2573 quantum
875 2539 974 2566 malum

181 2581 330 2615 perveniat.
347 2582 409 2610 Ideo
421 2583 516 2611 Paulus
531 2591 584 2611 non
599 2584 718 2613 mmchos
732 2590 834 2612 tantum
853 2590 881 2613 et
902 2585 973 2613 mol-

182 2626 231 2659 les,
247 2635 339 2654 verum
353 2629 434 2655 etiam
449 2629 592 2657 maledicos
606 2637 622 2657 a
635 2638 718 2665 regno
732 2631 845 2658 exclusit
858 2631 896 2667 (l.
910 2630 971 2658 Cor.

181 2672 209 2699 8.
222 2672 267 2708 l0)
280 2682 287 2701 :
300 2678 327 2701 et
337 2674 398 2709 jure
412 2675 530 2710 quidem.
545 2675 612 2703 Nam
625 2677 836 2704 contumeliosus
855 2676 972 2704 caritatis

180 2719 280 2747 bonum
303 2721 468 2756 pessumdat,
491 2729 522 2749 ac
544 2723 675 2750 sexcentis
691 2723 841 2757 proximum
856 2722 971 2750 involvit

182 2766 272 2799 malis,
296 2772 440 2802 perpetuas
455 2767 526 2795 fovet
548 2768 709 2802 inimicitias,
733 2768 830 2797 Christi
852 2767 973 2796 membra

182 2811 320 2846 discerpit,
336 2819 429 2847 pacem
443 2813 513 2840 illam
528 2813 584 2841 Deo
596 2813 741 2848 optabilem
753 2814 871 2848 qu0tidie
886 2814 969 2850 pellit,

183 2855 263 2884 latam
273 2857 380 2885 diabolo
395 2865 442 2893 per
452 2859 629 2886 contumelias
643 2866 740 2893 parans
749 2858 830 2892 viam,
845 2860 973 2895 illumque

182 2902 301 2931 efﬁciens
315 2903 461 2932 fortiorem.
476 2903 538 2932 ldco
551 2904 673 2935 Christus
686 2911 783 2934 nervos
795 2905 866 2934 illius
878 2909 974 2940 poten-

721 186 753 214 ΓΝ
772 184 975 213 ΜΑἰἽῊᾸὶωῐ
994 184 1109 212 llOMIL.
1130 185 1198 214 XVI;

1759 187 1812 216 $50

1020 242 1065 270 tia:
1078 242 1247 276 exscindens,
1263 242 1331 270 lianc
1352 242 1436 278 legem
1461 243 1573 271 induxit.
1600 243 1691 279 Magna
1714 245 1814 281 quippe

1020 294 1061 316 est
1075 289 1112 316 illi
1125 289 1243 317 caritatis
1255 297 1329 316 cura.
1347 289 1409 317 “me
1426 289 1524 325 quippe
1541 294 1582 318 est
1595 291 1715 318 omnium
1728 296 1813 320 mater

1019 335 1162 368 bonorum,
1176 341 1250 363 certa
1265 335 1458 370 discipulorum
1469 339 1541 368 nota,
1555 343 1613 371 qua:
1622 337 1710 364 omnia
1722 341 1812 365 nOstra

1019 381 1148 408 continet.
1159 380 1223 408 Iure
1234 388 1298 416 ergo
1312 381 1416 408 radices
1435 385 1463 408 et
1485 381 1572 409 fontes
1595 382 1739 411 inimicitia
1753 391 1813 418 qua:

1020 426 1091 454 illam
1107 426 1260 461 pessumdat
1272 434 1332 454 cum
1347 426 1513 454 vehementia
1526 427 1609 455 multa
1621 427 1744 456 Christus
1756 436 1812 456 am-

1021 476 1095 506 putat
1108 476 1137 500 et
1150 472 1227 500 tollit.
1242 472 1281 500 Ne
1295 473 1374 508 igitur
1387 473 1443 500 haec
1453 481 1501 508 per
1509 473 1672 509 hyperbolen
1684 474 1755 502 dicta
1765 483 1814 510 pn-

1022 523 1072 551 tes,
1088 518 1135 546 sed
1148 519 1268 554 cogitans
1280 524 1378 555 quanta
1392 520 1461 547 bona
1477 528 1572 555 parere
1587 521 1699 556 possint,
1718 522 1813 549 harum

1020 564 1252 592 mansuetudinem
1272 565 1360 600 legum
1383 565 1491 594 mirare.
1505 566 1577 594 Nihil
1599 567 1670 594 enim
1691 568 1725 594 ita
1738 574 1814 596 curat

1022 608 1103 643 Deus,
1118 614 1147 636 ut
1162 618 1210 638 nos
1221 611 1319 638 mutuis
1329 611 1441 639 vinculis
1452 612 1579 648 colligari.
1592 613 1654 641 Ideo
1664 619 1691 641 et
1704 622 1752 650 per
1761 615 1814 642 sei-

1022 663 1097 690 psum
1117 661 1144 684 et
1165 665 1214 692 per
1227 657 1372 693 discipulos
1393 666 1467 692 suos,
1491 664 1543 687 tam
1565 660 1590 687 in
1604 660 1678 688 Novo
1692 669 1772 696 quatn
1787 662 1814 690 in

1023 700 1112 728 Veteri
1127 702 1310 736 Testamento,
1335 703 1419 731 multo
1441 704 1491 731 hoc
1515 710 1675 741 praeceptum
1689 715 1815 737 sermone

1021 748 1200 781 commendat,
1223 753 1251 775 et
1269 749 1414 777 vehemens
1429 751 1526 778 vindex
1540 757 1580 779 est
1593 759 1684 780 eorum
1698 754 1742 788 qui
1758 754 1815 782 haec

1022 794 1181 829 despiciunt.
1195 795 1299 823 Etenim
1315 796 1381 823 nihil
1397 797 1432 824 ita
1447 798 1574 825 malitiam
1589 807 1695 827 omnem
1712 800 1814 828 inducit

1022 846 1048 868 et
1059 841 1160 875 fundat,
1173 846 1201 869 ut
1209 843 1326 870 caritatis
1336 844 1460 872 remotio.
1470 844 1532 872 Ideo
1540 844 1654 879 dicebat,
1666 846 1727 873 Cum
1738 847 1814 874 abun-

1023 886 1118 913 dat-erit
1128 887 1256 923 iniquitas,
1280 888 1422 923 refrigescet
1435 889 1528 916 caritas
1550 890 1686 917 multarunt
1706 891 1813 925 (Matt/1.

1002 951 1004 955 ι
1022 932 1067 960 24.
1084 933 1138 968 l2).
1159 934 1204 961 Sic
1221 934 1286 962 Cain
1303 935 1436 962 fratricida
1459 936 1544 964 factus
1558 941 1610 970 est,
1625 938 1664 966 sic
1681 938 1762 972 Esau,
1777 939 1815 968 sic

1024 979 1118 1007 fratres
1128 979 1251 1015 Josephi;
1261 981 1299 1008 sic
1307 980 1443 1009 innumera
1455 987 1546 1010 exorta
1557 987 1620 1010 sunt
1632 984 1713 1016 mala.
1725 985 1814 1012 avulsa

1024 1026 1144 1053 caritate.
1157 1026 1218 1054 Ideo
1231 1027 1276 1054 ille
1289 1034 1332 1059 ea,
1345 1035 1402 1063 quae
1414 1028 1498 1063 ipsam
1512 1029 1684 1064 pessumdare
1694 1037 1823 1066 possunt,

1023 1078 1084 1098 cum
1096 1079 1189 1107 magna
1203 1072 1373 1100 accuratione
1383 1078 1512 1100 removet.

1060 1117 1086 1145 9.
1106 1117 1170 1145 Cant
1189 1123 1283 1153 quanta
1301 1118 1411 1146 bonitate
1431 1120 1657 1148 reconciliationem
1672 1124 1816 1158 praeceperit

1025 1163 1148 1191 Christus.
1165 1163 1348 1191 Reconciliatio
1362 1173 1418 1191 cum
1437 1165 1518 1200 fratre
1532 1174 1588 1193 vere
1601 1168 1754 1202 sacri/icium
1767 1173 1818 1196 est.

1025 1207 1148 1235 Nondum
1159 1209 1315 1236 initiatorum
1325 1211 1451 1244 sacriﬁcia
1464 1219 1530 1246 quce.
1541 1227 1576 1232 ——
1587 1212 1677 1248 Neque
1686 1214 1713 1241 in
1723 1206 1816 1250 supra-

1025 1254 1104 1282 dictis
1117 1255 1229 1290 gradum
1251 1255 1331 1288 sistit,
1353 1256 1400 1283 sed
1421 1257 1473 1284 alia
1497 1258 1572 1292 plura
1597 1259 1715 1292 adhibet,
1741 1261 1816 1295 queis

1025 1299 1140 1327 ostendit
1150 1304 1275 1335 quantam
1290 1301 1348 1335 ejus
1362 1301 1458 1329 habeat
1471 1302 1611 1330 rationem.
1623 1303 1688 1331 Nam
1700 1313 1759 1333 cum
1770 1313 1817 1341 per

1025 1345 1177 1377 concilium,
1193 1353 1242 1380 per
1253 1345 1380 1380 judicium
1393 1352 1420 1373 et
1435 1355 1482 1382 per
1495 1347 1644 1382 gehennam
1660 1351 1728 1386 ignis
1740 1358 1816 1378 com-

1025 1391 1140 1418 minatus
1162 1396 1242 1423 esset,
1268 1392 1318 1418 alia
1339 1392 1436 1427 adjecit
1459 1395 1668 1428 praecedentibus
1688 1403 1816 1431 consona,

1025 1443 1138 1471 nempe:
1153 1436 1198 1463 25.
1214 1436 1244 1464 Si
1254 1435 1330 1470 offers
1343 1445 1432 1465 munus
1448 1443 1518 1465 tuum
1531 1439 1567 1466 ad
1579 1440 1669 1474 altare,
1688 1446 1710 1468 et
1728 1442 1761 1469 ibi
1774 1451 1816 1470 rc-

1026 1482 1145 1508 cordattts
1156 1482 1233 1517 fueris
1243 1482 1301 1517 quia
1314 1482 1392 1517 frater
1410 1487 1467 1511 tuus
1489 1484 1562 1512 habet
1579 1486 1676 1521 aliquid
1687 1487 1817 1515 adversum

1026 1531 1058 1558 te,
1074 1527 1118 1554 24.
1133 1527 1246 1562 relinque
1261 1536 1351 1556 munus
1364 1533 1434 1556 tuum
1445 1534 1503 1557 ante
1513 1531 1603 1564 altare,
1626 1537 1649 1559 et
1660 1533 1732 1566 uade,
1747 1534 1817 1568 prius

1025 1573 1188 1600 reconciliare
1200 1573 1275 1607 fratri
1285 1578 1336 1606 tuo,
1349 1581 1372 1601 et
1384 1579 1444 1602 tunc
1451 1577 1551 1604 veniens
1562 1577 1626 1611 o/Ter
1635 1587 1725 1606 munus
1736 1584 1817 1608 tuum.

1025 1618 1048 1646 0
1059 1619 1214 1652 bonitatem,
1228 1628 1244 1647 ο
1258 1620 1455 1655 benignitatem,
1471 1630 1531 1657 quae
1544 1630 1650 1652 omnem
1666 1632 1817 1653 sermonem

1026 1666 1148 1700 superat!
1166 1665 1299 1694 Honorem
1320 1674 1396 1694 Sllllm
1419 1667 1532 1702 despicit
1554 1677 1602 1703 pro
1624 1671 1735 1699 caritate
1755 1680 1821 1708 erga

1026 1711 1175 1746 proximum
1185 1719 1192 1744 ;
1201 1712 1354 1745 ostendens,
1368 1720 1396 1741 se
1405 1714 1477 1748 prius
1485 1715 1673 1743 comminutum
1686 1724 1755 1750 esse,
1766 1726 1818 1746 non

1025 1764 1057 1783 ex
1067 1757 1202 1784 inimicitia
1215 1757 1338 1792 quadam,
1353 1759 1394 1786 vel
1407 1766 1439 1786 ex
1454 1759 1598 1793 cupiditate
1612 1760 1742 1789 inferendi
1757 1769 1818 1797 sup,-

1026 1801 1107 1836 plicii,
1119 1801 1166 1830 sed
1181 1810 1215 1830 ex
1229 1811 1320 1831 amore
1336 1804 1459 1832 ferventi.
1473 1805 1541 1839 Quid
1552 1806 1623 1833 enim
1641 1807 1714 1835 hisce
1729 1808 1818 1837 verbis

1025 1847 1190 1875 mansuetius
1200 1847 1263 1883 fingi
1276 1849 1379 1884 possit?
1390 1849 1608 1885 lntcrrumpatur,
1623 1853 1718 1888 inquit,
1731 1854 1819 1882 cultus

1026 1901 1112 1927 meus,
1132 1898 1161 1921 ut
1180 1894 1276 1923 caritas
1300 1900 1342 1922 tua
1363 1901 1479 1924 maneat.
1501 1897 1567 1925 Nam
1582 1906 1644 1926 verc
1658 1899 1818 1928 sacrificium

1025 1944 1067 1966 est
1078 1940 1258 1968 reconciliatio
1270 1947 1332 1968 cum
1340 1940 1434 1970 fratre.
1449 1941 1510 1970 ideo
1524 1951 1574 1970 non
1589 1944 1665 1977 dixit,
1676 1945 1817 1981 Postquam

1029 1985 1174 2018 obtuleris,
1192 1987 1244 2020 vel,
1258 1987 1411 2022 Antequam
1423 1987 1521 2015 offeras
1535 1996 1542 2021 ;
1564 1987 1609 2015 scd
1625 1988 1685 2022 ipso
1703 1995 1816 2014 munere

1030 2036 1175 2066 praesente,
1191 2036 1219 2060 et
1227 2032 1283 2067 jam
1296 2032 1432 2061 sacriﬁcio
1445 2033 1590 2068 incipiente
1605 2033 1688 2060 mittit
1696 2041 1769 2065 eum,
1786 2037 1817 2060 ut

1028 2085 1057 2105 se
1065 2085 1126 2106 cum
1136 2077 1220 2107 fratre
1230 2079 1396 2111 reconciliet,
1404 2086 1454 2106 nec
1461 2087 1574 2114 propere
1580 2079 1705 2107 confecto
1712 2079 1817 2106 sacrifi-

1029 2123 1082 2156 cio,
1097 2131 1146 2151 nec
1155 2129 1301 2159 antequam
1314 2132 1415 2152 munus
1426 2125 1557 2158 attulerit,
1569 2125 1617 2152 sed
1627 2125 1672 2152 illo
1682 2125 1708 2151 in
1725 2124 1815 2152 medio

1025 2169 1213 2203 jacentejubet
1222 2170 1286 2197 illuc
1293 2169 1504 2198 accurrere.Cur
1511 2178 1576 2205 ergo
1587 2170 1626 2198 sic
1631 2170 1708 2205 jubet
1719 2169 1745 2197 id
1755 2177 1818 2205 age-

1026 2220 1066 2246 re,
1081 2217 1109 2240 et
1121 2220 1173 2248 qua
1188 2212 1222 2241 de
1235 2213 1336 2241 causa?
1354 2213 1416 2242 [hec
1431 2214 1521 2246 ambo,
1536 2220 1563 2241 ut
1577 2214 1641 2241 mihi
1656 2214 1763 2249 quidem
1778 2215 1818 2242 vi-

1026 2258 1114 2292 detur,
1128 2258 1310 2292 subindicans,
1332 2263 1359 2287 et
1377 2267 1475 2294 agens:
1488 2268 1569 2287 unum
1589 2260 1705 2295 quidem,
1722 2265 1750 2287 ut
1762 2260 1818 2295 jam

1026 2305 1093 2338 dixi,
1114 2310 1144 2333 ut
1155 2306 1279 2333 ostendat
1297 2313 1327 2334 se
1341 2306 1477 2334 caritatem
1493 2306 1580 2341 magni
1594 2306 1691 2339 facere,
1705 2311 1733 2334 et
1745 2307 1817 2334 illam

1026 2358 1086 2379 esse
1097 2356 1189 2387 putare
1199 2352 1343 2379 maximum
1357 2352 1476 2380 omnium
1486 2352 1655 2384 sacrificium,
1669 2359 1750 2387 seque
1760 2353 1818 2380 sine

1027 2398 1136 2426 caritate
1149 2398 1307 2426 sacriﬁcium
1321 2406 1373 2426 non
1386 2399 1541 2432 admittere;
1556 2399 1702 2426 secundum
1716 2404 1817 2432 autem,

1027 2449 1057 2472 ut
1068 2445 1292 2473 reconciliationis
1307 2445 1485 2473 inevitabilem
1506 2446 1692 2474 necessitatem
1713 2446 1817 2474 aﬂ'erat.

1026 2490 1093 2518 Nam
1108 2490 1153 2526 qui
1166 2491 1257 2525 jussus
1269 2495 1310 2518 est
1325 2498 1377 2518 non
1393 2491 1466 2526 prius
1480 2491 1586 2524 oﬂ'erre,
1602 2499 1681 2527 quam
1696 2493 1819 2520 reconci<

1027 2536 1147 2570 liaretur,
1162 2536 1267 2564 etiamsi
1282 2544 1335 2564 non
1346 2545 1379 2565 cx
1389 2545 1480 2564 amore
1488 2537 1612 2572 proximi,
1625 2538 1720 2565 saltem
1735 2546 1768 2566 ne
1777 2546 1820 2565 sa-

1026 2582 1156 2609 crificium
1171 2582 1354 2617 imperfectum
1370 2587 1485 2616 maneat,
1508 2582 1662 2618 properabit
1680 2583 1713 2610 ad
1735 2583 1819 2611 oﬂ‘en—

1027 2635 1085 2656 sum
1101 2628 1220 2662 fratrem,
1238 2633 1266 2656 ut
1287 2629 1452 2656 inimicitiam
1476 2630 1570 2657 solvat.
1593 2629 1708 2665 Ideoque
1730 2630 1818 2658 omnia

1027 2675 1183 2711 emphaticis
1190 2676 1322 2710 expressit
1333 2676 1430 2710 verbis,
1442 2680 1545 2704 terrens
1554 2677 1627 2704 illum
1637 2677 1819 2711 excitansque.

1027 2720 1093 2749 Cum
1104 2721 1215 2748 dixisset
1225 2721 1306 2754 enim,
1319 2720 1442 2757 Relinque
1452 2730 1542 2749 mimus
1553 2726 1632 2754 tuum,
1645 2729 1697 2749 non
1710 2721 1746 2749 ibi
1757 2721 1820 2749 sub-

1027 2768 1104 2801 stitit,
1118 2767 1165 2796 sed
1178 2767 1324 2802 subjunxit,
1337 2767 1400 2794 Ante
1413 2767 1503 2801 altare,
1519 2773 1546 2796 et
1560 2773 1700 2803 postquam
1714 2775 1746 2795 ex
1761 2767 1820 2795 loco

1027 2813 1055 2841 in
1067 2813 1206 2841 horrorem
1221 2813 1363 2848 quemdatn
1376 2813 1501 2847 conjecit,
1516 2812 1549 2840 Et
1562 2814 1634 2841 vade.
1649 2813 1704 2841 Nec
1717 2817 1818 2841 tantum

1028 2858 1105 2891 dixit,
1124 2857 1204 2891 Vade,
1220 2857 1267 2885 sed
1282 2857 1412 2893 adjunxit,
1429 2857 1518 2892 Prius,
1532 2864 1556 2886 et
1567 2864 1626 2886 tunc
1640 2859 1739 2886 veniam
1755 2858 1819 2892 o/fc‘r

1029 2911 1120 2932 munus
1135 2910 1221 2937 ttttmt,‘
1243 2911 1290 2940 per
1310 2903 1368 2933 haec
1391 2905 1480 2934 omnia
1494 2905 1643 2939 declarans,
1659 2905 1727 2933 hanc
1742 2909 1814 2933 men-
