2067 3132
256 151 307 180 25!

258 215 316 237 sam
326 215 379 237 non
390 206 586 238 admittereeos
596 204 640 240 qui
651 203 802 232 inimicitias
812 207 902 231 mutuo
913 206 1047 230 exercent.

258 255 377 284 Audiam
386 252 494 286 initiati,
506 252 551 288 qui
561 258 621 280 cum
634 251 777 279 inimicitiis
787 249 931 282 accedunt;
941 249 1050 276 audiant

259 305 288 329 et
301 301 346 336 qui
360 299 477 327 nondum
490 303 553 326 sunt
565 297 677 325 initiati:
691 304 752 324 nam
766 296 797 323 ad
814 295 862 323 hos
874 302 979 330 quoque
993 302 1049 321 ser—

260 354 305 374 tno
318 344 516 382 quodammodo
530 344 653 379 pertinet.
668 342 787 371 Olferunt
802 343 871 369 enitn
887 345 914 368 et
929 341 977 376 ipsi
998 340 1047 367 do-

259 400 322 419 num
337 397 364 419 et
382 391 551 423 sacriﬁcium,
568 389 715 417 oralionem
729 388 788 416 dico
801 392 827 414 et
839 388 1046 423 eleemosynam.

258 437 334 472 Quod
354 437 425 465 enim
440 436 496 462 hmc
509 435 667 463 sacriﬁcium
681 434 744 464 sint.
759 433 821 460 audi
836 432 990 467 prophetam
1005 431 1047 458 di-

258 487 363 510 centem
375 490 381 508 :
394 481 555 515 Sacri/icium
568 480 651 507 laudis
663 479 838 513 honoriﬁcabt't
853 486 892 505 me
904 477 989 512 (Psal.
1001 478 1045 504 49.

256 529 318 565 25).
332 533 360 557 et
373 536 488 560 rursum,
503 526 614 554 Immola
625 526 680 554 Deo
695 525 847 560 sacriﬁcium
869 525 952 552 laudis
965 524 1043 559 (Ibid.

257 584 281 601 υ.
297 575 332 602 14
343 577 366 608 );
387 579 414 601 et
425 595 433 607 ,
451 573 564 600 Elevatio
579 580 698 599 manuum
711 580 823 598 mearum
837 571 989 605 sacriﬁcium
1003 579 1045 597 ve-

255 620 393 654 spertinum
409 618 492 655 (Psal.
504 618 565 647 140.
576 618 617 652 2).
632 617 722 652 Itaque
735 617 757 644 si
771 617 918 644 orationem
930 624 989 643 cum
1001 616 1046 643 tali

257 666 352 693 :iﬁ'ectu
367 665 495 700 proferas,
512 665 607 692 melius
621 668 661 691 est
677 663 827 698 relinquere
844 663 1002 694 orationem,
1019 667 1046 689 et

257 713 290 740 ad
306 717 331 740 te
343 720 403 739 cum
419 711 500 740 fratre
514 710 738 740 reconciliandum
753 717 908 745 properare,
931 714 1046 744 tuncque

255 759 404 786 orationem
411 757 518 786 offerre.
530 757 640 792 Propter
649 757 698 783 hoc
709 756 790 790 enim,
800 757 888 784 omnia
897 755 964 783 facta
974 761 1044 783 sunt:

255 809 364 838 propter
375 803 427 833 hoc
440 803 509 830 Deus
523 803 603 830 homo
625 802 708 830 factus
729 807 781 835 est,
802 807 830 829 et
843 803 931 829 omnia
946 801 990 828 illa
1004 807 1046 829 est

255 853 390 884 operatus,
406 854 433 876 ut
447 856 496 876 nos
507 853 690 883 congregaret.
705 848 752 875 Hic
763 847 842 882 igitur
855 847 995 875 laedentem
1012 848 1043 873 ad

256 896 348 922 larsum
359 895 446 927 misit;
460 895 486 922 in
500 895 620 923 oratione
636 901 699 921 vero
712 894 804 920 laasum
815 893 887 921 ducit
901 893 933 920 ad
946 893 1058 934 heden-I

256 945 319 973 tcin,
332 945 358 967 et
371 940 535 969 reconciliat.
545 940 599 967 Illic
607 940 677 967 enim
689 940 742 966 ait:
755 939 882 966 Dimittite
893 938 1045 967 hominibus

253 987 341 1014 debita
355 986 458 1021 (Matth.
468 986 495 1013 6.
510 985 554 1022 Η)
563 995 570 1018 ;
580 985 623 1013 hic
632 993 694 1013 vero
705 995 711 1012 :
722 985 749 1013 Si
759 985 838 1013 habet
847 985 943 1020 aliquid
952 990 1043 1015 contra

255 1039 298 1063 te,
317 1032 384 1060 vade
404 1032 437 1060 ad
458 1039 529 1059 eum.
555 1032 611 1059 lmo
622 1039 684 1058 vero
703 1031 746 1058 hic
757 1031 823 1058 mihi
837 1031 940 1058 videtur
952 1031 1042 1058 laesum

254 1079 377 1114 mittere;
399 1082 560 1113 quapropter
579 1085 632 1105 non
653 1077 728 1108 dicit,
753 1076 905 1105 Reconcilia
929 1077 1042 1111 teipsum

254 1123 328 1152 fratri
343 1129 398 1156 tuo,
415 1124 471 1156 sed,
487 1124 715 1150 Reconciliare:et
736 1123 841 1150 videtur
862 1122 970 1157 quidem
994 1122 1043 1149 ltoc

253 1171 287 1198 de
299 1170 412 1198 ltedente
424 1170 492 1202 dici;
506 1170 554 1197 sed
570 1174 653 1197 totum
670 1177 702 1196 ex
723 1177 837 1204 persona
858 1169 913 1197 laesi
936 1169 1041 1196 dicitur.

252 1216 279 1244 Si
295 1216 365 1243 enim
379 1216 416 1243 illi
431 1215 617 1246 reconciliatus
629 1215 719 1247 fueris,
731 1215 824 1250 inquit,
840 1222 885 1249 per
898 1218 968 1241 tuam
980 1222 1041 1249 erga

253 1269 314 1289 eum
328 1261 477 1294 caritatem,
493 1269 537 1288 me
551 1261 629 1288 etiam
651 1260 760 1287 habebis
774 1260 927 1295 propitium,
943 1265 969 1287 et
981 1268 1041 1287 cum

252 1308 334 1335 multa
347 1308 443 1338 ﬁducia
451 1308 550 1342 poteris
560 1307 718 1335 sacriﬁcium
728 1307 835 1334 olferre.
845 1307 873 1334 Si
882 1315 945 1334 vero
956 1307 1042 1335 adhuc

252 1354 406 1389 indignaris,
421 1353 562 1386 considera
577 1360 621 1382 me
640 1353 755 1380 libenter
776 1353 910 1380 contemni
927 1360 984 1380 mea
996 1352 1041 1386 ju-

251 1400 326 1432 bere,
341 1404 371 1427 ut
385 1407 432 1426 vos
445 1399 522 1426 amici
535 1399 664 1429 evadatis.
679 1398 712 1425 Et
723 1398 780 1426 haec
790 1398 835 1425 tibi
846 1398 880 1425 sit
891 1398 916 1424 in
929 1398 965 1424 ira
978 1406 1042 1426 con-

251 1444 356 1472 solatio.
372 1444 429 1472 Non
442 1445 519 1476 dixit,
533 1444 599 1476 Cum
612 1445 726 1479 graviter
740 1443 857 1473 offensus
870 1451 909 1474 es,
928 1449 980 1471 tum
996 1451 1040 1471 re-

251 1492 409 1523 conciliare;
425 1492 483 1523 sed,
499 1491 610 1519 Etiamsi
623 1491 681 1518 leve
695 1490 832 1526 quidpiam
843 1495 936 1517 contra
950 1495 975 1517 te
994 1490 1041 1516 ha.

250 1538 349 1566 buerit.
365 1537 457 1573 Neque
470 1538 578 1572 adjecit,
601 1536 663 1564 Sive
684 1537 766 1571 juste,
789 1536 846 1563 sive
865 1535 976 1570 injuste;
994 1536 1040 1562 sed

249 1585 417 1620 simpliciter,
431 1584 459 1612 Si
473 1584 595 1612 habuerit
609 1583 707 1617 aliquid
721 1583 860 1610 adversum
877 1588 913 1609 te.
931 1582 1041 1609 Etiamsi

249 1631 322 1659 enim
333 1631 414 1666 juste,
430 1638 516 1665 neque
530 1631 568 1658 sic
583 1630 660 1657 decet
671 1629 834 1656 inimicitiam
852 1628 950 1655 diutius
965 1627 1040 1655 fove-

249 1684 279 1704 re
290 1686 296 1704 :
309 1676 523 1712 quandoquidem
533 1680 560 1703 et
568 1674 769 1709 Christusjuste
780 1674 856 1701 nobis
866 1673 1038 1704 irascebatur,

248 1726 366 1750 attamen
381 1722 497 1756 seipsum
514 1729 561 1755 pro
582 1721 659 1747 nobis
681 1720 755 1747 dedit
776 1719 963 1751 occidendum,
987 1726 1038 1745 non

248 1768 381 1803 imputans
397 1768 473 1795 nobis
488 1767 530 1795 illa
548 1772 665 1802 peccata.

288 1814 328 1842 f0.
349 1814 400 1842 Cur
415 1813 512 1840 Paulus
529 1819 586 1840 ante
600 1818 706 1845 noctem,
722 1818 743 1839 et
758 1812 871 1839 Christus
884 1817 942 1839 ante
957 1812 1039 1839 lacri-

250 1861 336 1894 ﬁcium
349 1860 506 1887 reconciliati
519 1860 651 1895 jusserit”.
667 1859 780 1886 Christus
797 1864 917 1892 quantum
932 1859 958 1885 in
970 1859 1039 1892 peri-

249 1906 346 1934 mendi:
360 1906 495 1933 inimicitiis
509 1905 621 1935 studium
641 1905 791 1932 adhibuerit.
816 1904 848 1931 In
868 1904 925 1932 boni
946 1913 1039 1939 opera-

249 1951 316 1978 tione
334 1959 385 1978 non
405 1951 626 1978 cunctandum.—
637 1950 699 1977 Ideo
713 1950 809 1977 Paulus
825 1950 877 1976 alio
892 1949 970 1976 modo
991 1956 1038 1975 nos

248 1998 282 2025 ad
304 1996 547 2025 reconciliationem
560 2003 651 2030 agens,
668 1995 772 2022 dicebat
789 2004 794 2021 :
818 1995 865 2022 Sol
879 2003 928 2021 non
942 1995 1039 2021 occidat

247 2051 322 2078 cuper
336 2042 495 2069 iracundiam
508 2046 614 2073 vestram
629 2040 738 2076 (Ep/tes.
750 2041 775 2068 4.
786 2040 844 2075 26),
858 2039 1039 2073 Quemadmo-

249 2089 311 2117 dum
324 2089 394 2115 cnim
410 2088 452 2115 hic
465 2095 481 2114 a
494 2087 625 2114 sacriﬁcio
638 2087 768 2119 Christus,
786 2087 819 2113 ita
840 2087 894 2114 illic
909 2087 1006 2114 Paulus
1024 2096 1037 2115 a

248 2135 291 2162 die
306 2135 339 2162 ad
362 2135 476 2169 idipsum
498 2134 628 2161 hortatur.
648 2134 734 2161 Timet
752 2134 849 2168 quippe
869 2139 982 2166 nectent,
1005 2143 1039 2161 nc

248 2182 318 2209 forte
332 2181 417 2208 solum
442 2180 581 2215 excipiens
602 2180 759 2212 saucialum,
782 2180 867 2214 majus
888 2180 962 2207 ulcus
979 2180 1038 2207 efﬁ-

247 2228 309 2255 ciat.
325 2227 353 2254 In
367 2227 411 2254 die
425 2234 538 2261 namque
553 2226 628 2253 multi
642 2232 703 2253 sunt
714 2225 759 2261 qui
773 2226 891 2253 avellunt
904 2231 930 2253 et
943 2226 1039 2253 distra-

248 2275 332 2307 hunt;
354 2273 383 2300 in
397 2278 474 2301 nocte
495 2280 569 2309 vero,
589 2281 647 2299 cum
671 2273 742 2299 solus
763 2272 805 2305 sit,
827 2276 855 2299 ct
876 2272 931 2299 haec
950 2273 1039 2300 animo

248 2323 347 2351 verset,
362 2320 540 2347 intumescunt
553 2318 659 2350 fluctus,
681 2323 708 2344 et
727 2318 812 2351 major
835 2318 863 2344 fit
884 2322 1034 2352 tempestas.

248 2366 311 2393 Ideo
324 2365 383 2393 lia‘c
397 2365 560 2400 prmvenietts
571 2364 678 2395 Paulus,
690 2363 888 2390 reconciliatum
900 2363 955 2390 vult
968 2364 1038 2390 nocti

248 2412 363 2443 tradere,
385 2415 414 2438 ut
437 2411 538 2439 nullam
559 2418 591 2437 ex
613 2410 701 2445 quiete
715 2409 799 2444 possit
813 2409 933 2436 diabolus
947 2417 1037 2436 ansam

248 2457 367 2491 arripere
382 2457 414 2483 ad
430 2457 475 2483 ira:
487 2456 619 2483 fornacem
634 2456 840 2488 accendendatn,
855 2460 882 2482 ct
892 2455 1038 2482 vehemen-

248 2502 344 2530 tiorem
357 2502 534 2530 efﬁciendam.
549 2501 593 2529 Sic
605 2501 683 2531 etiam
698 2501 818 2528 Christus
838 2508 891 2527 non
912 2500 1039 2534 permittit

248 2548 291 2575 vel
305 2547 437 2582 tantillum
451 2547 568 2579 diﬁ‘errc,
591 2554 624 2574 ne
639 2546 773 2581 completo
792 2545 932 2578 sacriﬁcio,
953 2545 1038 2580 negli-

248 2593 353 2630 gentior
368 2593 411 2619 ille
426 2592 502 2625 foret,
521 2600 607 2627 exque
619 2592 662 2619 die
678 2592 704 2619 in
724 2591 794 2619 diem
809 2591 936 2618 differret.
959 2590 1038 2618 Novit

248 2640 320 2668 enim
334 2639 409 2674 _hunc
430 2639 511 2669 animi
534 2639 656 2666 morbum
678 2638 759 2665 multa
785 2645 863 2673 egere
881 2638 1035 2670 celeritate;

248 2691 328 2721 atque
345 2690 375 2713 ut
386 2686 492 2719 sapiens
506 2685 624 2713 medicus
640 2692 693 2711 non
709 2684 788 2711 modo
801 2691 859 2718 quia
873 2688 1038 2718 praeservent

248 2739 261 2758 a
277 2731 377 2758 morbis
396 2730 522 2757 adhibere
543 2734 665 2764 occupat,
689 2729 736 2756 sed
755 2729 837 2756 etiam
856 2736 915 2764 qua:
936 2728 1036 2755 mederi

247 2778 349 2812 possint
368 2777 483 2804 ostendit
498 2786 504 2803 :
522 2776 560 2804 sic
574 2780 601 2804 et
617 2776 661 2803 ille
681 2776 744 2811 agit.
758 2775 822 2802 Nam
838 2783 898 2803 cum
915 2774 1037 2810 prohibet

246 2832 281 2856 ne
297 2824 357 2859 quis
370 2823 456 2851 fatuus
470 2822 626 2857 appelletur,
643 2822 669 2849 id
682 2821 809 2857 prtevium
829 2821 975 2848 remedium
995 2825 1036 2849 est

250 2869 284 2903 ad
296 2869 460 2901 inimicitiam
475 2868 624 2902 vitandam;
642 2875 701 2898 cum
715 2875 779 2896 vero
798 2867 918 2903 przecipit
939 2874 1033 2897 recou-

598 147 627 175 S.
647 146 785 175 JOANNIS
801 144 1036 174 CHRYSOS’I‘OMI
1054 144 1213 173 ARCHIEP.
1232 145 1501 176 CONSTANTlNOR

1831 151 1893 189 ass

1103 202 1276 236 ciliationem,
1288 203 1315 232 id
1328 204 1446 236 morbos.
1463 207 1507 241 qui
1520 210 1579 241 post
1592 206 1757 236 inimicitiam
1775 209 1890 240 sulm-in

1101 250 1205 283 solent,
1234 251 1363 285 praecidit.
1396 252 1463 279 Vide
1491 257 1580 281 autem
1609 261 1688 289 quam
1718 254 1890 284 vehementer

1101 301 1241 331 utrumque
1259 301 1382 331 ponatur.
1396 297 1451 328 Illic
1466 299 1537 326 enim
1551 299 1700 334 gehennam
1712 301 1889 329 comminatus

1100 347 1156 374 est;
1179 342 1221 369 hic
1240 350 1304 370 vero
1323 342 1421 370 donum
1442 352 1493 371 non
1510 345 1603 380 recipit
1616 351 1679 373 ante
1693 347 1887 375 reconciliatio-

1100 396 1171 421 nem,
1186 388 1369 416 vehementem
1380 390 1542 417 iracundiam
1553 398 1613 418 esse
1624 397 1784 424 monstrans,
1799 400 1829 420 ac
1840 401 1888 428 per

1099 432 1156 460 haec
1169 434 1257 461 omnia
1273 438 1300 462 et
1313 435 1429 462 radicem
1444 440 1471 463 et
1485 435 1597 463 fructum
1611 437 1738 465 avellens.
1754 438 1788 465 Et
1802 439 1887 473 primo

1098 479 1205 514 quidem
1224 480 1260 506 ait
1281 488 1287 506 :
1307 479 1346 507 Ne
1361 480 1484 509 irascaris
1505 491 1511 508 :
1535 487 1627 517 postea
1645 491 1718 517 vero,
1739 483 1778 511 Ne
1796 486 1888 511 convi-

1097 525 1186 552 cieris.
1201 525 1267 553 Nam
1287 525 1343 553 hac
1358 528 1437 554 ambo
1452 535 1511 555 sese
1526 533 1617 555 mutuo
1631 528 1720 556 fovent
1731 534 1759 557 et
1771 536 1868 565 augent
1881 540 1887 558 :

1097 572 1131 598 ab
1152 572 1288 599 inimicitia
1307 573 1466 607 convicium,
1483 582 1499 602 a
1512 576 1633 603 convicio
1652 576 1797 604 inimicitia.
1813 577 1888 605 Ideo-

1097 624 1149 651 que
1170 625 1240 644 nunc
1255 618 1347 651 radici,
1371 627 1442 647 nunc
1464 619 1561 648 fructui
1584 622 1731 649 remedium
1744 611 1885 656 admovet,

1098 666 1127 689 ut
1141 662 1269 698 impediat
1282 671 1316 691 ne
1330 664 1431 692 malum
1443 666 1545 693 oriatur
1558 676 1564 693 :
1581 668 1603 694 si
1618 675 1681 695 vero
1700 669 1889 702 germinaverit

1097 713 1124 736 et
1138 708 1251 736 fructum
1265 709 1333 738 ferat
1346 712 1502 745 pessimum,
1520 713 1594 740 illum
1617 713 1732 748 undique
1743 715 1886 742 comburit.

1097 754 1160 782 Ideo
1174 760 1313 790 postquam
1335 756 1401 784 dixit
1421 758 1559 792 judicium,
1576 760 1717 787 concilium
1739 765 1766 788 et
1787 762 1887 796 gehen-

1097 807 1170 833 nam,
1189 808 1221 828 ac
1235 801 1268 828 de
1287 809 1336 829 suo
1349 803 1479 831 sacriﬁcio
1494 804 1628 838 disseruit,
1643 806 1692 833 alia
1713 814 1818 833 rursum
1839 807 1887 834 ad-

1096 844 1135 872 dit
1158 845 1200 873 his
1220 847 1308 874 verbis
1335 858 1341 875 :
1364 847 1409 875 9-5.
1431 848 1495 876 Esto
1509 852 1665 878 consentiens
1686 851 1830 879 adversario
1843 858 1885 879 tuo

1096 890 1156 923 cito,
1171 891 1231 918 dum
1244 900 1269 918 cs
1281 900 1338 920 cum
1352 893 1397 920 illo
1411 894 1437 921 in
1457 895 1507 922 via.
1522 895 1563 923 Ne
1581 897 1651 924 enim
1672 897 1775 925 diceres
1789 906 1796 924 z
1816 898 1885 932 Quid

1096 935 1175 970 igitur
1194 937 1216 964 si
1241 937 1362 972 injuriam
1383 940 1487 974 patiar?
1505 941 1567 976 quid
1588 942 1609 968 si
1633 942 1710 969 bonis
1730 943 1837 977 spolier,
1858 949 1885 971 et

1096 982 1128 1009 ad
1147 982 1275 1017 judicium
1298 984 1404 1012 trahar?
1420 986 1488 1014 hanc
1505 996 1610 1023 quoque
1625 996 1716 1016 ansam
1732 994 1759 1016 et
1772 997 1885 1017 excusa-

1097 1028 1196 1056 tionem
1211 1031 1324 1058 removit
1340 1040 1347 1058 ;
1366 1031 1441 1065 jubet
1461 1033 1532 1061 enitn
1555 1039 1580 1061 te
1595 1041 1629 1063 ne
1650 1035 1689 1061 sic
1710 1035 1817 1069 quidem
1831 1035 1885 1062 ini-

1095 1073 1208 1101 micitias
1220 1074 1362 1110 aliquando
1376 1077 1523 1113 suscipere.
1544 1078 1646 1106 Deinde
1666 1080 1726 1114 quia
1743 1080 1805 1107 illud
1824 1088 1883 1107 ma-

1094 1126 1174 1154 gnum
1188 1125 1245 1148 erat
1259 1127 1430 1156 praeceptum,
1452 1130 1467 1150 a
1487 1125 1662 1158 praesentibus
1675 1125 1720 1152 dat
1732 1125 1882 1158 consilium,

1094 1173 1154 1199 qua:
1173 1171 1245 1194 certe
1264 1168 1358 1201 magis,
1377 1176 1456 1202 quam
1477 1168 1575 1202 futura,
1603 1171 1748 1198 crassiores
1767 1171 1884 1198 retinere

1095 1210 1190 1238 Solent.
1206 1212 1273 1245 Quid
1296 1213 1366 1240 enim
1387 1214 1463 1245 dicis,
1484 1214 1580 1249 inquit,
1601 1215 1686 1250 ipsutn
1707 1217 1885 1250 potentiorem

1094 1263 1166 1290 esse,
1190 1262 1217 1283 et
1239 1257 1284 1284 tibi
1308 1259 1423 1287 nocere?
1445 1259 1527 1294 Magis
1541 1266 1604 1295 ergo
1628 1260 1675 1287 tibi
1694 1261 1811 1294 nocebit,
1832 1262 1883 1288 nisi

1094 1302 1179 1336 ipsum
1196 1303 1352 1337 placaveris,
1375 1310 1402 1332 et
1421 1306 1443 1333 si
1467 1310 1575 1336 coactus
1597 1306 1678 1334 fueris
1700 1306 1726 1333 in
1748 1314 1885 1342 carcerein

1094 1347 1142 1375 ire.
1161 1348 1237 1377 Tunc
1255 1350 1326 1377 enim
1349 1351 1393 1378 illo
1414 1352 1507 1379 sedato
1523 1353 1643 1387 pecuniis
1656 1354 1771 1384 amissis.
1786 1362 1882 1388 corpus

1094 1394 1205 1422 libertini
1222 1395 1332 1423 habebis
1347 1406 1353 1423 :
1371 1402 1462 1424 contra
1477 1407 1539 1425 vero
1553 1399 1574 1426 si
1596 1400 1645 1425 sub
1662 1399 1758 1433 judicis
1773 1406 1881 1427 senten-

1094 1440 1127 1465 tia
1152 1441 1252 1474 positus
1273 1442 1320 1472 sis.
1337 1444 1449 1471 vinculis
1470 1445 1671 1479 constringcris,
1694 1452 1882 1480 extremasque

1093 1486 1169 1513 dabis
1185 1494 1286 1521 poenas.
1303 1488 1348 1515 Sin
1371 1493 1459 1517 autem
1480 1489 1597 1524 jurgium
1612 1490 1676 1523 illud
1699 1490 1807 1526 fugeris,
1828 1491 1882 1518 duo

1093 1538 1238 1566 assequere
1253 1532 1321 1560 bona
1339 1544 1345 1560 :
1361 1538 1388 1561 et
1405 1534 1475 1569 quod
1492 1535 1557 1561 nihil
1577 1535 1708 1570 ingratum
1724 1536 1840 1570 patiaris.
1854 1542 1883 1563 et

1092 1578 1162 1611 quod
1176 1578 1274 1605 bonum
1288 1587 1355 1614 opus
1371 1584 1445 1607 tuum
1459 1580 1515 1612 tibi,
1531 1588 1582 1608 non
1597 1581 1667 1608 illius
1682 1581 1815 1609 violentiae
1835 1582 1882 1609 de-

1092 1623 1196 1651 beatur.
1217 1624 1293 1657 Quod
1308 1626 1329 1652 si
1350 1625 1428 1652 dictis
1447 1625 1632 1661 obtemperare
1655 1635 1707 1654 non
1729 1627 1806 1660 velis,
1827 1636 1881 1655 non

1092 1669 1130 1696 illi
1151 1674 1252 1698 tantum
1272 1671 1381 1697 nocehis
1393 1676 1520 1706 quantum
1540 1672 1587 1699 tibi
1601 1673 1661 1707 ipsi.
1687 1673 1824 1708 Perpende
1836 1681 1883 1701 au-

1093 1719 1146 1742 tem
1161 1715 1205 1743 hic
1222 1717 1356 1750 quomodo
1377 1718 1462 1752 ipsum
1484 1718 1605 1745 hortetur
1623 1727 1630 1745 :
1654 1724 1794 1754 postquam
1810 1720 1881 1746 enim

1092 1761 1168 1795 dixit,
1181 1761 1242 1789 Esto
1256 1763 1412 1789 consentiens
1427 1764 1570 1790 adversario
1584 1768 1636 1797 tuo.
1651 1765 1797 1799 subjunxit,
1808 1765 1882 1797 Cito;

1092 1815 1140 1834 nec
1153 1813 1294 1835 contentus
1307 1808 1357 1836 hoc
1367 1808 1558 1842 additamento,
1571 1809 1642 1837 aliud
1652 1810 1796 1838 celeritatis
1809 1818 1882 1845 qua:-

1091 1853 1153 1880 sivit
1164 1859 1333 1888 augmentum
1349 1854 1451 1886 dicens,
1467 1854 1533 1881 Dum
1552 1863 1577 1882 ea
1596 1863 1652 1881 cum
1667 1854 1712 1881 illo
1727 1855 1753 1881 in
1767 1855 1825 1887 uia;
1840 1855 1883 1882 his

1092 1899 1233 1936 impellens
1246 1899 1333 1934 ipsum
1350 1904 1377 1926 et
1394 1908 1488 1935 magna
1507 1908 1566 1927 cum
1583 1899 1749 1927 vehementia
1772 1908 1879 1935 urgens.

1091 1945 1161 1972 Nihil
1175 1946 1245 1973 enim
1267 1947 1300 1972 ita
1321 1946 1401 1972 vitam
1417 1950 1534 1972 nostram
1553 1946 1657 1978 evertit,
1681 1950 1710 1972 ut
1730 1946 1753 1973 si
1771 1951 1881 1974 cuncte-

1091 1999 1151 2018 mur
1161 1996 1188 2018 et
1201 1991 1353 2018 dilferamus
1365 1992 1389 2017 in
1401 1991 1531 2018 bonorum
1541 1992 1705 2026 operatione.
1718 1991 1795 2026 Saepe
1808 2000 1883 2018 nam-

1093 2044 1145 2072 que
1166 2036 1230 2064 illud
1247 2037 1273 2063 in
1293 2044 1373 2063 causa
1389 2036 1437 2063 fuit
1451 2041 1479 2063 ut
1492 2037 1525 2063 ab
1538 2036 1661 2063 oumibus
1674 2036 1857 2064 excidet-emus
1873 2046 1880 2064 ε

1091 2082 1314 2117 quemadmodum
1328 2087 1355 2109 et
1368 2082 1464 2108 Paulus
1476 2083 1513 2108 ait
1525 2092 1530 2109 :
1544 2082 1700 2117 Priusquam
1712 2083 1751 2109 sol
1766 2082 1880 2114 occidat,

1092 2130 1157 2156 iram
1172 2129 1245 2156 solve
1260 2129 1366 2164 (Ep/tes.
1381 2129 1407 2157 ι,
1420 2128 1465 2163 ἓϋ)
1480 2137 1486 2161 ;
1500 2134 1526 2156 et
1539 2130 1661 2164 superius
1673 2130 1730 2164 ipse
1740 2129 1860 2156 Christus
1874 2139 1880 2156 :

1093 2176 1248 2210 Priusquam
1264 2175 1424 2202 oblationem
1440 2175 1569 2210 perﬁcias,
1584 2176 1768 2203 reconciliare.
1792 2175 1836 2203 Sic
1856 2181 1881 2203 et

1092 2221 1142 2249 hoc
1156 2222 1215 2248 loco
1234 2221 1309 2253 dicit,
1325 2222 1390 2254 Cito,
1408 2222 1469 2248 dum
1491 2230 1516 2249 es
1537 2231 1595 2249 cum
1615 2223 1659 2249 illo
1679 2223 1706 2249 in
1725 2223 1775 2255 via,
1791 2223 1881 2258 prius-

1091 2276 1169 2303 quam
1185 2268 1217 2295 ad
1229 2268 1322 2302 judieii
1335 2268 1405 2295 fores
1418 2269 1539 2301 accedas,
1555 2269 1706 2303 priusquam
1721 2269 1754 2295 ad
1767 2270 1882 2296 tribunal

1091 2314 1206 2346 sistaris,
1222 2319 1249 2341 ct
1266 2314 1314 2341 sub
1331 2314 1428 2348 judieis
1442 2315 1548 2341 demum
1565 2319 1696 2349 potestate
1713 2315 1813 2349 positus
1833 2316 1880 2343 sis.

1091 2361 1161 2387 Ante
1175 2361 1322 2395 ingressum
1343 2361 1412 2388 eniin
1435 2369 1516 2395 penes
1535 2366 1560 2387 te
1582 2366 1642 2387 sunt
1665 2362 1771 2394 omnia;
1789 2369 1881 2388 verum

1092 2407 1118 2434 in
1135 2407 1176 2434 illa
1200 2407 1336 2441 ingressus
1351 2407 1451 2439 limina,
1475 2407 1646 2442 quantumvis
1662 2412 1687 2434 te
1706 2416 1806 2438 verses,
1829 2415 1881 2434 non

1092 2453 1192 2488 poteris
1212 2458 1255 2480 tua
1277 2453 1309 2480 ad
1332 2459 1425 2480 nutum
1445 2458 1517 2480 tuttm
1537 2454 1690 2489 disponere,
1707 2454 1756 2481 sub
1771 2454 1882 2482 alterius

1092 2504 1222 2533 potestate
1240 2499 1372 2527 redactus.
1387 2500 1455 2533 Quid
1467 2506 1556 2528 autem
1573 2506 1614 2528 est
1632 2509 1692 2529 esse
1711 2502 1882 2529 consentien-

1092 2545 1164 2572 tem?
1178 2545 1225 2571 Vel
1238 2545 1263 2572 id
1281 2545 1423 2580 signiﬁcat,
1445 2546 1536 2573 Potius
1550 2547 1676 2574 damnum
1696 2548 1823 2582 patiaris;
1839 2548 1881 2574 vel

1091 2591 1164 2621 illud.
1179 2591 1309 2618 iudicium
1324 2592 1401 2625 ferto,
1416 2601 1447 2620 ac
1460 2594 1481 2620 si
1494 2593 1564 2621 illius
1579 2601 1720 2628 personam
1732 2601 1834 2628 ageres,
1849 2602 1883 2623 ne

1091 2645 1123 2665 ex
1136 2645 1227 2664 amore
1247 2638 1285 2665 tui
1302 2638 1361 2672 jura
1382 2639 1467 2665 violes
1484 2649 1490 2666 :
1505 2639 1552 2666 sed
1572 2639 1605 2666 de
1617 2640 1715 2672 alieno,
1728 2647 1760 2666 ac
1772 2640 1793 2666 si
1808 2644 1881 2666 tuum

1091 2689 1172 2717 esset,
1193 2686 1300 2719 negotio
1313 2685 1474 2716 deliberans,
1487 2685 1521 2712 ita
1534 2686 1692 2713 sententiam
1708 2685 1787 2713 feras.
1804 2685 1880 2718 Quod

1090 2730 1112 2757 si
1126 2730 1227 2764 grande
1240 2730 1305 2757 illud
1316 2735 1367 2763 est,
1384 2739 1417 2757 ne
1431 2731 1545 2758 mireris.
1560 2731 1622 2758 Ideo
1632 2732 1702 2758 enitn
1714 2731 1775 2758 illas
1787 2739 1881 2759 omnes

1091 2776 1200 2810 protulit
1222 2776 1410 2808 beatitudincs,
1438 2781 1465 2803 ut
1487 2778 1655 2812 complanato
1678 2785 1710 2804 ac
1730 2782 1880 2811 praeparato

1089 2821 1217 2849 auditoris
1239 2822 1345 2853 animo,
1366 2822 1498 2856 aptiorem
1524 2823 1596 2850 illttm
1624 2823 1745 2852 efﬁceret
1768 2826 1802 2854 ad
1825 2827 1874 2854 has

1091 2875 1184 2896 omnes
1204 2868 1276 2903 leges
1294 2868 1470 2904 recipiendas.
