2067 3132
1009 67 1039 77 ν.

232 159 284 186 $53

269 219 312 246 Η.
334 217 449 252 Quidam
464 224 543 253 pom:
556 224 604 253 per
617 215 797 244 adversariqu
815 215 888 242 illum
911 214 1023 249 intelligi

230 265 324 292 volunt
342 264 490 297 diabolum,
508 267 536 291 et
553 263 595 291 hic
608 262 696 298 juberi
711 266 812 298 putant,
826 269 861 288 ne
877 260 939 296 quid
953 260 1024 287 illius

231 317 343 344 prorsus
357 309 498 343 habeatur,
530 309 610 344 idque
624 315 684 336 esse
705 307 730 335 ei
749 307 911 339 consentire,
932 310 1024 340 utpote

230 363 292 382 cum
313 359 374 390 post
393 362 532 384 excessum
552 361 585 382 ex
605 353 655 381 hac
679 353 731 380 vita
752 360 805 380 non
825 352 904 380 liceat
924 351 958 379 ab
979 351 1024 379 illo

230 409 283 429 nos
301 401 439 437 expedire,
458 409 519 429 cum
538 408 587 428 nos
607 399 758 428 inevitabile
772 399 929 435 supplicium
949 398 1024 426 exci-

231 449 298 483 piet.
318 448 380 475 Mihi
396 456 460 476 vero
477 448 511 475 de
527 447 663 482 judicibus
684 446 762 482 hujus
775 445 866 474 steculi
887 445 928 481 agi
949 444 1023 472 vide~

232 499 286 526 tur,
301 501 333 521 ac
345 493 380 522 de
393 494 435 521 via
450 501 511 529 qum
529 493 562 521 ad
578 493 710 528 judicium
724 492 797 520 ducit
817 496 842 520 et
857 491 891 519 de
903 497 1021 518 carcere.

231 539 377 575 l’oSIquam
398 540 471 567 enim
489 547 505 567 a
525 539 724 567 sublimioribus
743 538 865 565 hortatus
886 541 937 570 est,
961 540 989 564 et
1007 543 1022 563 a

231 587 338 621 futuris,
358 594 374 614 a
395 587 457 614 vitae
480 586 619 622 praesentis
644 589 728 614 terret
749 584 872 620 negotiis.
897 583 926 611 ld
951 582 1022 618 quod

231 633 314 660 etiam
334 632 432 660 Paulus
447 631 519 666 facit,
532 639 547 659 a
560 631 657 659 futuris
677 636 705 659 et
723 638 738 658 a
759 629 933 666 prmsentibus
945 628 1022 656 audi-

232 683 317 706 torem
342 686 524 707 commovens.
551 679 586 707 Ut
609 686 669 706 cum
692 686 707 705 a
730 677 847 713 nequitia
870 676 1020 708 abduccns,

230 725 379 760 principem
394 729 525 752 artnatum
547 725 618 753 male
630 724 751 759 operanti
765 722 883 750 ostendit
903 722 943 750 his
963 730 1022 749 ver-

230 770 272 798 bis
288 779 295 797 :
311 770 385 803 Quod
399 771 421 798 si
441 770 605 806 malefeceris,
621 770 680 796 time
696 778 705 796 :
720 778 769 796 non
789 769 856 795 enim
873 768 927 795 sine
945 775 1022 795 causa

230 817 345 853 gladium
356 820 440 851 portat
455 825 464 844 :
481 816 530 843 Dei
543 817 608 843 enim
622 816 734 843 minister
754 820 791 842 est
813 814 899 850 (Rom.
915 815 958 842 15.
979 815 1019 849 4).

230 861 382 899 lterumque
393 862 491 898 jubens
507 862 562 890 Deo
575 862 710 897 subjectos
726 868 797 893 esse,
811 868 865 888 non
880 860 960 888 modo
974 860 1021 888 Dei

231 910 365 943 timorem,
386 909 433 937 sed
451 909 531 936 etiam
548 908 608 943 ejus
629 908 716 935 minas
734 907 812 935 aﬁ'ert
830 911 858 934 et
877 906 1026 942 providenn

230 957 294 982 tiatn
312 964 319 983 :
334 955 443 983 Necesse
463 960 501 983 est
517 963 569 982 esse
588 955 728 990 subjectos,
749 962 800 981 non
820 954 901 981 solum
919 958 1020 988 propter

230 1001 306 1034 iram,
319 1001 363 1028 sed
374 1006 397 1028 et
408 1005 511 1036 propter
522 1000 700 1027 conscientiam
715 999 795 1036 (Ibid.
809 1007 833 1026 υ.
848 999 887 1034 5).
902 999 967 1026 Natn
980 1000 1020 1026 in-

229 1047 411 1081 sipientiores,
427 1051 455 1074 ut
469 1046 522 1081 jam
537 1046 602 1078 dixi,
619 1046 674 1073 haec
687 1053 746 1080 qua:
766 1049 895 1080 apparent
913 1049 941 1072 et
960 1052 1019 1086 qum

229 1101 244 1120 c
260 1092 370 1127 vestigio
386 1097 543 1127 sequuntur,
556 1091 640 1126 magis
650 1091 738 1118 solent
748 1090 901 1118 emendare.
916 1090 1015 1124 Quam—

229 1139 323 1166 obrem
351 1138 472 1166 Christus
494 1146 546 1166 non
568 1138 648 1166 modo
674 1138 824 1173 gehennam
849 1137 1017 1172 memoravit,

227 1183 275 1211 scd
291 1183 371 1211 etiam
383 1184 476 1219 judicii
491 1184 616 1218 tribunal,
634 1184 822 1211 abductionem
837 1183 871 1210 ad
890 1188 1017 1216 mortem,

228 1238 364 1258 carcerem
377 1230 488 1265 ejusque
500 1230 622 1258 miserias
635 1237 740 1263 omnes,
755 1237 803 1265 per
818 1229 875 1256 haec
887 1229 958 1264 ipsas
970 1236 1018 1256 exe

228 1276 300 1303 dium
323 1276 428 1304 radices
446 1276 617 1304 exscindens.
637 1276 687 1310 Qui
704 1277 775 1303 enim
792 1284 877 1311 neque
890 1276 1018 1304 conviciis

228 1321 373 1356 impetitur,
394 1329 445 1349 nec
458 1322 485 1349 in
496 1322 540 1357 jus
555 1322 679 1354 trahitur,
704 1329 789 1358 neque
809 1322 875 1349 iram
892 1322 1017 1356 intendit,

228 1369 361 1403 quomodo
379 1369 484 1397 occidet
507 1369 653 1404 umquam?
672 1369 763 1404 itaque
785 1368 848 1397 hinc
863 1369 950 1404 palam
965 1373 1016 1403 est,

228 1415 253 1441 in
265 1415 378 1449 proximi
390 1415 532 1442 commodo
546 1419 667 1442 nostrum
678 1422 783 1450 quoque
793 1415 962 1442 commodum
975 1423 1017 1443 re-

228 1460 316 1494 periri.
341 1460 406 1487 Nam
429 1461 475 1495 qui
500 1468 560 1488 cum
586 1460 740 1488 adversario
763 1461 906 1494 consentit,
931 1461 1017 1488 multo

228 1507 312 1542 magis
334 1507 384 1535 sibi
409 1508 459 1542 ipsi
478 1507 530 1535 erit
556 1507 642 1540 utilis,
664 1507 731 1535 liber
750 1515 765 1534 a
786 1507 980 1541 tribunalibus,
1000 1515 1016 1534 a

227 1553 377 1581 carceribus
388 1561 535 1589 eorumque
548 1554 672 1582 miseriis.
690 1553 772 1581 Dictis
784 1554 865 1589 igitur
877 1553 1015 1588 obtempe-

227 1606 327 1632 remus,
340 1607 390 1627 nec
402 1599 606 1632 contendamus,
621 1606 671 1626 nec
683 1599 799 1626 rixemur
811 1607 818 1626 :
829 1607 888 1626 cum
900 1599 1016 1626 maxime

227 1646 285 1674 hmc
297 1651 440 1682 praecepta,
464 1646 544 1673 etiam
567 1650 629 1674 ante
651 1646 759 1681 prmtttia
782 1646 836 1678 illa,
851 1646 1015 1680 voluptatem

226 1698 254 1720 et
267 1693 406 1721 utilitatem
428 1693 454 1720 in
472 1700 502 1720 se
523 1693 686 1720 contineant.
711 1692 787 1726 Quod
810 1693 833 1720 si
855 1693 1014 1728 quibusdam

226 1747 338 1767 onerosa
359 1747 418 1767 esse
431 1744 458 1767 et
477 1739 589 1767 multum
605 1739 724 1774 praebere
747 1739 845 1766 laboris
862 1738 1014 1772 videantur,

226 1786 312 1821 Cogita
327 1791 352 1813 te
366 1791 475 1820 propter
487 1785 623 1813 Christum
639 1785 695 1812 hinc
716 1792 805 1820 agere,
822 1788 849 1812 et
867 1784 937 1820 quod
958 1793 1015 1811 mo-

226 1832 323 1859 lestum
346 1837 396 1864 est,
412 1839 494 1859 suave
515 1831 656 1858 videbitur.
678 1831 705 1858 Si
731 1831 802 1858 enim
823 1831 891 1858 hanc
914 1830 1015 1865 cogita-

227 1880 325 1905 tionem
346 1885 453 1912 semper
467 1882 625 1912 prtcscntem
647 1875 802 1909 habeamus,
825 1876 891 1903 nihil
910 1875 1015 1903 molesti

226 1925 405 1960 experiemur,
428 1923 477 1952 sed
495 1924 604 1951 multam
622 1923 738 1959 undique
752 1930 925 1958 assequemur
938 1922 1015 1950 volu-

226 1976 336 2007 ptatem.
353 1970 440 1998 Labor
455 1970 526 1998 enim
545 1978 599 1997 non
614 1971 683 1997 ultra
702 1970 778 1998 labor
790 1977 849 1997 esse
870 1969 1014 2003 videbitur,

227 2014 274 2044 sed
287 2020 385 2052 quanto
404 2016 489 2051 magis
506 2015 668 2049 intendetur,
682 2020 762 2050 _tanto
783 2015 886 2043 dulcior
898 2015 1017 2042 suavior-

227 2071 278 2098 que
290 2062 351 2091 erit.

263 2109 369 2136 Corona:
378 2108 484 2136 caelestis
496 2116 554 2143 spes
563 2116 579 2135 (ι
591 2108 659 2135 mala
669 2108 848 2135 consuetudine
859 2112 956 2135 auocat.
971 2107 1017 2136 Dei

227 2155 324 2183 auxilio
343 2160 366 2183 et
380 2163 457 2190 opera
470 2160 557 2182 nostra
575 2159 611 2181 est
625 2162 696 2189 opus.
706 2154 863 2187 -—Quand0
878 2154 956 2189 igitur
977 2154 1018 2181 in-

228 2201 308 2229 stabit
320 2200 484 2228 consuetudo
497 2200 626 2227 malorum
643 2203 669 2227 te
678 2199 842 2232 demulcens,
855 2199 960 2234 quando
972 2207 1017 2235 pe-

229 2247 367 2274 cuniarum
390 2246 538 2281 cupiditas,
559 2253 664 2280 oppone
686 2245 722 2272 illi
744 2245 911 2272 ratiocinium
936 2245 1016 2279 illud,

228 2293 298 2328 quod
312 2293 351 2320 sic
365 2292 443 2320 habet
462 2301 468 2319 :
490 2298 539 2319 nos
553 2299 675 2326 magnam
691 2295 847 2325 accepturos
865 2290 1017 2318 mercedem

228 2346 299 2370 esse,
314 2339 336 2365 si
350 2337 523 2371 temporalem
538 2336 699 2370 voluptatem
713 2335 908 2370 despiciamus;
930 2340 957 2362 et
975 2335 1018 2362 dic

228 2384 323 2410 animae
336 2387 387 2410 tute
403 2391 410 2408 :
427 2381 535 2408 Multum
549 2381 673 2412 tristaris,
689 2381 758 2415 quod
773 2385 798 2407 te
812 2380 948 2415 voluptate
963 2381 1018 2415 pri-

227 2438 289 2458 vem
300 2437 308 2461 ;
321 2434 348 2456 at
361 2429 462 2462 ltetare,
477 2428 538 2463 quia
556 2427 603 2454 tibi
619 2427 712 2454 catlum
728 2426 864 2461 provideo.
883 2426 940 2453 Non
956 2433 1018 2460 pro-

229 2483 287 2512 pter
307 2476 452 2508 hominem,
468 2475 515 2502 sed
532 2478 638 2509 propter
656 2473 737 2500 Deum
759 2473 888 2507 operaris.
908 2473 1018 2500 Paulum

228 2523 308 2558 igitur
320 2527 454 2557 exspecta,
467 2526 493 2548 et
505 2520 606 2548 videbis
616 2525 742 2554 quantum
754 2519 854 2546 lucrum
865 2526 1018 2554 assequare.

227 2570 372 2598 Persevera
389 2577 435 2603 per
449 2568 516 2595 hanc
530 2569 621 2599 vitam,
635 2572 663 2595 et
675 2567 796 2594 ﬁduciam
808 2566 940 2594 obtinebis
951 2566 1020 2593 inef-

228 2615 347 2643 fabilem.
363 2615 390 2642 Si
405 2614 500 2641 talibus
512 2614 595 2648 ipsam
609 2613 785 2648 alloquamur,
801 2617 828 2640 et
845 2612 868 2639 si
886 2619 940 2639 non
960 2617 1020 2638 tan-

229 2668 285 2689 tum
297 2662 403 2689 virtutis
417 2661 520 2696 pondus
533 2665 559 2688 et
572 2660 732 2693 molestiam,
747 2659 793 2687 sed
808 2659 886 2686 etiam
899 2666 977 2694 quam
987 2665 1020 2685 ex

229 2708 272 2735 illa
285 2708 475 2743 consequimur
493 2714 619 2735 coronam
637 2706 664 2733 in
683 2710 773 2734 mente
793 2705 948 2734 habeamus.
969 2705 1021 2732 cito

229 2753 302 2782 illam
319 2754 354 2781 ab
372 2753 447 2781 omni
467 2752 582 2787 nequitia
604 2752 781 2779 retrahemus.
796 2750 863 2778 Nam
885 2750 907 2777 si
929 2749 1022 2777 diabo-

229 2801 283 2834 lus,
309 2799 453 2828 ostendens
477 2802 676 2833 temporaneam
702 2797 875 2832 voluptatem,
902 2796 1022 2824 dolorem

230 2854 295 2874 vero
308 2850 477 2882 perpetuum,
494 2849 581 2872 tamen
595 2844 722 2879 praevalet
737 2847 764 2871 et
777 2843 859 2870 vincit
871 2851 878 2869 :
891 2850 952 2870 cum
967 2842 1024 2870 haec

234 2894 262 2924 iu
274 2893 440 2922 contrarium
461 2899 537 2921 versa
551 2891 759 2927 respexerimus.
779 2889 895 2918 laborem
916 2887 1022 2924 quidem

811 157 842 184 ΙΝ
863 155 1064 184 MATTH/EUM
1085 155 1198 185 IlOMlL.
1221 158 1289 187 XVI.

1816 162 1868 190 25‘

1080 218 1290 250 tcmporaneum,
1305 216 1468 252 voluptatem
1478 224 1542 244 vero
1557 217 1752 254 utilitatemque
1760 218 1869 246 humor-

1079 262 1168 295 talem,
1184 270 1234 297 qua
1250 261 1352 290 ratione
1372 264 1494 290 excusari
1515 263 1671 298 poterimus,
1695 264 1717 291 si
1733 270 1792 299 post
1811 270 1870 292 tan-

1078 312 1131 336 tam
1147 309 1368 343 consolationem,
1384 310 1508 338 virtutem
1523 318 1576 338 non
1598 310 1745 339 adeamus?
1766 312 1868 340 Sufﬁcit

1077 354 1155 381 nobis
1178 362 1232 390 pra:
1251 355 1376 384 omnibtts
1398 360 1584 392 argumentum
1603 362 1631 385 et
1652 365 1731 385 causa
1752 359 1867 394 suscepti

1077 400 1184 435 laboris,
1199 402 1221 429 si
1237 403 1345 430 omnino
1358 403 1477 437 persuasi
1492 403 1575 430 simus
1593 411 1642 431 nos
1660 407 1769 439 propter
1783 404 1866 432 Deum

1077 447 1134 475 haec
1149 449 1237 476 omnia
1250 449 1314 484 pati.
1329 449 1395 476 Nam
1408 449 1430 477 si
1443 450 1502 485 quis
1520 449 1710 484 Imperatorem
1729 450 1780 478 sibi
1794 450 1867 478 debi-

1077 498 1161 521 torem
1175 494 1281 527 habeat,
1296 502 1326 523 se
1339 503 1386 530 per
1397 500 1478 523 totam
1492 496 1573 523 vitam
1586 496 1745 523 tutissimam
1764 496 1866 523 cautio-

1076 547 1137 566 nem
1153 539 1251 567 habere
1265 544 1340 575 putat
1361 549 1367 566 :
1388 542 1474 576 cogita
1492 545 1606 575 quantus
1628 540 1662 568 sit
1676 540 1709 574 is,
1725 541 1770 576 qui
1791 540 1866 568 beni-

1075 593 1156 621 gnum
1178 594 1336 622 semperque
1352 587 1482 614 viventem
1497 587 1580 615 Deum
1603 591 1630 615 et
1650 587 1820 615 minimarum
1839 593 1866 616 et

1075 633 1154 660 simul
1167 641 1322 669 magnorum
1337 634 1405 669 frugi
1419 641 1528 669 operum
1543 634 1591 661 sibi
1605 633 1752 662 debitorem
1766 634 1866 661 consti-

1076 680 1134 706 tuit.
1146 679 1185 707 Ne
1199 679 1288 715 itaque
1301 679 1365 707 mihi
1380 680 1485 707 labores
1499 679 1610 714 obiicias
1622 683 1649 706 et
1662 679 1773 707 sudores
1789 686 1796 709 :
1819 686 1866 706 ne-

1075 734 1127 760 quc
1140 726 1211 753 enim
1224 726 1279 753 sola
1294 725 1440 754 futurorum
1459 733 1516 760 spe,
1532 727 1579 753 sed
1594 730 1621 753 et
1637 725 1689 753 alio
1703 725 1783 753 modo
1799 724 1865 753 faci-

1075 770 1126 798 lem
1140 779 1200 798 esse
1212 771 1337 798 virtutem
1352 772 1454 798 curavit
1473 771 1554 804 Deus,
1573 770 1650 798 nobis
1668 770 1767 805 ubique
1787 770 1864 797 auxi-

1075 816 1138 844 lium
1162 817 1391 851 patrociniumque
1413 824 1491 843 suum
1515 816 1676 851 prtestando.
1696 816 1724 843 Si
1748 815 1865 843 volueris

1074 862 1204 890 modicam
1216 862 1343 890 adhibere
1354 862 1528 898 diligentiam,
1539 867 1635 890 caetera
1648 862 1736 889 omnia
1750 868 1864 896 sequen-

1073 914 1126 937 tur.
1142 909 1286 944 Propterea
1301 909 1373 937 enim
1388 914 1413 936 te
1426 909 1482 936 vult
1501 916 1595 944 parum
1614 913 1741 943 prazstare
1753 908 1861 942 laboris,

1073 960 1102 983 ut
1125 960 1152 983 et
1173 955 1283 983 victoria
1306 960 1349 983 tua
1371 955 1416 982 sit.
1441 955 1480 982 Ac
1499 954 1721 990 quemadmodum
1742 962 1788 982 rex
1809 955 1863 982 vult

1071 1001 1153 1028 ﬁlium
1169 1009 1246 1029 suum
1260 1002 1286 1028 in
1301 1002 1358 1029 acie
1372 1005 1453 1034 stare,
1468 1001 1556 1036 jacula
1575 1001 1691 1034 vibrare,
1715 1005 1743 1028 et
1757 1001 1863 1036 conspi-

1071 1054 1152 1074 cuum
1166 1055 1235 1080 esse,
1252 1051 1280 1074 ut
1295 1046 1345 1082 ipsi
1361 1051 1489 1082 tropzeum
1500 1046 1614 1074 adscribi
1626 1046 1718 1082 possit,
1731 1046 1793 1074 licet
1806 1047 1862 1082 ipse

1072 1097 1156 1120 totum
1169 1093 1266 1121 bellum
1277 1093 1399 1121 conficiat
1413 1101 1420 1123 ;
1437 1092 1475 1119 sic
1491 1093 1560 1119 Deus
1573 1092 1598 1119 in
1614 1092 1685 1119 bello
1699 1097 1792 1119 contra
1805 1092 1861 1119 dia-

1071 1140 1161 1167 bolum
1179 1140 1250 1168 facit.
1266 1140 1352 1168 Unum
1369 1141 1467 1175 quippe
1486 1144 1587 1166 tantum
1608 1147 1623 1166 a
1644 1143 1670 1166 te
1690 1139 1811 1174 requirit,
1832 1144 1861 1168 ut

1071 1191 1164 1214 contra
1185 1186 1259 1213 illum
1279 1193 1342 1213 vere
1363 1185 1528 1212 inimicitiam
1551 1184 1694 1217 exhibeas;
1719 1189 1744 1212 et
1765 1185 1787 1212 si
1809 1184 1860 1212 hoc

1071 1232 1121 1267 ipsi
1134 1231 1276 1266 concedas,
1290 1231 1347 1266 ipse
1363 1236 1446 1258 totum
1467 1230 1565 1258 bellum
1584 1230 1718 1258 conﬁciet.
1735 1231 1790 1257 Etsi
1809 1230 1858 1264 ira,

1067 1279 1109 1305 vel
1127 1278 1241 1306 avaritia
1257 1282 1284 1306 te
1294 1282 1365 1310 urat,
1380 1278 1422 1305 vel
1432 1277 1589 1313 quicunque
1610 1278 1681 1305 alius
1696 1278 1856 1313 tyrannicus

1069 1325 1167 1352 animm
1183 1324 1312 1356 morbus,
1335 1324 1425 1351 statim
1446 1323 1539 1356 adest;
1562 1322 1584 1350 si
1607 1323 1699 1350 videat
1722 1328 1747 1350 te
1765 1322 1854 1349 solum

1069 1375 1165 1398 contra
1174 1370 1280 1397 hostem
1290 1369 1446 1404 expeditum
1458 1373 1485 1396 et
1492 1373 1629 1404 paratum,
1649 1373 1676 1396 et
1701 1368 1789 1396 facilia
1797 1375 1857 1395 om-

1074 1418 1120 1444 nia
1141 1417 1241 1449 reddit,
1262 1422 1343 1451 tequc
1356 1416 1465 1444 ﬂamma
1483 1416 1650 1451 superiorem
1660 1415 1811 1446 constituit,
1827 1419 1858 1441 ut

1068 1469 1169 1494 pueros
1183 1463 1245 1490 illos
1261 1463 1288 1490 in
1304 1462 1414 1490 fornace
1425 1461 1605 1495 Babylonica:
1622 1467 1683 1487 nam
1697 1460 1772 1487 etilli
1790 1459 1860 1487 nihil

1068 1507 1139 1534 aliud
1163 1506 1276 1534 attulere
1295 1513 1373 1541 quam
1394 1506 1567 1533 voluntatem.
1590 1504 1626 1532 Ut
1646 1505 1725 1539 igitur
1745 1508 1771 1531 et
1791 1512 1856 1538 nos,

1068 1559 1176 1580 omnem
1191 1552 1290 1579 illicita:
1308 1551 1450 1586 voluptatis
1472 1551 1605 1578 fornacem
1627 1550 1670 1577 hic
1683 1549 1856 1582 declinantes,

1067 1598 1214 1634 gehennam
1229 1598 1284 1626 illic
1303 1598 1469 1633 cﬁugiamus,
1485 1596 1542 1624 haec
1556 1596 1675 1631 quotidie
1687 1601 1714 1624 et
1726 1596 1858 1623 delibere-

1067 1652 1138 1677 mus,
1152 1648 1178 1672 et
1192 1651 1326 1676 curemus,
1340 1648 1368 1670 et
1381 1650 1499 1678 agamus,
1514 1647 1569 1669 tum
1582 1650 1614 1669 ex
1629 1642 1672 1676 pio
1685 1641 1747 1668 boni
1762 1641 1856 1676 agendi

1067 1692 1215 1728 proposito,
1237 1696 1291 1718 tttm
1308 1690 1488 1725 frequentibus
1500 1689 1664 1716 orationibus
1678 1687 1725 1715 Dei
1739 1687 1854 1715 benevo-

1067 1740 1175 1767 lentiam
1191 1738 1268 1766 nobis
1288 1737 1463 1764 attrahentes.
1476 1736 1520 1763 Sic
1533 1736 1603 1762 enim
1616 1742 1648 1762 ea
1662 1742 1721 1770 qua:
1734 1741 1805 1761 nunc
1818 1734 1858 1761 in-

1067 1784 1214 1812 tolerabilia
1228 1783 1362 1816 videntur,
1376 1782 1475 1814 facilia,
1491 1781 1560 1809 levia
1578 1780 1754 1814 amabiliaque
1768 1784 1854 1807 erunt.

1066 1831 1198 1866 Quamdiu
1217 1830 1287 1858 enim
1302 1830 1328 1857 in
1342 1829 1433 1864 pravis
1449 1827 1586 1855 affectibus
1605 1834 1754 1860 versamur,
1771 1827 1857 1854 virtu-

1067 1883 1120 1907 tem
1131 1884 1263 1912 asperam,
1273 1875 1419 1907 diflicilem,
1431 1874 1646 1908 inaccessumque
1657 1880 1715 1900 esse
1725 1877 1857 1906 putamus,

1067 1924 1264 1960 ncquitiamque
1277 1921 1482 1950 desiderabilem
1495 1924 1522 1947 ct
1536 1919 1733 1951 dulcissimam;
1754 1917 1777 1944 si
1795 1924 1858 1944 vero

1067 1970 1204 2006 paululum
1224 1977 1239 1996 a
1259 1968 1329 1995 vitiis
1347 1965 1527 1997 discedamus,
1549 1969 1611 1991 tunc
1631 1964 1674 1990 illa
1689 1962 1855 1990 abominabi-

1068 2019 1101 2046 lis
1113 2023 1141 2046 et
1154 2016 1280 2044 deformis
1295 2014 1435 2043 videbitur.
1451 2013 1508 2039 hzec
1522 2019 1586 2039 vero
1601 2010 1686 2038 facilis
1705 2013 1733 2037 et
1753 2008 1855 2036 amabi-

1068 2065 1110 2093 lis.
1132 2064 1194 2091 Htcc
1216 2070 1296 2098 porro
1316 2060 1419 2088 discere
1443 2058 1519 2085 facile
1543 2063 1685 2092 possumus
1706 2063 1739 2082 ex
1761 2055 1793 2082 iis
1812 2053 1857 2088 qui

1068 2116 1142 2138 recto
1159 2111 1220 2136 vita:
1234 2108 1355 2135 instituto
1373 2106 1537 2133 claruerunt.
1553 2102 1618 2130 Audi
1635 2100 1768 2136 quomodo
1789 2099 1858 2126 Pau-

1069 2157 1110 2185 lus
1123 2156 1184 2183 vitia
1199 2155 1277 2182 etiam
1290 2157 1351 2189 post
1362 2151 1563 2180 conversionem
1578 2147 1672 2183 pttdori
1685 2154 1745 2174 esse
1758 2146 1828 2173 dicat
1848 2153 1856 2172 :

1071 2203 1152 2237 Quem
1165 2201 1232 2229 enim
1253 2201 1362 2236 fructum
1375 2197 1500 2225 habebatis
1516 2200 1575 2222 tunc
1594 2195 1620 2220 in
1639 2193 1700 2226 illis,
1719 2192 1750 2219 de
1770 2191 1858 2226 quibus

1069 2257 1138 2276 nunc
1152 2246 1293 2274 erubescitis
1306 2244 1393 2281 (Rom.
1410 2243 1437 2271 6.
1459 2241 1524 2277 ei)?
1539 2241 1670 2268 Virtutem
1689 2242 1779 2267 autem
1799 2242 1859 2273 post

1070 2295 1189 2323 laborem
1204 2294 1289 2320 levem
1305 2291 1461 2325 facilemque
1485 2288 1559 2320 dicit,
1579 2290 1791 2314 momentaneam
1811 2285 1859 2311 tri-

1071 2340 1245 2370 bulationem.
1261 2343 1289 2366 et
1308 2337 1427 2365 laborem
1448 2336 1540 2363 dicens
1555 2333 1680 2360 facilitate
1707 2332 1792 2359 levem
1807 2330 1859 2365 (Ξ.

1072 2387 1130 2415 Cor.
1148 2386 1245 2421 5.17),
1260 2384 1428 2420 gaudensque
1447 2383 1473 2409 in
1491 2379 1658 2416 passionibus
1669 2377 1735 2414 (Col.
1756 2377 1782 2404 l.
1798 2377 1858 2412 24),

1071 2438 1098 2461 et
1113 2433 1248 2460 exsultans
1263 2431 1287 2457 in
1303 2427 1515 2457 tribulationibus
1530 2426 1616 2461 (Rom.
1631 2425 1657 2452 5.
1671 2422 1708 2459 5),
1724 2424 1861 2458 altumque

1072 2479 1178 2514 sapiens
1199 2477 1225 2504 in
1245 2474 1410 2510 stigmatibus
1435 2476 1546 2508 propter
1570 2469 1706 2498 Christum
1729 2468 1861 2503 susceptis

1072 2524 1144 2560 (Gal.
1158 2523 1186 2551 6.
1201 2521 1256 2557 Π).
1278 2521 1313 2549 Ut
1332 2520 1411 2555 igitur
1424 2523 1451 2546 et
1472 2525 1520 2544 nos
1541 2517 1567 2543 in
1586 2517 1636 2543 hoc
1658 2518 1728 2560 statu
1752 2521 1862 2541 manea-

1072 2557 1144 2600 mus,
1159 2566 1191 2593 iis
1205 2571 1264 2600 quae
1277 2570 1356 2598 supra
1369 2561 1438 2589 dicta
1453 2563 1515 2588 Sunt
1533 2566 1582 2586 nos
1594 2557 1713 2594 quotidie
1725 2564 1862 2584 exornan-

1073 2618 1124 2645 tes,
1143 2616 1171 2639 et
1189 2609 1382 2646 prmteritorum
1396 2607 1593 2637 obliviscentes,
1614 2604 1647 2631 ad
1667 2611 1698 2630 ea
1718 2610 1782 2630 vero
1803 2609 1862 2637 quae

1073 2663 1135 2686 ante
1147 2664 1196 2685 l'lOS
1210 2660 1273 2684 sunt
1290 2663 1339 2682 nos
1353 2661 1459 2688 semper
1471 2651 1657 2683 extendentes,
1672 2657 1794 2684 superna:
1814 2655 1863 2674 V0-

1074 2704 1187 2734 cationis
1197 2702 1317 2731 bravium
1332 2707 1474 2736 sequamur
1495 2708 1502 2727 :
1518 2698 1590 2734 quod
1604 2705 1653 2725 nos
1674 2704 1768 2724 omnes
1782 2702 1858 2722 asse-

1074 2752 1119 2788 qui
1138 2750 1284 2785 contingat,
1307 2747 1392 2783 gratia
1416 2750 1444 2774 ct
1467 2744 1631 2781 benignitate
1653 2741 1758 2770 Domini
1780 2741 1864 2769 nostri

1075 2787 1139 2826 Iesu
1151 2795 1259 2828 Christi,
1274 2795 1316 2822 cui
1329 2793 1412 2830 gloria
1425 2797 1452 2821 et
1465 2791 1605 2828 imperium
1620 2790 1647 2818 in
1661 2787 1760 2818 smeula
1778 2792 1864 2815 διεω-

1076 2844 1173 2872 lorum.
1193 2842 1291 2871 Amen.
