2067 3132
228 160 281 189 255

567 164 594 191 S.
614 165 752 193 JOANNIS
765 166 1000 196 CIIRYSOSTOMI
1019 169 1177 199 ARCHIEP.
1199 171 1464 204 CONSTANTINOP.

1804 185 1856 214 256

226 230 1861 264 __N___

895 273 1068 308 HOMILIA
1090 279 1190 312 XV".

225 329 288 356 CAP.
304 330 330 357 5.
346 338 370 356 v.
384 330 429 358 27.
446 331 556 359 Audistis
568 333 627 368 quia
647 334 739 361 dictant
764 340 799 361 est
816 336 923 370 antiquis
939 344 948 364 :
963 336 1022 365 Non

260 375 431 403 mmo/laberis.
451 376 496 404 28.
527 377 581 413 Ego
595 383 677 405 autent
691 379 747 406 dico
762 380 828 406 vobis
839 401 845 413 ,
860 381 920 415 quia
940 383 1022 410 omnis

260 421 301 453 qui
324 421 413 448 viderit
432 423 562 450 mulierem
580 424 614 450 ad
636 425 862 460 concupiscendum
881 435 949 461 eam,
960 428 1018 463 jam

260 467 397 495 mire/tatus
409 473 445 495 est
459 477 512 495 eam
526 469 551 496 in
565 470 639 496 corde
651 479 705 497 suo.

260 513 284 539 1.
301 513 442 548 Postquam
457 515 570 550 primum
587 516 740 543 mandatum
761 516 911 552 explicandi
935 519 1016 546 lincm

222 558 238 585 f:
250 559 296 590 cit,
324 559 440 594 illudque
465 560 498 587 ad
519 567 652 588 summum
680 561 854 596 philosophize
876 564 1015 597 extendit,

221 605 316 632 ordine
341 606 500 640 procedens,
514 606 547 633 ad
572 607 717 634 secundum
740 609 909 642 provehitur,
923 610 948 636 itt
965 610 1017 639 ltoc

221 658 326 685 quoque
342 651 392 686 legi
415 652 588 687 obsequutus.
612 654 692 688 Atqui
717 653 768 681 hoc
792 663 844 682 non
870 656 1014 683 secundutn

221 701 383 730 pr:eeeptum
399 701 449 730 est,
466 697 580 732 inquies,
595 698 642 726 sed
665 699 782 726 tertium.
805 700 861 728 Non
876 701 947 728 enim
960 702 1015 736 pri-

225 749 296 767 tuunt
312 747 475 776 prun-cptum
488 747 538 770 est.
554 743 613 770 Non
626 745 722 772 Occidcs
735 745 830 781 (Deut.
842 745 868 773 6.
880 747 897 773 4
907 747 933 781 );
948 747 1012 776 sed:

223 786 346 814 Dominus
362 788 430 816 Deus
452 794 510 816 tuus
521 810 529 823 ,
548 789 672 818 Dominus
686 799 750 818 unus
765 797 809 819 est.
837 792 1012 825 Qnatttobrem

218 834 389 868 qnzcreudum
403 840 462 868 est,
478 843 526 862 cur
538 843 590 862 non
613 837 672 864 inde
685 838 805 872 cmperit.
822 838 877 871 Qua
901 839 934 866 de
948 847 1012 866 cau-

218 886 246 905 sa
263 879 363 913 igitur?
375 880 441 913 Quia
462 881 484 908 si
505 881 566 908 inde
581 882 716 916 cmpisset,
729 883 877 918 opm-tebat,
890 889 916 911 et
940 885 1011 914 illam

217 933 331 960 augere,
356 931 384 954 et.
407 928 579 962 semctipsutn
608 930 633 956 itt
660 930 835 964 explicatione
859 931 1010 967 complecti.

217 970 338 998 Nondum
363 977 451 999 autem
477 977 580 1008 tentpus
605 979 664 1002 erat
689 975 722 1002 de
746 976 834 1011 seipso
860 977 1010 1011 huiusmodi

217 1016 350 1050 quidpiam
363 1017 470 1045 docere.
490 1019 614 1054 Alioquin
638 1025 726 1048 autem
751 1022 879 1050 moralem
903 1023 1009 1051 interim

216 1070 366 1089 sermonem
384 1063 550 1096 habebat,et
570 1066 631 1092 hinc
655 1071 682 1093 et
705 1075 738 1094 ex
761 1068 895 1096 miraculis
918 1069 1010 1097 volens

216 1107 379 1135 auditoribus
401 1110 560 1143 persuadere
575 1119 604 1138 se
617 1111 713 1139 Filium
731 1113 775 1140 Dei
798 1121 867 1141 esse.
891 1114 917 1141 Si
939 1116 1008 1142 enim

215 1159 356 1188 antequam
382 1156 452 1182 aliud
481 1157 614 1192 quidpiam
638 1159 807 1194 loqueretur,
832 1165 877 1187 aut
899 1161 1006 1194 faceret,

215 1199 303 1226 statim
327 1200 457 1230 dixisset:
474 1203 594 1231 Audistis
607 1204 667 1238 quia
691 1204 790 1231 dietuut
815 1210 856 1232 est
870 1207 985 1242 antiquis
999 1217 1006 1235 :

216 1243 272 1279 Ego
284 1245 410 1272 Dominus
426 1247 495 1274 Deus
511 1254 579 1279 lttlt‘,
591 1254 618 1275 et
639 1255 737 1284 pratter
752 1259 794 1278 tne
808 1259 859 1278 tton
873 1257 913 1279 est
923 1253 1005 1286 alius;

215 1298 265 1325 ego
277 1297 365 1319 autem
378 1292 438 1320 dico
450 1293 535 1325 vobis,
548 1299 575 1320 ut
593 1299 621 1322 et
642 1303 684 1322 me
702 1296 828 1329 adoretis,
843 1298 912 1325 sicut
924 1304 950 1326 et
973 1299 1006 1326 il-

215 1336 268 1362 lttm
281 1346 288 1363 :
304 1337 328 1363 id
343 1337 484 1371 elfecisset,
503 1344 530 1366 ut
544 1347 636 1367 omnes
649 1341 722 1368 illutn
733 1343 806 1376 quasi
818 1343 948 1372 furentem
961 1345 1007 1372 ba-

215 1381 317 1408 berent.
330 1381 358 1410 Si
372 1383 444 1410 enim
460 1388 520 1417 post
535 1389 634 1412 tantam
647 1386 794 1414 doctrinam
813 1394 840 1415 et
862 1394 922 1424 post
935 1395 1005 1418 tanta

214 1428 299 1462 signa,
312 1436 371 1456 Cum
385 1430 500 1456 non‘dutn
516 1430 573 1458 lucc
585 1431 629 1459 ille
643 1432 716 1460 clare
725 1433 846 1466 dixisset,
858 1435 1004 1463 daemonia-

214 1481 273 1500 ctttn
289 1474 360 1500 illtttn
375 1476 503 1502 vocabant
516 1476 614 1510 (lacn.
630 1477 656 1504 8.
670 1478 715 1505 52.
733 1483 757 1505 et
771 1480 814 1507 10.
827 1480 874 1516 ‘20)
890 1490 896 1507 :
909 1482 929 1508 si
944 1487 1005 1510 ante

214 1518 256 1545 illa
277 1521 365 1547 omnia
385 1521 471 1548 simile
493 1522 555 1556 quid
579 1523 668 1551 dicere
688 1527 860 1557 tentavisset,
875 1527 938 1562 quid
952 1537 1003 1556 non

214 1565 368 1593 dixissent?
382 1567 443 1602 qttid
461 1575 511 1595 non
533 1570 713 1604 cogitassent?
734 1571 768 1598 At
780 1580 841 1599 vero
856 1573 1003 1601 doctrinam

216 1611 372 1645 ltttjusmodi
393 1612 427 1639 ad
444 1618 550 1647 tempus
582 1621 760 1649 opportunum
785 1626 955 1652 reservasse,
978 1621 1003 1648 id

214 1660 315 1686 lat-item
332 1661 439 1693 parabat
452 1662 522 1688 viam
535 1665 562 1689 ltt
578 1661 629 1690 hoc
646 1662 743 1695 dogma
754 1670 767 1688 a
783 1664 871 1690 tuttltis
883 1666 1003 1700 suscipe-

213 1711 294 1732 retur.
306 1706 485 1739 Quamobrem
510 1716 580 1735 nttnc
594 1709 656 1736 illud
668 1711 848 1744 praetermisit;
858 1717 1000 1746 postquam

212 1759 274 1778 vero
287 1760 334 1787 per
348 1752 422 1787 signa
435 1762 534 1789 perque
552 1755 700 1783 doctrinam
714 1758 839 1790 optimam
850 1758 882 1784 ad
897 1759 921 1785 id
934 1767 1002 1792 pra:-

214 1802 345 1831 parasset,
375 1799 463 1826 verbis
488 1799 595 1827 dentnm
623 1801 736 1836 idipsum
764 1803 900 1830 rcvelavit.
928 1804 1003 1832 Nunc

210 1847 282 1869 certe
295 1848 320 1870 et
333 1843 415 1874 signis
426 1850 452 1871 et.
463 1845 520 1879 ipso
530 1846 658 1873 doctrina:
670 1848 758 1877 modo.
770 1849 894 1882 paulatim
906 1855 931 1877 et
941 1858 1003 1878 sen-

210 1888 259 1914 sim
275 1888 337 1915 illud
352 1889 479 1917 declarat.
493 1891 557 1918 Nam
571 1901 631 1919 cum
648 1897 778 1927 potestate
793 1895 864 1929 leges
880 1896 937 1923 illas
948 1902 1002 1924 sla-

210 1938 283 1961 tuere
294 1935 332 1962 vel
345 1936 507 1969 reformare,
524 1937 548 1964 id
565 1939 653 1973 utique
667 1947 728 1966 eum
743 1941 787 1975 qtti
803 1941 952 1970 attenderet
974 1948 1002 1970 et

209 1985 298 2008 tuente
311 1982 411 2016 valeret
426 1983 458 2010 ad
474 1983 528 2010 veri
542 1984 673 2019 dogmatis
695 1988 826 2015 rationem
841 1988 998 2018 deducebat.

208 2025 436 2061 Obstupescehant
460 2029 530 2056 enim
545 2051 551 2062 ,
575 2031 630 2063 ait,
654 2032 714 2066 quia
744 2041 795 2059 unu
823 2035 888 2061 sient
905 2037 1000 2064 scriba:

207 2079 300 2100 eorum
316 2073 427 2102 docebat
438 2077 447 2109 (
457 2075 550 2103 Matth.
567 2077 593 2103 7.
604 2077 649 2105 29.
671 2077 751 2105 Marc.
767 2080 792 2106 1.
807 2079 869 2114 22).
882 2084 901 2108 Α
916 2090 999 2117 gene-

208 2117 309 2145 ralibus
330 2119 427 2154 quippe
440 2121 510 2148 vitiis
523 2129 600 2149 orsus
612 2143 620 2155 ,
634 2123 668 2150 ab
683 2123 721 2150 ira
745 2132 840 2160 nempe
854 2131 882 2153 et
898 2134 998 2155 concu—

207 2165 333 2198 piscentia
342 2165 411 2201 (hare
418 2167 488 2193 ettim
499 2167 613 2195 maxime
622 2170 786 2204 tyranuidettt
799 2172 823 2197 itt
835 2172 911 2199 nobis
919 2180 997 2201 exer-

207 2214 284 2243 cent,
299 2214 325 2237 et
340 2215 441 2238 natura:
464 2217 525 2239 sunt
539 2213 623 2248 magis
645 2215 784 2250 consona),
808 2224 868 2244 cttm
883 2219 997 2246 auctori-

207 2259 260 2281 tate
269 2255 360 2289 multa,
370 2261 496 2291 quantum
511 2257 622 2286 decebat
635 2259 824 2295 legislatorem,
837 2262 892 2290 hinc
903 2272 997 2292 cmen-

207 2300 287 2332 davit,
299 2306 325 2328 et
335 2309 394 2329 cum
405 2304 475 2329 omni
485 2305 652 2332 aceurationc
660 2306 792 2334 ordinavit
801 2308 914 2343 '.Neqtte
924 2314 994 2338 enim

206 2346 271 2373 dixit
283 2351 384 2375 tantum
398 2348 530 2376 mtechttm
545 2357 638 2385 prunas
656 2359 715 2379 esse
737 2353 859 2381 daturum
874 2364 880 2381 :
894 2356 939 2383 sed
954 2357 994 2384 id-

207 2393 292 2426 ipsum
306 2393 349 2421 ltic
362 2393 423 2421 facit
437 2395 505 2430 quod
518 2397 587 2423 circa
610 2397 769 2426 homicidam
783 2400 891 2433 fecerat,
908 2402 994 2437 impn-

205 2438 266 2466 dico
289 2439 369 2466 etiam
393 2442 510 2475 aspectui
535 2450 627 2476 punias
653 2443 829 2478 denuntians,
852 2452 880 2473 ttt
906 2448 994 2475 discas

206 2483 269 2517 qttid
282 2484 317 2511 sit
331 2484 394 2512 illud
404 2486 474 2520 quod
487 2487 553 2514 ultra
565 2488 675 2523 scriptas
685 2489 757 2524 leges
766 2492 920 2526 requiritur.
932 2493 993 2522 Ideo

205 2528 270 2556 dicit
283 2538 289 2556 :
302 2529 352 2562 Qui
362 2533 496 2566 respexerit
510 2534 638 2561 mulierem
648 2536 682 2562 ad
692 2538 915 2572 concupiscendum
926 2547 992 2573 eam,

201 2575 258 2608 jam
272 2577 409 2603 moechatus
424 2583 459 2604 est
472 2587 527 2605 eam
540 2580 567 2606 iu
581 2581 656 2607 corde
669 2590 733 2613 suo;
747 2582 771 2609 id
784 2588 843 2616 est,
858 2585 901 2619 qui
923 2586 992 2614 solet

205 2625 316 2648 venusta
325 2629 436 2656 corpora
449 2625 581 2652 curiosius
595 2626 701 2658 intueri.
718 2627 850 2664 faciesque
862 2631 991 2659 formosas

203 2667 304 2701 venari,
319 2673 346 2696 et
360 2669 409 2696 hoc
432 2673 582 2705 spectaculo
593 2674 708 2702 auintnm
719 2683 837 2710 pascere,
848 2679 991 2713 oculosque

203 2713 319 2748 deﬁgere
333 2714 359 2742 in
374 2716 503 2744 formosos
519 2719 615 2746 vultus.
628 2719 684 2747 Non
696 2722 766 2748 enim
778 2730 875 2758 corptts
888 2728 989 2752 tantum

203 2760 274 2787 venit
287 2768 300 2787 a
315 2761 391 2788 malis
414 2764 517 2790 actibus
529 2765 641 2793 liberare
653 2787 660 2798 ,
677 2767 723 2794 sed
743 2773 770 2795 et
788 2769 903 2796 animum
928 2776 990 2798 ante

202 2813 309 2841 corpus.
331 2807 396 2841 Quia
411 2809 480 2835 enim
498 2810 522 2836 in
538 2811 619 2838 corde
638 2812 753 2847 Spiritus
763 2815 875 2849 gratiam
892 2817 988 2851 accipi-

234 2854 241 2867 ι
260 2851 305 2876 Alii
313 2859 360 2877 nnn
370 2856 446 2893 rauci,
459 2860 514 2880 cum
524 2855 589 2881 omni
598 2858 748 2885 accuratione
760 2861 882 2891 repressit.
890 2868 944 2893 qua:
953 2861 988 2888 le~

203 2883 251 2908 ctio
260 2890 307 2908 non
319 2885 463 2916 spernenda.

1075 348 1134 368 mus
1144 362 1151 374 ,
1165 350 1212 370 cor
1224 344 1338 378 primum
1354 353 1490 382 expurgat.
1515 349 1550 376 Et
1563 351 1696 384 quomodo
1709 361 1859 388 possumus.

1075 385 1176 420 inquies
1188 408 1195 420 ,
1209 396 1224 415 a
1237 391 1450 425 concupiscentia
1465 394 1591 423 liberari?
1605 396 1718 426 Maxime
1729 400 1837 434 quidem
1849 422 1858 434 ,

1071 431 1092 457 si
1107 433 1228 467 velimus,
1239 443 1378 469 possumus
1390 445 1448 465 eam
1460 441 1639 477 exstinguere,
1651 448 1678 471 et
1690 452 1724 472 ne
1737 453 1860 482 erumpat

1069 477 1215 506 continere.
1227 480 1350 516 Alioquin
1361 488 1448 510 atttem
1460 484 1503 511 hic
1513 494 1565 513 non
1577 488 1656 515 modo
1666 492 1858 526 concupiscen-

1070 521 1132 549 tiam
1149 524 1225 557 tollit,
1239 527 1284 553 sed
1298 528 1376 555 etiatn
1392 529 1462 557 illam
1485 533 1725 568 concupiscentiam
1742 521 1801 572 qua:
1823 548 1855 569 ex

1068 575 1176 602 aspectu
1196 572 1291 605 prodit.
1304 573 1369 600 Nam
1383 575 1427 610 qui
1441 576 1569 605 formosas
1588 579 1685 608 inttteri
1700 582 1779 611 facies
1798 591 1854 612 stu-

1068 613 1112 640 det
1123 635 1130 646 ,
1146 615 1190 642 ille
1204 618 1336 653 przecipue
1351 621 1407 647 vitii
1432 621 1566 650 fornacem
1580 619 1710 659 accetidit,
1723 629 1854 657 animant-

1067 667 1118 692 que
1128 662 1257 695 captivam
1272 663 1353 691 eflicit
1364 687 1372 699 ,
1386 671 1411 693 et
1427 668 1479 694 cito
1491 669 1524 696 ad
1535 677 1600 704 opus
1614 679 1718 707 quoque
1734 676 1852 703 accedet.

1066 705 1209 740 Propterea
1224 717 1276 736 non
1289 710 1364 745 dixit,
1380 712 1428 746 Qtti
1441 716 1603 750 concupierit
1623 705 1768 747 tnwchari:
1794 723 1852 756 sed,

1068 751 1117 783 Qui
1125 755 1260 787 respexerit
1267 756 1301 783 ad
1308 759 1542 793 concupiscendum.
1552 761 1586 789 Et
1596 770 1655 790 cum
1666 764 1699 792 de
1711 766 1748 792 ira
1762 766 1850 802 loque-

1066 802 1148 828 retur,
1162 798 1359 829 distinctionem
1385 805 1526 838 quamdam
1549 809 1647 842 posuit,
1671 809 1782 844 Temere,
1809 813 1849 840 vel

1065 841 1127 870 Sine
1138 852 1215 871 causa
1227 845 1356 880 dicendo;
1368 848 1410 876 hic
1421 857 1484 877 vero
1497 859 1548 879 non
1560 853 1605 886 ita,
1618 854 1665 882 sed
1676 857 1758 883 semel
1770 862 1853 886 totam

1063 892 1304 925 eoncttpisocntiam
1324 895 1430 923 sustulit
1445 905 1452 923 :
1466 898 1569 926 etiamsi
1587 900 1644 928 lucc
1668 903 1746 930 ambo
1761 904 1849 931 inuata

1063 935 1140 963 nobis
1151 937 1214 970 sint,
1228 943 1256 966 ct
1269 940 1367 968 tttilitcr
1380 948 1489 978 utraque
1503 945 1578 973 nobis
1592 947 1691 980 insint,
1705 949 1742 976 ira
1755 958 1849 986 nempe

1062 987 1089 1009 et
1102 985 1333 1019 concupiscentia;
1361 988 1403 1015 illa
1418 995 1444 1016 ttt
1460 991 1593 1026 improbos
1609 995 1757 1030 pnniantus,
1771 1002 1795 1024 et
1810 985 1849 1025 in-

1061 1029 1222 1062 compositus
1235 1032 1424 1066 etuendemus;
1440 1034 1496 1062 lucc
1512 1041 1539 1063 ut
1555 1037 1651 1066 liberos
1664 1042 1846 1078 suscipiamus,

1062 1078 1184 1108 etgcuus
1198 1082 1316 1105 nostrum
1332 1082 1500 1110 successione
1520 1091 1689 1121 propagetur.

1097 1119 1124 1146 2.
1150 1119 1264 1149 Christus
1283 1123 1395 1153 illicitum
1411 1131 1507 1154 tantum
1521 1119 1746 1166 concupiscentiam
1761 1136 1851 1169 probi!

1061 1165 1108 1191 brt.
1125 1166 1210 1198 Quare
1222 1169 1304 1203 ipsum
1319 1178 1446 1206 aspectum
1456 1175 1576 1203 cohibeat.
1593 1177 1722 1213 Impudici
1734 1165 1848 1217 aspectus

1059 1211 1161 1240 damna.
1172 1229 1206 1233 —
1219 1214 1272 1242 Cur
1285 1224 1347 1252 ergo
1361 1226 1413 1245 non
1428 1219 1470 1247 hic
1488 1221 1567 1249 etiatn
1584 1223 1779 1254 distinctionem
1800 1236 1848 1263 po-

1059 1258 1130 1284 suit?
1142 1258 1282 1288 Maximam
1304 1269 1376 1291 certe
1386 1285 1393 1298 ,
1409 1265 1431 1292 si
1446 1267 1582 1301 attendas,
1597 1269 1640 1298 hic
1651 1258 1845 1301 distinctionem

1060 1303 1198 1338 percipies.
1215 1305 1271 1333 Non
1289 1309 1359 1336 enim
1381 1311 1536 1345 simpliciter
1558 1314 1634 1346 dixit,
1650 1317 1700 1350 Qui
1719 1321 1848 1354 concupi-

1058 1351 1142 1382 verit;
1157 1357 1241 1385 potost
1262 1355 1331 1382 enim
1356 1357 1442 1390 quivis
1455 1359 1534 1387 etiam
1558 1360 1583 1387 in
1606 1364 1740 1391 montibus
1755 1366 1845 1394 sedent

1058 1395 1169 1431 habens,
1183 1402 1386 1435 concupiscere;
1403 1405 1460 1439 sed,
1485 1405 1534 1439 Qui
1548 1410 1682 1444 respexerit
1704 1412 1738 1438 ad
1755 1421 1849 1440 concu-

1057 1442 1221 1477 piscendum;
1237 1446 1261 1472 id
1277 1452 1327 1480 est,
1342 1449 1384 1483 qui
1397 1450 1447 1477 sibi
1470 1451 1518 1486 ipsi
1542 1442 1781 1489 concupiscentiam
1798 1465 1843 1486 εα-

1056 1489 1147 1522 cersit,
1172 1497 1217 1524 qm
1239 1493 1344 1520 nomine
1357 1501 1468 1530 cogente
1492 1497 1576 1526 feram
1600 1501 1671 1532 illam
1688 1503 1713 1530 in
1726 1505 1844 1534 sedatum

1056 1534 1172 1561 animum
1185 1535 1315 1565 inttnittit.
1329 1539 1396 1567 Illud
1415 1542 1485 1569 enim
1499 1551 1551 1571 non
1563 1546 1617 1580 jam
1632 1555 1665 1574 ex
1679 1553 1771 1576 natura
1783 1558 1844 1585 pro-

1058 1580 1194 1614 ficiscitur,
1210 1583 1256 1610 sed
1272 1592 1304 1612 ex
1323 1585 1433 1614 desidia.
1461 1589 1517 1617 Hoc
1537 1593 1635 1627 quippe
1650 1594 1675 1621 in
1691 1598 1771 1623 veteri
1783 1580 1848 1633 Ili-ge»

1054 1625 1108 1660 jam
1123 1627 1187 1655 olim
1204 1630 1314 1658 vetitum
1331 1632 1388 1665 fuit,
1405 1642 1463 1667 qua:
1488 1637 1527 1664 sic
1547 1625 1628 1666 habet
1644 1649 1651 1667 ε
1666 1640 1728 1668 Noli
1750 1625 1845 1671 ὠστιεῖ-ο

1055 1672 1266 1706 pulchritudinem
1284 1677 1412 1711 alienaml
1427 1679 1505 1708 Eccli.
1517 1682 1544 1710 9.
1556 1683 1582 1710 8.
1595 1683 1614 1719 ).
1629 1685 1728 1714 Deinde
1738 1696 1771 1715 ne
1785 1690 1844 1724 quis

1052 1717 1173 1746 diceret:
1187 1719 1254 1755 Quid
1270 1729 1342 1758 ergo.
1358 1724 1380 1751 si
1394 1725 1511 1754 didicero
1522 1748 1530 1760 ,
1545 1733 1572 1756 et
1584 1717 1636 1758 non
1649 1733 1758 1767 capiar?
1771 1717 1843 1762 colui;

1056 1763 1100 1790 bet
1111 1771 1257 1800 aspectum,
1272 1776 1306 1796 ne
1327 1769 1375 1796 hac
1389 1770 1500 1800 ﬁdenter
1523 1781 1587 1801 usus
1606 1776 1722 1811 licentia,
1737 1778 1763 1805 itt
1779 1787 1842 1814 pec-

1054 1815 1140 1836 catum
1155 1811 1295 1846 aliquando
1319 1815 1428 1844 incidas.
1450 1818 1516 1851 Quid
1539 1820 1616 1854 igitur
1638 1823 1660 1849 si
1682 1811 1843 1859 vidcani,ct

1054 1858 1258 1892 concupiscam,
1274 1860 1391 1897 nihilque
1418 1865 1478 1892 mali
1504 1868 1598 1901 agam?
1631 1869 1715 1897 Etiam
1729 1872 1768 1898 sic
1781 1880 1840 1900 cum

1054 1903 1165 1931 ntmeltis
1180 1907 1327 1934 numeraris
1349 1908 1511 1938 Sententiant
1526 1913 1585 1940 tulit
1598 1913 1742 1950 legislator,
1757 1925 1842 1953 neque

1053 1947 1135 1974 debes
1151 1949 1216 1976 ultra
1239 1952 1343 1979 curiose
1366 1954 1509 1990 inquirere.
1526 1957 1593 1986 Cum
1611 1960 1682 1988 enim
1700 1964 1782 1991 sctncl
1796 1970 1840 1992 aut

1053 1993 1092 2021 bis
1107 2000 1151 2022 :tut
1164 2001 1205 2024 ter
1218 1997 1256 2025 sic
1270 2001 1419 2034 respexeris
1430 2023 1437 2034 ,
1454 2007 1479 2030 te
1493 2003 1560 2032 forte
1575 2006 1674 2040 poteris
1688 2010 1838 2043 continere;

1052 2039 1074 2066 si
1088 2048 1150 2067 Vero
1166 2041 1318 2077 frequenter
1330 2046 1355 2072 id
1377 2046 1472 2080 facias,
1489 2054 1516 2076 et
1534 2039 1668 2080 fornacem
1689 2055 1818 2084 accendas
1830 2078 1838 2090 ,

1052 2086 1171 2120 profecto
1183 2089 1296 2123 capieris
1309 2099 1316 2116 :
1332 2099 1383 2118 non
1399 2093 1469 2120 cuitu
1485 2100 1557 2122 extra
1574 2097 1715 2126 humanam
1730 2101 1795 2129 situs
1809 2110 1838 2130 es

1052 2137 1183 2160 naturam.
1196 2134 1425 2167 Quemadmodum
1433 2147 1496 2174 ergo
1510 2148 1558 2168 nos
1569 2150 1630 2170 cum
1644 2152 1753 2179 puerum
1766 2147 1838 2175 vide-

1051 2184 1109 2204 mus
1122 2179 1236 2213 gladium
1256 2185 1389 2210 tenentem
1400 2205 1407 2216 ,
1422 2186 1524 2214 etiamsi
1541 2189 1656 2217 nondum
1672 2192 1836 2222 vulneratum

1050 2230 1201 2259 cernamus,
1218 2229 1388 2257 verberamns
1411 2236 1497 2260 tanten
1518 2235 1740 2273 proltibemusqtte
1753 2248 1785 2267 ne
1799 2242 1837 2269 sic

1050 2277 1174 2304 umquam
1206 2273 1317 2308 attingat
1341 2284 1347 2302 :
1372 2277 1410 2304 sic
1435 2285 1540 2313 quouue
1576 2281 1644 2309 Deus
1676 2284 1836 2318 impudicum

1049 2321 1183 2349 aspectttnt
1198 2322 1259 2346 ante
1274 2327 1341 2355 opus
1355 2322 1433 2355 tollit,
1447 2332 1479 2350 tte
1491 2323 1559 2352 forte
1572 2327 1597 2353 in
1612 2335 1679 2362 opus
1694 2330 1779 2363 ipsum
1794 2331 1837 2358 in-

1048 2361 1178 2390 cidamus.
1199 2363 1264 2392 Nam
1280 2367 1323 2401 qtti
1348 2369 1430 2395 semel
1453 2369 1585 2399 ﬂammam
1609 2375 1741 2409 accendit,
1756 2377 1836 2405 etiam

1048 2407 1158 2436 absente
1171 2409 1225 2442 illa,
1238 2418 1317 2445 quam
1329 2414 1455 2448 respexit,
1471 2416 1600 2449 muliere.
1615 2426 1703 2447 rerum
1720 2423 1835 2456 turpium

1048 2452 1175 2488 imagines
1189 2454 1239 2483 sibi
1254 2457 1301 2492 ipsi
1318 2457 1469 2494 frequenter
1484 2461 1566 2497 lingit,
1582 2469 1609 2491 et
1620 2472 1653 2491 ex
1667 2465 1731 2500 ipsis
1745 2452 1835 2503 imagi-

1047 2499 1124 2526 nibus
1138 2500 1163 2527 in
1177 2509 1244 2536 opus
1255 2510 1326 2538 Stepe
1335 2505 1484 2534 deducitur.
1497 2507 1611 2544 Ideoque
1624 2509 1745 2539 Christus
1755 2499 1833 2541 etiam

1046 2546 1129 2578 illum,
1145 2547 1189 2581 qui
1203 2549 1228 2575 itt
1242 2551 1331 2577 anituo
1351 2551 1468 2586 tingitur,
1483 2554 1581 2582 coitum
1602 2555 1636 2584 de
1652 2558 1739 2585 medio
1755 2560 1832 2588 tollit.

1044 2592 1112 2625 Quid
1133 2594 1210 2629 igitur
1233 2595 1348 2624 dixerint
1361 2598 1378 2625 ii
1391 2600 1434 2634 qui
1450 2607 1538 2628 secum
1563 2602 1713 2632 habitantes
1737 2606 1834 2634 habent

1043 2638 1158 2674 virgines
1169 2640 1226 2676 (a)?
1245 2642 1349 2670 Etenim
1366 2645 1510 2672 secundum
1524 2646 1593 2675 hanc
1604 2648 1699 2684 legem,
1720 2658 1832 2681 sexcen-

1164 2707 1217 2733 tllos
1227 2709 1268 2745 qui
1279 2709 1417 2745 habitantes
1427 2718 1510 2745 secum
1520 2714 1628 2744 virgines
1635 2714 1736 2745 habent,
1743 2718 1831 2744 librum

1044 2738 1118 2762 edidit
1129 2738 1319 2779 (Iitrzsostop‘tus',
1330 2742 1372 2777 qui
1382 2749 1455 2779 clusus
1466 2738 1595 2779 fuit-’I‘omo
1607 2738 1831 2779 μηὶηῖἷέίῦξῆὖέ

1043 2775 1110 2809 rum,’
1116 2770 1162 2793 col.
1175 2771 1287 2807 Sis-56:2,
1295 2772 1336 2809 ubi
1342 2770 1431 2809 titulus
1437 2775 1470 2798 sie
1479 2775 1562 2809 habet,
1569 2770 1635 2806 Quod
1645 2770 1830 2809 (cundiam,

1042 2800 1172 2839 regulares,
1183 2808 1242 2837 cum
1258 2802 1315 2839 viris
1323 2802 1431 2839 Italiitare
1443 2811 1488 2839 utin
1497 2800 1611 2839 debeuitt;
1620 2800 1828 2839 otjt"',}é'r"éa7{6if-

1041 2836 1082 2855 cas
1093 2831 1153 2867 illas,
1166 2832 1273 2867 virgines
1282 2833 1437 2867 intelligit,ut
1450 2835 1474 2867 tu
1485 2831 1618 2862 totolibelli
1630 2831 1830 2867 ἀίεσῖιὶὲυᾟίὒὶέἶθ

1041 2865 1087 2886 est.
1098 2862 1221 2903 canonica:
1234 2868 1314 2903 antem
1327 2862 1435 2903 virgines
1446 2866 1493 2903 illa:
1505 2862 1659 2903 vocabantur,

1043 2893 1172 2924 quemdam
1185 2894 1209 2918 in
1220 2896 1325 2921 Ecclesia
1337 2893 1446 2922 ordinem
1459 2899 1574 2923 tenebant

2064 899 2067 1025 l

2064 1032 2067 1190 l
