2067 3132
219 87 272 118 257

217 147 266 174 καὶ
285 146 316 172 οὐ
343 145 478 180 τοσαύτην
493 144 548 171 ἀπὸ
572 145 622 181 τῆς
643 145 731 180 ὅψεως
751 145 933 181 καρπούμεθα
958 145 1008 181 τὴν

216 187 324 223 ἡδονὴν,
338 187 403 222 ὅσην
414 187 466 213 ἀπὸ
482 186 529 212 τοῦ
546 186 595 222 τὴν
612 187 759 220 ἐπιθυμίαν
775 187 893 222 αὐξῆσαι
906 187 1008 223 ταύτην

221 229 394 264 ὑπομένομεν
413 228 462 264 τὴν
483 228 582 263 λύμην,
603 229 712 265 ἰσχυρὸν
733 229 871 260 ποιοῦντες
884 229 930 255 τὸν
944 229 1008 255 ἀντ-

218 270 370 306 αγωχιστὴν
380 290 386 302 ,
405 270 453 296 καὶ
468 269 577 296 πλείονα
594 271 710 302 διδόντες
724 271 773 307 τὴν
784 271 954 306 εὐρυχωρίαν
970 270 1008 305 τῷ

217 312 341 347 διαὸόλῳ,
356 313 403 338 καὶ
420 312 510 338 οὐκέτι
529 312 666 346 ἰσχύοντες
676 312 757 338 αὐτὸν
773 312 1006 347 ἀποκρούσασθαι,

217 354 283 380 ὃταν
303 355 344 385 είς
358 353 393 380 τά
411 353 539 380 ἐνδότατα
555 354 755 388 εἰσαγάγωμεν,
769 354 815 379 καὶ
833 350 1008 380 ἀναπετάσω-

219 404 269 430 μεν
280 395 354 430 αὐτῷ
363 395 412 430 τὴν
427 395 553 422 διάνοιαν,
566 396 615 422 Διά
629 395 707 421 τοῦτό
718 403 794 430 φησι·
806 396 851 430 Μὴ
862 396 1007 431 μοιχεύσῃς

217 438 272 469 τοῖς
286 437 445 472 ὀφθαλμοῖς,
465 437 511 464 καὶ
530 438 560 463 οὐ
578 437 731 472 μοιχεύσεις
747 439 780 472 τῇ
795 438 910 473 διανοίᾳ.
930 438 1007 464 Ἐστι

217 480 272 515 γὰρ
289 480 335 506 καὶ
349 480 435 511 ἄλλως
457 480 530 510 ἰδεῖν,
550 479 588 510 ὡς
602 480 626 505 οἱ
648 482 783 514 σώφρονες
799 479 935 514 βλέπουσι.
958 480 1008 507 Διὰ

216 522 295 549 τοῦτο
313 522 362 557 οὐχ
379 521 472 552 ἁπλῶς
489 521 539 555 τὴν
564 521 625 556 δψιν
646 521 767 554 ἀνεῖλεν,
790 521 858 547 ἀλλά
875 521 924 556 τὴν
939 522 1007 557 μετὰ

216 563 364 597 ἐπιθυμίας
384 563 455 598 όψιν.
474 563 505 588 Εἰ
518 563 546 589 δὲ
564 564 600 598 μὴ
620 563 699 589 τοῦτο
719 562 855 595 ἐϐούλετο,
871 562 946 590 εἷπεν
962 563 1005 594 ἂν,

222 605 251 631 ’0
267 605 373 639 βλέπων
384 604 406 619 ’ί
422 605 541 638 γυναῖκα
560 604 668 636 ἁπλῶς·
684 603 732 631 νῦν
748 604 776 630 δὲ
796 604 845 639 οὐχ
859 604 944 636 οὕτως
967 603 1007 632 εἴ-

218 655 282 678 πεν,
298 646 366 678 ἀλλ’,
386 646 416 671 Ὀ
431 646 537 680 βλέπων
549 645 617 680 πρὸς
634 645 665 671 τὸ
678 645 856 681 ἐπιθυμῆσαι,
871 647 885 673 6
901 646 1007 681 βλέπων

215 689 284 715 ὥστε
302 687 402 723 τέρψαι
417 688 466 722 τὴν
481 687 553 721 ὄψιν.
575 687 642 714 Οὐδέ
658 687 713 722 γὰρ
728 689 767 719 εἰς
781 687 861 714 τοῦτὸ
884 696 925 715 σοι
945 689 1007 720 τοὺς

215 729 370 764 ὀφθαλμοὺς
384 729 511 764 ἐποίησεν
524 730 538 755 6
552 729 628 761 Θεὸς,
644 729 686 755 ἵνα
705 728 749 755 διὰ.
763 729 865 755 τούτων
884 729 1007 765 μοιχείαν

215 772 376 807 είσαγάγῃς,
392 770 448 797 ἀλλ’
462 771 506 797 ἵνα
519 770 601 797 αὐτοῦ
615 770 648 797 τὰ
662 771 798 806 κτίσματα
813 771 927 806 βλέπων,
942 771 1006 798 θαυ-

216 813 305 849 μάζῃς
319 814 365 840 τὸν
379 813 559 848 Δημιουργόν.
573 812 680 848 Ὥσπερ
696 811 742 839 οὖν
761 813 834 840 ἐστιν
851 814 911 849 εἰκῆ
929 813 1006 851 ὀργί-

218 855 323 887 ζεσθαι,
340 854 426 886 οὓτως
440 854 514 881 ἐστιν
528 854 588 888 εἰκῆ
602 855 683 890 όρᾷν,
701 855 764 881 ὅταν
782 855 850 890 πρὸς
861 854 1006 890 ἐπιθυμίαν

213 896 293 922 τοῦτο
309 898 398 932 ποιῇς.
411 896 443 922 El
463 896 518 931 γὰρ
534 895 623 931 βούλει
638 897 704 931 όρᾷν
722 897 769 922 καὶ
779 897 940 931 τέρπεσθαι,
955 898 1006 932 ὅρα

213 938 263 974 τὴν
275 939 373 966 σαυτοῦ
387 939 514 972 γυναῖκα,
525 938 573 964 καὶ
583 937 684 972 ταύτης
694 937 743 973 ἐρα
759 938 890 973 διηνεκῶς
899 946 906 953 ·
918 938 1006 970 οὐδεὶς

215 980 314 1007 κωλύει
333 979 426 1015 νόμος,
443 980 474 1006 Εἰ
490 979 518 1006 δέ
537 979 572 1005 τὰ
587 979 714 1014 ἀλλότρια
735 979 842 1014 μέλλεις
859 981 1006 1017 περιεργά-

214 1022 309 1054 ζεσθαι
330 1022 429 1057 κάλλη,
444 1021 574 1056 κάκείνην
588 1022 690 1053 ἀδικεῖς
703 1021 819 1056 ἀλλαχοῦ
836 1023 1007 1058 μετεωρίζων

212 1063 275 1095 τοὺς
283 1063 448 1099 ὀφθαλμοὺς,
458 1064 505 1090 καὶ
518 1063 620 1097 ταύτην
632 1063 665 1096 ἣν
674 1061 752 1095 εἶδες,
764 1063 914 1098 ἁπτόμενος
922 1065 1007 1101 αὐτῆς

214 1106 389 1141 παρανόμως.
409 1105 438 1132 Εἰ
454 1105 507 1141 γὰρ
522 1106 569 1132 καὶ
582 1105 620 1140 μὴ
641 1105 702 1139 ἥψω
715 1106 748 1140 τῇ
771 1105 852 1140 χειρὶ,
867 1106 924 1132 ἀλλ’
939 1107 1006 1142 ἐψη-

212 1147 336 1182 λάφησας
352 1149 407 1179 τοῖς
419 1147 567 1182 ὀφθαλμοῖς
578 1154 584 1160 ·
599 1147 643 1173 διὰ
657 1146 736 1173 τοῦτο
747 1147 794 1173 καὶ
808 1147 885 1174 τοῦτο
898 1149 1005 1184 μοιχεία

211 1190 378 1224 νενόμισται,
402 1189 448 1215 καὶ
463 1189 516 1224 πρὸ
535 1188 586 1223 τῆς
611 1188 749 1220 κολάσεως
768 1189 875 1224 ἐκείνης
895 1190 1005 1217 κόλασιν

211 1231 242 1257 ού
258 1231 306 1266 τὴν
319 1230 455 1265 τυχοῦσαν
472 1230 580 1264 ἐπάγει.
591 1231 645 1257 Καὶ
659 1230 713 1265 γὰρ
729 1229 845 1265 θορύϐου
859 1231 905 1257 καὶ
921 1240 1006 1268 ταρα-

211 1272 261 1307 χῆς
278 1272 366 1298 πάντα
394 1272 427 1298 τὰ
451 1271 523 1298 ἔνδον
552 1271 722 1306 πληροῦται,
739 1272 785 1298 καὶ
811 1272 894 1308 πολλὴ
921 1274 970 1309 μὲν
987 1274 1004 1309 ἡ

211 1313 290 1349 ζάλῃ,
304 1313 482 1348 χαλεπωτάτη
497 1313 525 1339 δὲ
545 1314 561 1348 ἡ
579 1313 669 1348 όδύνη,
687 1313 734 1339 καὶ
751 1313 804 1339 τῶν
823 1314 1004 1349 αἰχμαλώτων

210 1356 258 1382 καὶ
275 1355 423 1390 δεδεμένων
436 1355 512 1382 οὐδὲν
531 1355 642 1390 ἄμεινον
656 1357 670 1382 6
688 1355 776 1382 ταῦτα
795 1355 889 1382 παθὼν
903 1356 1004 1383 διακεί-

211 1405 296 1424 σεται.
315 1397 370 1424 Kal
383 1398 399 1432 ὴ
417 1397 467 1432 μὲν
482 1397 512 1423 τὺ
525 1397 601 1431 βέλος
615 1398 715 1432 ἀφεῖσα
731 1397 860 1430 πολλάκις
872 1398 983 1434 ἀπέπτη
994 1405 1000 1413 ·

210 1441 228 1474 ἡ
244 1439 272 1465 δὲ
287 1438 378 1474 πληγὴ
391 1439 439 1465 καὶ
453 1437 524 1464 οὕτω
539 1439 624 1473 μένει.
639 1438 747 1465 Μᾶλλον
762 1439 790 1465 δὲ
800 1440 851 1466 οὐκ
865 1439 956 1475 ἐκείνη
972 1440 1003 1466 τὸ

211 1481 286 1516 βέλος
305 1481 425 1515 ἀφῆκεν,
442 1480 510 1507 ἀλλά
528 1481 560 1507 σὺ
576 1480 652 1517 [9'25]
667 1481 777 1516 καιρίαν
796 1481 900 1513 ἔδωκας
915 1482 1003 1518 ἐαυτῷ

209 1522 259 1558 τὴν
277 1522 394 1558 πληγὴν,
408 1521 566 1553 ἀκολάστως
591 1521 662 1549 ἰδών.
677 1522 732 1548 Καὶ
751 1522 838 1550 ταῦτα
853 1523 937 1557 λέγω,
953 1523 1003 1555 τὰς

211 1564 402 1599 σωφρονούσας
418 1563 599 1590 ἀπαλλάττων
619 1563 669 1598 τῆς
686 1564 862 1600 κατηγορίας,
885 1565 928 1596 Ὣς
944 1565 1002 1598 εἴτε

209 1614 251 1637 τις
272 1605 484 1637 καλλωπίζοιτο,
503 1605 550 1632 καὶ
573 1605 668 1641 καλοίη
688 1605 711 1621 ⁹¹
728 1606 796 1641 πρὸς
817 1605 917 1641 ἑαυτὴν
939 1607 1002 1638 τούς

209 1647 263 1675 τῶν
283 1647 466 1675 ἀπαντώντων
477 1647 500 1664 ’³
515 1647 689 1682 ὀφθαλμοὺς,
711 1647 761 1674 κᾶν
781 1647 818 1683 μὴ
846 1648 934 1684 πλήξῃ
957 1649 1002 1674 τὸν

210 1690 424 1726 ἐντυγχάνοντα,
450 1690 527 1724 δίκην
552 1690 644 1716 δίδωσι
667 1690 715 1725 τὴν
738 1690 866 1726 ἐσχάτην.
889 1691 926 1717 Τὸ
947 1691 1002 1726 γὰρ

210 1732 356 1768 φάρμακον
370 1732 498 1768 ἐκέρασε,
514 1731 560 1759 καὶ
573 1732 603 1758 τὸ
622 1731 734 1758 κώνειον
751 1731 961 1764 κατεσκεύασεν,
978 1734 1001 1760 εί

210 1775 257 1802 καὶ
274 1775 312 1810 μὴ
326 1775 374 1810 τὴν
400 1774 499 1801 κύλικα
516 1775 692 1809 προσήγαγε·
715 1773 816 1808 μᾶλλον
835 1774 864 1800 δὲ
885 1774 932 1800 καὶ
953 1774 1002 1810 τὴν

210 1816 309 1843 κύλικα
324 1817 509 1851 προσήγαγεν,
531 1816 557 1842 εί
579 1816 626 1842 καὶ
642 1815 736 1850 μηδεὶς
755 1816 768 1841 6
785 1814 870 1842 πίνων
889 1815 999 1851 εὑρέθη.

210 1858 243 1884 Τί
256 1856 303 1885 οὖν
317 1858 377 1893 οὐχὶ
392 1857 439 1885 καὶ
454 1857 522 1893 πρὸς
536 1857 622 1888 αὐτὰς
640 1857 811 1891 διαλέγεται;
831 1857 923 1892 φησίν.
941 1857 1001 1884 ’Ὁτι

209 1900 315 1932 κοινοὺς
331 1899 394 1931 τοὺς
409 1899 508 1935 νόμους
522 1899 660 1934 πανταχοῦ
675 1898 777 1934 τίθησι,
795 1898 847 1926 κᾶν
860 1899 928 1935 πρὸς
939 1900 1001 1932 τοὺς

209 1941 308 1976 ἄνδρας
324 1940 514 1968 ἀποτείνεσθαι
532 1941 597 1976 δοκῇ
609 1941 633 1956 ³⁸
645 1940 740 1976 μόνους
751 1948 757 1955 ·
774 1941 807 1976 τῇ
824 1940 878 1976 γάρ
896 1941 999 1977 κεφαλῇ

209 1982 409 2018 διαλεγόμενος,
421 1982 513 2018 κοινὴν
523 1983 545 1998 ’⁵
558 1983 605 2009 καὶ
616 1982 683 2018 πρὸς
695 1981 725 2008 τὸ
739 1981 818 2017 σῶμα
831 1982 904 2009 ἆπαν
921 1984 1000 2009 ποιεῖ-

208 2033 254 2052 ται
268 2025 317 2060 τὴν
332 2024 502 2061 παραίνεσιν.
520 2025 640 2051 Γυναῖκα
660 2024 714 2059 γάρ
734 2025 781 2051 καὶ
797 2024 882 2060 ἄνδρα
899 2024 927 2051 ἒν
945 2022 1000 2052 οἶδε

209 2065 289 2098 ζῶον,
306 2066 354 2092 καὶ
365 2065 485 2101 οὐδαμοῦ
497 2066 596 2101 διαιρεῖ
610 2066 641 2091 τὸ
659 2065 747 2100 γένος.

245 2107 279 2143 γ’.
298 2109 329 2135 Εἰ
342 2108 370 2135 δέ
385 2109 430 2134 καὶ
446 2108 517 2139 ίδίως
530 2107 644 2134 ἀκοῦσαι
659 2107 749 2142 βούλει
768 2107 818 2143 τῆς
840 2108 899 2135 κατ’
911 2108 1000 2136 αὐτῶν

209 2150 391 2186 ἐπιπλήξεως,
412 2150 527 2177 ἄκουσον
549 2149 597 2176 τοῦ
614 2150 726 2177 Ἡσαΐου
737 2149 862 2184 λέγοντος
879 2150 902 2167 ⁸⁸
915 2151 1000 2178 πολλά

209 2193 277 2228 πρὸς
286 2192 369 2222 αὑτὰς
379 2191 597 2228 ἀποτεινομένου,
613 2192 660 2219 καὶ
672 2191 864 2228 κωμῳδοῦντός
873 2192 961 2219 αὐτῶν
968 2193 999 2220 τὸ

210 2236 317 2270 σχῆμα,
339 2233 370 2260 τὸ
387 2234 513 2269 βλέμμα,
530 2234 580 2269 τὴν
605 2233 726 2269 βάδισιν,
748 2233 811 2265 τοὺς
835 2233 999 2269 συρομένους

208 2276 339 2311 χιτῶνας,
357 2276 420 2307 τοὺς
434 2275 580 2308 παίζοντας
599 2275 697 2308 πόδας,
715 2274 777 2306 τοὺς
798 2274 998 2309 διακλωμένους

207 2318 368 2353 τραχήλους.
380 2317 512 2344 Ἄκουσον
525 2317 583 2352 μετ’
594 2317 698 2344 ἐκείνου
705 2317 726 2332 ⁵⁷
737 2316 784 2343 καὶ
798 2316 845 2343 τοῦ
861 2317 997 2352 μακαρίου

209 2359 315 2385 Παύλου
333 2359 446 2390 πολλοὺς
467 2359 563 2390 αὑταῖς
586 2358 705 2389 τιθέντος
723 2357 833 2393 νόμους,
854 2358 901 2384 καὶ
928 2359 998 2395 ὺπέρ

207 2401 309 2436 τριχῶν
322 2401 437 2436 πλοκῆς,
460 2401 508 2427 καὶ
525 2401 596 2436 ὑπὲρ
612 2400 762 2435 σπατάλης,
784 2400 831 2426 καὶ
855 2400 925 2436 ὑπὲρ
943 2401 998 2427 τῶν

209 2442 297 2469 ἄλλων
311 2443 365 2470 τῶν
379 2443 507 2470 τοιούτων
525 2443 648 2478 σφοδρῶς
671 2441 851 2477 ἐπιτιμῶντος
870 2441 909 2477 τῷ
923 2443 997 2476 γένει

208 2485 304 2520 τούτῳ.
319 2485 373 2511 Καὶ
385 2486 399 2511 6
416 2486 530 2520 Χριστὸς
544 2485 573 2512 δὲ
588 2485 631 2511 διὰ
641 2485 695 2511 τῶν
710 2484 773 2519 ἑξῆς
791 2484 997 2519 αἰνιγματωδῶς

208 2526 274 2552 αὐτὸ
286 2526 364 2553 τοῦτο
378 2526 507 2562 ἐνέφηνεν
516 2535 523 2542 ·
536 2527 600 2553 ὃταν
611 2526 665 2562 γὰρ
672 2525 846 2562 λέγῃ,Ἔξελε
857 2526 903 2552 καὶ
918 2525 997 2552 ἐκκο-

208 2567 259 2603 qm
273 2568 318 2594 τὸν
331 2568 552 2601 σκανδαλίζοντα,
569 2569 619 2604 τὴν
636 2568 704 2604 πρὸς
722 2567 829 2598 ἐκείνας
845 2567 929 2602 ὀργὴν
951 2568 995 2594 ἐν·-

208 2608 380 2645 δεικνύμενός
393 2618 470 2645 φησι.
486 2609 535 2636 Διά
553 2610 632 2637 τοῦτο
651 2609 697 2636 κα¹ι
711 2610 865 2644 ἐπήγαγεν’
887 2607 957 2635 Ἐὰν
978 2610 996 2635 ὀ

208 2651 361 2686 ὀφθαλμός
377 2659 435 2678 σου
447 2652 463 2678 d
473 2651 573 2685 δεξιὸς
584 2651 769 2685 σκανδαλίζῃ
781 2658 828 2683 σε,
843 2650 928 2682 ἔξελε
941 2650 994 2677 αὺ-

207 2692 261 2719 τὸν
277 2693 328 2719 καὶ
339 2693 419 2725 βάλε
430 2694 489 2721 ἀπὸ
503 2694 637 2721 σοῦ-Ἵνα
648 2693 702 2729 γὰρ
717 2693 755 2729 μὴ
765 2692 846 2728 λέγῃς
859 2697 867 2706 ⁸
885 2691 918 2717 Τί
934 2689 991 2723 οὖν,

257 2739 446 2775 ⁹¹Ῠέμ6λέπων
472 2743 504 2768 Α.
533 2741 565 2768 C.
616 2741 639 2758 "
665 2740 742 2767 καλοῖ
764 2738 832 2766 Edd.

207 2783 267 2801 πων
290 2774 319 2802 Β.
347 2776 378 2802 D.
406 2776 436 2803 Ρ.
489 2777 512 2792 ’⁸
537 2776 610 2803 δοκεῖ
633 2776 662 2802 Β.
679 2776 709 2802 1).
728 2776 758 2802 Ι·“.

208 2811 333 2836 ἀποτεινο

592 85 622 114 S.
640 85 784 114 JOANNTS
802 84 1045 114 CHRYSOSTOMI
1065 83 1226 114 ARCIIIEP.
1244 83 1515 113 CONSTANTINOP.

884 2738 908 2754 ”
934 2738 1114 2765 ἀπαντώντων

810 2774 832 2813 ξ’
857 2772 1003 2813 κοινῇ-ηεξατ

1059 2775 1087 2813 ³⁸.
1101 2772 1224 2813 λέγοντος
1244 2784 1300 2804 om.
1313 2772 1459 2813 ξεινζιίοῃἶ
1468 2776 1580 2813 πολλά]
1599 2778 1646 2804 καὶ
1659 2778 1744 2805 πολλά
1752 2772 1783 2804 ΒῘ
1795 2777 1827 2813 F,

1798 84 1850 113 258

1059 146 1108 173 ἐὰν
1129 142 1313 181 συγγενὴςῇς
1335 144 1362 171 τί
1381 142 1427 172 οὖν
1439 165 1447 177 ,
1473 145 1522 172 ἐὰν
1540 144 1627 177 ἄλλως
1646 153 1690 180 μοι
1704 145 1848 181 προσήκῃ;

1058 187 1102 214 διὰ
1120 187 1199 214 τοῦτο
1214 186 1302 213 ταῦτα
1325 185 1503 221 προσέταξεν,
1518 187 1549 213 οὐ
1569 187 1633 222 περὶ
1656 186 1743 222 μελῶν
1762 186 1851 212 διαλε-

1059 228 1185 264 γόμενος,
1200 228 1290 262 ἄπαγε
1300 236 1306 242 ·
1325 227 1443 262 οὐδαμοῦ
1457 228 1510 264 γὰρ
1523 228 1572 263 τῆς
1585 227 1685 262 σαρκὸς
1701 227 1734 253 τὰ
1752 226 1850 261 ἐγκλή-

1060 278 1132 305 ματα
1152 267 1220 296 εἷναί
1248 278 1340 304 φησιν.
1356 269 1424 296 ἀλλά
1442 269 1580 303 πανταχοῦ
1602 270 1652 303 τῆς
1671 268 1784 303 γνώμης
1799 269 1849 303 τῆς

1059 312 1180 346 πονηρᾶς
1199 312 1216 346 ὴ
1230 311 1390 346 κατηγορία.
1410 311 1447 337 Οὐ
1465 311 1520 347 γὰρ
1537 313 1551 338 6
1562 311 1698 346 ὀφθαλμός
1710 310 1733 325 ’⁸
1747 311 1820 336 ἐστιν
1834 311 1848 336 6

1058 353 1138 389 ὀρῶν,
1149 353 1204 379 ἀλλ’
1218 354 1232 380 6
1242 353 1304 385 νοῦς
1317 353 1363 379 καὶ
1374 354 1388 379 6
1398 352 1535 388 λογισμός.
1547 353 1679 384 Πολλάκις
1692 352 1756 386 γοῦν
1769 351 1850 379 ἀλλα-

1057 396 1106 430 χοῦ
1122 395 1319 430 τετραμμένων
1338 394 1418 430 ἠμῶν
1437 394 1451 421 6
1470 395 1608 430 ὀφθαλμὸς
1629 395 1693 426 τοὺς
1712 394 1848 430 παρόντας

1057 437 1088 463 οὐ
1104 437 1214 472 βλέπει’
1237 436 1307 464 ὥστε
1319 437 1370 464 οὐκ
1391 437 1465 463 ἐστιν
1485 437 1567 464 αὐτοῦ
1585 437 1635 472 τῆς
1657 437 1796 472 ἐνεργείας
1817 437 1848 463 τὸ

1058 481 1121 507 πᾶν.
1138 481 1169 506 Εἰ
1184 479 1238 514 γὰρ
1255 479 1319 515 περὶ
1344 479 1432 514 μελῶν
1457 479 1565 514 ἔλεγεν,
1580 479 1630 505 οὐκ
1649 479 1682 506 ἂν
1701 479 1764 513 περὶ
1785 479 1844 510 ἐνὸς

1057 520 1134 548 εἶπεν
1146 520 1299 556 ὀφθαλμοῦ,
1314 521 1368 548 οὐδ’
1384 521 1418 547 ἂν
1429 520 1477 548 τοῦ
1489 520 1577 553 δεξιοῦ
1591 520 1681 556 μόνον,
1697 520 1764 546 ἀλλὰ
1781 520 1846 554 περὶ

1058 563 1232 598 ἀμφοτέρων.
1257 562 1286 589 ὐ
1301 563 1355 598 γὰρ
1369 563 1422 589 ὑπὸ
1437 561 1484 589 τοῦ
1499 561 1585 594 δεξιοῦ
1596 561 1845 595 σκανδαλιζόμενος,

1057 604 1166 640 εῦδηλον
1180 605 1221 631 δτι
1236 605 1283 631 καὶ
1296 603 1349 630 ὑπὸ
1360 604 1406 630 τοῦ
1422 603 1567 639 ἀριστεροῦ
1577 603 1607 629 τὸ
1621 603 1687 629 αὐτὸ
1696 603 1774 629 τοῦτο
1789 602 1846 628 πεί-

1059 655 1145 674 σεται.
1160 646 1237 677 Τίνος
1255 644 1300 672 οὖν
1315 646 1407 672 ἕνεκεν
1429 645 1474 673 τὸν
1493 645 1579 677 δεξιὸν
1590 646 1612 661 ’⁸
1627 644 1719 680 ἔθηκε,
1734 645 1781 671 καὶ
1796 644 1846 680 τὴν

1057 691 1137 725 χεῖρα
1156 688 1326 724 προσέθηκεν
1337 697 1344 721 ;
1357 688 1417 714 Ἵνα
1435 687 1524 724 μάθῃς
1538 688 1579 714 ὅτι
1598 687 1628 714 οὐ
1644 687 1708 722 περὶ
1729 686 1816 722 μελῶν
1831 687 1847 713 ὁ

1057 730 1146 764 λόγος.
1162 729 1231 757 ἀλλὰ
1255 729 1320 764 περὶ
1336 729 1390 756 τῶν
1407 729 1514 761 οἰκείως
1537 729 1606 765 πρὸς
1625 729 1698 764 ἡμᾶς
1719 728 1844 763 ἐχόντων.

1059 772 1109 798 "Av
1120 771 1174 806 γάρ
1186 779 1247 797 τινα
1258 771 1328 797 οὕτω
1344 771 1434 806 φιλῇς,
1450 771 1543 806 φησὶν,
1560 771 1597 802 ὡς
1611 772 1640 797 ἐν
1652 770 1728 806 χώρα
1737 771 1745 786 ²
1758 771 1846 804 δεξιοῦ

1057 812 1207 848 ὀφθαλμοῦ,
1229 813 1247 848 ἥ
1273 813 1344 839 οὕτω
1359 813 1493 848 χρήσιμον
1515 811 1585 840 εἶναι
1611 813 1734 848 νομίσῃς,
1754 812 1792 844 ὡς
1817 812 1847 838 ἐν

1057 855 1131 888 τάξει
1144 855 1217 890 ἔχειν
1228 855 1327 890 χειρὸς,
1345 855 1393 881 καὶ
1410 855 1514 890 βλάπτῃ
1528 856 1539 871 ¹
1554 863 1601 881 σου
1616 854 1665 890 τὴν
1684 854 1782 889 ψυχὴν,
1800 854 1847 880 καὶ

1057 897 1167 928 τούτους
1182 897 1313 932 ἀπότεμε.
1333 897 1388 924 Καὶ
1402 897 1453 932 δρα
1472 897 1522 932 τὴν
1540 897 1668 933 ἔμφασιν.
1685 897 1723 924 Οὐ
1736 896 1791 932 γὰρ
1805 893 1846 922 εἷ-

1057 948 1118 971 πεν,
1135 938 1282 974 ’Λπόστηθι
1293 946 1301 954 ’
1310 938 1379 965 ἀλλά
1392 939 1437 965 τὸν
1451 939 1535 966 πολὺν
1547 939 1685 974 χωρισμὸν
1696 937 1846 973 ἐμφαίνων,

1059 982 1176 1014 Ἐξελε,
1189 981 1266 1016 φησὶ,
1280 981 1330 1008 καὶ
1345 980 1425 1013 ,ϐάλε
1435 981 1495 1008 ἀπὸ
1514 981 1584 1008 σοῦ.
1597 979 1663 1007 Εἶτα
1677 981 1769 1016 ἐπειδὴ
1784 980 1847 1007 ἀπο-

1057 1026 1147 1059 τόμως
1162 1023 1298 1054 ἐκέλευσε,
1309 1023 1428 1049 δείκνυσι
1445 1022 1521 1058 [226]
1536 1023 1583 1049 καὶ
1598 1024 1629 1049 τὸ
1644 1023 1737 1058 κέρδος
1752 1022 1847 1049 ἑκατέ-

1058 1065 1154 1101 ρωθεν,
1171 1065 1225 1091 ἀπό
1238 1073 1267 1090 τε
1280 1064 1334 1090 τῶν
1351 1064 1472 1098 ἀγαθῶν,
1490 1065 1544 1091 ἀπό
1557 1073 1584 1091 τε
1601 1064 1654 1091 τῶν
1676 1063 1768 1090 κακῶν
1784 1065 1846 1090 ἐπι-

1058 1106 1147 1141 μένων
1159 1108 1192 1141 τῇ
1208 1106 1362 1141 μεταφορᾷ·
1382 1105 1527 1140 Συμφέρει
1541 1105 1595 1140 γάρ
1611 1114 1670 1138 σοι,
1687 1106 1777 1140 φησὶν,
1795 1106 1846 1132 ἵνα

1056 1149 1204 1182 ἀπόληται
1212 1148 1247 1175 ἓν
1257 1147 1316 1174 τῶν
1324 1147 1427 1183 μελῶν
1435 1155 1504 1180 σου,
1514 1148 1563 1175 καὶ
1576 1148 1619 1183 μὴ
1630 1148 1704 1175 ὅλον
1714 1148 1747 1174 τὸ
1761 1147 1845 1182 σῶμά

1056 1199 1115 1218 σου
1127 1190 1232 1225 ,βληθῇ
1245 1191 1289 1224 εἰς
1308 1190 1444 1226 γέενναν.
1465 1191 1549 1217 Ὅταν
1569 1191 1637 1225 μήτε
1652 1190 1747 1217 ἑαυτὸν
1761 1190 1772 1205 ³
1786 1191 1844 1217 δια-

1057 1232 1142 1269 σώζῃ,
1162 1233 1208 1259 καὶ
1229 1233 1258 1259 σὲ
1275 1232 1480 1269 προσαπολλύῃ,
1502 1232 1566 1260 ποία
1584 1232 1772 1268 φιλανθρωπία
1788 1233 1843 1267 ἁμ-

1056 1275 1186 1310 φοτέρους
1199 1274 1453 1307 καταποντίζεσθαι,
1462 1274 1524 1307 ἐξὸν
1535 1274 1722 1310 χωρισθέντων
1735 1274 1786 1301 κᾶν
1795 1274 1844 1300 ἐνα

1057 1315 1193 1350 σωθῆναι;
1216 1316 1249 1342 Τί
1266 1314 1312 1343 οῦν
1336 1317 1350 1342 6
1370 1315 1475 1348 Παῦλος
1497 1316 1598 1349 εἵλετο,
1612 1316 1704 1351 φησὶν,
1721 1315 1844 1351 ἀνάθεμα

1055 1357 1200 1391 γενέσθαι;
1216 1357 1272 1392 Οὐχ
1289 1356 1359 1384 ὥστε
1377 1358 1460 1393 μηδὲν
1475 1358 1613 1393 κερδᾶναι,
1627 1357 1683 1384 ἀλλ’
1697 1357 1767 1384 ὥστε
1783 1357 1840 1384 ἐτέ-

1056 1408 1118 1434 ρους
1135 1400 1264 1434 σωθῆναι.
1283 1399 1415 1426 Ἐνταῦθα
1427 1400 1455 1427 δέ
1467 1400 1629 1436 ἀμφοτέρων
1639 1401 1656 1435 ἡ
1672 1399 1757 1435 βλάϐη
1772 1399 1843 1434 γίνε-

1053 1449 1114 1466 ται·
1131 1441 1225 1476 διόπερ
1248 1441 1298 1467 οὐκ
1317 1439 1411 1473 εἶπεν,
1434 1441 1557 1474 ”Εξελε,
1576 1441 1674 1476 μόνον,
1695 1441 1763 1468 ἀλλά
1784 1441 1842 1473 καὶ,

1053 1482 1131 1509 Βάλε
1142 1482 1200 1509 ἀπὸ
1213 1482 1282 1515 σοῦ,
1294 1483 1364 1510 ὣστε
1378 1483 1389 1499 ⁸
1405 1483 1503 1518 μηκέτι
1522 1483 1681 1518 λαμϐάνειν,
1693 1482 1740 1509 ἐὰν
1755 1482 1842 1510 τοιοῦ-

1053 1532 1097 1555 τος
1117 1523 1196 1559 μένῃ.
1217 1523 1295 1550 Οὕτω
1311 1524 1366 1559 γὰρ
1387 1525 1512 1551 κάκεῖνον
1535 1524 1657 1560 μείζονος
1681 1523 1844 1557 ἀπαλλάξεις

1053 1565 1236 1601 ἐγκλήματος,
1248 1565 1296 1592 καὶ
1311 1566 1406 1593 σαυτὸν
1421 1566 1557 1598 ἀπωλείας
1568 1565 1770 1601 ἐλευθερώσεις.
1784 1566 1843 1592 ’Ὶνα

1053 1607 1082 1633 δὲ
1094 1607 1141 1633 καὶ
1153 1607 1318 1642 σαφέστερον
1336 1607 1393 1643 ἴδῃς
1408 1607 1455 1634 τοῦ
1469 1607 1552 1643 νόμου
1566 1607 1596 1634 τὸ
1606 1607 1709 1642 κέρδος,
1721 1608 1744 1633 εἰ
1758 1607 1842 1639 δοκεῖ,

1053 1648 1099 1674 καὶ
1116 1648 1162 1674 ἐπὶ
1177 1648 1302 1683 σώματος
1319 1649 1378 1675 καθ’
1391 1649 1519 1675 ὑπόθεσιν
1533 1648 1704 1684 ἐξετάσωμεν
1719 1650 1749 1675 τὸ
1765 1650 1843 1686 εἰρη-

1054 1691 1144 1725 μένον.
1157 1691 1189 1717 El
1205 1690 1259 1727 γάρ
1284 1691 1391 1726 αἵρεσις
1412 1691 1568 1727 προῦκειτο,
1587 1692 1635 1718 καὶ
1652 1691 1758 1727 ἀνάγκη
1772 1689 1806 1727 ἦν
1823 1693 1840 1727 ἢ

1052 1732 1097 1758 τόν
1119 1732 1258 1768 ὀφθαλμὸν
1283 1732 1379 1767 ἔχοντα
1405 1732 1573 1768 ἐμὸληθῆναι
1602 1733 1642 1765 εἰς
1659 1733 1768 1769 όρυγμα
1794 1735 1842 1761 καὶ

1053 1774 1211 1805 ἀπολέσθαι,
1234 1774 1250 1810 ἢ
1272 1774 1397 1808 ἐξελόντα
1413 1774 1445 1800 τὸ
1461 1774 1553 1800 λοιπὸν
1575 1775 1660 1801 σῶσαι
1679 1775 1769 1810 σῶμα,
1787 1773 1842 1811 ἆρα.

1052 1816 1102 1842 οὐκ
1114 1815 1146 1842 ἂν
1159 1816 1189 1841 τὸ
1204 1816 1330 1850 δεύτερον
1341 1816 1437 1849 ἐδέξως
1452 1817 1537 1842 Παντί
1551 1825 1601 1842 που
1621 1816 1698 1852 δῆλόν
1711 1818 1792 1844 ἐστιν.
1803 1819 1840 1844 Οὐ

1052 1857 1105 1892 γὰρ
1119 1857 1260 1892 μισοῦντος
1271 1855 1305 1892 ἦν
1317 1857 1395 1884 τοῦτο
1408 1857 1453 1884 τὸν
1465 1857 1613 1893 ὀφθαλμὸν,
1627 1858 1695 1885 ἀλλὰ
1705 1858 1735 1884 τὸ
1749 1858 1840 1885 λοιπὸν

1052 1898 1192 1933 φιλοῦντος
1216 1899 1305 1934 σῶμα.
1324 1899 1409 1926 Τοῦτο
1425 1899 1457 1935 δὴ
1477 1899 1523 1926 καὶ
1545 1899 1589 1926 ἐπ’
1611 1900 1716 1935 ἀνδρῶν
1732 1899 1840 1934 λογίζου

1051 1941 1098 1967 καὶ
1110 1940 1257 1974 γυναικῶν.
1276 1941 1308 1968 Εἰ
1322 1942 1376 1976 γὰρ
1387 1941 1401 1968 6
1415 1941 1541 1976 βλάπτων
1551 1950 1580 1967 σε
1595 1942 1627 1977 τῇ
1642 1941 1718 1977 φιλίᾳ
1731 1942 1840 1975 ἀνίατος

1052 1982 1127 2017 μένοι
1139 1982 1160 2014 ⁸,
1175 1983 1223 2009 καὶ
1240 1982 1270 2009 σὲ
1279 1982 1366 2018 λύμης
1382 1982 1529 2015 ἀπαλλάξει
1542 1983 1630 2018 πάσης
1642 1983 1840 2018 ἐκκοπτόμενος

1051 2023 1121 2050 οὕτω
1143 2024 1172 2056 ⁸,
1201 2023 1247 2050 καὶ
1274 2024 1355 2056 αὐτὸς
1381 2024 1435 2051 τῶν
1458 2024 1588 2059 μειζόνων
1620 2024 1840 2060 ἀπαλλαγήσεται

1051 2065 1242 2100 ἐγκλημάτων,
1259 2065 1349 2092 οὐκέτι
1365 2066 1435 2100 μετὰ
1447 2066 1501 2092 τῶν
1514 2065 1595 2092 αὐτοῦ
1609 2066 1701 2092 κακῶν
1725 2067 1772 2092 καὶ
1790 2068 1839 2102 τῆς

1052 2107 1102 2142 σῆς
1118 2108 1257 2139 ἀπωλείας
1270 2108 1315 2134 τὸν
1330 2107 1407 2142 λόγον
1420 2108 1536 2143 ὑπέχων.
1552 2106 1628 2139 Εἶδες
1640 2109 1649 2123 ⁷
1660 2108 1724 2143 ὅσης
1739 2109 1839 2143 ἡμερό-

1050 2157 1130 2184 τητος
1145 2151 1159 2176 6
1173 2150 1253 2185 νόμος
1266 2151 1345 2185 γέμει
1363 2150 1410 2176 καὶ
1430 2149 1610 2186 κηδεμονίας;
1627 2150 1673 2176 καὶ
1689 2150 1706 2185 ὴ
1722 2150 1838 2177 δοκοῦσα

1051 2191 1124 2225 παρά
1139 2193 1195 2223 τοῖς
1210 2192 1316 2224 πολλοῖς
1331 2191 1468 2227 ἀποτομία
1482 2189 1561 2224 εἶναι,
1576 2191 1662 2227 πόσην
1671 2192 1836 2219 ἐνδείκνυται

1050 2233 1255 2269 φιλανθρωπίαν
1267 2242 1274 2267 ;
1293 2234 1479 2261 Ἀκουέτωσαν
1493 2235 1595 2261 τούτων
1608 2235 1632 2260 οἰ
1643 2234 1710 2269 πρὸς
1727 2234 1760 2261 τά
1774 2234 1836 2261 θέας-

1048 2283 1101 2311 τρα
1119 2276 1296 2307 σπεύδοντες,
1317 2276 1363 2302 καὶ
1379 2276 1489 2311 μοιχοὺς
1506 2276 1619 2307 ἑαυτοὺς
1635 2276 1695 2302 καθ’
1719 2276 1836 2312 ἑκάστην

1050 2316 1189 2348 ποιοῦντες
1205 2317 1255 2353 τὴν
1278 2317 1396 2354 ἡμέραν.
1411 2318 1443 2345 Εἰ
1462 2317 1517 2353 γὰρ
1534 2317 1579 2352 τὸν
1601 2317 1774 2345 οἰκειωθέντα
1788 2319 1835 2345 ἐπὶ

1049 2357 1135 2394 βλάῦῃ
1150 2359 1292 2386 ἐκκόπτειν
1304 2360 1319 2385 6
1332 2359 1413 2395 νόμος
1426 2359 1610 2392 κελεύει,τίνα
1624 2359 1657 2386 ἂν
1671 2360 1756 2394 ἐχοιεν
1769 2360 1837 2387 ἀπο-

1048 2399 1141 2434 λογίαν
1157 2401 1181 2426 o!
1193 2401 1257 2433 τοὺς
1269 2401 1374 2428 οὐδέπω
1387 2401 1548 2436 γενομένους
1563 2401 1717 2437 γνωρίμους
1728 2401 1772 2428 διὰ
1785 2401 1835 2436 τῆς

1048 2442 1106 2468 ἐκεῖ
1120 2442 1261 2478 διατριϐῆς
1283 2442 1344 2469 καθ’
1362 2442 1480 2478 ἑκάστην
1500 2443 1688 2478 ἐπισπώμενοι
1703 2443 1751 2478 τὴν
1766 2443 1835 2478 ὴμέ-

1048 2492 1110 2518 ραν,
1125 2484 1172 2510 καὶ
1190 2483 1290 2519 μυρίας
1311 2485 1558 2518 κατασκευάζοντες
1575 2485 1680 2516 ἐαυτοῖς
1698 2485 1834 2516 ἀπωλείας

1047 2526 1188 2561 ἀφορμάς;
1203 2526 1239 2553 Οὐ
1252 2526 1305 2562 γὰρ
1317 2527 1396 2562 μόνον
1410 2527 1565 2560 ἀκολάστως
1579 2528 1642 2554 ἰδεῖν
1654 2528 1684 2554 οὺ
1699 2529 1835 2564 συγχωρεῖ

1046 2566 1155 2593 λοιπόν·
1179 2566 1237 2593 ἀλλ’
1263 2568 1358 2604 ἐπειδὴ
1377 2569 1427 2604 τὴν
1443 2570 1475 2596 ἐκ
1496 2569 1544 2596 τοῦ
1567 2569 1729 2605 πράγματος
1749 2569 1832 2602 ἔδειξε

1047 2608 1159 2644 βλάϐην,
1178 2609 1226 2636 κα)⁵
1245 2610 1375 2637 ἐπιτείνει
1396 2610 1442 2638 τὸν
1457 2611 1538 2646 νόμον
1557 2611 1675 2647 προῖὼν,
1688 2612 1832 2638 ἐκκόπτειν

1046 2650 1164 2677 κελεύων
1180 2651 1227 2677 καὶ
1238 2651 1403 2688 ἀποτέμνειν
1414 2653 1462 2680 καὶ
1474 2653 1569 2689 πόρρω
1579 2661 1630 2680 που
1647 2654 1764 2689 βάλλειν.
1775 2654 1832 2681 Καὶ

1045 2691 1130 2718 ταῦτα.
1152 2693 1166 2719 6
1182 2693 1294 2728 μυρίους
1308 2694 1373 2729 περὶ
1390 2694 1500 2730 ἀγάπης
1515 2696 1628 2731 κινήσας
1645 2695 1740 2731 λόγους
1751 2705 1831 2732 νομο-

1169 2738 1215 2768 Sic
1243 2740 1278 2769 A.
1305 2740 1338 2778 ο.
1362 2740 1413 2778 Ep_.
1437 2741 1622 2778 dﬁdv'pwv»E.
1649 2742 1698 2770 Ge.
1725 2742 1830 2778 ἀνθρῴ-

335 2811 429 2861 μένου]
443 2812 489 2838 καὶ
498 2812 578 2838 ἀποτ.
598 2811 628 2838 D.
667 2812 688 2827 ’⁷
700 2812 801 2852 ἐκεῖνον
810 2809 841 2835 Α.
859 2809 889 2835 F.
929 2809 951 2824 ³⁸
965 2808 1114 2861 ὀφθαλμός]
1132 2809 1194 2850 adg.
1214 2819 1261 2837 σου
1272 2813 1304 2840 Α,
1319 2812 1350 2838 C.
1366 2811 1397 2838 Ε.
1436 2808 1632 2852 ⁹⁹δεξιόνιῖιιίὼ
1648 2812 1785 2848 ὀφθαλμόν
1793 2809 1825 2840 Δί

349 2847 421 2861 οη...-
439 2845 457 2861 n
483 2846 520 2861 ι’..
545 2844 604 2861 -Y-..
618 2847 630 2861 Α
685 2847 692 2861 ι
710 2844 798 2861 ...λη-Ἰ
816 2845 865 2861 mm
888 2843 986 2861 η-γῆέυη.
1006 2845 1020 2861 Δ
1094 2844 1192 2861 λειω.ιῖ
1212 2847 1262 2861 ..ΛΑ
1288 2846 1358 2861 ιω...
1375 2847 1394 2861 n
1442 2847 1452 2861 ι
1469 2846 1584 2861 Ω.ιι.,-..·ι
1605 2847 1649 2861 ατη
1664 2847 1682 2861 n
1705 2848 1724 2861 (π
1747 2848 1825 2861 ....ι,.,.

208 2844 301 2881 {fluxa}
317 2843 468 2881 τέθεικέβ.
483 2846 530 2881 Ep.
544 2844 645 2873 εἷπεΑ.
685 2847 692 2862 ¹
710 2844 798 2881 χώρᾳ]
815 2843 989 2881 σαψ-τιθέναι
1003 2845 1034 2870 Α.

209 2878 331 2913 βλάπτει.
341 2879 454 2914 τούτοις]
474 2878 566 2908 τοῦτον
581 2883 611 2908 Δ.
626 2881 657 2909 C.
696 2878 822 2914 ³’ἐαυτῆν
835 2879 863 2905 ll.
877 2878 906 2904 F.
922 2886 989 2914 pip.

1053 2878 1205 2914 ισαπόλλυᾶι
1218 2881 1248 2908 A.
1264 2882 1291 2908 Β.
1302 2878 1341 2909 Ἰ).

1076 2864 1082 2870 .
1094 2844 1192 2882 δεξιοῦ]
1211 2847 1274 2873 add.
1287 2846 1358 2882 ἔχειν
1375 2847 1405 2873 Β.
1419 2881 1429 2882 η
1442 2847 1452 2861 ¹
1469 2844 1584 2882 βλάπτῃ]
1605 2847 1649 2874 Sic
1663 2844 1692 2874 Β.
1705 2844 1827 2881 (λ’νυίιῐο

1394 2880 1495 2916 δῶστε]
1511 2882 1548 2917 ᾡς
1560 2880 1593 2909 Κ.
1607 2884 1637 2910 C.
1657 2884 1686 2910 Ε.
1723 2883 1733 2898 ⁸
1750 2883 1827 2917 μένει

209 2915 279 2943 A.C.
316 2917 326 2932 ⁶
340 2916 421 2952 οὕτω]
434 2913 510 2948 οὗτος
523 2918 553 2942 Α.
569 2916 600 2944 C.
615 2923 640 2943 οι
655 2925 726 2944 corr.
745 2916 772 2941 Β.
792 2913 862 2941 οὕτω
874 2921 928 2940 mn.
947 2913 976 2940 F.

1053 2913 1129 2946 Ξῖδεςί
1151 2914 1215 2943 Vide
1234 2916 1300 2944 Edd.
1318 2916 1395 2953 ὅσης]
1410 2913 1495 2951 πόσης
1513 2916 1541 2943 Ε.
