2067 3132
189 112 241 140 S57

188 169 225 198 tis
235 168 274 196 rei
285 167 383 195 fuerint
396 165 625 198 iornicationibus,
640 165 758 201 qttotidie
771 166 828 193 illas
841 174 901 193 cum
916 173 980 193 con-

190 213 352 249 cupiscentia
372 212 517 240 intuentes.
531 211 645 246 Ideoque
659 212 752 239 beatus
769 211 819 239 Job
841 212 910 239 hanc
929 212 979 238 sibi

191 259 277 294 legem
291 266 306 285 a
321 257 451 294 principio
471 258 569 292 posuit,
593 264 622 284 se
644 257 742 292 ubique
760 257 889 285 cohibens
904 265 919 284 a
934 257 980 284 tali

192 305 342 340 spectaculo
352 304 361 338 (
372 303 422 330 Job
437 304 481 331 5i.
500 303 543 338 9).
557 303 621 330 Nam
636 307 708 330 certe
721 307 781 338 post
792 308 928 337 aspectum
947 310 981 330 ne

192 349 287 378 fruaris
308 349 352 376 illa
375 356 455 384 quam
470 356 559 380 amas,
574 348 660 383 majus
673 352 714 375 est
726 353 861 375 certamen
875 357 883 375 ;
895 355 981 383 neque

191 400 291 423 tantam
304 395 339 422 ab
352 399 462 430 aspectu
483 394 644 429 percipimus
665 393 838 428 voluptatem,
855 398 980 428 quantam

191 450 206 469 a
219 441 375 476 cupiditatis
396 445 539 475 augmento
565 439 718 475 experimur
741 439 884 474 perniciem
895 460 903 472 ,
919 439 980 466 dum

191 486 261 514 hosti
275 485 457 514 fortitudinem
476 485 648 515 accersintus,
663 489 692 512 et
704 484 812 512 diabolo
834 485 920 520 majus
934 493 983 512 tto-

143 548 147 554 -
189 531 270 559 cettdi
283 531 397 566 spatium
419 535 446 558 et
468 530 554 558 locum
577 530 670 557 damus
684 539 691 558 :
705 535 734 557 ut
748 538 835 566 neque
849 531 982 566 possimus

193 578 230 605 illi
244 578 379 609 resistere,
392 581 530 612 postquam
546 576 572 603 in
587 576 679 604 intima
689 576 778 604 cordis
790 576 865 604 illum
878 576 983 604 induxi-

193 632 263 657 mus,
277 628 304 651 et
317 628 438 659 apertum
459 623 508 658 ipsi
528 623 644 650 animum
669 622 854 658 expanditnus.
882 623 984 650 Idcirco

190 670 231 698 ait
245 679 252 696 :
264 670 323 697 Noli
335 669 462 697 mmchari
476 669 559 696 oculis
569 689 576 701 ,
592 673 619 696 et
628 668 718 695 attimo
734 668 982 696 nonlmmeltaberis.

195 716 243 744 Est
255 715 327 743 enim
339 719 366 742 et
384 715 451 742 alius
464 713 609 749 aspiciendi
633 714 728 741 tnodus
738 719 791 748 ,,ut
804 714 870 741 casti
883 714 984 741 scilicet

190 761 335 796 aspiciunt.
351 761 465 796 Ideoque
479 768 533 788 non
548 760 704 795 simpliciter
717 765 852 794 aspectum
867 761 982 793 sustulit,

194 807 242 835 sed
262 812 400 842 aspectum
414 814 473 834 cum
491 806 715 840 concupiscentia.
742 805 798 833 Nisi
810 805 881 833 enim
895 806 921 833 id
933 806 984 833 sibi

193 853 332 885 voluisset,
361 852 473 880 dixisset
498 852 600 887 utique,
623 852 673 885 Qtti
701 851 810 886 respicit
827 851 982 882 mulierem.

194 898 370 933 simpliciter:
385 905 438 925 non
451 897 490 925 sic
501 902 590 925 autem
603 897 670 924 dixit
681 917 688 930 ,
702 897 760 931 sed,
777 897 826 931 Qui
837 897 985 932 respexerit

194 944 228 972 ad
245 943 497 978 concupiscendum,
511 943 555 978 qui
569 942 728 977 respexerit,
743 948 773 970 ut
786 946 920 977 aspectum
936 941 984 969 dc-

196 991 286 1018 lectet.
307 989 366 1017 Non
379 989 450 1017 enim
465 989 526 1016 ideo
541 988 588 1016 tibi
603 989 672 1016 Deus
685 988 777 1016 oculos
789 988 879 1022 dedit,
891 993 920 1015 ut
933 987 985 1015 illis

194 1035 229 1063 ad
239 1035 439 1063 fornicationem
450 1033 625 1062 inducendam
637 1034 730 1066 utaris,
742 1033 789 1061 sed
801 1037 829 1060 ut
841 1034 900 1068 eius
910 1040 985 1061 crea-

198 1088 272 1109 turas
306 1082 409 1115 videns,
434 1082 590 1109 Creatorem
614 1081 730 1109 mireris.
758 1081 985 1115 Quemadmodum

196 1135 260 1163 ergo
293 1127 350 1155 ﬁeri
376 1132 463 1162 potest
483 1132 513 1155 ut
544 1132 647 1155 temere
680 1127 804 1155 irascaris
829 1136 835 1154 :
859 1127 895 1154 ita
929 1127 986 1155 lieri

196 1178 283 1209 potest
295 1177 325 1201 ut
342 1178 444 1201 temere
464 1172 588 1208 aspicias,
599 1180 660 1201 cum
688 1180 785 1208 nempe
808 1172 841 1200 ad
857 1173 986 1208 concupi-

195 1220 324 1248 scentiam
350 1218 496 1254 aspexeris.
518 1219 546 1247 Si
568 1219 639 1246 enim
661 1219 795 1253 respicere
818 1223 846 1245 et
859 1212 985 1246 delectari

195 1265 271 1298 velis,
283 1265 386 1300 respice
398 1272 509 1292 uxorem
525 1270 609 1298 tuam,
625 1265 751 1300 illamque
765 1270 893 1300 perpetuo
907 1273 966 1292 ama
978 1275 985 1293 :

195 1311 268 1338 nulla
278 1311 303 1338 id
315 1311 359 1338 lex
371 1310 505 1345 prohibet.
518 1310 544 1337 Si
555 1318 618 1338 vero
628 1311 743 1337 alienam
755 1311 865 1338 fortnam
880 1312 987 1339 curiose

195 1357 293 1384 intueri
311 1356 442 1389 volueris,
454 1360 482 1383 et
492 1355 563 1383 illam
578 1355 662 1389 Imdis,
672 1356 724 1383 alio
738 1356 830 1384 oculos
844 1362 984 1390 avertens;

192 1408 222 1430 et
248 1402 317 1430 hanc
343 1410 423 1437 quam
447 1402 558 1437 respicis
570 1422 578 1435 ,
595 1402 616 1429 si
633 1402 723 1430 illicite
748 1402 818 1430 illam
835 1404 985 1438 contingas.

197 1448 308 1476 Etiamsi
323 1448 394 1475 enim
413 1447 486 1474 illam
510 1455 590 1474 ntanu
612 1455 664 1474 non
679 1448 823 1483 contigeris
834 1469 841 1480 ,
857 1453 885 1475 at
902 1449 987 1477 oculis

195 1493 346 1528 contigisti;
373 1492 487 1527 ideoque
513 1492 577 1520 illud
602 1499 652 1527 pro
673 1492 805 1520 adulterio
828 1498 985 1528 reputatur,

192 1543 222 1567 et
252 1543 313 1566 ante
345 1539 502 1573 supplicium
536 1538 602 1566 illud
628 1538 810 1572 destinatum,
831 1539 904 1566 aliud
932 1546 985 1566 non

197 1585 257 1612 leve
280 1584 438 1620 supplicium
463 1583 574 1612 inducit.
595 1584 660 1612 Nam
675 1584 791 1612 t-umullu
806 1589 833 1612 et
847 1583 986 1620 perturba-

196 1631 269 1657 tione
281 1631 370 1657 omnia
384 1629 508 1658 interiora
521 1630 623 1665 replet;
635 1637 730 1665 magna
742 1630 817 1658 adest
830 1635 985 1665 tempestas,

196 1676 369 1711 gravissimus
390 1676 484 1708 dolor,
505 1683 556 1704 nec
569 1676 680 1704 meliore
703 1676 854 1704 conditione
869 1676 922 1704 erit
942 1676 987 1704 ille

197 1722 242 1756 qui
254 1722 311 1749 haec
326 1722 437 1757 patitur,
451 1730 529 1757 quam
545 1722 562 1750 ii
575 1723 619 1757 qui
632 1722 745 1750 vinculis
758 1726 786 1750 et
799 1722 902 1750 catenis
922 1730 987 1750 con-

197 1769 284 1796 stricti
294 1773 365 1796 sunt.
381 1769 413 1796 Et
427 1769 486 1800 illa,
503 1776 562 1803 quae
584 1769 666 1796 telum
683 1769 788 1802 emisit,
804 1776 875 1804 saepe
888 1769 985 1802 avolat,

198 1813 346 1848 vulnusque
358 1817 446 1841 tamen
461 1819 560 1841 manet.
571 1813 627 1841 Iln0
634 1821 700 1841 vero
711 1821 763 1841 non
775 1814 820 1841 illa
831 1814 910 1841 telum
921 1815 987 1842 emi-

192 1859 241 1891 sit,
253 1858 301 1886 sed
315 1863 342 1886 tu
356 1859 413 1893 ipse
429 1859 475 1887 tibi
489 1859 594 1887 letalem
609 1859 712 1894 pingant
727 1859 844 1887 inﬂixisti
853 1880 861 1892 ,
878 1860 922 1895 qui
935 1860 986 1887 im-

198 1903 295 1939 pudice
305 1904 416 1931 intuitus
430 1912 469 1932 es.
487 1904 521 1932 Et
534 1904 592 1932 lucc
605 1904 664 1932 dico
674 1924 682 1938 ,
697 1909 726 1932 Ill.
739 1905 848 1940 pudicas
862 1905 895 1932 ab
909 1912 987 1933 accu-

197 1951 302 1978 satione
317 1951 443 1978 eximam.
459 1950 488 1978 Si
510 1958 561 1986 qua
583 1958 647 1978 vero
668 1958 729 1978 sese
749 1951 786 1978 ita
807 1951 935 1984 exornat.
958 1956 988 1979 ut

196 1996 490 2024 obviorum'OCulosad
503 2003 532 2023 se
544 2000 692 2029 convertat,
706 1996 810 2024 etiamsi
824 1997 925 2024 nullttm
940 1997 988 2025 ob.

196 2043 269 2070 vium
282 2042 446 2074 confuderit,
463 2046 595 2069 extremas
609 2042 683 2069 dabit
697 2049 799 2077 pcenas.
813 2042 987 2070 Pharmacum

197 2088 269 2115 enim
293 2087 448 2122 apparavit,
473 2091 500 2115 et
527 2087 599 2115 virus
622 2089 789 2123 composuit,
814 2089 864 2116 etsi
888 2089 988 2116 nemini

199 2133 322 2168 poculum
350 2133 512 2168 porrexerit;
527 2133 580 2160 imo
602 2133 739 2168 porrexit,
763 2134 814 2161 etsi
841 2141 920 2162 nemo
943 2135 987 2170 qui

198 2179 316 2212 biberet,
332 2178 485 2207 accesserit.
509 2178 578 2212 Quid
590 2179 674 2214 ergo?
686 2186 749 2206 num
762 2179 843 2206 etiam
862 2179 988 2207 mulieres

198 2224 362 2259 alloquitur?
387 2224 453 2258 Quia
476 2224 549 2260 leges
575 2224 672 2259 ubique
696 2232 853 2253 communes
879 2225 988 2259 statuit,

197 2271 302 2299 etiamsi
314 2270 386 2298 viros
398 2274 501 2298 tantum
513 2270 611 2305 alloqui
625 2270 754 2303 videatur,
770 2271 850 2306 capiti
863 2271 987 2307 loquens,

198 2323 367 2344 communem
382 2316 431 2343 toti
444 2316 551 2351 corpori
569 2316 778 2345 admonitionem
799 2317 910 2352 profert.
934 2318 990 2345 Mu—

198 2362 291 2389 lierem
305 2369 420 2397 namque
432 2367 460 2389 et
475 2363 561 2389 virum
576 2369 658 2390 unum
679 2362 754 2390 novit
766 2369 828 2390 esse
838 2363 948 2396 animal,
962 2367 989 2391 et

199 2415 327 2442 nusquam
348 2415 432 2442 genus
452 2407 516 2434 illud
534 2407 636 2435 dividit.

234 2453 264 2481 5.
279 2452 371 2480 Contra
385 2453 473 2480 Imm
483 2453 625 2480 mulierum.
640 2453 735 2481 Eorum
745 2454 788 2489 qui
803 2462 848 2481 nos
859 2455 988 2482 scandali-

199 2503 258 2524 xlmt
280 2498 434 2524 conversatio
451 2498 582 2534 fugienda,
603 2498 795 2534 qualescumque
815 2499 874 2526 sint.
897 2499 990 2526 Contra

200 2543 354 2570 theatrorum
364 2542 632 2578 spectacula.—Qu0d
641 2543 663 2571 si
675 2544 742 2571 velis
749 2545 954 2580 increpationem
964 2546 990 2572 in

199 2588 260 2615 illas
274 2588 402 2623 prolatam
416 2589 554 2623 speciatim
570 2590 672 2622 audire,
688 2589 781 2618 Isaiam
796 2590 858 2618 audi
871 2590 991 2626 pluribus

201 2632 227 2660 in
245 2633 304 2661 illas
324 2634 513 2668 invehentem,
529 2635 762 2670 traducentemque
784 2636 900 2671 ipsarum
914 2637 991 2664 habi-

201 2685 269 2714 tntn,
288 2687 439 2716 aspectum,
457 2681 602 2714 incessum,
621 2682 723 2710 tunicas
738 2682 810 2710 hunti
825 2683 989 2719 detinentes,

201 2725 368 2754 lascivientes
378 2726 471 2762 pedes,
478 2727 546 2754 colla
553 2727 633 2754 tracta
645 2727 756 2756 mollitie
766 2727 803 2764 (α)
810 2727 886 2764 (luti.
895 2729 922 2757 5.
933 2730 989 2766 lli).

233 2793 242 2809 ¹
260 2792 316 2822 Alii,
332 2795 358 2817 ut
369 2792 499 2818 hominem.

235 2823 272 2856 (α)
288 2825 330 2850 Hic
340 2824 411 2850 Isaia:
423 2823 491 2849 locus
497 2824 533 2850 sie
543 2824 646 2850 habetur
657 2825 682 2850 in
689 2828 752 2857 Lxx,
765 2825 834 2852 Isaiae
845 2826 870 2858 5,
882 2827 911 2852 16
923 2833 930 2853 :
943 2831 992 2854 Pro

757 108 789 137 IN
807 107 1011 137 MATTIIAEUM
1027 108 1143 138 HOIIIL.
1165 111 1246 139 XVII.

1772 116 1825 146 258

1033 167 1102 194 Audi
1121 175 1181 195 cum
1196 169 1241 196 illo
1254 169 1359 198 beatum
1371 170 1479 199 Paulum
1494 172 1590 200 multas
1604 172 1670 208 ipsis
1682 173 1754 210 leges
1767 179 1824 202 sta-

1034 217 1161 246 tuentem,
1174 220 1201 243 et
1212 216 1246 243 de
1263 217 1388 250 vestibus,
1407 222 1435 245 et
1447 218 1480 246 de
1492 219 1579 247 aureis
1590 220 1736 253 ornatibus,
1749 225 1777 249 et
1790 224 1825 249 de

1033 261 1217 289 calamistratis
1229 263 1343 298 capillis,
1365 264 1436 292 etde
1451 265 1569 298 lascivia,
1582 271 1609 295 et
1623 267 1656 294 de
1671 267 1730 295 aliis
1748 267 1823 295 simi-

1035 307 1102 335 libus
1116 307 1185 335 hunc
1198 315 1289 336 sexum
1306 309 1477 338 vehementer
1491 313 1678 347 corripientem
1702 314 1739 349 (Ι.
1754 313 1822 341 Tim.

1033 352 1060 379 2.
1073 351 1112 389 9).
1127 353 1248 381 Christus
1261 355 1341 382 ctiatn
1362 356 1388 383 in
1403 358 1574 391 sequentibus
1588 359 1753 394 annigmatice
1774 359 1825 387 hoc

1035 399 1120 433 ipsum
1142 399 1272 433 declarat;
1294 409 1354 429 cum
1368 403 1439 431 enim
1458 403 1532 436 dicit,
1554 404 1635 437 Erue,
1653 405 1779 433 exscinde
1799 406 1825 433 id

1034 445 1103 480 quod
1119 451 1144 472 te
1162 446 1332 479 scandalizat,
1357 449 1422 476 iram
1444 449 1571 477 adversus
1594 451 1653 479 illas
1666 451 1824 479 concitatam

1034 492 1151 519 exhibet.
1174 493 1236 521 Ideo
1254 495 1389 528 subiunxit
1411 505 1417 523 :
1438 496 1482 523 29.
1509 496 1540 524 Si
1561 497 1648 524 oculus
1664 502 1721 525 tuus
1740 497 1827 525 dexter

1035 538 1191 566 scattdalizat
1199 543 1231 572 te,
1242 548 1299 566 erue
1308 549 1374 573 eum,
1384 546 1406 568 et
1419 542 1514 577 projice
1527 543 1570 570 abs
1581 548 1612 569 te.
1625 543 1664 570 Ne
1670 544 1742 571 enim
1753 543 1826 571 dice-

1036 592 1095 616 res,
1116 584 1183 618 Quid
1205 593 1280 621 ergo,
1297 587 1319 613 si
1333 593 1442 621 cognata
1459 596 1517 616 mea
1536 589 1588 616 sit?
1606 590 1679 624 quid,
1701 590 1724 618 si
1739 590 1826 626 aliqua

1035 630 1099 658 tuihi
1119 632 1431 667 nccessiludinejuncta?
1444 635 1504 662 ideo
1515 634 1571 662 haec
1586 636 1714 670 praecipit,
1730 644 1782 663 non
1792 636 1827 664 de

1036 677 1162 704 membris
1176 678 1295 713 loquens,
1311 679 1379 706 absit
1393 689 1399 707 :
1416 688 1544 715 nusquam
1557 682 1626 708 enim
1641 681 1826 709 dixitcrimina

1036 721 1068 748 ad
1084 730 1189 750 carnem
1214 724 1361 758 pertinere;
1381 726 1428 753 sed
1447 728 1580 754 accusatio
1598 735 1704 762 pravam
1720 735 1827 763 semper

1038 767 1201 797 voluntatem
1214 775 1325 804 spectat.
1341 771 1432 806 Neque
1446 773 1516 799 enim
1532 773 1624 800 oculus
1640 778 1699 801 tuus
1713 778 1764 807 est,
1778 774 1824 809 qui

1036 815 1119 846 videt,
1135 815 1181 843 sed
1198 823 1273 843 tnetts
1286 821 1312 843 et
1324 817 1457 851 cogitatio.
1469 817 1545 852 Smpe
1561 826 1674 853 namque
1687 819 1763 846 nobis
1773 820 1827 846 alio

1037 861 1184 894 conversis,
1205 869 1252 889 eos
1268 862 1314 896 qui
1328 867 1474 897 prmsentes
1491 868 1551 890 sunt
1566 872 1618 890 tton
1632 864 1703 891 videt
1714 864 1825 892 oculus:

1038 907 1126 941 itaque
1150 911 1234 934 totum
1257 916 1308 934 non
1330 912 1371 935 est
1394 908 1463 935 illius
1477 913 1546 936 actui
1569 909 1782 937 adscribendum.
1799 910 1826 938 Si

1037 953 1107 980 enittt
1132 953 1166 980 de
1189 955 1316 981 membris
1338 954 1500 989 loqueretur,
1523 963 1575 982 tton
1596 956 1630 982 de
1653 963 1705 983 uno
1727 956 1828 985 diceret

1037 999 1126 1031 oculo,
1141 1007 1227 1034 neque
1248 1000 1370 1027 dextrum
1385 1000 1472 1028 solum
1496 1001 1638 1036 posuisset,
1661 1002 1708 1030 sed
1722 1003 1826 1030 ambos.

1037 1044 1103 1071 Nam
1116 1045 1161 1079 qui
1177 1053 1192 1072 a
1206 1045 1300 1073 dextro
1315 1036 1519 1080 scandalizatur,
1536 1048 1650 1082 idipsunt
1666 1048 1734 1075 haud
1748 1048 1828 1077 dubie

1037 1090 1153 1124 patietur
1164 1097 1178 1117 a
1193 1090 1311 1118 sinistro.
1325 1091 1377 1119 Cur
1396 1099 1460 1127 ergo
1472 1092 1594 1120 dextrum
1611 1093 1716 1120 oculum
1728 1095 1826 1128 posuit,

1038 1139 1065 1162 et
1076 1143 1184 1163 manum
1197 1136 1312 1171 adjecit?
1327 1136 1361 1164 Ut
1375 1137 1462 1165 discas
1477 1145 1529 1165 non
1543 1137 1576 1165 de
1586 1139 1713 1166 membris
1726 1146 1828 1166 sermo.

1038 1189 1098 1209 nent
1114 1189 1184 1214 esse,
1199 1182 1246 1210 sed
1260 1183 1294 1210 de
1314 1183 1346 1210 iis
1358 1184 1401 1218 qui
1415 1184 1490 1211 nobis
1502 1185 1617 1212 amicitia
1631 1185 1787 1220 junguntur.
1800 1185 1827 1213 Si

1038 1229 1188 1264 quempiam
1200 1229 1234 1256 ita
1245 1237 1328 1262 amas,
1345 1230 1438 1265 inquit,
1459 1234 1488 1257 ut
1499 1238 1558 1257 eum
1574 1230 1676 1258 dexteri
1688 1232 1757 1259 Oculi
1770 1232 1828 1260 loco

1039 1284 1132 1311 ponas,
1144 1281 1188 1303 aut
1200 1277 1235 1303 ita
1248 1276 1293 1303 tibi
1308 1277 1399 1303 utilem
1415 1281 1500 1311 putas,
1513 1281 1542 1303 ut
1550 1284 1597 1312 pro
1611 1285 1689 1304 manu
1701 1277 1773 1305 illum
1784 1277 1828 1305 ha-

1038 1322 1112 1355 beas,
1133 1323 1155 1349 si
1177 1322 1250 1349 lmdit
1262 1323 1376 1350 animant
1397 1327 1485 1356 tuam,
1501 1328 1529 1350 et
1550 1323 1620 1350 ltunc
1639 1323 1773 1351 abscinde.
1795 1324 1829 1352 Et

1037 1370 1090 1397 vim
1110 1369 1173 1396 dicti
1193 1369 1337 1404 perpende.
1354 1369 1411 1396 Non
1433 1370 1504 1396 enim
1527 1369 1603 1403 dixit,
1628 1370 1764 1405 Abscede;
1779 1371 1828 1400 sed

1038 1416 1179 1443 maximam
1191 1416 1384 1449 separationth
1397 1415 1527 1450 indicans,
1540 1416 1617 1450 Erue,
1630 1417 1722 1453 inquit,
1733 1424 1758 1446 et
1768 1427 1828 1454 pro-

1033 1462 1086 1497 jice
1098 1462 1142 1489 abs
1160 1465 1192 1488 te.
1209 1461 1308 1489 Deinde
1320 1463 1380 1497 quia
1402 1470 1495 1490 severe
1509 1469 1684 1498 praeceperat,
1704 1465 1827 1500 utrinque

1038 1508 1141 1535 lucrum
1154 1515 1214 1535 esse
1228 1507 1315 1540 docet,
1337 1513 1363 1535 et
1376 1516 1408 1535 ex
1421 1509 1497 1536 bonis
1510 1514 1537 1536 et
1549 1517 1581 1536 ex
1595 1510 1682 1543 malis,
1695 1511 1721 1537 in
1733 1511 1828 1540 cadent

1038 1552 1192 1587 metaphora
1206 1553 1331 1581 insistens
1345 1563 1351 1581 :
1366 1553 1478 1589 Expedit
1492 1555 1558 1582 enim
1571 1555 1625 1588 tibi,
1641 1556 1734 1591 inqttit,
1748 1562 1775 1584 ul
1786 1566 1829 1591 pe.

1038 1604 1091 1626 real
1111 1608 1189 1626 unum
1212 1600 1380 1627 membrorum
1400 1605 1510 1634 tuarum,
1525 1605 1549 1628 et
1569 1610 1619 1629 non
1640 1607 1718 1629 totum
1737 1611 1829 1639 corpus

1038 1651 1108 1673 tuum
1122 1647 1235 1673 mittatur
1245 1647 1271 1673 in
1286 1648 1435 1682 gehennam.
1447 1646 1513 1674 Cum
1528 1648 1598 1675 enim
1613 1656 1698 1684 neque
1711 1650 1828 1685 seipsum

1038 1697 1135 1725 servet,
1150 1697 1177 1720 ct
1193 1698 1218 1721 te
1230 1700 1320 1721 secum
1335 1693 1439 1728 perdat,
1459 1701 1517 1728 qua:
1529 1694 1679 1721 humanitas
1692 1701 1829 1723 essetam-

1038 1739 1072 1767 bo
1086 1738 1208 1774 perdere,
1228 1747 1287 1766 cuin
1309 1739 1387 1767 liceat
1407 1740 1438 1766 iis
1453 1739 1584 1774 separatis
1599 1747 1679 1767 unum
1702 1741 1829 1769 servare?

1038 1786 1093 1812 Cur
1103 1786 1173 1813 enim
1185 1786 1282 1813 Paulus
1291 1785 1399 1820 optabat
1411 1786 1553 1814 anathema
1564 1794 1624 1814 esse
1636 1785 1724 1823 (Rom.
1738 1788 1763 1815 9.
1780 1787 1829 1824 5)?

1038 1831 1095 1859 Non
1107 1832 1142 1859 ita
1156 1836 1184 1858 ut
1196 1831 1262 1858 nihil
1273 1831 1334 1859 inde
1345 1831 1412 1859 lucri
1422 1832 1561 1859 accederet
1570 1833 1590 1865 ί,
1603 1832 1650 1860 sed
1663 1839 1691 1860 ut
1700 1833 1767 1861 alios
1777 1841 1830 1861 ser-

1038 1881 1122 1904 varet.
1139 1877 1187 1904 llic
1199 1882 1286 1904 autem
1302 1877 1438 1912 utriusque
1452 1877 1578 1905 damnum
1593 1883 1635 1906 est
1647 1887 1655 1905 :
1669 1883 1830 1914 quapropter

1039 1931 1091 1951 non
1105 1923 1172 1951 dixit
1183 1928 1294 1956 tatttum,
1311 1922 1396 1956 Erue;
1416 1923 1464 1951 sed
1476 1924 1566 1957 etiam,
1582 1925 1677 1959 profice
1689 1924 1733 1952 ab:
1746 1930 1779 1957 te,
1793 1925 1830 1953 ita

1039 1975 1067 1996 ttt
1080 1977 1223 2004 numquam
1242 1974 1358 2004 repetas,
1380 1970 1402 1996 si
1425 1969 1484 1996 talis
1503 1971 1640 1997 manserit.
1655 1971 1699 1998 Sic
1711 1971 1782 1998 enim
1802 1975 1831 1999 et

1039 2015 1112 2042 illum
1125 2015 1218 2050 majori
1237 2015 1348 2042 crimine
1367 2014 1501 2044 liberabis.
1514 2020 1541 2042 et
1555 2016 1666 2050 teipsttm
1684 2024 1698 2043 a
1712 2016 1831 2051 pernicie

1039 2061 1146 2096 eripies.
1168 2060 1203 2089 Ut
1215 2065 1303 2088 autem
1323 2061 1420 2088 clarius
1441 2061 1506 2096 legis
1520 2062 1658 2089 utilitatem
1674 2063 1829 2098 perspicias,

1039 2107 1062 2134 si
1075 2107 1171 2142 placet,
1184 2106 1210 2134 in
1222 2113 1334 2141 corpore
1344 2106 1459 2141 exempli
1470 2114 1549 2134 causa
1561 2107 1586 2134 id
1600 2107 1670 2142 qttod
1681 2107 1778 2135 dictum
1789 2113 1830 2136 est

1040 2154 1220 2188 exploremus.
1241 2152 1270 2181 Si
1285 2153 1355 2181 enim
1370 2154 1443 2187 optio
1455 2153 1575 2186 daretur,
1591 2161 1622 2181 ac
1639 2161 1748 2182 necesse
1759 2159 1831 2182 esset

1040 2205 1085 2227 aut
1099 2200 1206 2227 oculunt
1221 2199 1363 2227 habentem
1377 2199 1472 2234 conjici
1486 2202 1513 2227 ln
1528 2200 1624 2227 fossam
1636 2206 1663 2227 et
1675 2200 1772 2236 perire,
1784 2206 1831 2229 aut

1041 2245 1087 2273 illo
1100 2250 1185 2277 eruto,
1205 2245 1337 2280 reliqttum
1359 2252 1456 2280 corpus
1468 2246 1569 2273 servari
1588 2253 1595 2273 :
1618 2253 1707 2273 annon
1727 2251 1831 2282 postre-

1041 2299 1113 2318 mum
1135 2291 1245 2319 malles?
1259 2290 1287 2318 ld
1309 2291 1407 2318 nemini
1430 2299 1481 2318 tton
1502 2291 1670 2319 manilesmm
1690 2297 1740 2320 est.
1765 2293 1831 2321 Illud

1041 2338 1111 2364 enim
1126 2345 1177 2364 non
1191 2342 1261 2365 esset
1277 2338 1382 2365 oculutn
1403 2338 1500 2371 odisse,
1518 2338 1564 2366 sed
1586 2339 1716 2373 reliquum
1734 2347 1831 2374 corpus

1041 2391 1140 2410 amare.
1161 2383 1217 2410 Hoc
1233 2390 1313 2417 porro
1323 2388 1351 2410 et
1362 2383 1396 2410 de
1405 2384 1470 2411 viris
1482 2385 1568 2419 cogita
1581 2389 1608 2411 et
1617 2385 1652 2412 de
1664 2385 1829 2414 mulieribus.

1041 2428 1107 2455 Nam
1122 2428 1143 2455 si
1156 2428 1188 2461 is,
1202 2429 1246 2463 qui
1261 2432 1286 2456 te
1297 2428 1368 2455 laedit
1379 2429 1504 2461 amando,
1519 2429 1672 2456 incurabilis
1685 2435 1784 2463 manet,
1804 2436 1833 2459 et

1041 2473 1064 2501 si
1076 2473 1209 2501 abscissus
1229 2474 1274 2506 sit,
1291 2478 1316 2501 te
1327 2473 1360 2501 ab
1371 2474 1442 2501 omni
1456 2475 1572 2509 pernicie
1586 2475 1707 2503 liberabit
1724 2484 1732 2503 :
1754 2477 1793 2504 sic
1807 2482 1835 2505 et

1043 2518 1099 2553 ipse
1117 2526 1132 2545 a
1152 2518 1297 2553 majoribus
1322 2519 1449 2554 eripietur
1467 2520 1632 2554 criminibus,
1654 2529 1739 2557 neque
1762 2521 1833 2549 ultra

1042 2573 1101 2593 cum
1115 2570 1282 2600 peccatorum
1296 2573 1404 2593 suorum
1418 2567 1530 2599 ratione,
1542 2567 1671 2595 rationem
1681 2568 1761 2596 etiam
1772 2576 1833 2604 per-

1042 2610 1121 2638 niciei
1133 2615 1185 2638 tua:
1203 2611 1322 2638 daturus.
1337 2611 1405 2638 Vide
1419 2616 1517 2646 quanta
1536 2614 1737 2642 mansuetudine
1754 2615 1832 2650 plena

1043 2657 1086 2685 lex
1104 2661 1155 2690 est,
1176 2662 1272 2692 quanta
1292 2656 1474 2692 providentia?
1486 2663 1513 2685 et
1527 2666 1587 2693 quae
1604 2667 1618 2686 a
1641 2659 1731 2687 multis
1750 2660 1832 2689 nimia

1042 2741 1070 2761 eo
1085 2734 1149 2767 quod
1168 2734 1265 2770 etepata:
1280 2738 1334 2760 sunt
1346 2734 1406 2772 ﬁlice
1423 2735 1486 2766 Sion,
1498 2738 1524 2771 et
1536 2736 1716 2772 ambulaverint:
1735 2739 1833 2761 extento

1043 2765 1114 2802 gallo,
1124 2765 1387 2802 et_nultbtts_ocutort_tm
1397 2766 1507 2802 munitet
1515 2774 1541 2792 tn
1551 2774 1644 2802 incessu
1655 2769 1742 2801 pedum
1752 2769 1835 2796 trahar

1043 2797 1098 2833 baut
1106 2797 1207 2833 tunicas,
1219 2800 1242 2823 et
1251 2797 1404 2833 [aspiciebam
1414 2798 1515 2833 pedatus
1526 2798 1584 2833 suis.

1077 2830 1083 2844 ι
1101 2828 1208 2858 Qu'dam,
1220 2834 1266 2853 non
1274 2828 1307 2854 ita
1318 2831 1344 2854 ut
1355 2828 1472 2857 neminem
1481 2829 1543 2857 lucri
1552 2831 1650 2861 faceret,
1660 2834 1708 2856 etc.
