2067 3132
231 114 284 143 ιω

230 173 359 200 severitas
367 177 427 199 esse
439 169 550 202 videtur,
560 172 683 204 quantam
697 167 806 195 exhibet
813 166 1019 202 benignitatem?

230 218 293 246 Hice
303 218 412 245 audiant
426 217 443 244 ii
455 216 499 252 qui
513 215 546 243 ad
561 215 662 242 theatra
673 217 825 249 properant,
841 217 869 240 et
882 220 942 240 sese
954 220 1021 247 quo-

231 266 293 293 tidie
306 264 426 292 moechos
437 267 571 298 praestant.
579 261 646 289 Nam
654 261 676 288 si
687 260 877 288 consuetudine
885 259 1017 294 junctum,

228 312 277 340 sed
289 311 457 342 damnosum,
473 309 598 343 lexjuhet
611 307 776 338 abscindere,
791 313 870 341 quam
886 304 1019 339 purgatio-

229 367 289 387 nem
303 359 417 385 habeant
426 356 470 391 qui
483 355 598 382 nondum
610 354 659 381 sibi
671 357 758 384 notos,
767 352 803 380 ibi
815 349 1016 383 commorando,

228 404 344 441 quotidie
361 403 525 439 pertrahunt,
540 406 565 428 et
582 404 720 427 sexcentas
733 398 781 426 sibi
796 401 951 432 comparant
971 404 1018 424 ex-

227 452 288 479 cidii
307 451 402 478 ansas?
417 450 473 477 Non
495 448 574 476 modo
588 447 657 474 enim
671 445 803 481 impudice
815 445 949 480 respicere
963 450 1017 470 non

227 497 364 528 concedit;
386 495 432 523 sed
454 495 514 529 quia
528 493 637 528 hujusce
652 492 689 519 rei
704 491 830 518 datnnum
847 488 1014 521 monstravit,

227 545 310 580 legem
327 544 436 571 ulterius
450 541 577 571 extendit.
593 539 749 567 abscindere
761 538 866 573 iubens,
886 537 1015 572 longeque

226 591 356 627 projicere
375 597 381 616 :
398 593 425 616 et
447 588 503 615 haec
526 587 571 614 ille
586 587 643 621 lege
663 585 765 616 statuit,
790 585 835 619 qui
853 583 888 611 de
906 584 1015 611 uariante

225 637 373 664 sexcenties
396 635 519 669 loquutus
541 637 591 665 est,
613 636 641 659 ut
656 631 777 665 utrinque
792 629 850 663 ejus
871 629 1010 664 providen-

225 684 286 710 tiam
303 682 422 713 ediscas,
446 684 472 706 ct
492 678 626 712 quomodo
643 677 759 711 undique
782 676 920 703 utilitatem
941 679 1012 702 tuam

223 729 350 763 requirat.
376 726 419 753 51.
435 724 537 751 Dictum
553 729 589 751 est
602 727 684 749 autent
700 730 709 748 :
725 722 879 756 Quicumque
892 720 1013 747 dimiserit

222 782 326 801 uxorem
346 781 427 804 suam,
452 771 492 798 det
512 770 550 797 illi
569 769 681 797 libellum
694 767 794 803 repudii
808 767 895 802 (Deut.
913 766 957 794 ει.
973 766 1010 801 I).

222 821 265 849 52.
282 820 337 856 Ego
349 824 431 846 autem
439 818 494 845 dico
508 817 576 845 vobis
587 825 596 843 :
611 815 765 850 Quicumque
775 814 896 841 dimiserit
909 821 1012 840 adorem

220 879 303 903 suam,
318 873 421 903 excepta
435 875 511 894 causa
525 863 696 901 fornicationis
706 883 713 895 ,
727 863 787 898 facit
802 870 856 889 eam
868 861 987 888 morr/tari
1000 868 1010 888 :

220 923 243 944 et
253 917 295 952 qui
308 915 436 942 dimissam
449 912 557 943 duxerit,
573 911 718 938 attrahatur.

255 951 281 990 λ.
294 961 435 997 Repudium
443 959 560 987 adulterii
567 957 669 992 species.
685 955 735 982 Cur
745 954 856 982 libellum
864 951 963 988 repudii
970 952 1011 978 lca;

219 1014 288 1037 vetus
297 1004 549 1044 peririiserit.-—Non
563 1003 635 1038 prius
649 1001 682 1030 ad
697 1001 820 1029 ulteriora
832 998 1008 1035 progreditur,

219 1056 269 1083 nisi
280 1055 366 1090 priora
380 1053 462 1088 prohe
472 1049 667 1085 expurgaverit.
677 1048 745 1075 Ecce
758 1046 827 1074 enim
841 1046 919 1072 aliam
932 1044 1009 1072 nobis

219 1108 311 1128 rursus
332 1098 448 1126 ostendit
469 1095 591 1124 adulterii
605 1094 732 1129 speciem.
747 1092 874 1125 Quasnam
887 1095 928 1118 est
944 1090 1009 1117 illa?

219 1147 272 1174 Lex
289 1151 345 1172 erat
358 1148 442 1176 vetus,
463 1150 535 1175 eum,
549 1141 593 1176 qui
607 1146 773 1175 quacumque
792 1145 825 1165 ex
838 1144 917 1164 causa
941 1144 1008 1162 uxo-

218 1201 275 1221 rem
290 1199 364 1219 suam
384 1191 495 1222 odisset,
511 1189 581 1215 illam
604 1186 753 1222 repudiare,
767 1189 794 1212 et
812 1183 890 1210 aliain
911 1183 1009 1210 ducere

218 1247 271 1267 non
291 1236 435 1273 prohiberi.
450 1235 541 1269 Neque
563 1233 627 1261 illud
647 1237 734 1259 tamen
750 1230 905 1264 simpliciter
921 1229 1009 1256 facere

218 1288 260 1315 lex
272 1285 392 1321 jubebat,
412 1283 458 1310 scd
475 1285 534 1317 post
546 1281 636 1307 datum
657 1278 731 1305 uxori
753 1277 870 1304 libellum
893 1275 1006 1310 repudii,

218 1335 252 1361 ita
268 1336 296 1359 ut
308 1338 361 1358 non
374 1333 464 1365 posset
479 1328 572 1354 iterum
587 1325 619 1352 ad
631 1325 703 1351 illum
714 1327 858 1355 revertere,
872 1326 901 1349 ut
914 1322 1007 1348 saltem

217 1376 378 1406 matrimonii
400 1374 483 1410 ﬁgura
498 1375 628 1400 maneret.
645 1370 697 1397 Nisi
710 1369 780 1397 enim
795 1368 846 1395 hoc
863 1367 1007 1403 praecepis-

217 1430 267 1458 set,
288 1429 314 1451 et
335 1423 356 1450 si
376 1422 493 1450 licuisset
504 1419 573 1447 illam
586 1417 725 1452 repudiare
739 1421 766 1443 et
784 1415 861 1442 aliam
875 1414 1006 1448 accipere,

217 1471 365 1505 dvindeque
380 1468 495 1503 priorem
515 1465 654 1496 reducere,
669 1470 762 1497 magna
780 1462 864 1489 futura
886 1460 1007 1488 confusio

218 1521 285 1548 erat,
307 1514 432 1543 omnibus
456 1512 557 1540 alienas
579 1518 676 1538 uxores
697 1508 808 1535 alternis
830 1507 932 1534 vicibus
955 1506 1007 1534 fre-

217 1567 328 1598 quenter
341 1559 546 1595 accipientibus,
564 1555 775 1589 ndulteriumque
795 1553 964 1580 manifestum
981 1553 1006 1579 id

218 1615 327 1644 prorsus
349 1606 450 1633 fuisset.
475 1603 642 1638 Quapropter
656 1607 708 1628 nou
724 1607 831 1634 parvam
847 1599 1006 1626 consolatio-

217 1661 278 1682 nem
292 1650 459 1687 excogitavit,
479 1649 596 1676 libellum
612 1654 707 1681 nempe
721 1645 832 1680 repudii.
850 1644 904 1672 Hoc
928 1652 1006 1679 porro

219 1701 315 1727 factum
327 1703 368 1725 est
382 1696 415 1723 ad
429 1695 507 1723 aliam
521 1694 604 1721 multo
618 1692 746 1726 majorem
765 1690 898 1717 vitandam
912 1691 1006 1724 nequi-

218 1746 292 1773 tiam.
314 1743 342 1771 Si
353 1743 424 1770 enim
445 1747 556 1769 exosam
579 1737 750 1773 prtucepisset
770 1735 895 1768 retineri,
919 1736 942 1762 is
961 1736 1005 1771 qui

216 1790 310 1817 oderat
320 1787 459 1815 occidisset
471 1794 478 1812 :
493 1785 553 1812 talis
562 1783 659 1819 quippe
673 1785 731 1810 erat
741 1781 892 1809 Judteorum
904 1781 1004 1808 natio‘.

217 1835 282 1863 Nam
298 1834 342 1870 qui
357 1841 392 1860 ne
406 1832 467 1859 [iliis
479 1831 585 1865 quidem
599 1829 752 1864 parcebant.
770 1826 910 1861 prophetas
926 1827 1007 1853 inter-

217 1882 349 1913 ﬁciebant,
370 1879 577 1913 sanguinemque
590 1880 619 1903 ut
632 1882 726 1910 aquam
747 1874 900 1905 fundebant,
923 1873 1005 1900 multo

217 1928 305 1955 minus
325 1925 450 1953 uxoribus
465 1923 654 1959 pepercissent.
677 1921 738 1948 Ideo
757 1920 828 1955 quod
848 1920 934 1946 minus
948 1924 1005 1946 erat

217 1973 348 2009 permisit,
362 1977 390 2000 ut
401 1971 472 2007 quod
483 1970 567 2005 majus
578 1973 636 1997 erat
650 1967 827 1996 exscinderet.
843 1966 919 2000 Quod
934 1966 1004 1994 enim

217 2019 275 2046 luce
286 2019 327 2045 lex
341 2013 394 2044 non
407 2024 422 2044 e
436 2015 576 2051 praecipuis
587 2017 669 2045 esset,
684 2012 744 2039 audi
755 2012 817 2047 quid
828 2012 953 2039 Servatur
965 2011 1006 2038 di-

215 2069 281 2092 cat:
299 2063 400 2098 Moyses
422 2062 455 2088 ad
478 2061 598 2088 duritiam
621 2059 704 2087 cordis
727 2058 801 2085 vestri
825 2058 878 2085 lucc
904 2058 1004 2092 scripsit

214 2111 322 2150 (Matth.
343 2110 387 2138 i9.
408 2109 446 2144 8).
465 2116 497 2135 ne
518 2108 589 2134 intus
610 2105 771 2138 mactaretis,
792 2105 837 2132 sed
861 2105 1002 2139 cjiccretis.

212 2159 280 2192 Quia
294 2163 358 2185 vero
369 2155 412 2182 ille
425 2154 488 2180 iram
503 2159 609 2179 omnem
620 2151 735 2184 sustulit,
749 2158 802 2178 non
813 2151 913 2178 cmdem
925 2150 1004 2177 modo

213 2209 315 2235 vetans,
332 2203 378 2230 sed
401 2202 468 2228 iram
485 2199 563 2226 ctiam
576 2197 718 2225 excludcns
733 2205 739 2224 :
755 2196 830 2223 facile
844 2196 911 2223 hanc
925 2196 1003 2222 indu-

211 2250 248 2277 cit
263 2249 358 2283 legem.
375 2248 487 2281 Ideoque
503 2244 621 2280 priorum
637 2250 742 2277 semper
755 2243 895 2269 verborum
910 2243 1004 2270 memi-

212 2295 260 2327 ult,
280 2298 309 2321 ut
321 2293 453 2322 ostendat.
469 2300 498 2319 se
519 2298 571 2317 non
586 2289 718 2315 contraria
732 2287 798 2319 illis,
819 2287 866 2314 sed
885 2295 1001 2314 consona

211 2341 301 2369 dicere
314 2349 321 2367 :
336 2339 379 2366 illa
390 2339 546 2370 extendens,
561 2345 612 2364 non
624 2340 763 2366 evertens;
777 2333 932 2365 emendansI
949 2341 1002 2360 non

211 2388 327 2414 solvens.
343 2384 479 2420 Perpende
492 2389 579 2410 autem
595 2382 668 2409 illum
682 2387 789 2415 semper
801 2379 834 2406 ad
850 2379 934 2407 virum
946 2387 1003 2406 sor-

212 2440 318 2459 monem
341 2430 451 2458 referre.
473 2430 524 2463 Qui
548 2428 660 2458 dimittit,
676 2427 773 2461 inquit,
795 2433 899 2452 uxorem
917 2433 1000 2457 suam,

212 2477 272 2511 facit
288 2485 342 2503 eam
362 2475 503 2507 "ianitori;
527 2479 550 2501 et
569 2473 613 2508 qui
639 2473 768 2500 diluiuum
791 2469 873 2502 ducit,
894 2471 1004 2497 mter/ta-

212 2529 262 2549 tur.
287 2522 332 2549 Ille
352 2522 441 2554 enim,
457 2526 483 2548 et
502 2521 524 2547 si
539 2520 648 2547 alteram
666 2526 718 2546 non
732 2517 853 2550 duxerit,
878 2516 930 2544 hoc
944 2515 1003 2550 ipso

213 2576 242 2596 sc
272 2568 390 2595 criminis
421 2574 497 2593 remn
524 2565 677 2597 constituit,
709 2563 777 2597 quod
804 2570 863 2590 eam
896 2562 999 2590 adulte-

214 2622 269 2641 mm
293 2613 369 2640 faciat
383 2622 388 2639 :
402 2612 444 2639 hic
461 2620 534 2643 vero,
549 2611 619 2647 quod
640 2611 753 2638 alienam
774 2612 861 2641 ducat,
881 2609 1001 2637 maschus

212 2666 239 2687 ct
262 2661 317 2694 ipse
339 2659 376 2685 tit.
396 2658 434 2685 Ne
460 2657 525 2684 mihi
548 2657 619 2685 enim
644 2657 728 2689 dicas,
756 2655 800 2683 Ille
827 2655 1000 2688 ejecitznam

213 2706 296 2740 ejecta
312 2705 397 2732 adhuc
411 2708 501 2732 manet
515 2704 644 2738 ejiciemis
661 2711 736 2729 uxor.
755 2702 853 2729 Deinde
868 2710 902 2729 ne
917 2706 1000 2729 totum

212 2750 359 2784 conjicieus
374 2750 399 2776 in
413 2748 579 2784 ejicientem,
596 2748 804 2782 arrogantiorcm
821 2747 920 2775 faceret
933 2755 1000 2774 uxo-

212 2803 280 2824 rein.
304 2796 387 2830 ipsam
401 2795 521 2829 accipere
533 2793 630 2820 volenti
650 2794 757 2828 januam
781 2793 879 2820 claudit
898 2793 999 2826 dicens,

244 2841 253 2857 ⁸
270 2840 326 2869 Alli.
338 2841 397 2865 tales
409 2839 496 2871 quippe
507 2842 576 2864 erant
585 2838 725 2864 Judarorum
736 2847 822 2865 mares.

592 111 619 139 S.
641 108 780 139 JOANNIS
797 107 1037 138 CIIRYSOSTOMI
1056 107 1213 137 ARCHIEP.
1229 107 1493 141 CONSTANTINOI‘.

1812 118 1865 148 260

1077 166 1128 200 Qui
1141 166 1271 194 dimissam
1284 167 1394 201 duxerit,
1409 170 1556 203 multatur,
1571 177 1680 200 uxorem
1693 173 1734 201 Vel
1756 174 1863 204 invitam

1071 212 1193 247 pudicam
1209 213 1333 247 reddens,
1346 219 1373 242 et
1384 215 1418 242 ad
1428 216 1508 243 alium
1521 217 1606 245 virum
1618 219 1718 247 aditum
1730 220 1779 256 ipsi
1793 224 1864 252 clau-

1071 257 1147 291 dens,
1168 266 1217 286 nec
1232 260 1387 294 permittens
1405 261 1547 290 simultatis
1567 271 1658 292 ansam
1676 267 1804 300 praebere.
1817 270 1864 298 Illa

1070 311 1185 340 namque
1196 310 1256 332 cum
1269 306 1400 339 didicerit,
1416 315 1524 342 pr0rsus
1539 312 1719 340 necessarium
1733 321 1803 349 esse,
1818 322 1862 344 aut

1070 349 1155 378 virum
1170 351 1215 386 qui
1227 351 1277 379 sibi
1291 352 1325 380 ab
1337 352 1413 380 initio
1433 358 1505 381 sorte
1522 357 1669 391 contigerat
1684 357 1797 393 habere;
1818 367 1862 389 aut

1069 395 1092 422 si
1102 404 1117 423 e
1130 396 1211 424 domo
1224 397 1267 424 illa
1281 398 1442 433 egrediatur,
1454 400 1554 428 nullum
1567 401 1618 430 sibi
1637 403 1708 432 aliud
1721 412 1862 441 superesse

1068 441 1209 476 refugium,
1231 443 1272 470 vel
1286 444 1366 471 invita
1382 451 1492 480 cogetur
1507 447 1646 483 conjugem
1661 457 1752 479 amare
1772 460 1860 481 suum.

1068 486 1096 514 Si
1112 495 1176 515 vero
1191 489 1255 516 nihil
1268 490 1316 525 ipsi
1329 490 1378 518 hac
1391 490 1426 519 de
1438 499 1467 519 re
1479 492 1611 528 loquatur,
1628 502 1662 523 ne
1674 497 1778 525 mireris
1795 507 1802 524 :
1819 499 1859 526 ina-

1067 534 1168 562 iirmior
1180 536 1252 564 enim
1273 537 1369 565 mulier
1381 542 1431 566 est.
1445 538 1611 575 Quapropter
1629 542 1672 570 illa
1686 543 1806 578 dimissa,
1819 547 1860 574 vi.

1067 587 1112 607 ros
1125 581 1204 608 minis
1219 583 1343 610 terrendo
1366 584 1505 612 mulierem
1519 593 1625 621 quoque
1639 589 1772 617 emendat.
1788 589 1824 619 Ut
1836 592 1860 619 si

1066 627 1125 660 quis
1140 627 1223 655 tilium
1239 628 1340 657 habens
1361 630 1499 664 lascivum,
1517 632 1562 660 illo
1576 632 1696 667 dimisso,
1711 636 1763 663 illis
1777 637 1859 665 inter-

1066 672 1190 704 minetur,
1206 674 1250 707 qui
1271 674 1351 702 talem
1368 675 1453 710 ipsum
1468 677 1623 709 effecerunt,
1640 683 1765 715 vetatque
1780 689 1813 710 ne
1828 682 1858 710 ila

1066 717 1118 744 lum
1135 719 1203 746 ultra
1217 719 1324 753 adeant,
1338 721 1380 748 vel
1396 723 1565 750 conveniant.
1578 723 1653 757 Quod
1667 725 1689 752 si
1702 725 1751 753 hoc
1762 734 1859 755 onero-

1065 769 1122 789 sum
1137 765 1268 799 vitleatur,
1284 766 1310 793 in
1325 772 1441 794 mentem
1454 775 1547 796 revoca
1562 769 1605 796 illa
1620 778 1680 805 qua:
1695 779 1773 807 supra
1787 773 1857 802 dicta

1064 815 1136 843 smn,
1158 818 1218 838 cum
1238 812 1329 840 beatos
1349 813 1505 847 prmdicaret
1522 815 1678 849 audientes;
1700 825 1809 854 remque
1830 824 1857 848 et

1063 856 1218 892 possibilem
1232 862 1258 884 et
1273 858 1376 885 facilem
1398 859 1526 887 invenies.
1543 860 1613 888 Mitis
1625 863 1706 895 enim,
1720 865 1856 899 paciﬁcus,

1064 911 1163 938 pauper
1174 903 1277 938 spiritu,
1291 908 1318 931 et
1331 905 1492 938 misericors,
1504 907 1638 941 quomodo
1653 916 1761 936 uxorem
1776 917 1857 946 repu-

1062 949 1162 975 diabit?
1174 954 1200 975 et
1222 949 1265 984 qui
1290 950 1355 976 alios
1369 950 1532 982 reconciliat,
1556 959 1609 986 quo
1625 958 1702 987 pacto
1719 950 1856 984 dissidebit

1061 1002 1121 1022 cum
1135 995 1246 1030 conjuge
1260 995 1324 1023 sua?
1337 996 1393 1023 Non
1408 996 1456 1024 hoc
1466 1003 1530 1024 vero
1544 1002 1654 1031 tantum,
1668 1000 1715 1027 sed
1725 995 1777 1028 alio
1791 1009 1858 1037 quo-

1061 1048 1113 1076 que
1131 1041 1210 1068 tnodo
1224 1041 1308 1077 legem
1327 1041 1390 1069 fecit
1404 1042 1499 1070 levem.
1514 1042 1579 1070 Nam
1595 1045 1720 1080 relinquit
1732 1047 1756 1074 ei
1773 1055 1852 1075 unutn

1061 1087 1165 1122 repudii
1181 1087 1298 1120 modum,
1315 1087 1416 1120 dicens,
1432 1088 1545 1123 Excepta
1561 1098 1638 1117 causa
1657 1091 1831 1125 fornicationis
1845 1111 1852 1122 .

1061 1132 1192 1166 siquidem
1216 1132 1242 1160 in
1264 1132 1356 1160 eadem
1379 1138 1478 1168 perstat
1500 1134 1589 1162 decori
1605 1136 1717 1164 ratione.
1738 1138 1766 1165 Si
1782 1139 1853 1166 enim

1058 1178 1183 1213 jussisset
1202 1187 1262 1206 cum
1283 1180 1403 1214 pluribus
1424 1180 1534 1208 mixtam
1560 1183 1690 1216 retinere,
1711 1191 1803 1211 rursus
1825 1185 1851 1212 in

1060 1225 1219 1252 adulterium
1241 1233 1285 1253 res
1306 1226 1520 1254 convertebatur.
1537 1227 1630 1255 Vidcn‘
1641 1229 1774 1264 quomodo
1796 1229 1854 1259 hzcc

1059 1279 1120 1299 cum
1136 1273 1269 1307 prioribus
1280 1273 1445 1301 consonent"?
1459 1273 1508 1307 Qui
1524 1275 1594 1302 enim
1610 1282 1722 1302 uxorem
1737 1276 1852 1305 a‘ienam

1061 1318 1200 1353 impudicis
1227 1319 1313 1347 oculis
1332 1326 1384 1346 non
1400 1320 1518 1354 respicit,
1541 1328 1594 1348 non
1615 1320 1805 1355 fornicabitur;
1830 1324 1852 1351 si

1060 1372 1113 1392 non
1130 1365 1291 1398 fornicetur,
1310 1366 1368 1392 viro
1389 1366 1559 1400 repudiandae
1578 1367 1669 1394 uxoris
1686 1375 1741 1396 sum
1758 1376 1851 1397 ansam

1059 1417 1113 1438 non
1127 1411 1265 1444 praebebit.
1280 1410 1342 1438 Ideo
1353 1411 1436 1440 libere
1449 1412 1616 1448 constringit,
1631 1417 1659 1440 et
1673 1414 1794 1442 timorem
1807 1416 1852 1442 Iir-

1060 1461 1124 1489 mat,
1144 1464 1269 1492 magnum
1288 1457 1346 1484 viro
1360 1458 1518 1492 periculum,
1540 1459 1562 1486 si
1580 1459 1676 1493 ejiciat.
1695 1460 1827 1489 intentans
1843 1471 1850 1490 :

1060 1511 1120 1530 nam
1135 1503 1316 1531 fornicationis
1329 1503 1401 1531 illius
1411 1510 1471 1532 sese
1485 1512 1560 1532 reum
1577 1506 1726 1533 constituit:
1742 1507 1848 1536 Etenim

1059 1557 1092 1576 ne
1106 1556 1166 1577 eum
1181 1550 1266 1583 audis,
1283 1550 1353 1578 Erue
1366 1550 1483 1584 oculum,
1496 1556 1572 1586 putes
1587 1552 1613 1579 id
1628 1553 1708 1580 etiam
1723 1553 1757 1581 de
1769 1561 1852 1582 uxore

1058 1594 1122 1628 dici,
1135 1599 1284 1630 opportune
1297 1595 1364 1623 hanc
1377 1596 1526 1624 cautionem
1543 1597 1644 1625 induxit
1661 1607 1667 1624 :
1683 1605 1738 1626 uno
1747 1603 1850 1627 tantum

1059 1639 1148 1673 modo,
1160 1648 1210 1668 nec
1222 1640 1274 1668 alio
1286 1641 1378 1676 quovis
1388 1641 1545 1676 permittens
1555 1642 1628 1669 illam
1643 1643 1793 1678 repudiare.
1805 1639 1851 1674 53.

1058 1687 1156 1714 Iterum
1170 1687 1276 1715 audistis
1291 1688 1350 1723 quia
1366 1688 1461 1715 dictum
1473 1693 1509 1715 est
1524 1689 1633 1724 antiquis
1652 1696 1662 1717 :
1677 1689 1736 1717 Non
1752 1692 1852 1726 pejora-

1058 1733 1095 1760 bis
1109 1741 1118 1759 :
1132 1733 1220 1760 reddes
1231 1738 1314 1760 autem
1326 1732 1435 1760 Domino
1444 1734 1592 1768 juramenta
1603 1739 1656 1761 tua.
1675 1735 1720 1763 54.
1732 1735 1788 1771 Ego
1806 1744 1852 1762 aut

1059 1784 1106 1805 tem
1118 1779 1173 1805 dico
1187 1778 1264 1811 vobis,
1276 1787 1326 1806 non
1333 1779 1424 1813 jurare
1437 1780 1549 1806 omnino.
1566 1780 1619 1807 Cur
1632 1788 1684 1808 non
1699 1782 1787 1809 statim
1803 1790 1850 1810 ve-

1058 1823 1097 1851 nit
1115 1823 1148 1851 ad
1161 1823 1269 1856 furtum,
1293 1824 1338 1852 sed
1358 1824 1390 1852 ad
1413 1824 1506 1853 falsum
1529 1826 1719 1861 testimonium,
1736 1827 1852 1864 illudque

1058 1870 1209 1897 mandatum
1218 1870 1381 1905 przeterivit?
1390 1871 1520 1904 Quoniam
1532 1873 1577 1907 qui
1586 1871 1698 1905 furatur,
1709 1873 1852 1908 aliquando

1054 1915 1143 1950 jurat;
1168 1916 1213 1951 qui
1239 1923 1302 1943 vero
1326 1924 1412 1951 neque
1430 1917 1522 1952 jurare
1541 1925 1627 1952 neque
1647 1920 1753 1947 mentiri
1767 1921 1850 1953 novit,

1058 1961 1140 1988 multo
1159 1961 1242 1996 magis
1257 1968 1273 1988 a
1288 1960 1357 1988 furto
1370 1961 1523 1990 abstinebit.
1541 1963 1631 1997 itaque
1645 1972 1693 1999 per
1705 1964 1756 1992 hoc
1770 1966 1848 1993 etiam

1057 2006 1120 2034 illud
1135 2012 1270 2041 peccatum
1282 2007 1376 2034 evertit
1391 2017 1397 2034 :
1413 2016 1472 2034 nam
1484 2010 1648 2036 mendacium
1662 2019 1695 2037 ex
1711 2011 1779 2038 l'urto
1792 2013 1849 2040 ori-

1058 2057 1109 2079 tur.
1124 2052 1191 2086 Quid
1206 2057 1294 2079 aulcm
1309 2058 1365 2084 est,
1384 2052 1483 2080 Reddas
1505 2053 1614 2081 Domino
1624 2056 1770 2090 juranmtla
1787 2058 1851 2084 tua?

1057 2098 1083 2125 Id
1096 2103 1147 2130 est,
1162 2098 1258 2126 Iurans
1272 2105 1362 2126 verum
1378 2098 1459 2126 dices.
1476 2098 1531 2134 Ego
1545 2106 1627 2127 autem
1638 2101 1694 2128 dico
1708 2102 1785 2134 vobis,
1798 2111 1848 2129 non

1051 2145 1142 2179 jurare
1155 2144 1267 2170 omnino.

1091 2190 1146 2217 5-6.
1158 2190 1258 2217 Deinde
1266 2190 1389 2225 utmagis
1405 2190 1541 2225 magisque
1555 2194 1658 2218 avertat
1680 2199 1737 2225 eos,
1753 2200 1787 2220 ne
1801 2199 1850 2228 per

1058 2236 1138 2263 Deum
1155 2235 1255 2270 jurcnt,
1271 2236 1316 2265 ait,
1338 2235 1427 2270 Neque
1440 2244 1484 2271 per
1497 2237 1595 2269 castum,
1612 2238 1670 2271 quia
1683 2237 1788 2264 thronus
1802 2237 1850 2266 οτι

1056 2286 1092 2308 est
1108 2289 1117 2308 :
1137 2281 1179 2309 55.
1204 2289 1282 2316 neque
1294 2289 1338 2315 per
1355 2286 1456 2313 terram,
1473 2282 1532 2316 quia
1553 2283 1690 2309 scabellum
1706 2290 1742 2310 est
1758 2287 1849 2318 pedum

1056 2329 1127 2363 ejus;
1141 2335 1219 2362 neque
1233 2335 1277 2361 per
1289 2326 1439 2358 Jerusalem,
1454 2328 1513 2361 quia
1525 2328 1612 2354 civitas
1625 2332 1659 2355 est
1672 2329 1759 2364 magni
1773 2331 1848 2365 regis.

1056 2374 1094 2401 Ex
1109 2372 1244 2407 prophetis
1258 2372 1344 2399 adhuc
1357 2372 1482 2407 loquitur,
1498 2377 1524 2399 et
1537 2373 1652 2400 ostendit
1665 2381 1694 2401 sc
1715 2382 1766 2401 non
1781 2375 1849 2401 anti-

1055 2421 1115 2456 quis
1124 2420 1275 2452 atlversari;
1291 2427 1351 2446 nam
1363 2420 1388 2446 in
1405 2427 1479 2447 more
1493 2420 1545 2447 illis
1557 2425 1615 2448 erat
1629 2428 1678 2456 per
1703 2421 1761 2449 hmc
1772 2422 1845 2457 jura-

1055 2475 1095 2501 re,
1107 2471 1133 2494 et
1144 2468 1169 2494 in
1181 2467 1232 2494 fmc
1242 2466 1319 2502 hujus
1329 2466 1464 2502 Evangelii
1477 2466 1547 2494 hunc
1555 2466 1636 2495 fuisse
1646 2475 1749 2496 morem
1757 2474 1847 2497 osten-

1055 2513 1103 2540 dit.
1115 2512 1154 2540 Tu
1173 2519 1238 2539 vero
1259 2511 1324 2539 mihi
1344 2511 1483 2539 considera
1498 2512 1567 2539 unde
1582 2513 1692 2540 extollat
1705 2513 1846 2542 elementa.

1055 2557 1112 2584 Non
1125 2565 1157 2584 ex
1173 2557 1277 2591 propria
1292 2561 1398 2589 natura;
1413 2557 1460 2584 sed
1476 2565 1508 2584 ex
1521 2558 1567 2585 Dei
1582 2565 1644 2593 erga
1659 2558 1790 2586 elementa
1805 2561 1846 2586 af-

1054 2601 1124 2630 fectu
1139 2601 1255 2629 demisse
1268 2607 1294 2628 et
1304 2602 1450 2630 secundum
1463 2607 1569 2638 captum
1581 2609 1700 2631 nostrum
1709 2611 1843 2638 expresso.

1053 2649 1118 2683 Quia
1128 2648 1198 2675 enim
1211 2647 1292 2674 multa
1303 2652 1360 2674 erat
1370 2648 1525 2676 idololatriae
1536 2649 1665 2684 tyrannis,
1677 2657 1711 2677 ne
1721 2650 1846 2678 videren-

1053 2700 1096 2722 tur
1108 2696 1241 2723 elementa
1253 2702 1287 2721 ex
1301 2701 1331 2721 se
1344 2694 1498 2722 honoranda
1513 2702 1584 2727 esse,
1597 2696 1664 2723 hanc
1679 2704 1758 2730 quam
1776 2697 1846 2723 dixi-

1052 2749 1111 2768 mus
1125 2748 1232 2768 causam
1246 2740 1343 2774 posuit,
1360 2747 1504 2775 rursusque
1518 2740 1552 2768 ad
1564 2741 1612 2768 Dei
1623 2741 1734 2776 gloriam
1758 2747 1846 2768 trans.

1053 2788 1109 2815 ivit.
1123 2787 1212 2822 Neque
1235 2786 1306 2814 enim
1328 2785 1403 2817 dixit.
1420 2785 1485 2820 Quia
1508 2786 1646 2820 pulchruut
1669 2794 1846 2822 magnumque

1052 2834 1146 2863 c:elum
1163 2837 1214 2866 est,
1240 2839 1335 2868 neque,
1351 2831 1418 2864 Quia
1433 2831 1502 2859 utilis
1524 2837 1612 2865 terra;
1635 2832 1694 2866 sed,
1708 2832 1773 2865 Quia
1799 2827 1845 2856 Dei
