2067 3132
208 77 257 107 201

209 136 282 163 κατά
293 133 343 170 τῆς
357 133 480 169 κεφαλῆς
503 133 628 168 ὀμνύναιν
657 133 704 159 καὶ
727 131 782 167 γὰρ
803 132 837 159 ἂν
858 131 906 159 καὶ
926 130 1007 163 αὐτὸς

209 175 414 214 προσεκυνήθη·
430 175 499 203 ἀλλὰ
512 175 562 210 τὴν
578 175 657 207 δόξαν
671 175 718 202 ἐπὶ
732 175 778 201 τὸν
798 174 866 201 Θεὸν
885 173 1006 208 ἀνάγων,

210 220 257 246 καὶ
276 218 383 249 δεικνὺς
399 218 440 244 ὅτι
455 217 516 244 οὐδὲ
529 216 628 244 σαυτοῦ
649 214 675 243 εἴ
697 216 804 251 κύριος,
830 215 928 242 οὐκοῦν
945 214 1007 241 οὐδὲ

208 260 264 288 τῶν
280 259 351 287 κατὰ
363 259 414 294 τῆς
425 258 546 294 κεφαλῆς
562 259 661 294 ὅρκων.
675 258 707 284 Εἰ
718 258 774 293 γὰρ
793 257 824 284 τὸ
838 256 945 284 παιδίον
958 256 1009 283 οὐκ

211 304 245 330 ἄν
261 311 303 333 τις
317 301 375 336 δοίη
390 300 420 328 τὸ
434 299 530 327 ἑαυτοῦ
554 300 651 336 ἑτέρῳ,
672 298 764 335 πολλῷ
787 298 888 335 μᾶλλον
905 298 920 324 ὁ
942 298 1009 330 Θεὸς

211 344 241 370 τὸ
254 343 333 379 ἔργον
345 342 376 369 τὸ
386 341 485 369 ἐαυτοῦ
499 341 529 368 οὐ
549 340 700 377 προήσεταί
715 349 767 367 σοι.
782 341 816 367 Ei
830 340 885 376 γὰρ
905 340 952 367 καὶ
975 339 1008 375 σὴ

211 386 228 421 ἠ
246 384 363 420 κεφαλὴ,
376 383 436 411 ἀλλ’
451 383 544 419 ἐτέρου
565 382 596 409 τὸ
612 382 718 418 κτῆμα·
738 382 786 409 καὶ
802 381 930 409 τοσοῦτον
955 382 1010 417 ἀφ-

212 428 331 462 έστηκας
346 425 394 453 τοῦ
410 425 505 461 κύριος
523 423 604 457 εἶναι,
619 425 659 451 ὅτι
677 424 738 451 ούδέ
755 424 786 451 τὸ
805 423 916 451 πάντων
929 423 1010 459 ἔσχα-

210 477 257 495 τον
271 467 443 504 ἐργάσασθαι
463 467 492 493 ἐν
512 466 582 502 αὐτῇ
609 465 723 502 δυνήσῃ.
742 466 779 492 Οΰ
794 465 850 501 γὰρ
868 463 956 497 εἶπεν,
971 465 1009 492 Οὐ

211 511 326 538 δύνασαι
339 509 491 543 ἐξενεγκεῖν
508 508 601 544 τρίχα·
624 507 694 540 ἀλλ’,
709 507 777 535 Οὐδὲ
796 506 909 540 ἀλλάξαι
925 507 1011 541 αὐτῆς

211 553 262 588 τὴν
278 551 420 587 ποιότητα.
448 551 481 577 Τί
505 548 561 582 οὖν,
576 549 610 577 ἂν
624 550 728 586 ἀπαιτῇ
753 558 796 582 τις
812 549 905 585 ὅρκον.
932 549 1009 585 φησὶ,

212 595 260 621 καὶ
272 594 397 628 ἀνάγκην
412 592 519 629 ἐπάγῃς
535 593 564 618 '0
579 592 627 619 τοῦ
638 591 706 619 Θεοῦ
724 591 807 627 φόϐος
821 592 871 627 τῆς
886 591 1011 626 ἀνάγκης

212 636 284 663 ἔστω
296 634 490 670 δυνατώτερος.
509 634 586 660 Ἐπεὶ
598 635 624 661 εί
635 634 744 670 μέλλοις
755 633 883 666 τοιαύτας
893 633 1012 669 προϐάλ-

212 678 307 705 λεσθαι
322 677 485 713 προφάσεις,
496 676 572 704 οὐδὲν
586 677 714 711 φυλάξεις
727 677 782 704 τῶν
798 676 1010 712 ἐπιταχθέντων.

213 720 271 747 Kal
285 720 340 757 γὰρ
358 719 405 746 καὶ
426 719 473 746 ἐπὶ
488 718 539 754 τῆς
559 719 689 753 γυναικὸς
714 719 788 754 ἐρεῖς
800 726 807 734 ·
827 718 860 745 Τί
881 716 938 751 οὖν,
964 718 1012 746 ἐὰν

215 762 335 798 μάχιμος
350 760 368 798 ᾖ
381 761 429 788 καὶ
443 761 604 797 δωπανηρά;
616 761 672 788 Kal
686 760 733 788 ἐπὶ
745 760 793 787 τοῦ
809 760 950 796 ὀφθαλμοῦ
962 759 1010 787 τοῦ

213 802 312 838 δεξιοῦ·
329 803 361 830 Τί
376 801 434 834 οῦν,
451 803 499 830 ἐὰν
515 803 585 839 φιλῶ
607 803 630 819 ¹⁶
649 802 741 836 αὐτὸν,
765 802 814 829 καὶ
827 802 1011 838 διακαίωμαι;

191 873 194 876 ,
214 846 271 873 Kal
286 845 334 872 ἐπὶ
352 845 405 880 τῆς
422 845 510 880 ὅψεως
521 845 572 881 τῆς
593 844 755 872 ἀκολάστου·
771 845 805 871 Τί
827 842 885 878 οῦν,
906 844 953 871 ἐὰν
974 844 1012 880 μὴ

215 888 339 924 δύνωμαι
356 887 393 923 μὴ
409 887 477 923 ὁρᾷν
490 887 531 920 ¹⁷;
545 886 601 914 Καὶ
614 887 660 914 ἐπὶ
677 887 726 923 τῆς
742 886 811 923 πρὸς
829 886 875 913 τὸν
895 885 1011 921 ἀδελφὺν

214 930 311 966 ὀργῆς·
330 930 364 957 Τί
386 927 443 962 οὖν,
469 928 517 956 ἐὰν
540 929 681 965 προπετὴς
705 926 739 961 ὧ,
760 929 807 955 καὶ
827 928 865 964 μὴ
890 928 1012 963 δύνωμαι

215 973 339 1008 γλώττης
353 974 480 1008 κρατεῖν;
496 973 544 999 καὶ
557 973 645 1000 πάντα
654 971 754 1004 ιὰπλῶς
771 972 842 999 οὕτω
855 972 1013 1007 καταπατή-

216 1024 275 1048 σεις
288 1014 322 1042 τὰ
336 1014 481 1051 εἰρημένα.
499 1014 631 1049 Καίτοιγε
652 1014 700 1041 ἐπὶ
721 1013 777 1040 τῶν
791 1012 882 1048 νόμων
898 1013 952 1040 τῶν
968 1013 1012 1040 ἀν-

215 1057 360 1094 θρωπίνων
388 1056 508 1092 οὐδαμοῦ
535 1056 615 1084 τοῦτο
639 1056 742 1092 τολμᾷς
765 1054 951 1091 προϐαλέσθαι
976 1055 1010 1087 ’⁸,

214 1100 275 1126 οὐδὲ
291 1099 389 1126 εἰπεῖν’
409 1099 442 1126 Τί
465 1096 521 1130 οὖν,
540 1099 588 1126 ἐὰν
608 1098 640 1125 τὸ
660 1098 710 1125 καὶ
733 1097 780 1131 τό;
794 1096 868 1124 ἀλλὰ
879 1097 928 1124 καὶ
940 1097 1011 1124 ἑκὼν

215 1142 262 1169 καὶ
276 1141 350 1169 ἄκων
363 1141 500 1177 καταδέχῃ
515 1141 549 1168 τὰ
563 1140 756 1176 γεγραμμένα.
770 1140 876 1171 Ἄλλως
894 1140 934 1173 δὲ,
950 1139 1012 1167 οὒδέ

215 1184 340 1219 ἀνάγκην
354 1184 497 1219 ὐποστήσῃ
511 1184 587 1210 ποτέ.
605 1183 634 1210 Ὁ
647 1182 702 1218 γὰρ
718 1182 774 1209 τῶν
789 1182 945 1218 ἔμπροσθεν
960 1191 1011 1217 μα·

215 1225 360 1262 καρισμῶν
374 1225 506 1257 ἀκούσας,
529 1226 575 1252 καὶ
593 1225 714 1252 τοιοῦτον
726 1224 821 1252 ἑαυτὸν
834 1224 1012 1260 παρασκευάς

216 1276 277 1299 σας,
290 1264 346 1294 οἷον
359 1267 492 1299 ἐπέταξεν
507 1268 522 1294 6
538 1267 668 1303 Χριστὸς,
682 1266 811 1302 οὐδεμίαν
828 1267 894 1302 παρ’
905 1266 1012 1298 οὐδενὸς

216 1310 402 1345 ὑποστήσεται
415 1308 543 1343 τοιαύτην
559 1309 694 1344 ἀνάγκην,
715 1308 855 1344 αἰδέσιμος
874 1308 913 1335 ὢν
935 1308 1011 1344 παρὰ

216 1352 284 1378 πᾶσι
307 1351 355 1377 xal
381 1351 490 1386 σεμνός.
505 1351 602 1377 Ἔστω
620 1349 654 1376 δὲ
671 1349 742 1384 ὑμῖν
765 1350 787 1367 ’³
816 1350 849 1377 τὸ
872 1350 932 1383 ναί,
950 1350 1010 1383 να),

215 1392 313 1420 καὶτὸ
335 1392 382 1423 οὒ,
406 1393 453 1419 οὔ·
477 1392 510 1419 τὸ
535 1391 570 1418 δὲ
595 1392 744 1426 περισσὸν
765 1392 879 1419 τούτων
899 1392 934 1419 ἐκ
958 1392 1011 1419 τοῦ

216 1435 352 1469 πονηροῦ
365 1434 441 1462 ἐστι.
455 1434 488 1461 Τί
502 1431 548 1461 οὖν
562 1434 620 1460 ἐστι
638 1434 668 1460 τὸ
688 1433 817 1469 περισσὸν
836 1434 884 1461 τοῦ
899 1434 949 1461 ναί
964 1434 1012 1461 καὶ

214 1476 262 1504 τοῦ
278 1477 333 1510 οὕ;
350 1476 380 1504 ’0
393 1477 484 1513 ὅρκος,
508 1477 539 1503 οὺ
554 1476 584 1503 τὸ
604 1476 752 1512 ἐπιορκεῖν.
771 1477 875 1503 Ἐκεῖνο
896 1477 950 1511 γὰρ
964 1476 1012 1503 καὶ

215 1519 428 1554 ὡμολογημένον
441 1519 511 1551 ἐστὶ,
525 1518 573 1545 καὶ
586 1517 674 1550 οὐδεὶς
692 1518 779 1545 δεῖται
800 1518 907 1553 μαθεῖν,
919 1519 959 1545 δτι
980 1519 1012 1544 ἐκ

217 1561 267 1588 τοῦ
287 1560 407 1597 πονηροῦ
430 1561 500 1591 ἐστι,
520 1560 568 1586 καὶ
584 1560 615 1587 οὐ
635 1560 772 1595 περιττὸν,
796 1560 853 1587 ἀλλ’
871 1560 1010 1587 ἐναντίον·

214 1604 246 1630 τὸ
257 1603 285 1630 δὲ
300 1603 437 1638 περιττὸν,
456 1603 487 1629 τὸ
504 1602 585 1628 πλέον
598 1602 645 1628 καὶ
658 1602 690 1628 ἐκ
702 1602 863 1638 περιουσίας
882 1602 1008 1638 προσκεί‹

219 1655 310 1681 μενον,
328 1646 397 1680 ὅπερ
418 1645 491 1672 ἐστὶν
511 1646 526 1671 6
547 1645 636 1680 ὅρκος.
659 1644 693 1670 Τί
712 1642 769 1677 οὖν,
795 1644 889 1679 φησὶν,
907 1645 940 1671 ἐκ
962 1644 1011 1671 τοῦ

217 1686 337 1723 πονηροῦ
350 1684 384 1722 ἦν
397 1687 419 1702 ³³
433 1696 440 1716 ;
458 1687 505 1713 καὶ
518 1687 543 1712 εί
558 1687 590 1713 ἐκ
603 1685 650 1712 τοῦ
673 1686 793 1721 πονηροῦ
806 1684 851 1722 ἦν,
863 1686 921 1718 πῶς
931 1687 1012 1722 νόμος

215 1726 268 1764 ἧν;
283 1729 320 1755 Τὸ
335 1728 400 1755 αὐτὸ
417 1728 449 1764 δὴ
466 1728 546 1754 τοῦτο
563 1728 611 1754 καὶ
626 1728 691 1763 περὶ
707 1727 757 1763 τῆς
773 1728 902 1762 γυναικὸς
922 1729 1010 1764 ἐρεῖς·

217 1770 276 1802 πῶς
293 1770 399 1805 μοιχεία
413 1769 461 1797 νῦν
477 1769 634 1805 νενόμισται
649 1769 679 1795 τὸ
698 1770 829 1804 πρότερον
846 1770 1013 1805 ἐπιτετραμ-

218 1813 315 1847 μένον;
332 1812 365 1838 Τί
388 1809 434 1838 οὗν
453 1811 522 1847 πρὸς
546 1811 634 1838 ταῦτα
653 1811 728 1837 ἐστιν
753 1812 856 1844 είπεῖν;
878 1810 941 1839 Ὅτι
961 1811 1013 1846 τῆς

217 1854 359 1885 ἀσθενείας
367 1853 422 1880 τῶν
437 1853 589 1888 δεχομένων
602 1853 666 1885 τοὺς
675 1853 774 1888 νόμους
787 1851 821 1889 ἦν
830 1853 865 1880 τὰ
877 1854 1012 1889 λεγόμενα

216 1896 278 1923 τότε
289 1904 296 1911 ·
313 1895 375 1922 ἐπεὶ
389 1895 477 1922 καὶτὸ
496 1896 594 1931 κνίσσῃ
609 1894 810 1931 θεραπεύεσθαι
829 1895 932 1932 σφόδρα
947 1896 1012 1922 ἀνά-

218 1938 273 1970 ξιον
287 1936 367 1969 Θεοῦ,
388 1936 483 1972 ὥσπερ
496 1937 544 1963 καὶ
566 1936 597 1963 τὺ
617 1936 753 1971 ψελλίζειν
774 1937 883 1970 ἀνάξιον
903 1937 1012 1972 φιλοσό-

218 1988 280 2014 φου.
298 1979 414 2015 Μοιχεία
427 1979 517 2005 τοίνυν
535 1978 665 2013 ἐνομίσθη
689 1978 737 2005 νῦν
756 1979 787 2005 τὸ
808 1979 940 2012 τοιοῦτον,
964 1979 1012 2006 καὶ

217 2023 251 2048 ἐκ
262 2021 309 2048 τοῦ
323 2019 444 2056 πονηροῦ
460 2019 491 2047 τὺ
503 2019 629 2056 ὀμνύναι,
642 2020 687 2046 ὅτε
699 2020 821 2047 ἐπέδωκε
833 2021 867 2047 τὰ
884 2021 933 2056 τῆς
946 2021 1011 2056 ἀρε-

216 2064 278 2098 τῆς.
296 2063 328 2089 Εἰ
342 2062 371 2089 δὲ
385 2061 510 2090 διαϐόλου
527 2062 614 2089 ταῦτα
633 2061 662 2095 ἐξ
678 2062 765 2097 ἀρχῆς
776 2060 847 2098 ἦσαν
857 2063 945 2098 νόμοι,
961 2064 1012 2090 οὐκ

217 2105 251 2132 ἂν
265 2104 390 2131 τοσοῦτον
408 2104 429 2120 ³¹
448 2103 645 2139 κατώρθωσαν.
670 2104 724 2131 Kal
739 2104 794 2140 γὰρ
817 2105 841 2131 εί
864 2105 901 2140 μὴ
919 2105 1012 2132 ἐκεῖνα

217 2147 327 2182 πρῶτον
341 2146 524 2183 προέδραμεν,
550 2146 601 2173 οὐκ
618 2145 651 2172 ἂν
673 2145 760 2178 οὕτως
783 2146 901 2178 εὐκόλως
914 2146 1011 2182 ἐδέχθη

216 2190 251 2216 τὰ
263 2189 320 2216 νῦν.
336 2190 381 2224 Μὴ
402 2189 491 2216 τοίνυν
511 2188 600 2215 αὐτῶν
613 2188 723 2216 άταίτει
737 2187 787 2223 τὴν
799 2188 900 2224 ἀρετὴν
917 2188 965 2216 νῦν
976 2189 1010 2221 “,

217 2232 261 2257 ὅτε
280 2231 418 2266 παρῆλθεν
436 2230 525 2257 αὐτῶν
542 2232 558 2266 ἡ
576 2238 665 2266 χρειω
684 2230 752 2256 ἀλλὰ
765 2230 837 2262 τότε,
855 2230 900 2257 ὅτε
916 2231 931 2257 ὁ
948 2239 1010 2258 και-

219 2273 264 2308 ρὸς
281 2273 351 2299 αὐτὰ
364 2272 441 2309 [εὶὸὒ]
458 2272 560 2299 ἐκάλει·
581 2272 680 2307 μᾶλλον
695 2271 734 2305 δὲ,
748 2272 771 2298 εί
783 2271 883 2307 βούλει,
895 2273 942 2300 καὶ
952 2273 1009 2300 νῦν.

217 2315 272 2341 Καὶ
286 2314 341 2350 γὰρ
361 2315 409 2341 καὶ
428 2314 476 2340 νῦν
497 2315 514 2349 ἡ
535 2313 620 2349 ἀρετὴ
640 2313 730 2340 αὐτῶν
754 2313 900 2347 δείκνυται,
924 2313 947 2329 ³⁸
963 2315 1011 2341 καὶ

216 2356 250 2382 δι’
262 2357 327 2383 aLth
339 2355 418 2382 τοῦτο
435 2355 561 2391 μάλιστα,
576 2355 610 2382 δι’
624 2355 639 2381 ὂ
652 2356 718 2391 παρ’
733 2355 811 2391 ἡμῶν
827 2356 1009 2384 διαϐάλλεται.

216 2398 254 2424 Ίὸ
267 2398 322 2433 γὰρ
330 2398 442 2424 τοιαῦτα
454 2397 525 2424 αὐτὰ
537 2397 680 2433 φαίνεσθαι
696 2396 754 2429 νῦν,
769 2397 907 2432 ἐγκώμιον
920 2397 1010 2424 αὐτῶν

217 2440 346 2474 μέγιστόν
362 2441 445 2467 ἐστιν.
467 2440 499 2466 El
513 2439 568 2474 γὰρ
585 2439 622 2474 μὴ
637 2439 729 2471 καλῶς
742 2440 817 2474 ἡμᾶς
837 2440 944 2475 ἔθρεψε,
961 2441 1010 2467 καὶ

217 2482 286 2516 πρὸς
300 2481 349 2516 τὴν
364 2481 419 2507 τῶν
438 2481 571 2517 μειζόνων
585 2480 718 2517 ὑποδοχὴν
730 2480 899 2516 ἐπιτηδείους
914 2481 1010 2516 ἐποίηο

199 2521 208 2557 ς
218 2533 273 2555 σεν,
286 2524 337 2550 οὐκ
348 2523 381 2550 ἂν
397 2523 483 2559 ἐφάνη
496 2524 729 2559 τοιαῦτα.’Ὢσπερ
740 2521 809 2550 οῦνὸ
822 2523 933 2558 μαστὸς,
945 2524 1010 2551 ὃταν

210 2566 245 2613 ῑτὸ
265 2565 347 2592 αὐτοῦ
375 2565 507 2602 πληρώσῃ
531 2567 596 2597 πᾶν,
623 2566 671 2593 καὶ
690 2566 759 2601 πρὸς
774 2566 824 2602 τὴν
841 2566 1010 2601 τελειοτέραν

207 2606 357 2647 ξτράπεζαν
379 2607 410 2633 τὺ
427 2607 534 2634 παιδίον
549 2608 736 2644 παραπέμπη,
759 2607 851 2634 λοιπὸν
872 2607 1009 2643 ἄχρηστος

206 2646 353 2682 ’⁷φαίνεται,
368 2649 416 2675 καὶ
435 2649 459 2675 oi
479 2650 611 2685 πρότερον
624 2650 773 2684 ἀναγκαῖον
787 2650 869 2676 αὐτὸν
882 2648 952 2676 εἶναι
967 2658 1010 2676 νο-

217 2690 342 2725 μίζοντες
365 2691 405 2726 τῷ
430 2692 529 2727 παιδίῳ
545 2693 642 2726 γονεῖς,
666 2691 774 2727 μυρίοις
795 2692 877 2719 αὐτὸν
896 2692 1008 2719 διαϐάλ-

555 76 584 104 S.
605 74 750 105 JOANNIS
768 72 1018 104 CHRYSOSTOMI
1037 72 1199 103 ARCHlEP.
1218 71 1496 102 CONSTANTINOP.

1799 74 1853 103 262

1058 129 1134 156 λουσι
1150 128 1309 165 σκώμμασι·
1321 128 1416 156 πολλοὶ
1429 129 1457 156 δὲ
1469 128 1530 156 οὐδὲ
1544 130 1665 165 ῥήμασιν
1675 129 1758 157 αὐτὸν
1773 131 1856 166 μόνον

1057 170 1258 204 διαϐάλλουσιν,
1278 170 1347 198 ἀλλὰ
1368 171 1417 198 καὶ
1440 172 1549 207 πικροῖς
1570 172 1725 208 ἐπιχρίουσι
1746 173 1770 190 ³⁸
1786 183 1857 210 φαρ‹

1060 213 1169 249 μάκοις,
1184 213 1216 240 ἵν’
1230 213 1296 240 ὅταν
1320 213 1359 249 μὴ
1376 212 1473 249 ἰσχύσῃ
1486 213 1521 241 τὰ
1535 214 1647 249 ῥήματα
1669 214 1719 250 τὴν
1740 215 1857 251 ἄκαιρον

1059 255 1124 290 περὶ
1138 254 1220 282 αὑτὸν
1236 254 1356 282 διάθεσιν
1382 254 1488 282 ἀνελεῖν
1504 255 1552 282 τοῦ
1577 255 1698 289 παιδίου,
1714 256 1749 284 τὰ
1765 258 1856 293 πράγ-

1060 306 1135 333 ματα
1149 297 1234 333 σϐέσῃ
1249 296 1295 323 τὸν
1315 296 1409 324 πόθον.

1096 342 1134 372 ς’.
1144 339 1223 378 Οὕτω
1236 339 1305 366 καὶὸ
1316 339 1434 374 Χριστὸς
1443 340 1475 366 ἐκ
1490 340 1538 367 τοῦ
1549 339 1668 376 πονηροῦ
1679 340 1749 368 αὐτὰ
1756 340 1857 377 ἔφησεν

1060 380 1141 413 εἶναι,
1156 382 1206 417 οὺχ
1219 381 1262 408 ἴνα
1275 381 1348 417 δείξῃ
1364 381 1411 408 τοῦ
1424 382 1548 409 διαϐόλου
1563 382 1614 418 τὴν
1628 382 1747 410 παλαιὰν
1761 382 1854 417 οὖσαν,

1060 422 1176 450 ἀλλ’ἵνα
1191 422 1261 459 μετὰ
1281 423 1382 458 πολλῆς
1396 423 1447 458 τῆς
1472 424 1627 460 ὑπερϐολῆς
1651 425 1782 461 ἀπαγάγῃ
1805 426 1858 461 τῆς

1061 464 1182 496 παλαιᾶς
1197 464 1345 496 εὐτελείας.
1364 465 1420 491 Kal
1440 465 1510 501 πρὸς
1528 466 1577 501 μὲν
1594 466 1693 498 αὐτοὺς
1714 466 1801 494 ταῦτα
1814 467 1856 494 λέ-

1061 515 1116 542 γει·
1133 507 1180 534 ἐπὶ
1200 506 1229 534 δὲ
1249 507 1305 534 τῶν
1327 507 1501 542 ἀναισθήτων
1520 508 1669 541 Ἰουδαίων,
1693 509 1741 536 καὶ
1758 510 1856 544 ἐπιμε-

1061 550 1162 577 νόντων
1184 550 1242 582 τοῖς
1267 550 1370 581 αὐτοῖς,
1402 549 1529 587 καθάπερ
1554 551 1654 587 πικρίᾳ
1675 552 1729 579 τινὶ
1751 552 1791 587 τῷ
1807 553 1858 588 τῆς

1062 591 1253 627 αἰχμαλωσίας
1283 592 1359 628 φόϐῳ
1384 592 1435 628 τὴν
1454 592 1532 620 πόλιν
1557 593 1729 629 περιχρίσας,
1756 595 1858 623 ἄϐατον

1062 634 1199 669 ἐποίησεν.
1219 634 1328 670 Ἐπειδὴ
1345 634 1373 662 δὲ
1389 634 1450 662 οὐδὲ
1465 634 1544 662 τοῦτο
1557 636 1668 671 ἴσχυσεν
1682 637 1780 669 αὐτοὺς
1794 646 1858 664 κατ-

1063 675 1145 710 έχειν,
1156 673 1224 701 ἀλλὰ
1233 674 1314 701 πάλιν
1329 674 1415 711 αὐτὴν
1426 675 1580 711 ἐπεθύμουν
1597 675 1671 709 ἰδεῖν,
1686 675 1780 712 ὥσπερ
1791 686 1857 704 παι-

1063 716 1119 743 δίον
1140 716 1188 742 ἐπὶ
1210 715 1260 752 τὴν
1290 716 1375 752 θηλὴν
1401 717 1627 753 κατατρέχοντες,
1651 718 1743 745 τέλεον
1772 719 1857 755 αὐτὴν

1062 758 1215 793 ἀπέκρυψε,
1244 758 1366 786 καθελών
1389 767 1419 786 τε
1447 759 1545 795 αὐτὴν,
1573 761 1621 787 καὶ
1642 760 1705 793 τοὺς
1730 761 1858 794 πλείονας

1062 800 1159 836 πόῤῥω
1177 800 1280 835 ταύτης
1306 800 1469 835 ἀπαγαγών·
1494 801 1622 838 καθάπερ
1641 803 1689 829 ἐπὶ
1708 803 1762 830 τῶν
1788 804 1857 839 βοῶν

1063 843 1155 869 ττολλολ¹
1178 844 1228 874 τὰς
1247 843 1377 879 δαμάλεις
1398 844 1601 876 ἀποκλείοντες,
1623 845 1663 880 τῷ
1690 846 1778 881 χρόνῳ
1797 847 1857 873 πεί-

1062 884 1155 918 θουσιν
1178 885 1331 921 ἀποστῆναι
1353 886 1404 920 τῆς
1428 886 1548 917 παλαιᾶς
1572 887 1618 913 τοῦ
1642 887 1778 921 γάλακτος
1793 897 1855 915 συν-

1061 927 1166 962 ηΟΞίας.
1183 928 1216 954 Εἰ
1234 927 1261 953 δὲ
1277 927 1324 953 τοῦ
1343 927 1467 954 διαϐόλου
1482 925 1516 963 ἦν
1531 929 1546 963 ὴ
1563 929 1679 961 Παλαιὰ,
1697 930 1746 956 οὐκ
1762 930 1794 956 ἂν
1808 931 1857 965 τῆς

1062 969 1285 1005 εἰδωλολατρείας
1309 969 1464 1005 ἀπήγαγεν,
1487 970 1555 996 ἀλλὰ
1580 971 1738 998 τούναντίον
1760 972 1856 1007 ἐνῆγεν

1061 1010 1094 1037 ἂν
1111 1011 1150 1042 είς
1165 1011 1249 1046 αὐτὴν
1266 1011 1313 1037 καὶ
1332 1011 1456 1037 ἐνέϐαλλε
1474 1012 1513 1027 π’
1536 1011 1615 1038 τοῦτο
1631 1013 1685 1048 γὰρ
1702 1014 1715 1039 ό
1731 1013 1856 1045 διάϐολος

1061 1052 1151 1087 ἤθελε.
1168 1053 1225 1079 Νῦν
1246 1052 1275 1079 δὲ
1294 1053 1450 1080 τούναντίον
1467 1053 1576 1089 ὁρῶμεν
1594 1054 1648 1081 ὑπὸ
1671 1056 1722 1089 τῆς
1736 1056 1857 1088 Παλαιᾶς

1062 1094 1214 1130 γινόμενον.
1229 1094 1285 1121 Καὶ
1311 1094 1378 1121 αὐτὸ
1396 1095 1426 1121 δέ
1445 1095 1535 1127 τοῦτο,
1551 1096 1566 1123 6
1589 1096 1680 1132 ὅρκος,
1695 1097 1726 1124 τὸ
1743 1098 1857 1124 παλαιὸν

1061 1135 1106 1163 διὰ
1122 1135 1202 1163 τοῦτο
1226 1135 1420 1172 ἐνομοθετήθη,
1442 1137 1486 1163 ἵνα
1507 1137 1545 1173 μὴ
1569 1138 1640 1165 κατὰ
1663 1139 1717 1165 τῶν
1739 1140 1856 1166 είδώλων

1061 1177 1209 1213 ὀμνύωσιν.
1227 1177 1358 1212 Ὀμεῗσθσ
1372 1178 1437 1213 γὰρ,
1458 1179 1538 1214 φησὶ,
1555 1179 1610 1206 τὸν
1623 1181 1699 1207 Θεὸν
1711 1181 1766 1208 τὸν
1779 1182 1856 1214 dhr-

1062 1220 1157 1247 θινόν.
1180 1219 1217 1246 Οὐ
1244 1219 1334 1247 τοίνυν
1352 1221 1439 1255 μικρὰ
1458 1220 1639 1257 κατώρθωσεν
1654 1223 1668 1249 ὁ
1684 1222 1776 1258 νόμος,
1788 1223 1857 1251 ἀλλὰ

1062 1263 1110 1289 καὶ
1123 1262 1225 1298 σφόδρα
1241 1262 1356 1297 μεγάλα.
1373 1263 1410 1289 Τὸ
1425 1263 1479 1299 γὰρ
1495 1263 1541 1290 ἐπὶ
1562 1263 1611 1300 τὴν
1627 1265 1741 1301 στερεὰν
1758 1267 1857 1299 αὐτοὺς

1062 1304 1165 1340 τροφὴν
1187 1304 1285 1336 ἐλθεῖν,
1304 1304 1355 1339 τῆς
1376 1304 1482 1331 ἐκείνου
1500 1306 1619 1341 σπουδῆς
1641 1307 1752 1340 γέγονεν
1766 1308 1855 1343 ἔργον.

1063 1346 1096 1373 Τί
1112 1343 1176 1379 οὗν;
1192 1346 1253 1382 ούχῖ¹
1268 1346 1315 1373 τοῦ
1332 1346 1467 1382 Πονηροῦ,
1483 1348 1576 1383 φησὶν,
1596 1348 1656 1375 ἐστὶ
1670 1349 1701 1375 τὸ
1721 1349 1834 1385 ὀμνύναι
1847 1359 1855 1382 ;

1064 1389 1120 1416 Kal
1136 1388 1239 1423 σφόδρα
1266 1388 1316 1424 μὲν
1332 1386 1379 1415 οὖν
1399 1388 1446 1415 τοῦ
1475 1389 1594 1425 πονηροῦ
1606 1398 1612 1404 ·
1634 1390 1702 1418 ἀλλὰ
1715 1391 1773 1425 νῦν,
1789 1392 1857 1427 μετὰ

1063 1430 1113 1466 τὴν
1127 1430 1264 1466 τοσαύτην
1278 1430 1449 1465 φιλοσοφίαν,
1464 1431 1526 1458 τότε
1539 1432 1568 1458 δὲ
1582 1432 1624 1459 οὔ.
1644 1432 1696 1459 Kal
1711 1434 1767 1466 πῶς
1782 1434 1814 1460 ἂν
1827 1435 1857 1461 τὸ

1063 1471 1131 1499 αὺτδ
1143 1472 1258 1506 γένοιτο,
1273 1472 1350 1508 φησὶ,
1366 1472 1413 1498 νῦν
1428 1472 1478 1508 μὲν
1496 1473 1588 1506 καλὸν,
1605 1474 1654 1501 νῦν
1669 1474 1697 1501 δέ
1711 1476 1741 1501 ού
1758 1475 1855 1508 καλόν;

1071 1513 1141 1548 Ἐγὼ
1150 1514 1181 1541 δὲ
1195 1514 1352 1541 τούναντίον
1363 1514 1444 1548 λέγω·
1461 1515 1520 1546 πῶς
1534 1515 1562 1541 δὲ
1578 1516 1628 1543 οὐκ
1640 1516 1673 1543 ἂν
1688 1517 1792 1551 γένοιτο
1809 1526 1858 1544 κα-

1063 1554 1108 1581 λὸν
1133 1556 1181 1582 καὶ
1203 1555 1234 1582 οὐ
1257 1555 1349 1587 καλὸν,
1363 1556 1418 1582 τῶν
1438 1556 1610 1592 πραγμάτων
1634 1559 1762 1586 ἁπάντων
1788 1560 1858 1586 αὐτὰ

1064 1596 1199 1632 βοώντων,
1212 1597 1267 1624 τῶν
1277 1597 1391 1634 τεχνῶν,
1403 1598 1457 1626 τῶν
1470 1599 1594 1634 καρπῶν,
1608 1600 1663 1627 τῶν
1674 1601 1762 1628 ἄλλων
1773 1602 1858 1629 ἁπάν-

1062 1647 1134 1672 tum;
1147 1640 1219 1675 Ὅρα
1232 1639 1298 1674 γοῦν
1315 1640 1361 1666 ἐπὶ
1375 1640 1425 1675 τῆς
1447 1641 1554 1675 φύσεως
1567 1642 1617 1677 τῆς
1639 1643 1777 1680 ἡμετέρας
1790 1644 1858 1671 αὐτὸ

1063 1683 1173 1718 πρῶτον
1190 1683 1350 1717 συμϐαῖνον.
1372 1683 1410 1710 Τὸ
1427 1683 1482 1719 γὰρ
1506 1683 1688 1719 βαστάζεσθαι
1710 1686 1740 1712 ἐν
1760 1686 1810 1722 μὲν
1823 1688 1856 1722 τῇ

1067 1724 1160 1760 πρώτῃ
1175 1726 1267 1761 ἡλικίᾳ
1284 1726 1375 1756 καλὸν,
1391 1726 1460 1760 μετὰ
1473 1725 1502 1753 δέ
1517 1725 1603 1753 ταῦτα
1617 1726 1749 1763 ὀλέθριονο
1765 1728 1796 1755 τὸ
1813 1736 1858 1763 με-

1065 1768 1227 1802 μασημένην
1248 1767 1350 1802 τροφὴν
1375 1767 1485 1799 ἐσθίειν,
1505 1768 1534 1795 ἐν
1560 1769 1609 1804 μὲν
1632 1769 1786 1805 προοιμίοις
1807 1770 1858 1805 τῆς

1064 1808 1136 1843 ζωῆς
1149 1809 1227 1843 ἡμῶν
1245 1809 1337 1841 καλὸν,
1358 1810 1427 1844 μετὰ
1442 1810 1470 1835 δὲ
1483 1809 1571 1837 ταῦτα
1589 1811 1754 1847 βδελυγμίας
1766 1812 1856 1847 γέμει’

1063 1850 1094 1877 τὺ
1106 1851 1387 1886 γαλακτοτροφεῖσθαι
1409 1851 1455 1877 καὶ
1475 1852 1544 1887 πρὸς
1567 1852 1617 1888 τὴν
1632 1852 1716 1888 θηλὴν
1735 1853 1856 1888 φεύγειν,

1063 1892 1093 1918 ἐν
1105 1893 1175 1928 ἀρχῇ
1200 1893 1249 1927 μὲν
1270 1893 1464 1929 χρήσιμονκαὶ
1481 1894 1625 1930 σωτήριον,
1647 1895 1721 1932 [251]
1740 1895 1809 1931 μετὰ
1828 1896 1857 1923 δὲ

1062 1935 1150 1961 ταῦτα
1170 1934 1292 1970 ὀλέθριον
1319 1936 1365 1962 καὶ
1392 1936 1533 1971 βλαϐερόν.
1550 1937 1632 1973 Ὁρᾷς
1654 1937 1712 1969 πῶς
1730 1938 1765 1965 τὰ
1786 1938 1857 1965 αὐτὰ

1063 1976 1214 2012 πράγματα
1237 1976 1290 2003 ὑπὸ
1312 1977 1367 2003 τῶν
1385 1977 1491 2012 καιρῶν
1515 1978 1595 2011 καλὰ,
1621 1979 1668 2006 καὶ
1690 1980 1721 2006 οὺ
1744 1980 1856 2007 τοιαῦτα

1063 2018 1187 2053 φαίνεται
1201 2018 1301 2051 πάλιν;
1319 2019 1374 2046 Kal
1390 2019 1446 2054 γὰρ
1460 2019 1491 2046 τὸ
1505 2020 1612 2055 ἱμάτιον
1627 2022 1720 2057 φορεῖν
1731 2022 1856 2049 παιδικὸν

1064 2061 1200 2096 μειρακίῳ
1218 2061 1268 2096 μὲν
1288 2061 1345 2088 ὄντι
1366 2062 1458 2094 καλὸν,
1473 2062 1552 2097 ἀνδρὶ
1570 2062 1599 2089 δὲ
1615 2064 1755 2099 γενομένῳ
1773 2064 1856 2091 πάλιν

1062 2104 1186 2139 αἰσχρόν.
1204 2104 1299 2131 Βούλει
1321 2104 1369 2131 καὶ
1398 2104 1431 2131 ἐκ
1448 2104 1503 2131 τῶν
1521 2105 1651 2132 ἐναντίων
1674 2106 1780 2141 μαθεῖν,
1796 2106 1856 2138 πῶς

1061 2146 1101 2181 τῷ
1118 2146 1195 2173 παιδὶ
1207 2146 1242 2173 τὰ
1255 2145 1303 2173 τοῦ
1325 2146 1423 2182 ἀνδρὸς
1448 2147 1610 2183 ἀνάρμοστα
1632 2148 1728 2182 πάλιν;
1753 2149 1802 2181 Δδς
1815 2149 1856 2185 τῷ

1062 2188 1139 2215 παιδὶ
1155 2188 1262 2222 ἱμάτιον
1278 2188 1415 2223 ἀνδρικὸν,
1428 2189 1476 2215 καὶ
1488 2190 1573 2221 πολὺς
1586 2190 1662 2216 ἔσται
1674 2191 1689 2217 ὁ
1701 2191 1796 2225 γέλως,
1809 2192 1855 2218 καὶ

1063 2230 1165 2265 μείζων
1178 2230 1192 2256 6
1211 2230 1344 2262 κίνδυνος,
1359 2231 1389 2258 ἐν
1408 2231 1448 2267 τῷ
1468 2231 1587 2267 βαδίζειν
1601 2232 1675 2259 οὕτω
1690 2242 1855 2268 περιτρεπο-

1063 2271 1144 2306 μὲνου
1158 2271 1298 2304 πολλάκις.
1310 2274 1360 2304 Δὸς
1378 2273 1453 2309 αὐτῷ
1476 2275 1679 2310 μεταχειρίζειν
1703 2275 1855 2311 πράγματα

1062 2313 1198 2346 πολιτικὰ,
1213 2314 1260 2341 καὶ
1273 2315 1488 2350 ἐμπορεύεσθαι,
1504 2317 1552 2343 καὶ
1566 2317 1701 2353 σπείρειν,
1717 2318 1765 2344 καὶ
1782 2318 1856 2353 apa-

1062 2355 1134 2387 σθαι,
1152 2356 1199 2382 καὶ
1219 2356 1300 2383 πάλιν
1316 2356 1401 2389 πολὺς
1425 2357 1502 2385 ἔσται
1518 2359 1532 2385 6
1557 2358 1654 2391 γέλως.
1674 2359 1729 2385 Kal
1743 2360 1768 2386 τί
1783 2360 1855 2395 λέγω

1060 2396 1162 2429 ταύτας
1185 2398 1214 2424 '0
1230 2398 1284 2433 γὰρ
1308 2398 1388 2432 φόνος
1410 2399 1424 2425 6
1450 2399 1526 2436 παρὰ
1545 2401 1628 2427 πᾶσιν
1644 2401 1854 2437 ὡμολογημένος

1060 2440 1166 2475 εὒρεμα
1181 2437 1250 2466 εἶναι
1263 2439 1310 2467 τοῦ
1323 2441 1453 2478 πονηροῦ,
1467 2438 1544 2474 οὗτος
1554 2442 1749 2478 ἐπιλαϐόμενος
1758 2444 1853 2479 καιροῦ

1060 2482 1107 2508 τοῦ
1122 2483 1316 2517 προσήκοντος,
1325 2483 1370 2509 τὸν
1381 2484 1569 2519 ἐργασάμενον
1584 2484 1666 2511 αὐτὸν
1680 2485 1770 2516 Φινεὲς
1780 2485 1854 2521 ἱερωα

1061 2523 1128 2559 σύνῃ
1144 2523 1295 2559 τιμηθῆναι
1319 2525 1456 2561 ἐποίησεν.
1469 2526 1531 2552 Ὅτι
1557 2525 1612 2561 γὰρ
1635 2527 1649 2552 6
1674 2526 1753 2560 φόνος
1774 2526 1854 2562 ἔργον

1060 2566 1176 2597 ἐκείνου,
1195 2566 1311 2593 ἄκουσον
1321 2567 1348 2593 τί
1365 2575 1456 2602 φησιν·
1479 2568 1573 2603 Ὑμεῖς
1587 2568 1625 2595 τὰ
1644 2568 1718 2603 ἔργα
1730 2569 1784 2596 τοῦ
1798 2577 1853 2596 πα-

1060 2607 1129 2641 τρὸς
1144 2607 1227 2642 ὑμῶν
1241 2608 1343 2636 θέλετε
1357 2610 1464 2636 ποιεῖν·
1479 2610 1594 2643 ἐκεῖνος
1606 2611 1854 2645 ἀνθρωποκτόνος

1060 2648 1100 2684 ἦν
1114 2650 1165 2677 ἀπ’
1177 2650 1283 2685 ἀρχῆς.
1294 2650 1363 2676 Ἀλλ’
1375 2652 1482 2685 ἐγένετο
1493 2652 1716 2688 ἀνθρωποκτόνος
1725 2653 1739 2679 6
1748 2652 1853 2686 Φινεὲς,

1060 2691 1116 2719 Καὶ
1132 2692 1276 2727 ἐλογίσθη
1291 2693 1371 2725 αὐτῷ
1386 2694 1430 2726 είς
1441 2693 1650 2728 δικαιοσύνην,
1663 2695 1756 2730 φησίν.
1777 2695 1806 2722 '0
1823 2695 1853 2721 δὲ

252 2745 276 2760 ²⁸
288 2743 369 2779 φιλῶ]
386 2743 432 2771 Sic
443 2743 473 2771 E.
486 2743 535 2779 Ep.
550 2744 599 2771 Ge.
614 2745 691 2771 Arm.
703 2744 784 2779 vulgo
798 2744 898 2779 ἀφελῶ.
910 2744 959 2770 ἐὰν
969 2745 1010 2778 ἀφι

1075 2744 1167 2775 αὑτὸν,
1183 2744 1361 2779 δεδικαίωμαι
1373 2746 1405 2771 Α.
1420 2745 1451 2773 C.
1482 2746 1503 2761 ’⁷
1516 2744 1654 2773 Edebalur
1664 2747 1691 2774 τί
1701 2744 1758 2779 οὖν,
1772 2747 1852 2774 δύνα-

239 2789 266 2806 αι
285 2781 322 2815 μὴ
335 2781 419 2817 δρᾷν;
434 2779 497 2817 Ιιοςυὶ
512 2779 909 2817 ίηιεέξνίιαξὶἰειίεηιερΙιβίιῙὶίς
923 2779 1010 2817 d_ebe_u

1084 2779 1357 2817 ’ξπροϐάλλεσθαιλ
1458 2782 1481 2817 ’ξ
1499 2781 1574 2816 ύμῖν]
1590 2782 1667 2817 ὑμῶν
1684 2782 1714 2808 Β.
1728 2782 1760 2810 D.
1776 2782 1806 2809 F.
1823 2783 1850 2811 2.

231 2812 322 2850 Iusijq:
346 2812 452 2849 ὀλύγος
469 2815 545 2851 ὑμῷν
565 2814 629 2851 ξαν.
647 2814 721 2851 Βιεηἒ
752 2815 775 2830 ³⁸
787 2813 910 2851 νῆνῙνὲστι
930 2814 960 2841 Β.

1061 2822 1086 2849 p.
1102 2812 1205 2851 ἦνὀιη.
1221 2815 1312 2842 iidem.

219 2849 415 2883 Μονεὺκόλως
437 2849 494 2878 om;
515 2850 545 2876 Β.
563 2850 595 2879 F.
643 2850 666 2866 "
691 2849 739 2877 νῦν
759 2849 851 2877 addidi
871 2857 903 2877 ex
920 2850 953 2876 Α.
971 2849 1002 2876 C.

1073 2858 1100 2884 p.
1115 2849 1172 2876 6n
1197 2855 1259 2884 post
1275 2850 1336 2876 τότε
1352 2851 1451 2878 excidit
1474 2852 1500 2878 in
1522 2851 1553 2878 Ι).
1570 2851 1639 2879 Mor.
1656 2849 1722 2880 Ben;

1367 2815 1387 2830 ³¹
1401 2815 1522 2843 τοσοῦτοί
1537 2815 1572 2843 Δί
1593 2815 1624 2843 (Σ.
1641 2817 1805 2853 κατώρθωσε
1820 2818 1850 2845 υ,

1370 2851 1450 2868 validi!
1474 2852 1500 2868 in
1524 2851 1544 2868 Π
1571 2851 1629 2868 “Av
1658 2852 1710 2868 nm.
1761 2853 1784 2868 1³
1806 2853 1850 2868 εἴ..

1761 2853 1784 2868 ³³
1806 2853 1852 2881 sic

267 2887 318 2923 [ιρις
334 2887 392 2919 ipso
417 2894 518 2923 quoqae
527 2894 579 2923 quq
598 2886 714 2923 maxim;
735 2890 877 2923 σεειιειιιιιι-
898 2894 914 2912 a
929 2884 1005 2923 nobis

1061 2892 1078 2923 3A.
1098 2884 1183 2923 Vulgo
1197 2885 1297 2923 jegitur
1309 2886 1357 2923 καὶ
1377 2885 1429 2923 διιζ
1440 2886 1518 2923 τοῦτο
1530 2886 1658 2923 μάλιστα
1681 2888 1746 2923 παρ’
1760 2888 1851 2915 αὐτῶν

219 2921 399 2953 Ξιαϐάλλεται,
415 2919 465 2950 nec
475 2919 553 2950 hlilér
566 2921 643 2949 Ann.
658 2920 711 2949 nisi
722 2921 795 2956 quod
809 2920 886 2956 ὑμῶν
899 2928 948 2956 pro
963 2919 1010 2947 αὐτ

1067 2919 1161 2948 habet;
1196 2921 1217 2936 ³³
1232 2921 1402 2956 περιχρίουσι
1412 2921 1441 2947 Β.
1458 2921 1488 2948 F.
1527 2919 1549 2937 ³⁵
1559 2922 1668 2950 ἐνέϐαλε
1684 2919 1758 2950 ΑᾞΒ.
1778 2923 1849 2952 υ.Ε.
