2067 3132
231 168 281 196 εσι

231 225 298 253 illud
319 224 431 252 thronus
445 227 496 255 est.
519 222 576 250 hare
593 221 749 255 scabellum,
770 221 888 258 undique
901 222 974 258 ipsos
992 223 1026 251 ad

234 272 376 299 Dominum
391 270 566 305 compellens.
581 269 625 297 56.
641 268 730 303 Neque
744 276 789 303 per
799 273 876 303 caput
889 273 970 303 tuum,
985 269 1028 296 in-

230 314 309 356 quit;
322 317 381 353 quia
394 325 445 343 non
463 321 534 352 potes
547 323 627 342 unum
636 315 758 350 capillum
777 314 863 342 album
876 316 969 351 facere,
984 319 1029 342 aut

230 364 343 399 nigrum.
365 362 468 390 Rursus
489 369 541 389 non
555 361 690 388 hominem
711 360 858 393 admirans,
872 360 1026 395 subjunxit,

230 416 319 444 neque
336 415 385 443 per
402 412 482 442 caput
497 407 555 442 ejus
571 413 631 434 esse
642 405 795 440 jurandum,
819 405 936 440 alioquin
956 405 1028 433 enim

229 455 289 490 ipse
299 454 380 481 homo
392 453 518 481 adoratus
530 451 639 484 fuisset;
650 451 696 478 sed
705 451 816 486 gloriam
830 451 884 479 Deo
896 451 1025 484 referens,

230 506 259 528 et
268 500 424 533 ostendens,
443 504 470 527 te
485 506 520 527 ne
538 498 645 534 quidem
659 497 696 524 tui
713 497 852 524 dominum
871 504 942 530 esse,
963 504 1026 532 ergo

232 555 320 583 neque
331 547 542 582 juramentorum
564 553 612 579 per
631 548 710 579 caput
721 544 891 572 emissurum.
912 543 940 570 Si
954 543 1026 571 enim

229 600 311 620 nemo
326 592 406 619 tilium
426 599 502 619 suum
517 590 595 618 alteri
613 589 725 622 dederit,
750 589 833 617 multo
852 589 939 617 minus
956 589 1026 617 Deus

229 646 297 673 opus
312 645 389 665 suum
410 636 457 664 tibi
469 635 610 664 concedet.
631 635 741 663 Etiamsi
755 635 828 662 enim
847 639 926 670 caput
951 639 1024 662 tuum

228 685 275 718 sit,
294 684 340 712 sed
355 683 464 711 alterius
482 686 524 710 est
543 682 677 717 possessio
693 690 700 707 :
716 685 871 715 tantumque
890 681 966 708 abest
989 687 1024 709 ne

230 731 355 758 dominus
367 729 426 764 ejus
447 728 495 761 sis,
515 732 593 755 utne
615 726 755 754 minimum
768 726 875 761 quidem
891 726 977 759 pOssis
997 727 1024 754 in

229 777 278 804 illo
291 775 407 811 operari.
421 774 478 802 Non
494 774 565 802 enim
575 773 650 806 dixit,
663 772 720 800 Non
732 777 807 808 potes
820 772 968 807 producere
979 780 1024 800 ea-

228 822 339 857 pillum;
362 820 420 853 sed,
445 819 537 855 Neque
561 819 619 855 ejus
642 819 796 854 qualitatem
815 823 929 846 mutare.
955 818 1023 853 Quid

229 868 320 903 igitur,
333 867 355 894 si
370 867 440 901 quis,
456 865 570 900 inquies,
584 865 764 900 juramentum
777 864 874 899 exigat,
891 868 919 892 et
931 871 1024 892 neces-

227 914 335 941 sitatem
348 911 473 940 inducat?
493 911 539 939 Dei
554 911 634 938 timor
653 910 812 938 necessitate
826 910 861 938 sit
878 911 1021 945 potentior.

228 959 296 986 Nam
315 959 337 986 si
352 958 419 986 velis
442 956 594 992 bujusmodl
607 964 701 984 causas
723 955 850 991 objicere,
874 955 975 983 nullum
989 964 1024 984 ex

228 1004 369 1040 praeceptis
391 1003 522 1032 servabis.
543 1002 608 1030 Nam
624 1008 650 1030 et
671 1002 704 1030 de
728 1009 812 1030 uxore
833 1001 953 1030 dicturus
971 1010 1021 1030 es:

228 1050 298 1085 Quid
313 1050 401 1085 igitur,
415 1049 438 1076 si
452 1049 566 1084 litigiosa
580 1052 607 1075 et
625 1053 778 1083 sumptuosa
793 1048 846 1075 sit?
862 1047 895 1075 Et
906 1048 940 1075 de
956 1056 1023 1076 ocu-

229 1097 256 1124 lo
265 1096 359 1123 dextro
375 1104 382 1122 :
397 1094 464 1128 Quid
476 1094 565 1129 igitur,
576 1092 798 1127 sidiligameum,
807 1097 835 1121 et
849 1092 927 1120 urar?
942 1092 975 1120 Et
989 1093 1023 1121 de

229 1142 364 1177 impudico
376 1145 485 1176 aspectu
498 1148 505 1167 :
521 1140 589 1173 Quid
604 1140 693 1175 igitur,
710 1146 744 1166 an
759 1146 867 1175 possum
879 1147 932 1167 non
944 1139 1020 1168 vide-

227 1188 277 1215 re?
292 1187 326 1214 Et
336 1186 369 1214 de
381 1187 419 1214 ira
433 1187 458 1214 in
470 1185 578 1213 fratrem
591 1194 598 1212 :
612 1185 680 1219 Quid
694 1185 784 1220 igitur,
798 1185 820 1212 si
831 1192 950 1220 praeceps
960 1186 1022 1219 sim,

226 1239 255 1261 et
270 1234 385 1269 linguam
400 1238 492 1260 tenere
507 1239 560 1259 non
572 1231 690 1267 possim?
708 1232 741 1259 Et
754 1231 794 1259 sic
808 1238 918 1266 prorsus
932 1233 1023 1259 omnia

227 1287 307 1314 supra
320 1279 391 1307 dicta
411 1278 538 1307 calcabis.
559 1278 638 1313 Atqui
657 1277 685 1305 in
701 1277 801 1313 legibus
822 1278 946 1306 humanis
966 1279 1024 1305 tunc

227 1324 374 1352 obtendere
395 1332 447 1351 non
470 1323 552 1356 ausis,
574 1331 662 1358 neque
682 1323 784 1357 dicere,
806 1323 875 1357 Quid
891 1324 978 1359 igitur,
1000 1324 1023 1352 si

227 1371 289 1405 hoc,
310 1371 351 1399 vel
373 1371 459 1398 illud?
476 1370 523 1398 sed
547 1377 594 1398 seu
613 1375 708 1405 sponte
722 1377 768 1397 seu
791 1370 890 1398 invitus
909 1378 941 1398 ea
963 1378 1023 1405 qum

227 1418 324 1453 scripta
345 1421 408 1444 sunt
426 1417 534 1452 accipis.
557 1416 681 1451 Alioquin
701 1421 790 1444 autem
811 1424 956 1452 numquam
969 1418 1023 1445 vim

227 1464 448 1491 necessitatemve
470 1463 588 1497 patieris.
615 1462 683 1489 Nam
697 1462 741 1497 qui
760 1462 937 1491 beatitudines
950 1463 1023 1498 prius

225 1510 377 1538 enuntiatus
389 1509 498 1541 audivit,
511 1517 543 1536 ac
553 1509 668 1544 seipsnin
685 1509 719 1536 ita
733 1509 891 1544 composuit,
908 1513 937 1537 ut
945 1509 1023 1537 Chri-

225 1562 283 1583 stus
291 1556 381 1591 jussit,
396 1556 494 1583 nullam
508 1563 523 1582 a
538 1555 632 1591 quovis
646 1554 755 1582 homine
765 1554 917 1589 hujusmodi
928 1563 1022 1583 neces-

225 1602 331 1629 sitatem
344 1601 470 1636 patietur,
487 1608 548 1628 cum
562 1600 598 1627 sit
611 1600 681 1635 apud
694 1607 788 1628 omnes
802 1599 974 1628 admirandus
994 1605 1022 1628 et

225 1646 397 1674 honorabilis.
410 1647 455 1674 '57.
470 1645 512 1673 Sit
521 1650 604 1673 autem
614 1654 695 1673 sermo
708 1650 795 1679 uester,
807 1650 853 1679 est,
867 1651 912 1679 est,
925 1651 1020 1681 etnon,

223 1701 274 1720 non
291 1701 300 1719 :
314 1692 382 1727 quod
400 1696 483 1719 autem
502 1692 572 1719 ultra
587 1691 747 1727 adjunqilur,
764 1700 795 1719 ex
808 1692 874 1720 malo
892 1697 938 1720 est.
952 1693 1021 1726 Quid

223 1738 303 1773 igitur
313 1745 538 1772 supervacaneum
548 1737 612 1765 illud
623 1742 672 1769 est,
683 1738 761 1770 ultra,
773 1737 817 1765 Est
827 1743 850 1765 et
862 1746 913 1766 non
921 1739 935 1766 ἰ)
943 1739 1022 1767 Jura—

224 1789 355 1817 mentum,
369 1791 421 1812 non
431 1788 521 1812 autem
535 1783 691 1820 perjurium.
707 1784 763 1812 Hoc
771 1785 843 1812 enim
855 1785 882 1812 in
896 1785 1020 1813 confesso

222 1834 275 1863 est,
291 1835 318 1858 et
330 1837 409 1858 nemo
422 1834 463 1858 est
474 1830 537 1865 quin
559 1830 692 1862 didicerit,
706 1838 720 1857 a
734 1831 805 1858 malo
817 1838 886 1864 esse,
902 1839 952 1860 nec
972 1839 1019 1860 su-

223 1883 416 1910 pervacaneum
439 1883 508 1908 esse,
529 1875 575 1903 sed
590 1876 753 1903 contrarium
770 1885 776 1903 ε
793 1884 1019 1912 supervacaneum

222 1926 312 1948 autem
333 1925 384 1952 est,
397 1921 469 1956 quod
490 1920 560 1948 ultra
574 1925 601 1948 et
615 1929 675 1948 cum
694 1921 870 1949 redundantia
883 1922 1018 1957 adjicitur,

223 1967 330 2002 taleque
345 1972 386 1994 est
397 1968 588 2003 juramentum.
609 1967 740 2002 Quidnam
755 1976 820 1996 vero
831 1968 896 1996 dicit
912 1977 928 1997 a
949 1970 1021 1998 malo

223 2015 301 2042 esse?
312 2019 340 2042 et
354 2015 376 2042 si
391 2022 405 2041 a
426 2015 496 2042 malo
510 2019 579 2048 erat,
590 2022 638 2042 cur
657 2015 800 2049 jubebatur
814 2015 840 2043 in
855 2016 933 2051 lege?
946 2016 1019 2052 idip-

223 2068 283 2087 sum
297 2061 377 2088 etiam
389 2061 422 2088 de
441 2068 525 2089 uxore
537 2060 610 2089 dices
622 2070 628 2088 :
644 2061 699 2089 Cur
707 2061 762 2097 jam
783 2062 923 2091 fornicatio
937 2071 1019 2098 repu-

224 2112 296 2134 tatur
316 2107 342 2134 id
363 2107 433 2141 quod
451 2107 515 2134 olim
530 2107 752 2142 permittebatur?
770 2107 839 2142 Quid
857 2109 891 2136 ad
905 2109 962 2136 hate
976 2109 1019 2136 di-

223 2152 336 2179 cendum
345 2152 356 2178 ?
365 2152 427 2179 Hinc
438 2157 500 2180 tunc
509 2151 580 2180 dicta
591 2152 672 2180 fuisse
682 2153 828 2181 secundum
838 2154 1018 2182 inﬁrmitatem

223 2205 317 2225 eorum
330 2198 375 2232 qni
386 2198 460 2233 leges
471 2198 656 2233 accipiebant:
672 2206 733 2226 nam
748 2204 775 2227 et
788 2199 882 2228 nidore
894 2201 1018 2229 victima-

223 2251 282 2270 rum
297 2243 349 2271 coli
363 2243 499 2278 indignum
512 2243 655 2271 admodum
670 2244 725 2272 Deo
737 2250 786 2278 est,
804 2245 874 2273 sicut
887 2246 1019 2275 balbutire

223 2289 359 2324 indignum
375 2289 544 2325 philosopho.
568 2289 734 2318 Adulterium
747 2299 811 2326 ergo
829 2300 900 2320 nunc
913 2297 1020 2328 reputa-

224 2340 267 2362 tnr
279 2334 361 2367 illud;
383 2339 411 2362 et
423 2342 439 2362 a
453 2335 525 2363 malo
538 2339 580 2363 est
592 2335 692 2370 jurare,
704 2336 811 2371 quando
823 2342 899 2364 aucta
915 2342 944 2365 et
956 2346 1018 2374 per-

223 2380 292 2408 fecta
313 2380 397 2408 virtus
418 2384 468 2408 est.
482 2379 511 2408 Si
530 2388 595 2409 vero
619 2381 660 2408 hie
672 2381 707 2409 ab
731 2382 805 2410 initio
824 2383 921 2411 diaboli
945 2384 1019 2420 leges

223 2426 346 2459 fuissent,
361 2433 414 2453 non
428 2425 519 2461 utique
533 2430 633 2453 tantum
648 2426 833 2462 profecissent.
845 2427 950 2456 Etenim
967 2430 1018 2457 nisi

224 2471 269 2499 illa
282 2471 459 2506 praeivissent.
472 2479 526 2499 non
542 2472 578 2499 ita
589 2471 668 2500 facile
679 2471 737 2500 haec
750 2481 821 2501 nunc
831 2479 941 2510 accepta
953 2475 1019 2503 fuis-

223 2522 293 2545 sent.
306 2517 365 2545 Noli
384 2517 463 2552 igitur
479 2525 573 2545 corum
594 2518 731 2552 requirere
753 2519 888 2553 virtutem,
912 2521 1019 2556 quando

223 2571 316 2590 eorum
334 2570 399 2590 usus
419 2563 586 2598 prmterivit:
607 2568 672 2592 tunc
685 2565 755 2591 enim
779 2570 882 2601 tempus
897 2567 922 2594 id
944 2572 1019 2603 pete-

224 2609 284 2641 bat;
300 2609 354 2636 imo
367 2616 442 2642 vero,
457 2609 479 2636 si
492 2609 542 2642 vis,
558 2609 638 2637 etiam
652 2618 733 2638 nunc.
749 2610 816 2638 Nam
827 2619 919 2640 eorum
935 2614 1018 2641 virtus

223 2654 371 2682 ostenditur
395 2661 430 2682 ex
453 2661 487 2682 eo
510 2654 569 2689 ipso
590 2662 643 2690 quo
664 2656 748 2691 magis
769 2663 921 2686 accusatur.
941 2659 1017 2692 Quod

223 2701 294 2728 enim
308 2700 365 2728 inec
386 2700 449 2728 talia
463 2708 536 2728 nunc
553 2700 703 2733 videantur,
719 2709 812 2730 eorum
831 2704 946 2731 maxima
962 2705 1018 2732 laus

223 2751 274 2772 est.
287 2745 341 2775 Nisi
362 2747 435 2774 enim
452 2754 502 2774 nos
522 2746 632 2781 pulchre
648 2748 813 2781 nutrivisset,
828 2753 855 2777 et
869 2750 902 2776 ad
916 2750 1017 2785 majora

226 2791 376 2826 recipienda
392 2791 506 2819 idoneos
524 2791 694 2824 reddidisset,
713 2801 766 2820 non
780 2793 842 2821 talia
863 2795 1015 2823 viderentur

224 2843 294 2864 esse.
317 2837 547 2872 Quemadmodum
571 2838 775 2871 mamilla,cum
798 2847 874 2867 suum
900 2841 1018 2876 implevit

223 2883 347 2918 ofﬁcium,
362 2889 389 2914 et
403 2883 438 2912 ad
458 2884 643 2920 perfectiorem
668 2892 787 2913 mensam
810 2893 875 2921 puer
892 2887 1015 2922 mittitur,

811 165 844 193 lN
863 164 1067 194 MATTHIEUM
1085 166 1201 197 HOMIL.
1222 168 1303 199 XVII.

1823 179 1875 206 269

1083 222 1192 254 demum
1203 226 1304 256 inutilis
1318 227 1433 262 videtur;
1447 235 1570 265 parentes
1583 233 1703 269 vero,qui
1715 234 1789 264 illam
1803 238 1872 271 prius

1079 276 1165 312 puero
1180 274 1357 312 necessariam
1372 282 1433 303 esse
1445 276 1587 310 putabant,
1604 278 1677 307 inille
1689 286 1781 312 postea
1803 283 1873 310 illam

1075 308 1248 338 irrisionibus
1261 308 1482 349 prosequuntur;
1496 308 1585 344 multi
1602 308 1697 345 autem
1723 308 1781 346 non
1803 308 1866 348 iii};

1074 354 1117 382 bis
1136 356 1224 384 solum
1250 357 1325 386 illam
1343 361 1499 395 traducunt,
1516 363 1563 391 sed
1577 363 1658 391 etiam
1674 366 1776 394 amaris
1792 366 1865 394 illam

1075 400 1375 440 oblinuntunguentis;
1395 407 1458 435 utsi
1474 416 1527 436 non
1548 410 1655 444 possint
1669 411 1747 439 verba
1764 411 1866 447 impor-

1074 450 1170 474 tunum
1204 448 1365 478 huiusmodi
1389 454 1468 488 pueri
1491 454 1617 483 affectum
1641 464 1791 491 removere,
1819 467 1864 487 res

1072 490 1138 525 ipsae
1157 491 1322 523 desiderium
1347 502 1482 526 avertant.
1504 499 1513 515 ¹
1535 500 1582 528 Sic
1608 501 1735 529 Christus
1753 510 1768 529 a
1790 504 1864 531 malo

1071 535 1128 563 haec
1142 543 1201 563 esse
1216 537 1297 571 dixit,
1321 546 1373 566 nOtt
1388 545 1418 567 ut
1441 541 1595 570 ostenderet
1615 548 1732 571 veterem
1745 544 1832 580 legem
1846 553 1862 573 a

1070 581 1176 609 diabolo
1189 583 1329 617 prodiissc,
1344 585 1391 613 sed
1405 590 1433 613 ut
1447 587 1630 616 vehementius
1641 596 1656 616 a
1667 589 1749 617 veteri
1762 590 1864 618 vilitate

1069 634 1218 657 revocaret.
1235 629 1268 657 Et
1285 630 1422 666 discipulis
1435 633 1543 668 quidem
1567 634 1625 662 haec
1638 635 1723 669 dicit;
1750 637 1798 664 sed
1817 637 1864 665 Ju-

1069 673 1133 701 daeis
1143 675 1257 710 stupidis
1268 681 1296 703 et
1314 676 1342 704 in
1356 677 1450 705 iisdem
1466 681 1712 714 perseverantibus,
1729 689 1779 709 ceu
1795 691 1863 718 qua-

1069 720 1129 748 dam
1140 722 1326 756 amaritudine,
1340 724 1501 759 captivitatis
1521 731 1593 754 metu
1609 728 1702 756 urbem
1727 729 1864 757 circumli-

1069 766 1151 793 nitain
1177 766 1342 796 inaccessam
1363 770 1489 798 reddidit.
1505 771 1571 805 Quia
1585 781 1648 800 vero
1662 781 1694 801 ne
1707 773 1734 801 id
1751 775 1859 809 quidem

1069 813 1154 847 potuit
1167 813 1239 848 ipsos
1252 815 1368 843 retinere
1379 835 1387 848 ,
1400 816 1447 844 sed
1459 824 1516 844 eam
1529 825 1622 845 rursus
1635 819 1725 847 videre
1735 820 1864 855 Optabant

1068 859 1143 893 quasi
1156 860 1230 893 pueri
1245 859 1278 887 ad
1292 861 1436 888 mamillam
1458 868 1646 897 accurrcntes,
1668 865 1775 893 demum
1789 866 1863 894 illam

1068 903 1221 937 occultavit,
1236 905 1280 932 illa
1294 906 1350 940 ipsa
1364 906 1462 941 diruta,
1478 912 1502 935 et
1517 908 1651 944 plerisque
1662 917 1756 938 eorum
1771 912 1863 946 procul

1069 949 1191 977 abductis
1210 958 1216 977 :
1233 950 1456 985 quemadmodum
1482 953 1587 987 plurimi
1611 954 1725 988 vitulos,
1739 963 1755 983 a
1777 958 1864 984 vaccis

1068 994 1198 1023 abductos
1211 995 1380 1032 inclusosque
1390 1018 1397 1030 ,
1416 1002 1536 1033 tempore
1547 999 1741 1035 assuefaciunt;
1756 1006 1785 1028 ut
1798 1010 1812 1029 a
1826 1003 1865 1030 la-

1068 1041 1118 1068 ctis
1129 1043 1321 1070 consuetudine
1333 1043 1488 1072 abscedant.
1502 1044 1568 1072 Nam
1580 1047 1602 1073 si
1618 1046 1717 1074 diaboli
1731 1053 1806 1076 vetus
1821 1049 1864 1077 lex

1068 1092 1156 1121 esset,
1178 1095 1231 1115 non
1255 1089 1288 1116 ab
1310 1089 1460 1118 idololatria
1474 1091 1645 1126 abduxisset,
1663 1093 1717 1122 imo
1730 1100 1822 1123 contra
1837 1097 1863 1123 in

1068 1132 1141 1161 illam
1153 1133 1313 1169 conjecisset
1329 1145 1336 1162 :
1353 1135 1379 1163 id
1403 1136 1475 1164 enim
1497 1137 1605 1165 volebat
1630 1138 1763 1168 diabolus.
1787 1140 1864 1169 Nunc

1068 1182 1157 1207 autem
1167 1180 1332 1208 contrarium
1347 1188 1455 1215 prorsus
1465 1182 1587 1210 videmus
1597 1191 1612 1210 a
1623 1185 1707 1212 veteri
1716 1185 1774 1221 lege
1782 1186 1862 1214 effici.

1069 1225 1103 1252 Et
1114 1226 1200 1261 ipsum
1215 1234 1320 1262 quoque
1333 1227 1512 1263 juramentum
1524 1229 1586 1258 ideo
1598 1230 1624 1258 in
1637 1232 1719 1259 veteri
1734 1236 1863 1261 statutum

1068 1271 1127 1305 fuit,
1142 1279 1177 1300 ne
1191 1280 1240 1307 per
1253 1273 1324 1302 idola
1336 1273 1469 1308 jurarent.
1489 1274 1596 1310 Jurale,
1612 1276 1707 1312 inquit,
1721 1286 1766 1313 per
1780 1278 1864 1306 Deum

1067 1325 1152 1346 verum
1165 1320 1236 1355 (Jer.
1247 1320 1274 1348 4.
1287 1319 1306 1347 2
1315 1321 1334 1355 ).
1348 1320 1405 1348 NOII
1420 1321 1499 1356 igitur
1511 1329 1592 1356 parva
1606 1323 1726 1357 quaedam
1740 1324 1784 1352 lex
1799 1326 1864 1353 effe-

1067 1364 1114 1397 cit,
1128 1364 1176 1392 sed
1189 1372 1283 1400 magna
1299 1365 1399 1401 utique.
1415 1365 1482 1394 Nam
1501 1366 1535 1394 ad
1550 1367 1664 1395 solidum
1679 1369 1769 1397 cibum
1787 1378 1863 1398 acce-

1068 1410 1150 1443 dere,
1165 1410 1191 1438 id
1213 1411 1363 1439 Servatoris
1382 1411 1431 1439 fuit
1442 1419 1518 1448 opus.
1536 1412 1606 1446 Quid
1627 1413 1726 1449 igitur?
1746 1423 1862 1444 annona

1069 1457 1139 1484 malo
1149 1461 1191 1484 est
1202 1456 1310 1491 jurare?
1323 1457 1345 1484 A
1359 1457 1431 1485 malo
1452 1462 1493 1486 est
1505 1458 1612 1494 utique;
1633 1459 1682 1488 sed
1704 1468 1776 1489 nunc
1802 1468 1863 1497 post

1068 1506 1167 1529 tantam
1183 1502 1395 1538 philosophiam;
1419 1507 1483 1531 tunc
1506 1509 1597 1532 autem
1617 1505 1736 1534 minime.
1752 1507 1786 1534 Et
1797 1515 1863 1542 quo-

1067 1547 1167 1581 modo,
1195 1547 1313 1584 inquies,
1337 1548 1452 1584 idipsum
1474 1551 1560 1585 possit
1581 1557 1642 1579 esse
1662 1559 1733 1579 nunc
1745 1552 1861 1587 bonum,

1068 1601 1140 1621 nunc
1158 1593 1268 1622 minime
1294 1594 1412 1622 bonum?
1434 1595 1492 1632 Ego
1506 1600 1594 1624 autem
1606 1604 1622 1625 e
1635 1599 1770 1626 contrario
1783 1598 1843 1627 dico
1853 1621 1861 1633 ,

1067 1639 1202 1675 quomodo
1224 1647 1277 1667 non
1299 1641 1335 1668 sit
1354 1645 1382 1668 et
1403 1640 1500 1669 bonum
1523 1647 1551 1670 et
1572 1650 1626 1671 non
1649 1643 1766 1677 bonum,
1782 1645 1863 1673 rebus

1067 1685 1190 1714 omnibus
1203 1686 1242 1713 sic
1252 1686 1439 1720 clamantibus,
1455 1688 1556 1717 artibus
1565 1710 1574 1722 ,
1589 1689 1718 1719 fructibus
1729 1712 1736 1724 ,
1750 1692 1864 1727 aliisque

1068 1732 1214 1760 omnibus?
1225 1733 1343 1761 Primum
1357 1734 1383 1761 id
1399 1734 1489 1762 videas
1499 1735 1526 1762 in
1542 1740 1635 1763 natura
1652 1742 1743 1765 nostra
1755 1739 1863 1766 contin-

1067 1786 1140 1814 gere.
1155 1778 1259 1806 Gestari
1271 1779 1343 1807 enim
1357 1781 1383 1807 in
1398 1780 1483 1815 prima
1496 1786 1575 1810 atate
1588 1782 1685 1810 bonum
1697 1789 1753 1818 est,
1769 1778 1863 1820 postea

1067 1831 1135 1852 vero
1148 1825 1346 1860 perniciosum;
1365 1827 1522 1861 prtemansis
1533 1828 1570 1855 uti
1584 1829 1650 1857 cibis
1664 1830 1690 1857 in
1703 1830 1790 1866 primo
1802 1832 1863 1860 vitae

1068 1875 1189 1906 tempore
1203 1871 1313 1906 bonum,
1339 1877 1432 1907 postea
1455 1881 1519 1901 vero
1533 1873 1644 1903 horrore
1660 1876 1783 1911 plenum;
1795 1878 1863 1907 lacte

1067 1918 1103 1945 ali
1116 1923 1144 1946 et
1165 1918 1198 1945 ad
1212 1926 1356 1947 mammam
1375 1920 1519 1955 confugere
1530 1921 1606 1949 initio
1619 1922 1682 1950 utile
1695 1927 1738 1951 est
1749 1928 1777 1952 et
1789 1925 1862 1952 salu-

1068 1967 1144 1996 tare,
1170 1968 1264 1999 postea
1286 1972 1351 1992 vero
1377 1966 1557 2000 perniciosum
1580 1971 1608 1995 et
1627 1968 1745 1997 noxium.
1769 1969 1864 1999 Viden'

1067 2009 1203 2043 quomodo
1222 2009 1324 2038 ezedem
1344 2018 1389 2038 res
1404 2012 1551 2040 secundum
1566 2017 1687 2049 tempora
1700 2015 1777 2043 bona:
1791 2017 1862 2050 sint.

1067 2059 1095 2083 et
1108 2059 1201 2090 postea
1215 2063 1268 2084 non
1279 2056 1347 2084 tales
1366 2058 1529 2092 appareant?
1540 2058 1607 2086 Nam
1627 2060 1730 2094 puerile
1753 2061 1863 2097 pallium

1067 2105 1175 2135 gestare
1189 2108 1271 2136 puero
1284 2101 1392 2137 quidem
1410 2102 1562 2137 honestum,
1589 2105 1648 2133 viro
1672 2111 1760 2134 autem
1775 2112 1863 2142 turpe.

1070 2145 1150 2174 Visne
1161 2147 1242 2174 etiam
1266 2155 1300 2174 ex
1314 2148 1456 2175 contrariis
1470 2148 1582 2182 idipsum
1595 2149 1699 2178 discere
1711 2172 1719 2185 ,
1731 2154 1865 2187 quomodo

1069 2199 1130 2226 quae
1143 2192 1202 2219 viro
1215 2196 1390 2227 competunt,
1403 2200 1487 2228 puero
1501 2198 1563 2229 apta
1576 2202 1628 2222 non
1645 2195 1718 2223 sint?
1731 2197 1768 2224 Da
1781 2205 1865 2232 puero

1069 2236 1177 2271 pallium
1188 2237 1274 2270 virile,
1286 2237 1349 2265 hinc
1359 2238 1488 2272 plurimus
1499 2243 1625 2274 sequetur
1633 2240 1714 2275 risus,
1726 2242 1866 2277 majusque

1069 2282 1096 2309 in
1121 2281 1268 2310 incedendo
1281 2283 1440 2318 periculum,
1456 2285 1492 2311 ita
1507 2292 1578 2320 smpe
1591 2286 1643 2313 huc
1657 2286 1720 2314 illuc
1735 2287 1864 2316 vertetur.

1069 2327 1107 2355 Da
1117 2328 1196 2355 etiam
1208 2328 1244 2355 illi
1253 2328 1343 2356 civilia
1355 2330 1458 2364 negotia
1467 2331 1614 2364 tractanda,
1622 2332 1664 2359 vel
1675 2337 1865 2368 mercaturam,

1069 2374 1112 2402 vel
1126 2374 1233 2402 serendi
1248 2375 1419 2409 metendique
1428 2381 1524 2409 artem,
1535 2381 1562 2404 et
1572 2377 1714 2405 ridiculum
1725 2378 1777 2406 hoc
1789 2379 1865 2407 vide-

1070 2421 1151 2448 bitur.
1167 2421 1200 2448 Et
1213 2428 1261 2448 cur
1276 2421 1333 2449 hate
1347 2422 1427 2450 dico?
1441 2422 1508 2450 Nam
1523 2423 1621 2457 caedes,
1636 2432 1715 2459 quam
1728 2425 1867 2454 inventum

1069 2474 1129 2494 esse
1136 2466 1236 2494 diaboli
1245 2467 1270 2493 in
1278 2466 1400 2494 confesso
1409 2467 1476 2502 apud
1480 2474 1575 2495 omnes
1582 2472 1634 2502 est,
1641 2474 1792 2504 opportuno
1801 2475 1868 2498 tem-

1071 2519 1135 2547 pore
1149 2511 1234 2546 facta,
1251 2512 1451 2540 interfectorem
1467 2513 1596 2541 Pliineem
1610 2515 1751 2543 sacerdotii
1766 2516 1869 2545 honore

1069 2558 1206 2585 decoravit
1229 2556 1329 2593 (Num.
1356 2557 1419 2594 25).
1437 2558 1514 2591 Quod
1537 2560 1607 2587 enim
1633 2560 1721 2588 caedes
1744 2562 1778 2589 sit
1802 2569 1868 2598 opus

1071 2603 1186 2637 diaboli,
1208 2603 1269 2631 audi
1289 2604 1423 2639 quomodo
1444 2605 1517 2632 dicat
1541 2605 1619 2639 ipse:
1641 2605 1689 2633 Vos
1703 2615 1780 2641 opera
1790 2608 1870 2642 patris

1071 2650 1145 2678 vestri
1154 2650 1229 2677 vultis
1240 2650 1392 2684 {neruiue
1405 2650 1532 2677 homicida
1541 2656 1594 2678 erat
1606 2660 1622 2678 a
1635 2652 1760 2688 principio
1772 2652 1869 2688 (Joan.

1069 2697 1099 2723 .8.
1110 2696 1154 2723 4t.
1168 2695 1204 2722 ιι
1214 2696 1234 2730 ).
1249 2695 1303 2722 Sed
1316 2695 1447 2723 homicida
1461 2695 1510 2723 fuit
1523 2696 1603 2724 etiam
1615 2697 1741 2731 Pliinees,
1752 2696 1786 2724 Et
1793 2705 1870 2733 repu-

1108 2793 1277 2826 fl-lisyerhis
1297 2796 1378 2819 notam
1400 2795 1582 2820 arithmeticam
1603 2795 1620 2819 6
1636 2795 1778 2826 praflxerat
1799 2794 1868 2818 Mon-

1078 2824 1233 2860 tefalcouius,
1249 2824 1307 2860 hinc
1317 2832 1446 2860 perperam
1464 2833 1552 2860 novum
1563 2824 1663 2851 ordiens
1678 2827 1866 2860 paragraphum.

1078 2855 1135 2880 Non
1169 2855 1327 2889 tolerandum
1349 2855 1396 2882 hoc
1416 2857 1552 2888 apodoseos
1575 2865 1589 2883 a
1613 2855 1707 2889 promi
1733 2855 1868 2882 divertiutn

1078 2886 1329 2919 correximus..Enrr.

1794 2984 1843 2999 μ..
