2067 3132
200 155 253 184 24ὶῦ

199 219 278 240 tutum
302 219 337 241 est
364 215 387 242 ei
403 214 436 241 ud
460 214 584 247 iustitium
611 211 704 249 (Paul.
730 212 790 239 105.
812 211 884 247 51),
899 210 992 246 inquit.

198 259 333 287 Abraham
346 267 411 287 vero
426 267 480 287 non
491 259 625 286 homicida
639 257 726 285 solum
736 278 744 291 ,
769 257 817 285 sed
840 257 920 284 etiam
947 256 993 283 ﬁlii

198 305 357 333 interfector
377 305 479 339 factus,
506 304 577 341 quod
600 304 677 340 pejus
691 308 764 336 erat,
781 303 820 330 sic
832 302 918 338 magis
937 301 995 329 Deo

198 351 307 386 placuit.
324 351 418 379 Petrus
431 359 496 379 vero
519 350 652 385 duplicem
667 348 767 376 caedem
783 347 861 381 fecit,
876 351 993 374 attamen

197 391 341 431 spirituale'
356 402 412 424 erat
439 397 465 424 id
480 395 550 432 quod
571 395 668 423 factum
683 394 745 430 est(
759 393 815 420 Act.
825 394 871 428 5).
886 392 925 420 Ne
941 393 991 420 ito-

197 452 249 478 que
263 443 421 479 simpliciter
435 451 479 471 res
494 434 689 475 examinemus,
714 440 761 468 sed
787 443 866 468 etiam
889 444 993 474 tempus

198 495 228 516 ct
242 497 349 517 causam
365 493 392 517 et
402 489 565 516 voluntatem
579 491 606 515 et
617 494 792 522 personarum
804 485 992 519 differentiam,

194 540 221 562 et
237 535 282 563 illa
305 535 394 563 omnia
414 543 474 571 quae
497 542 548 562 una
569 537 734 562 concurrunt
755 537 879 560 accurate
899 531 992 567 explo-

195 589 285 608 remus
313 590 321 609 :
349 588 437 616 neque
470 580 542 608 enim
573 583 661 614 potest
684 579 784 606 veritas
809 578 862 606 alio
898 578 991 613 attingi

194 627 528 662 modozstudeamusque,
554 626 576 654 si
598 626 710 654 velimus
737 632 848 660 regnum
872 625 990 660 assequi,

193 681 272 708 supra
288 678 378 702 vetera
392 677 524 708 przeeepta
534 672 633 708 aliquid
648 672 763 707 operari,
785 672 847 706 quia
860 679 913 698 non
929 678 988 706 pes-

193 726 286 746 sumus
301 719 378 746 aliter
388 718 504 746 caelestia
526 718 660 746 obtinere.
673 718 739 745 Nam
755 717 778 745 si
792 717 825 744 ad
838 724 990 744 mensuram

193 769 292 791 tantum]
305 768 425 792 veterum
441 763 644 799 perveniamus,
659 768 734 791 extra
746 763 837 791 limina
850 763 988 790 stabimus.

192 809 325 838 Niaieuint
335 810 497 837 abundaverit
507 809 610 846 justitia
624 813 704 836 vestra
720 809 777 844 plus
798 816 874 844 quam
896 808 990 836 scriba-

191 864 246 882 rum
261 860 284 883 et
296 856 497 889 Pltarisazontm,
510 864 561 883 non
572 855 698 882 intrabitis
711 855 737 882 in
752 862 859 890 regnum
869 854 989 882 cwlorum

191 901 297 937 (Matth.
310 902 336 930 5.
353 901 417 938 20).
433 902 558 929 Attamen
573 905 633 936 post
646 900 881 928 comminationem
897 899 989 934 hujus-

190 948 264 975 modi
279 947 388 983 quidam
403 953 466 975 sunt
479 948 523 982 qui
538 955 591 975 non
607 947 687 975 modo
699 946 830 982 justitiam
847 945 918 973 illam
935 953 988 972 non

189 998 329 1029 superant,
351 993 398 1022 sed
424 994 502 1028 longe
529 998 590 1029 post
612 993 685 1020 illam
712 992 909 1026 relinquuntur.
929 990 987 1018 Non

189 1040 270 1068 modo
283 1041 353 1067 enim
376 1040 527 1075 juramenta
553 1047 604 1066 non
619 1038 732 1073 fugiunt,
753 1037 800 1065 scd
816 1037 896 1065 etiam
913 1037 987 1072 pcje-

189 1091 267 1120 rant;
280 1094 332 1114 non
348 1086 428 1113 modo
450 1085 613 1120 impudicum
629 1089 766 1119 aspectum
779 1090 832 1110 non
847 1082 985 1116 devitant,

188 1131 236 1159 sed
248 1132 328 1159 etiam
345 1131 370 1158 in
394 1131 480 1166 ipsum
497 1135 600 1165 turpem
613 1134 701 1157 actum
717 1132 869 1164 proruunt,
884 1128 987 1163 aliaque

187 1177 277 1204 omnia
299 1176 431 1212 prohibita
444 1177 552 1211 impune
575 1175 788 1203 audent:unnm
810 1179 911 1201 tantum
938 1181 987 1201 ex-v

187 1228 339 1258 spectantes
352 1222 473 1258 supplicii
487 1222 558 1249 diem
568 1243 575 1255 ,
588 1221 694 1257 quando
711 1229 758 1256 pro
770 1220 916 1249 sceleribus
930 1220 986 1248 suis

187 1275 324 1298 extremas
337 1269 439 1298 dabunt
459 1276 552 1304 ptenas
568 1277 576 1296 :
591 1268 662 1304 quod
686 1275 767 1295 unum
782 1267 928 1302 repositum
944 1271 986 1294 est

186 1318 218 1345 iis
228 1317 272 1352 qui
283 1317 308 1344 in
321 1317 438 1352 nequitia
447 1316 527 1343 vitam
537 1315 648 1343 obeunt.
663 1315 700 1342 De
712 1314 764 1342 illis
776 1314 873 1350 quippe
885 1313 983 1348 despc-

186 1363 296 1390 randum
310 1366 361 1396 cst,
376 1367 404 1390 et
418 1361 482 1390 nihil
496 1361 568 1389 aliud
583 1360 807 1397 exspectandum,
829 1367 910 1396 quam
922 1367 985 1395 sup-

184 1409 303 1444 plicium.
314 1408 364 1443 Qui
376 1408 448 1437 enim
459 1407 502 1435 hic
511 1408 599 1435 adhuc
611 1410 766 1441 supersunt,
783 1405 861 1434 facile
872 1409 984 1442 possunt

186 1460 214 1482 et
223 1461 351 1491 pugnare,
366 1458 394 1481 et.
408 1454 526 1486 vincere,
542 1458 569 1480 et
586 1453 720 1480 coronari.

219 1500 246 1527 7.
263 1499 370 1527 Horatia
381 1499 523 1526 exhortatio
544 1498 576 1526 de
587 1498 728 1533 ableguuda
747 1497 925 1525 consuetudine
939 1499 983 1533 ju-

184 1546 267 1573 randi.
280 1545 373 1573 Pravte
380 1545 568 1573 consuetudinis
580 1545 740 1572 eliminanda:
751 1544 927 1571 modum—Nc
935 1544 984 1572 ita-

183 1600 235 1628 que
242 1592 376 1625 concidas,
383 1591 420 1619 mi
429 1592 520 1625 homo,
528 1599 613 1627 neque
622 1591 718 1619 bonam
734 1591 805 1618 illam
817 1591 981 1618 alacritatem

183 1636 299 1662 amittas.
321 1634 411 1670 Neque
423 1634 494 1661 enim
506 1641 620 1661 onerosa
640 1638 701 1660 sunt
720 1641 751 1661 ea
767 1641 826 1668 qua:
842 1633 980 1668 jubeutnr.

183 1677 257 1710 Quis,
281 1683 382 1712 quam,
398 1677 473 1704 labor
486 1677 512 1703 in
524 1676 630 1704 vitando
642 1675 811 1710 juramento?
825 1683 887 1702 num
902 1683 982 1710 pecu-

182 1724 289 1751 niarum
304 1723 423 1758 impensa
438 1723 501 1750 est?
514 1731 577 1750 num
591 1723 672 1750 sudor
683 1726 710 1750 et
725 1722 865 1750 aerumna?
880 1721 982 1750 Sufﬁcit

182 1775 285 1798 tantum
300 1770 381 1803 velle,
396 1774 424 1798 et
437 1774 523 1798 totum
537 1770 632 1797 factum
644 1774 694 1797 est.
709 1769 737 1797 Si
757 1777 822 1796 vero
836 1775 981 1796 consuetu-

181 1817 273 1845 dinem
291 1817 360 1844 mihi
376 1816 498 1852 ohjicias,
513 1816 548 1844 ob
569 1816 620 1843 hoc
633 1816 718 1851 ipsum
740 1816 856 1843 maxime
869 1815 930 1843 dico
943 1815 981 1842 fa-

181 1863 258 1891 cilem
283 1870 344 1890 esse
357 1861 588 1891 emendationem.
604 1861 670 1889 Nam
691 1861 713 1888 si
728 1862 753 1888 in
776 1861 854 1888 aliam
869 1865 895 1889 te
914 1868 979 1888 con-

181 1908 347 1936 suetudinem
370 1907 526 1938 transferas,
546 1907 603 1942 jam
615 1911 699 1934 totum
716 1905 861 1942 perfecisti.
887 1906 978 1942 Cogita

181 1955 252 1983 enim
268 1954 366 1982 multos
379 1953 449 1990 apud
459 1953 571 1989 gentiles
582 1960 654 1986 esse,
665 1953 710 1988 qui
721 1952 790 1980 balbi
803 1960 863 1980 cum
877 1957 977 1986 essent,

182 2002 266 2031 multo
279 1993 367 2029 studio
382 1999 560 2028 oiTendentem
572 1999 689 2034 linguam
703 2003 896 2031 correxerunt;
911 1998 979 2026 alios

181 2050 225 2084 qui
244 2056 304 2077 cum
330 2048 457 2076 humeros
472 2047 627 2082 frequenter
640 2050 668 2074 et
683 2046 836 2073 indecenter
848 2045 979 2080 agitarent

181 2098 375 2129 moverentqne
387 2114 394 2125 .
408 2093 530 2128 apposito
544 2092 633 2128 gladio
642 2112 650 2125 ,
664 2091 761 2119 dehinc
774 2091 808 2118 ab
832 2091 883 2118 hoc
895 2091 978 2119 absti-

181 2145 305 2169 nuerunt.
317 2141 384 2175 Quia
401 2140 473 2168 enim
487 2138 632 2174 Scripturis
646 2145 699 2165 non
712 2137 902 2172 obtemperatis
914 2157 921 2170 ,
944 2137 978 2164 ab

180 2193 352 2214 externorum
367 2185 497 2220 exemplis
508 2191 557 2212 vos
569 2184 713 2211 admonere
725 2191 816 2218 cogor.
828 2182 885 2210 [loc
895 2183 975 2210 etiam

180 2234 251 2261 Deus
263 2232 364 2261 Judmis
376 2231 491 2260 faciebat
505 2231 547 2258 his
556 2230 645 2258 verbis
659 2239 665 2257 :
679 2230 752 2257 Abite
771 2230 797 2257 in
811 2230 907 2256 insulas
917 2229 977 2257 Clie-

180 2280 245 2313 tiim,
259 2283 283 2306 et
295 2278 323 2306 in
342 2277 424 2306 Cedar
433 2277 542 2304 mittite:
557 2281 580 2303 et
594 2276 681 2303 discite
693 2276 714 2302 ai
730 2275 879 2302 mutaverint
891 2280 976 2310 gentes

180 2326 240 2353 deos
253 2333 312 2353 suos
327 2333 337 2352 :
350 2329 372 2352 et
385 2324 434 2360 ipsi
447 2331 497 2350 non
518 2327 577 2350 sunt
599 2322 635 2349 dii
650 2320 723 2356 (Jer.
738 2321 765 2348 2.
781 2321 825 2348 10.
839 2321 869 2348 11
883 2320 903 2355 ).
920 2320 975 2347 lmo

180 2371 213 2399 ad
227 2370 418 2399 irrationabilia
432 2377 503 2405 saepe
516 2368 614 2401 mittit,
632 2367 724 2395 dicens
740 2376 748 2395 :
770 2366 839 2394 Vnde
863 2366 898 2393 ad
919 2367 974 2401 for-

181 2417 283 2448 micam,
298 2416 378 2451 piger,
393 2420 417 2442 et
435 2414 557 2442 temulare
576 2413 630 2440 vias
644 2413 709 2449 ejus,
724 2417 747 2439 et
767 2411 830 2439 vade
849 2411 883 2438 ad
901 2420 974 2446 apem

179 2461 278 2498 (Prov.
291 2461 318 2489 6.
333 2461 378 2496 6).
405 2461 461 2488 Hoc
484 2460 573 2495 itaque
585 2463 613 2486 et
636 2465 686 2493 ego
700 2464 771 2485 nunc
792 2457 868 2484 vobis
890 2456 950 2484 dico
966 2465 973 2483 :

179 2506 354 2535 Considerate
373 2504 527 2534 Graecorum
549 2503 732 2540 philosophos,
755 2507 782 2531 et
806 2508 867 2530 tunc
883 2502 974 2529 scietis

178 2557 280 2589 quanto
299 2552 353 2579 sint
365 2551 437 2586 digni
452 2551 584 2586 supplicio
597 2550 614 2577 ii
626 2550 670 2585 qui
685 2549 789 2577 divinas
802 2548 874 2584 leges
887 2553 973 2575 trans-

179 2598 337 2634 grediuntur
351 2606 358 2624 :
374 2604 434 2624 cum
456 2596 493 2624 illi
520 2604 568 2631 pro
582 2595 696 2622 humana
712 2594 762 2622 hac
781 2594 920 2621 honestate
933 2593 973 2621 la-

178 2644 260 2672 bores
272 2643 426 2670 innumeros
439 2642 607 2677 pertulerint,
624 2648 672 2668 vos
684 2648 748 2668 vero
759 2647 792 2667 ne
803 2647 851 2674 pro
861 2639 974 2666 caelesti-

179 2689 230 2717 bus
242 2689 349 2725 quidem
359 2688 436 2716 hortis
446 2689 453 2704 '
465 2695 555 2722 parem
562 2686 690 2714 exhibere
700 2685 863 2721 diligentiam
873 2683 971 2712 velitis.

179 2735 207 2763 Si
234 2741 314 2770 porro
337 2738 398 2769 post
429 2733 486 2760 luce
505 2733 622 2764 dixeris,
649 2738 728 2767 posse
752 2730 972 2758 consuetudinem

177 2781 336 2816 intercipere
350 2782 431 2809 etiam
444 2779 505 2807 illos
517 2779 561 2814 qui
583 2778 727 2806 admodum
751 2777 802 2805 sibi
821 2781 930 2810 cavent,
947 2776 972 2804 id

177 2828 257 2856 etiam
271 2835 321 2863 ego
334 2827 437 2858 fateor;
452 2834 534 2853 unum
547 2825 573 2852 id
588 2825 684 2861 adjicio
699 2834 705 2853 :
718 2829 746 2853 ut
760 2824 838 2853 facile
851 2822 974 2858 intercipi

212 2916 219 2930 ¹
237 2914 295 2946 Alii,
307 2921 334 2941 ne
344 2921 392 2947 pro
403 2914 470 2943 cwtis
479 2913 582 2945 quidem.

575 155 603 184 S.
622 154 761 183 JOANNIS
779 152 1016 182 CilllYSOSTOMl
1036 152 1194 181 ARCllIEP.
1216 152 1484 182 CONSTANTINOP.

1791 159 1845 188 264

1049 215 1125 246 potes
1137 230 1144 242 ,
1162 210 1197 237 ita
1217 208 1295 238 facile
1307 214 1384 245 potes
1399 215 1425 237 te
1437 211 1592 239 emendare.
1612 212 1640 239 Si
1661 212 1733 240 enirn
1748 214 1846 242 multos

1049 256 1095 283 tibi
1107 256 1179 283 domi
1189 256 1315 284 custodes
1330 262 1441 291 statuas,
1458 264 1565 285 servum
1576 258 1709 291 videlicet,
1722 268 1844 293 uxorem,

1047 303 1172 337 amicum,
1188 303 1222 331 ab
1236 303 1360 331 omnibus
1375 304 1467 339 pulsus
1482 309 1562 340 atque
1585 306 1716 341 agitatus,
1740 307 1816 334 facile
1830 316 1845 335 a

1048 356 1131 383 prava
1156 349 1348 377 consuetudine
1361 349 1486 377 absistcs.
1510 351 1538 378 Si
1554 358 1602 386 per
1624 351 1716 379 decem
1739 352 1797 380 dies
1806 344 1844 380 ita

1046 394 1149 429 agendo
1172 402 1346 430 perseveres,
1369 402 1422 422 non
1449 396 1501 423 erit
1526 395 1695 425 diuturniore
1723 401 1845 433 tempore

1046 447 1130 474 opus;
1142 440 1188 468 sed
1204 440 1250 468 tibi
1264 448 1307 468 res
1328 441 1354 468 in
1378 445 1434 468 tuto
1449 442 1534 476 posita
1549 443 1600 469 erit
1612 463 1620 475 ,
1641 444 1844 472 consuetudinis

1046 485 1153 519 optima:
1165 485 1289 514 ﬁrmitate
1299 486 1353 521 jam
1366 486 1468 514 radices
1484 487 1619 516 mittente.
1632 488 1697 515 Cum
1712 497 1776 524 ergo
1786 497 1845 518 coe-

1046 531 1118 565 peris
1130 531 1157 559 id
1172 531 1318 567 corrigere,
1333 533 1438 560 etiamsi
1454 533 1537 560 semel
1551 538 1597 560 aut
1606 533 1647 561 bis
1656 533 1741 569 legem
1757 541 1842 562 trans-

1047 576 1188 611 grediaris,
1203 577 1309 605 etiamsi
1324 582 1365 605 ter
1377 578 1560 614 vigesiesquc,
1575 587 1610 607 ne
1632 579 1760 614 desperes
1774 581 1842 610 :sed

1044 631 1164 659 resurge,
1186 623 1362 660 eamdemque
1373 633 1466 652 curam
1478 625 1595 661 suscipe,
1611 627 1742 662 planeque
1755 635 1836 662 supe-

1043 670 1125 698 rabis.
1141 671 1232 706 Neque
1244 671 1314 699 enim
1330 672 1388 700 leve
1397 672 1496 700 malum
1506 678 1547 700 est
1557 673 1713 709 perjurium.
1725 674 1751 702 Si
1767 675 1838 702 enim

1042 716 1133 752 iurare
1145 725 1160 744 a
1182 718 1253 745 malo
1267 723 1319 749 est,
1334 719 1456 753 pejerare
1470 724 1570 754 quanto
1583 720 1713 754 supplicio
1725 721 1776 748 erit
1790 721 1840 748 oh-

1043 763 1170 791 noxium?
1183 763 1246 792 Haec
1259 764 1328 792 dicta
1345 764 1489 792 laudastis?
1502 764 1554 792 Sed
1566 765 1714 800 plausibus,
1726 768 1839 794 tumultu

1042 814 1070 836 et
1082 810 1170 837 sonitu
1184 817 1236 837 non
1251 817 1319 844 opus
1333 815 1374 837 est
1396 810 1471 836 mihi.
1489 810 1575 838 Unum
1602 811 1662 838 volo
1681 817 1794 844 tantum,
1811 817 1839 840 ut

1042 862 1103 882 cum
1116 855 1206 890 quiete
1220 860 1246 883 et
1258 855 1345 891 sagaci
1357 855 1505 883 attentione
1519 864 1578 890 qua:
1594 855 1717 884 dicuntur
1730 858 1838 885 audien-

1041 905 1098 933 tes,
1122 899 1193 928 dicta
1208 901 1403 936 easequamini.
1427 901 1483 929 lloc
1505 901 1569 928 mihi
1585 902 1692 937 plausus
1711 908 1738 930 et
1753 903 1837 931 laudis

1041 946 1101 974 loco
1112 951 1162 974 est.
1175 947 1202 975 Si
1215 955 1279 976 vero
1289 955 1321 975 ea
1334 956 1393 982 quas
1402 947 1526 975 dicuntur
1536 948 1639 983 audias,
1653 953 1680 976 et
1693 957 1745 977 non
1757 950 1837 978 facias

1040 1000 1071 1020 ea
1087 1000 1146 1028 qua:
1159 993 1260 1027 laudas,
1277 993 1363 1028 majus
1377 993 1428 1021 erit
1449 994 1619 1029 supplicium,
1642 996 1747 1029 gravior
1756 1003 1835 1023 accu-

1040 1039 1109 1067 satio
1120 1060 1128 1072 ,
1142 1040 1270 1075 nobisque
1284 1040 1369 1076 pudor
1382 1045 1409 1068 ct
1423 1041 1521 1068 irrisio.
1540 1040 1597 1068 Non
1619 1042 1688 1068 enim
1704 1043 1835 1070 theatrum

1040 1091 1102 1114 sunt
1116 1086 1258 1119 hare,non
1276 1086 1410 1122 tragoedos
1436 1094 1507 1114 nunc
1535 1088 1671 1121 spectatis,
1698 1092 1726 1114 ut
1748 1088 1834 1115 soltnn

1040 1132 1180 1167 plaudatis.
1202 1131 1381 1167 Magisterium
1395 1137 1435 1159 est
1448 1131 1492 1160 hic
1505 1132 1651 1166 spirituale.
1665 1132 1832 1168 Quapropter

1039 1186 1122 1205 unum
1136 1178 1253 1205 stndittm
1266 1182 1318 1212 est,
1332 1183 1361 1205 ut
1372 1186 1431 1214 qua:
1441 1178 1567 1205 dicuntur
1576 1185 1656 1213 opere
1666 1178 1833 1213 complcatis,

1039 1228 1067 1251 ct
1094 1224 1277 1252 obedientiam
1301 1223 1384 1259 gestis
1408 1224 1634 1252 commonstretis.
1664 1224 1739 1251 Tunc
1762 1226 1834 1253 enim

1038 1271 1127 1298 omnia
1140 1270 1276 1305 assequuti
1286 1271 1387 1298 erimus
1401 1278 1408 1296 :
1429 1274 1456 1296 at
1468 1277 1538 1297 nunc
1552 1277 1620 1304 pene
1633 1269 1778 1305 desperare
1788 1279 1833 1298 eo-

1037 1324 1094 1352 gor.
1109 1316 1175 1344 Nam
1186 1321 1213 1344 ct
1225 1317 1348 1352 privatim
1361 1324 1409 1344 eos
1420 1337 1427 1348 ,
1443 1316 1487 1351 qui
1503 1323 1546 1343 tne
1557 1321 1752 1349 convenerunt,
1776 1316 1833 1345 ha-c

1037 1370 1148 1390 monere
1163 1370 1216 1390 non
1237 1362 1351 1394 cessavi,
1366 1366 1393 1390 et
1409 1362 1483 1389 vobis
1501 1361 1527 1388 in
1543 1369 1684 1389 connnune
1696 1362 1830 1397 loquutus,

1037 1409 1103 1436 nihil
1119 1415 1206 1436 tamen
1222 1408 1283 1436 hinc
1302 1408 1404 1436 fructus
1418 1407 1546 1435 hactenus
1563 1412 1716 1442 perceptum
1730 1408 1805 1436 video
1821 1417 1828 1435 :

1036 1455 1084 1484 sed
1095 1463 1143 1483 vos
1156 1455 1248 1490 primis
1255 1454 1341 1482 adlmc
1350 1453 1491 1482 clementis
1504 1453 1637 1482 lncrcntes
1648 1461 1728 1481 cerno
1740 1462 1748 1482 :
1759 1455 1829 1490 quod

1036 1507 1102 1528 sane
1115 1501 1260 1528 maximum
1286 1504 1376 1534 potest
1402 1499 1507 1526 docenti
1532 1499 1665 1526 fastidium
1690 1507 1828 1534 generare.

1036 1546 1104 1574 Vide
1114 1547 1193 1582 igitur
1202 1551 1227 1574 et
1235 1546 1346 1573 Paulum
1359 1545 1383 1572 id
1397 1545 1508 1572 moleste
1521 1545 1660 1577 ferentem,
1671 1545 1742 1580 quod
1755 1545 1829 1572 audi~

1037 1599 1108 1622 tores
1121 1593 1203 1620 multo
1214 1598 1333 1628 tempore
1347 1592 1372 1619 iu
1385 1591 1473 1626 priere
1483 1591 1631 1626 disciplina:
1644 1591 1725 1626 gradu
1736 1600 1828 1620 manc-

1035 1644 1105 1667 rent.
1121 1638 1190 1666 Num
1202 1647 1258 1666 cum
1269 1638 1405 1670 deberetis,
1420 1637 1517 1673 inquit,
1532 1637 1646 1672 magistri
1663 1646 1715 1664 esse
1728 1643 1830 1673 propter

1035 1690 1147 1720 terrtpus,
1170 1692 1272 1713 rursum
1294 1684 1412 1720 indigetis
1426 1689 1453 1710 ut
1464 1684 1604 1710 duremuiut'
1616 1684 1636 1717 ί,
1647 1691 1762 1718 quantum
1776 1685 1828 1712 ele-

1034 1736 1119 1758 menta
1126 1730 1175 1757 sint
1184 1729 1302 1766 principii
1314 1729 1437 1756 sermonis
1449 1729 1496 1755 Dei
1507 1728 1600 1763 (Hebr.
1615 1728 1641 1756 5.
1656 1729 1713 1764 12).
1725 1729 1787 1756 Ideo
1797 1735 1825 1757 et

1034 1786 1084 1806 nos
1092 1778 1212 1813 lugemus
1220 1781 1246 1804 et
1253 1776 1412 1812 plangimus.
1426 1776 1465 1803 Ac
1475 1775 1497 1802 si
1509 1781 1713 1810 perseverantes
1727 1783 1774 1802 vos
1786 1776 1826 1803 vi-

1033 1825 1110 1859 dero,
1120 1832 1167 1852 vos
1176 1823 1283 1851 demum
1292 1830 1428 1850 sacrorum
1441 1821 1561 1849 liminum
1572 1821 1643 1848 aditu
1656 1821 1822 1854 interdicam,

1033 1877 1083 1899 nec
1106 1878 1160 1897 non
1182 1868 1383 1904 participatione
1402 1867 1590 1895 immortalium
1619 1860 1827 1903 mysteriorum,

1032 1915 1256 1952 quemadmodum
1269 1914 1455 1948 fornicatores,
1470 1913 1617 1947 adulteros,
1631 1918 1658 1941 et
1673 1921 1719 1941 eos
1733 1917 1777 1949 qui
1792 1914 1826 1941 de

1031 1962 1149 1990 caedibus
1160 1965 1329 1989 accusantur.
1350 1960 1444 1988 Melius
1456 1967 1569 1994 namque
1584 1964 1625 1987 est
1640 1967 1700 1986 cum
1723 1959 1827 1987 duobus

1031 2008 1074 2036 vel
1089 2008 1174 2035 tribus
1193 2007 1266 2042 leges
1290 2006 1336 2033 Dei
1359 2004 1562 2033 observantibus
1573 2009 1714 2032 consuetas
1729 2005 1826 2032 all'crre

1031 2061 1136 2090 preces,
1159 2061 1238 2089 quam
1257 2057 1356 2080 coetum
1378 2058 1541 2086 congregare
1557 2050 1755 2085 improborum,
1779 2051 1825 2086 qui

1030 2106 1142 2129 caeteros
1155 2103 1339 2134 corrumpunt.
1359 2098 1399 2126 Ne
1411 2098 1470 2133 quis
1480 2098 1566 2130 dives,
1580 2105 1613 2125 ne
1627 2097 1687 2132 quis
1699 2105 1714 2124 e
1726 2097 1825 2132 primo-

1030 2147 1104 2176 ribus
1115 2147 1231 2178 inlletur.
1246 2145 1287 2172 vel
1303 2144 1444 2179 supercilia
1457 2143 1571 2171 attollat.
1585 2142 1647 2170 llaec
1657 2143 1745 2170 omnia
1759 2142 1824 2170 mihi

1030 2193 1118 2221 fabula
1132 2197 1204 2225 sunt,
1221 2191 1313 2218 umbra
1327 2195 1355 2218 et
1368 2190 1513 2218 somnium.
1526 2189 1620 2216 Nullus
1633 2189 1705 2216 enim
1718 2196 1823 2222 eorum,

1029 2239 1073 2274 qui
1089 2245 1160 2266 nunc
1172 2236 1354 2273 opulentiores
1364 2241 1436 2269 sunt,
1447 2235 1512 2262 mihi
1524 2240 1587 2262 tunc
1599 2234 1819 2270 patrocinabitur,

1028 2293 1089 2313 cum
1102 2285 1249 2312 accusabor
1263 2288 1289 2311 et
1299 2283 1417 2310 rationes
1429 2281 1494 2310 dare
1506 2289 1595 2317 cogar,
1611 2281 1681 2316 quod
1697 2289 1749 2308 non
1763 2289 1823 2309 cum

1028 2331 1118 2360 debita
1132 2331 1300 2360 vehementia
1314 2330 1386 2365 leges
1397 2329 1444 2356 Dei
1459 2328 1658 2356 vindicaverim.
1672 2328 1728 2356 Hoc
1739 2329 1822 2362 enim,

1028 2379 1080 2406 hoc
1093 2383 1167 2406 certe
1178 2376 1363 2405 admirandum
1379 2375 1452 2402 illum
1468 2383 1559 2402 senem
1572 2396 1579 2408 ,
1595 2374 1654 2402 Heli
1669 2374 1740 2408 dico,
1760 2383 1822 2410 per-

1028 2425 1105 2459 didit,
1118 2425 1168 2452 etsi
1183 2422 1445 2459 irrcpreltensibilem
1458 2422 1570 2448 duxerat
1583 2422 1665 2448 vitam
1681 2431 1686 2448 :
1704 2425 1822 2448 attamen

1027 2472 1100 2508 quia,
1114 2479 1175 2499 cum
1190 2470 1359 2498 conculcatus
1381 2468 1428 2496 Dei
1442 2467 1515 2502 leges
1526 2466 1638 2500 videret,
1653 2466 1679 2494 id
1693 2466 1821 2502 neglexit,

1027 2526 1088 2546 cum
1102 2517 1163 2545 ﬁliis
1173 2516 1283 2552 punitus
1298 2519 1350 2547 est,
1374 2519 1401 2542 et
1419 2520 1500 2548 grave
1513 2512 1673 2547 supplicium
1687 2512 1778 2539 subilt.
1794 2511 1821 2539 Si

1026 2569 1115 2593 autem
1128 2563 1174 2591 ubi
1191 2567 1263 2590 tanta
1281 2565 1384 2589 natum
1405 2559 1527 2595 tyrannis
1540 2563 1617 2591 erat,
1641 2559 1679 2591 is,
1699 2558 1743 2593 qui
1768 2566 1820 2585 non

1026 2611 1114 2639 debita
1139 2608 1282 2636 severitate
1299 2614 1359 2634 cum
1375 2606 1437 2633 ﬁliis
1457 2605 1512 2632 suis
1534 2610 1575 2632 est
1588 2611 1662 2637 usus,
1679 2604 1714 2631 ita
1726 2611 1821 2639 graves

1026 2657 1099 2684 dedit
1112 2662 1214 2690 poenas,
1230 2661 1280 2689 qua
1296 2660 1345 2680 nos
1357 2651 1434 2679 venia
1456 2651 1614 2678 donabimur
1627 2651 1661 2678 ab
1674 2650 1718 2677 illa
1732 2656 1821 2685 tyran-

1027 2703 1087 2730 nide
1102 2701 1215 2732 liberati.
1231 2700 1275 2735 qui
1297 2704 1385 2726 tamen
1398 2698 1487 2726 omnia
1500 2697 1655 2725 adulatione
1669 2698 1819 2732 corrumpi-

1026 2748 1103 2776 mus?
1116 2748 1155 2775 Ne
1174 2747 1263 2781 itaque
1277 2751 1304 2773 et
1327 2752 1375 2772 nos
1388 2749 1415 2772 et
1425 2751 1473 2771 vos
1486 2744 1557 2778 ipsos
1572 2743 1699 2778 perdatis,
1714 2744 1818 2771 obtem-

1025 2799 1132 2831 perate,
1146 2793 1259 2820 obsecro
1273 2812 1281 2823 ,
1297 2795 1326 2818 ut
1338 2791 1492 2818 innumeros
1507 2789 1583 2816 vobis
1595 2789 1779 2823 exploratores
1793 2794 1818 2816 et

1025 2841 1172 2870 munitores
1193 2838 1393 2869 constituentes,
1420 2845 1434 2863 a
1446 2836 1658 2871 jnramentorum
1674 2840 1818 2864 consuetu-

1058 2908 1066 2921 ι
1086 2903 1142 2935 Alii,
1156 2908 1253 2928 rursum
1265 2899 1377 2933 indigetis
1388 2903 1504 2931 tempore,
1514 2901 1537 2924 ut
1549 2897 1691 2924 doccmniui.
