2067 3132
206 134 259 163 965

766 133 799 161 ΙΝ
817 132 1019 161 ΜΔΤΤΗΔΕυΜ
1038 132 1151 161 llOMlL.
1174 134 1266 162 XVIII.

1803 140 1853 167 266

206 194 270 221 dine
293 192 453 226 Iiberemini,
476 197 505 220 ut
527 193 590 220 hinc
615 197 767 228 pergentes,
792 193 872 221 aliam
892 200 1000 229 quoque
1052 192 1137 230 gratia
1152 199 1180 221 et
1191 193 1376 222 misericordia
1390 194 1495 223 Domini
1509 197 1591 225 nostri
1604 197 1667 226 Iesu
1682 198 1790 232 Christi,
1808 203 1850 230 cui

206 241 330 266 virtutem
342 247 404 266 cum
414 239 541 267 facilitate
554 246 648 274 magna
671 239 803 274 impleatis
814 260 821 271 ,
851 243 879 267 et
902 238 998 266 futuris

205 286 330 312 tutamini
344 284 423 312 bonis
438 293 517 320 :qua
544 292 593 313 nos
608 292 702 312 omnes
722 285 828 321 assequi
843 286 998 321 contingat,

1053 239 1138 274 gloria
1149 243 1176 267 et
1189 239 1330 274 imperium
1342 247 1413 268 nunc
1423 245 1450 269 et
1463 248 1570 278 semper
1579 263 1587 276 ,
1603 248 1631 271 et
1645 243 1672 271 in
1685 246 1783 273 saeuis
1802 256 1853 276 sa:-

1052 285 1185 314 culorum.
1203 285 1299 314 Amen.

880 388 1054 419 HOMILIA
1074 388 1192 420 XVIII.

202 465 267 491 (In.
281 464 309 492 5.
329 472 356 492 ν.
367 464 412 492 38.
434 464 547 491 Audistis
566 463 627 499 quia
647 463 743 490 dictum
760 467 818 490 est:
831 461 939 489 Oculum
950 469 998 497 pro

237 510 327 543 oculo,
340 514 364 537 et
376 509 476 536 dentem
489 517 535 544 pro
549 508 634 536 dente.
649 508 693 536 59.
715 507 771 544 Ego
788 512 873 535 autem
885 507 943 535 dico
952 514 997 534 vo-

237 556 275 583 bis
283 577 291 588 ,
313 564 363 583 non
383 555 499 583 resistere
522 555 591 582 malo
603 562 613 582 .'
622 554 666 582 sed
676 555 698 581 si
711 554 767 590 quis
779 553 928 588 percusserit
939 557 962 581 te
971 553 998 580 in

238 602 368 629 dexteram
386 602 519 629 maxillam
528 621 536 635 ,
553 600 637 636 pra-bs
647 601 672 627 ei
681 605 704 628 et
718 601 837 628 alterunt.
847 600 894 628 40.
907 600 941 627 Et
953 608 998 627 vo-

238 648 301 675 lenti
319 652 402 675 tecum
419 647 447 674 in
461 647 563 683 judicio
574 647 740 680 contendere,
759 650 782 674 et
802 646 914 674 tunicam
927 650 997 673 tuam

236 693 340 726 tollere,
353 693 452 719 dimitte
465 693 488 720 ei
501 697 526 720 et
539 692 656 727 pallium.

238 741 251 766 l
258 759 264 766 .
287 739 355 772 Quid
360 738 485 774 signiﬁcet
496 738 585 765 oculus
594 737 770 765 scandalizans
779 758 787 771 ,
798 745 873 773 quem
882 737 996 765 Christus

199 787 272 820 jubet
285 785 350 812 erui.
370 784 422 812 Cur
433 788 559 820 pra-cepta
572 784 634 819 legis
648 784 741 811 veteris
753 792 804 811 non
823 784 860 811 ita
878 783 996 811 sublimia

201 835 293 858 essent.
306 846 342 851 —
354 830 435 859 Vides
452 838 515 858 eum
530 838 584 858 non
608 830 642 858 de
665 830 744 858 oculo
767 830 856 865 priora
876 829 993 865 dixisse,

200 885 263 904 cum
284 877 391 912 juberet
410 876 519 904 oculum
546 884 643 904 eruere
665 876 711 912 qui
736 876 814 904 nobis
834 875 994 904 offendicula

200 929 284 956 esset,
300 923 347 951 sed
356 923 390 951 de
401 930 435 951 eo
444 923 490 958 qui
503 930 551 958 per
559 922 704 950 amicitiam
722 929 772 950 nos
785 921 895 950 laderet
903 942 911 955 ,
927 926 954 950 et
967 922 993 949 in

201 969 330 1004 perniciei
350 967 505 996 barathrum
524 967 688 1003 conjiceret?
703 967 769 995 Nam
791 967 837 1003 qui
862 971 934 994 tanta
949 967 994 995 hic

202 1015 456 1051 hyperboleutitur,
470 1022 558 1050 neque
576 1014 696 1047 alterius,
720 1014 765 1049 qui
788 1014 866 1042 nobis
885 1013 992 1042 oculum

199 1062 331 1094 eruisset,
355 1061 463 1089 oculum
483 1068 579 1089 eruere
605 1061 740 1096 permitti,
765 1060 899 1096 quomodo
913 1068 992 1088 suum

199 1115 296 1135 eruere
317 1107 376 1143 lege
395 1107 548 1135 sanxisset?
565 1107 643 1142 Quod
657 1107 680 1135 si
695 1107 755 1143 quis
767 1112 885 1135 veterem
902 1107 994 1135 redar-

199 1159 264 1190 guat
280 1155 383 1190 legem,
407 1163 466 1190 quae
485 1154 578 1190 jnbeat
598 1163 627 1183 se
639 1155 674 1182 ita
689 1154 797 1187 ulcisci,
814 1154 837 1182 is
848 1154 992 1182 admodum

199 1201 265 1228 mihi
287 1201 392 1228 videtur
418 1201 594 1236 sapientiam,
615 1209 675 1236 qua
697 1201 875 1236 lcgislatorem
896 1201 991 1234 decet,

200 1247 324 1281 ignorare
336 1268 344 1281 ,
361 1254 467 1275 necnon
490 1251 640 1282 temporum
660 1247 792 1275 rationem
808 1252 836 1275 et
850 1247 991 1283 indulgen-

199 1293 244 1320 tia
258 1293 412 1321 utilitatem.
429 1293 456 1321 Si
474 1293 634 1329 cogitaveris
654 1294 725 1322 enim
736 1315 744 1328 ,
769 1294 878 1330 quinam
901 1299 992 1322 essent

199 1339 216 1366 ii
229 1339 275 1375 qui
289 1339 350 1366 talia
363 1339 485 1367 audirem
496 1360 505 1373 ,
518 1339 652 1375 quomodo
665 1339 768 1373 affecti,
779 1344 806 1368 et
819 1339 927 1376 quando
944 1341 992 1368 has

198 1385 273 1421 leges
289 1386 451 1420 acceperint,
471 1386 631 1422 legislatoris
640 1386 798 1421 sapientiam
811 1386 923 1413 multum
936 1386 992 1413 lau-

197 1432 289 1465 dabis,
313 1432 470 1468 videbisque
491 1440 574 1460 unum
593 1437 621 1460 et
638 1432 761 1460 eumdem
783 1440 843 1460 esse
863 1433 907 1468 qui
934 1432 992 1460 hac

198 1483 227 1506 et
250 1479 295 1506 illa
314 1479 454 1512 statuerit,
478 1483 508 1506 et
529 1478 607 1506 valde
620 1478 721 1506 utiliter
735 1483 865 1514 utraque,
881 1486 913 1506 ac
927 1486 992 1506 eon—

197 1525 304 1559 gruenti
326 1529 448 1560 tempore
467 1525 614 1559 scripserit.
629 1524 697 1552 Nam
708 1524 731 1552 si
745 1525 779 1552 ab
792 1525 869 1552 initio
884 1524 941 1552 haec
952 1525 992 1552 sic

197 1571 251 1598 alta
266 1575 294 1598 et
306 1571 430 1599 sublimia
445 1576 579 1606 pracepta
602 1571 753 1606 intulisset,
773 1579 860 1607 neque
874 1571 931 1600 ha‘e
944 1579 991 1600 ne-

196 1625 250 1652 que
261 1617 307 1644 illa
320 1617 501 1653 recepissent;
519 1617 575 1652 jam
589 1625 654 1645 vero
666 1625 728 1645 cum
742 1622 895 1653 opportuno
913 1622 988 1645 utra-

197 1673 249 1700 que
270 1669 393 1699 tempore
415 1663 557 1697 statuerit,
581 1671 629 1699 per
649 1668 761 1699 utraque
787 1667 871 1691 totum
897 1663 989 1691 orbem

197 1711 328 1740 correxit.
348 1710 474 1746 Alioquin
493 1714 585 1738 autem
607 1709 664 1738 hac
676 1710 774 1744 jussit,
790 1717 844 1737 non
857 1713 886 1737 ut
897 1713 991 1737 mutuo

198 1758 278 1785 nobis
301 1756 396 1785 oculos
415 1763 558 1789 eruamus,
574 1756 620 1785 sed
636 1761 664 1783 ut
677 1756 766 1791 potius
776 1763 872 1783 manus
885 1760 990 1783 nostras

195 1803 392 1832 contineamus.
406 1802 472 1831 Nam
484 1802 665 1838 rependenda
677 1802 744 1830 vicis
757 1802 929 1830 comminatio
940 1802 991 1829 im-

197 1855 289 1885 petum
309 1849 457 1877 inferenda:
471 1848 577 1885 injuria
590 1849 722 1876 coercuit.
737 1848 825 1884 Atque
839 1848 876 1876 ita
889 1848 990 1876 sensim

196 1897 308 1924 multam
332 1896 491 1924 disseminat
515 1895 710 1932 philosophiam
732 1905 740 1924 :
765 1895 873 1930 quando
896 1895 990 1923 Iasum

196 1950 289 1978 parem
309 1942 458 1977 rependere
481 1942 566 1970 vicem
587 1941 685 1977 jubet;
711 1949 872 1978 quamquam
887 1941 990 1977 majore

196 1989 293 2024 dignus
307 1993 366 2017 erat
385 1988 516 2024 supplicio
535 1989 558 2016 is
579 1996 594 2016 a
614 1995 666 2024 quo
686 1988 813 2024 iniquitas
837 1988 990 2023 hujusmodi

197 2035 313 2070 cepisset
323 2034 463 2062 exordium
477 2043 485 2062 :
498 2033 565 2062 illud
577 2033 650 2061 enim
666 2033 800 2069 aquitatis
814 2033 883 2061 ratio
895 2037 990 2069 postu-

198 2080 281 2108 labat.
296 2079 349 2108 Sed
364 2080 425 2115 quia
437 2079 630 2116 benignitatem
647 2079 755 2107 volebat
769 2079 874 2114 justitia
887 2083 992 2115 tempe-

197 2135 259 2156 rare
269 2148 276 2161 ,
293 2135 371 2159 eum,
393 2127 440 2162 qui
453 2127 570 2162 iniquius
584 2134 613 2155 se
624 2131 762 2163 gesserat,
776 2127 889 2160 minori,
909 2134 990 2162 quam

197 2173 362 2205 merebatur,
377 2171 487 2200 damnat
500 2172 649 2207 supplicio,
666 2172 767 2200 docens
778 2177 808 2200 ut
821 2172 848 2200 in
864 2172 991 2208 patiendo

199 2227 324 2256 magnam
334 2226 472 2248 sanemus
485 2218 708 2247 moderationem.
719 2218 786 2247 Cum
797 2226 863 2255 ergo
872 2219 990 2254 priorem

198 2266 285 2301 legem
300 2265 471 2301 protulisset,
487 2265 614 2300 illamque
633 2269 717 2292 totam
734 2264 857 2300 legisset,
874 2263 992 2292 ostendit

198 2317 294 2348 postea
315 2319 369 2339 non
388 2311 500 2339 fratrem
512 2318 572 2339 esse
591 2310 637 2346 qui
656 2310 719 2338 talia
741 2310 922 2346 perpetravit,
942 2309 995 2338 sed

200 2358 360 2392 malignum,
373 2356 487 2392 ideoque
499 2356 654 2392 subjunxit:
668 2355 725 2390 Ego
734 2360 820 2383 autem
833 2355 890 2383 dico
903 2355 972 2383 vobis
982 2376 990 2389 ,

199 2412 253 2431 non
267 2403 383 2430 resistere
400 2402 479 2429 malo.
499 2401 558 2430 Non
580 2401 664 2435 dixit,
679 2401 738 2430 Non
753 2401 880 2429 resistere
895 2401 989 2428 fratri:

201 2449 261 2483 sed,
278 2448 349 2476 Malo
359 2469 367 2483 ,
382 2447 528 2476 ostendens
541 2447 587 2475 illo
599 2447 743 2482 instigante
753 2446 816 2474 talia
830 2446 990 2482 perpetrari,

201 2501 283 2532 atque
294 2496 333 2524 sic
347 2502 469 2531 magnam
480 2495 527 2522 ira
541 2498 642 2530 partem
653 2493 784 2522 adversus
792 2501 853 2521 eum
865 2493 910 2528 qui
923 2493 992 2528 inju-

202 2544 270 2571 riatn
294 2541 382 2569 intulit
402 2545 560 2576 conceptam
577 2539 675 2568 sedans
698 2543 726 2568 et
746 2538 903 2572 succidens,
931 2545 992 2566 eum

202 2597 312 2618 causam
327 2589 354 2616 in
368 2588 482 2616 alterum
496 2586 632 2614 transfert.
645 2585 714 2620 Quid
726 2585 825 2621 igitur?
839 2592 928 2613 annon
942 2584 993 2612 de-

200 2637 313 2668 bemus,
337 2633 457 2670 inquies,
479 2632 604 2661 resistere
622 2630 710 2659 malo?
731 2631 857 2664 Dehetis,
876 2630 924 2659 sed
939 2637 994 2658 non

202 2683 255 2711 hoc
269 2681 348 2710 modo
361 2691 368 2711 :
379 2688 471 2708 verum
483 2683 514 2707 ut
523 2680 580 2715 ipse
595 2678 740 2714 praecepit:
753 2682 783 2705 ut
793 2676 897 2705 scilicet
907 2677 993 2713 parati

201 2730 288 2757 simus
301 2728 336 2757 ad
355 2726 523 2763 recipiendas
537 2726 663 2761 injurias;
675 2725 715 2753 sic
731 2725 805 2754 enim
819 2725 894 2753 illum
915 2732 995 2760 supe-

202 2776 285 2804 rabis.
296 2775 389 2810 Neque
408 2774 481 2802 enim
495 2774 556 2809 igne
568 2772 636 2808 ignis
653 2771 842 2807 exstinguitur,
854 2771 900 2799 sed
914 2778 994 2806 aqua.

203 2822 239 2851 Ut
249 2826 338 2850 autem
349 2821 448 2853 discas,
460 2820 540 2848 etiam
555 2819 582 2846 in
595 2819 679 2847 veteri
692 2820 750 2854 lege
759 2826 820 2846 cum
833 2818 877 2853 qui
891 2823 996 2853 patere-

201 2873 245 2897 tur
271 2868 383 2902 vicissc,
397 2870 608 2901 coronatumque
628 2865 727 2899 fuisse,
749 2864 775 2893 id
794 2864 934 2900 diligenter
947 2871 994 2892 ex-

1054 460 1145 496 plora,
1159 465 1188 489 et
1198 461 1303 490 videbis
1313 468 1375 489 eum
1390 461 1470 497 longe
1483 460 1620 489 anteferri.
1634 461 1701 490 Nam
1713 463 1759 498 qui
1775 463 1847 498 prior

1052 514 1148 535 manus
1168 507 1274 544 iniquas
1293 507 1402 542 intulit,
1424 508 1491 536 duos
1505 508 1563 544 ipse
1576 509 1670 536 oculos
1682 509 1785 537 eruisse
1797 509 1846 537 de-

1053 552 1241 587 prehenditur,
1255 557 1282 581 et
1291 554 1407 589 proximi
1420 554 1462 582 sui
1475 559 1503 582 et
1512 562 1601 582 suum.
1615 554 1732 591 Ideoque
1741 555 1802 590 jure
1812 557 1847 583 ab

1050 600 1175 627 omnibus
1195 600 1258 628 odio
1277 600 1401 635 habetur,
1416 606 1444 629 et
1456 601 1529 629 mille
1541 601 1774 630 criminationibus
1792 603 1845 630 im-

1051 646 1161 680 petitur.
1176 645 1228 680 Qui
1238 654 1303 675 vero
1317 646 1398 675 Iasus
1418 651 1477 681 est,
1500 652 1677 683 praeterquam
1695 648 1765 683 quod
1787 649 1845 684 pari

1051 698 1130 726 pana
1146 691 1308 726 vindicatur,
1332 691 1400 720 nihil
1419 692 1484 720 mali
1500 693 1600 721 intulit.
1616 693 1732 729 Ideoque
1745 695 1844 722 multos

1050 736 1131 764 habet
1153 743 1200 764 seu
1221 738 1458 779 commiseratione
1478 738 1613 773 dolentes,
1628 743 1720 775 utpote
1736 748 1819 775 purus
1832 762 1840 774 ,

1048 782 1154 810 etiamsi
1173 783 1239 811 ultio
1255 783 1324 811 facta
1340 784 1432 812 fuerit.
1453 784 1598 814 Calamitas
1613 793 1661 821 par
1670 791 1711 814 est
1723 787 1748 814 in
1760 787 1841 814 utris-

1048 835 1120 863 que,
1145 828 1231 863 glosia
1249 836 1315 857 vero
1335 837 1389 858 non
1412 837 1459 865 par
1478 830 1548 865 apud
1569 831 1653 858 Deum
1668 835 1695 859 et
1707 831 1840 860 homines.

1047 874 1217 910 Quapropter
1235 883 1323 911 neque
1339 876 1483 904 calamitas
1493 876 1619 912 deinceps
1632 882 1745 913 partest.
1763 878 1840 906 Prin-

1047 922 1117 957 cipio
1138 922 1228 957 itaque
1241 922 1325 955 dixit,
1341 922 1391 956 Qui
1403 923 1522 950 irascitur
1533 924 1609 960 fratri
1622 932 1668 951 suo
1683 925 1737 952 sine
1747 933 1840 959 causa,

1046 973 1070 996 et
1079 969 1124 1004 qui
1135 969 1208 996 illum
1221 969 1321 1004 fatuum
1336 970 1462 1006 appellat,
1482 979 1541 998 reus
1562 971 1610 997 erit
1625 971 1746 1006 gcltenntc
1758 972 1840 1007 ignis,

1046 1015 1090 1043 hic
1104 1023 1169 1043 vero
1182 1016 1312 1051 majorem
1325 1016 1406 1044 etiam
1426 1017 1540 1053 requirit
1551 1017 1749 1053 philosophiam
1760 1039 1768 1052 ,
1787 1026 1841 1046 non

1047 1062 1128 1090 modo
1141 1062 1281 1098 quiescere
1294 1063 1391 1098 jubens
1403 1070 1468 1091 eum
1483 1063 1529 1099 qui
1543 1063 1607 1091 talia
1622 1071 1717 1098 passus
1729 1064 1778 1096 sit,
1793 1065 1841 1092 sed

1046 1109 1127 1137 etiam
1140 1116 1200 1136 cum
1215 1109 1335 1137 cadente
1353 1109 1443 1137 ofﬁcio
1461 1114 1583 1143 certare,
1608 1110 1710 1145 ipsique
1727 1110 1838 1138 alteratn

1049 1155 1185 1183 maxillam
1206 1155 1337 1190 prabere.
1358 1155 1415 1184 Hoc
1436 1160 1526 1184 autem
1546 1156 1627 1189 dicit,
1651 1163 1705 1184 non
1725 1163 1775 1192 pro
1795 1157 1840 1184 illo

1045 1202 1149 1238 injuriae
1163 1210 1263 1238 genere
1276 1207 1379 1231 tantum
1394 1203 1481 1239 legem
1501 1203 1591 1232 ferens
1602 1224 1609 1233 .
1632 1204 1680 1232 sed
1699 1204 1746 1232 ad“
1757 1204 1838 1232 talem

1045 1249 1073 1277 in
1088 1249 1147 1277 aliis
1160 1250 1285 1278 omnibus
1296 1250 1466 1278 tolerantiam
1480 1257 1529 1278 nos
1543 1250 1695 1278 instituens.

1080 1295 1108 1322 2.
1129 1295 1243 1323 Christus
1255 1295 1324 1330 quod
1333 1295 1369 1323 de
1377 1295 1487 1332 colapho
1504 1296 1566 1323 dicit
1585 1296 1619 1323 ad
1637 1304 1736 1324 onmem
1747 1302 1837 1324 contu-

1045 1341 1148 1368 meliam
1161 1340 1282 1368 extendit.
1295 1340 1422 1369 Patiendo
1434 1342 1533 1369 uincere
1542 1346 1649 1377 oportet.
1661 1357 1696 1362 —
1706 1342 1839 1376 Quemadé

1045 1387 1154 1414 modum
1166 1387 1237 1415 enim
1251 1395 1311 1414 cum
1332 1387 1412 1420 dicit,
1436 1387 1487 1421 Qui
1505 1392 1577 1415 vocat
1595 1389 1700 1423 fratrem
1711 1396 1785 1416 suum
1795 1391 1838 1424 fa-

1045 1437 1115 1459 tuum
1124 1452 1132 1465 ,
1147 1439 1204 1459 reus
1215 1433 1262 1459 erit
1276 1432 1397 1468 gehenme
1407 1433 1474 1469 ignis
1483 1453 1491 1466 ,
1506 1440 1559 1460 non
1573 1432 1608 1460 de
1623 1432 1675 1467 hoc
1689 1441 1742 1460 uno
1754 1434 1838 1462 verbo

1045 1478 1096 1505 huc
1107 1478 1188 1511 dicit,
1201 1477 1250 1506 sed
1260 1478 1295 1506 de
1305 1478 1424 1513 qualibet
1433 1478 1594 1506 contumelia
1607 1486 1615 1507 :
1629 1478 1665 1506 ita
1676 1478 1720 1506 hic
1732 1487 1838 1515 quoque

1045 1524 1133 1559 legem
1154 1524 1266 1559 statuit,
1283 1532 1337 1552 non
1351 1529 1454 1553 tantum
1467 1529 1497 1552 ut
1509 1525 1631 1560 colaphis
1642 1526 1704 1554 caesi
1715 1546 1723 1560 ,
1739 1526 1766 1554 id
1781 1526 1837 1554 for-

1045 1570 1107 1598 titer
1119 1570 1248 1604 feramus,
1263 1570 1312 1598 sed
1323 1575 1353 1598 ut
1363 1570 1469 1606 quidvis
1483 1570 1556 1598 aliud
1569 1571 1717 1606 patientes,
1733 1579 1768 1599 ne
1782 1576 1837 1599 tur-

1043 1616 1147 1644 bemur.
1168 1616 1313 1652 Propterea
1331 1621 1359 1645 et
1375 1616 1413 1645 ibi
1427 1621 1576 1645 extremam
1589 1617 1684 1653 selegit
1697 1617 1835 1653 injuriam,

1043 1667 1071 1690 et
1090 1662 1134 1690 hic
1153 1670 1230 1697 eam,
1252 1670 1312 1698 qua
1332 1663 1462 1697 probrosa
1477 1667 1505 1691 et
1516 1663 1708 1692 contumeliosa
1723 1665 1838 1692 maxime

1043 1708 1195 1743 videbatur,
1216 1710 1333 1738 maxilla
1347 1709 1561 1745 percussionem.
1575 1708 1604 1737 ld
1618 1710 1790 1745 verojussit,
1811 1714 1838 1738 et

1044 1755 1219 1791 percutientis
1237 1761 1265 1784 et
1284 1756 1404 1791 percussi
1422 1756 1553 1784 rationem
1573 1755 1684 1784 habens.
1702 1755 1769 1783 Nam
1792 1757 1836 1791 qui

1043 1801 1140 1837 injuria
1154 1801 1280 1836 afﬁcitur,
1295 1801 1363 1829 nihil
1377 1809 1408 1830 se
1422 1809 1504 1837 grave
1521 1809 1629 1837 passum
1648 1802 1834 1836 arbitrabitur,

1042 1848 1082 1876 sic
1095 1847 1262 1883 philosophia
1284 1848 1462 1883 pramunitus
1475 1856 1482 1875 :
1496 1855 1585 1884 neque
1603 1848 1675 1876 enim
1697 1853 1836 1877 contume-

1044 1894 1087 1921 lia
1098 1901 1206 1922 sensum
1216 1894 1299 1922 ullum
1313 1893 1433 1927 habebit,
1448 1898 1478 1922 ut
1491 1895 1538 1931 qui
1553 1899 1640 1923 certet
1654 1896 1743 1931 potius
1756 1903 1835 1931 quam
1847 1911 1849 1914 ‹

1044 1940 1226 1976 percutiatur;
1241 1940 1288 1976 qui
1302 1947 1368 1969 vero
1381 1940 1505 1976 injuriam
1526 1940 1623 1975 infert,
1637 1941 1742 1977 pudore
1755 1942 1837 1970 sulfu-

1044 1993 1091 2014 sus
1104 1994 1158 2014 non
1173 1986 1321 2014 secundum
1333 1987 1477 2022 colaphum
1494 1987 1641 2022 impinget,
1660 1987 1765 2015 etiamsi
1780 1987 1835 2016 fera

1043 2033 1138 2068 quavis
1152 2032 1268 2061 ferocior
1282 2032 1335 2066 sit;
1347 2033 1402 2060 imo
1414 2033 1495 2060 etiam
1508 2032 1543 2061 de
1557 2033 1647 2068 priore
1657 2039 1717 2061 sese
1729 2032 1838 2060 damna~

1043 2078 1092 2107 bit.
1113 2078 1184 2106 Nihil
1196 2079 1268 2107 enim
1281 2079 1318 2106 ita
1332 2078 1462 2107 ladentes
1471 2078 1596 2112 cohibet,
1611 2083 1641 2106 ut
1652 2085 1713 2106 cum
1725 2078 1780 2106 Iasi
1795 2079 1836 2106 itt-

1041 2124 1140 2160 juriam
1155 2124 1277 2153 modeste
1289 2124 1396 2158 ferunt;
1419 2131 1506 2160 neque
1526 2124 1607 2152 modo
1629 2124 1728 2153 retinet
1749 2125 1835 2160 impc-

1046 2176 1101 2199 tum
1113 2191 1121 2205 ,
1142 2179 1177 2199 ne
1190 2171 1302 2199 ulterius
1321 2170 1493 2206 procedatur,
1518 2170 1566 2198 sed
1586 2170 1668 2198 etiam
1690 2170 1717 2198 id
1736 2171 1834 2204 efticit,

1044 2221 1076 2245 ut
1086 2217 1121 2245 de
1136 2217 1207 2245 facto
1217 2224 1248 2245 se
1258 2217 1388 2252 paeniteat
1397 2237 1405 2251 ,
1418 2221 1446 2245 et
1458 2216 1504 2244 alii
1520 2216 1734 2244 moderationem
1748 2216 1835 2245 admi-

1043 2268 1136 2291 rantes
1145 2262 1290 2295 secedant;
1305 2262 1375 2296 imo,
1390 2269 1478 2296 neque
1491 2262 1579 2290 solum
1591 2261 1692 2290 amicos
1704 2270 1739 2290 ex
1753 2263 1837 2290 inimi-

1044 2311 1101 2343 cis,
1125 2310 1173 2338 sed
1197 2310 1343 2338 familiares
1364 2309 1454 2337 reddit
1472 2313 1500 2337 et
1518 2316 1629 2337 servos:
1644 2309 1723 2343 sicut,
1743 2317 1760 2337 e
1774 2317 1838 2337 con-

1044 2364 1142 2390 verso,
1157 2356 1224 2384 ultio
1236 2360 1344 2391 sumpta
1364 2355 1499 2383 contraria
1520 2354 1611 2382 omnia
1630 2355 1714 2390 parit,
1735 2360 1838 2383 utrum-

1045 2410 1097 2438 que
1123 2402 1283 2434 dedecorat,
1310 2406 1339 2429 et
1364 2401 1484 2437 pejorem
1508 2400 1608 2435 efﬁcite,
1638 2401 1768 2437 majorem
1792 2402 1839 2429 ira:

1046 2448 1181 2476 ﬂammam
1195 2447 1313 2481 excitat,
1327 2454 1360 2474 ac
1375 2454 1449 2482 sape
1462 2446 1537 2474 cade
1558 2446 1721 2474 terminatur
1736 2446 1837 2475 malum

1046 2494 1079 2522 ad
1107 2493 1235 2522 ulteriora
1259 2500 1442 2529 progressum.
1472 2492 1574 2520 Idcirco
1602 2499 1760 2528 percussum
1784 2501 1838 2520 non

1046 2540 1128 2568 modo
1136 2539 1213 2575 jubet
1226 2546 1280 2567 non
1300 2538 1399 2572 irasci,
1421 2537 1469 2566 sed
1488 2539 1570 2566 etiam
1590 2539 1768 2573 percutientis
1789 2539 1839 2566 im-

1048 2585 1122 2619 plere
1144 2584 1314 2620 cupiditatem
1339 2584 1475 2620 praecipit,
1499 2588 1529 2612 ut
1548 2591 1582 2612 ne
1593 2583 1709 2612 videaris
1721 2585 1839 2619 priorem

1048 2631 1153 2666 plagam
1175 2630 1274 2658 invitus
1290 2630 1438 2665 accepisse.
1450 2629 1495 2657 Sic
1509 2630 1581 2657 enim
1596 2629 1779 2665 impudentem
1793 2639 1838 2666 op-

1048 2677 1203 2713 portuniore
1220 2675 1298 2712 plaga
1311 2680 1455 2712 percutere
1475 2676 1594 2711 poteris,
1617 2683 1697 2711 quam
1717 2676 1741 2704 si
1760 2684 1840 2703 manu

1049 2723 1230 2758 percussisses
1239 2742 1248 2756 ,
1263 2725 1292 2750 et
1305 2721 1488 2757 impudentem
1501 2722 1713 2750 mansuetiorem
1727 2721 1839 2750 efﬁcies.

1050 2769 1101 2802 Qui
1114 2767 1221 2795 uoluerit
1233 2772 1314 2794 tecum
1324 2767 1423 2803 judicio
1434 2767 1600 2801 contendere,
1615 2772 1639 2795 et
1650 2768 1761 2795 tunicam
1771 2773 1840 2795 tuam

1050 2814 1154 2848 tollere,
1173 2813 1271 2841 dimitte
1287 2813 1326 2840 illi
1345 2817 1369 2840 et
1391 2813 1508 2848 pallium.
1523 2813 1616 2848 Neque
1629 2813 1702 2842 enim
1716 2815 1742 2841 in
1757 2814 1840 2849 plagis

1051 2860 1250 2894 tantummodo,
1274 2859 1321 2888 sed
1340 2859 1422 2888 etiam
1436 2859 1462 2888 in
1476 2860 1595 2895 pecuniis
1610 2860 1666 2888 vult
1679 2860 1761 2889 talem
1775 2860 1840 2888 tole-
1864 2849 1874 2860 ”
