2067 3132
188 102 237 130 267

188 160 303 188 rantiam
316 157 447 186 exhiberi.
470 157 534 184 Ideo
555 162 662 183 rursum
680 152 762 182 simili
783 151 867 179 utitur
886 149 984 184 hyper-

188 206 262 234 bole.
283 205 357 233 Sicut
376 204 449 232 enim
466 203 521 230 illic
533 202 609 237 jubet
628 199 753 235 patiendo
769 199 893 226 vincere,
909 195 945 221 ita
959 197 986 220 et

190 251 233 278 hic
247 251 273 278 in
285 249 458 278 concedendo
471 242 545 283 plura
557 268 566 280 ,
587 254 666 282 quam
687 248 780 280 raptor
800 240 984 278 exspectabat.

193 297 289 324 Verum
303 296 354 324 hoc
374 303 427 324 non
447 294 603 329 simpliciter
623 292 711 328 posuit
723 312 730 323 ,
746 290 794 318 sed
809 296 870 316 cum
883 286 986 314 addita—

190 347 293 371 mcnlo.
314 342 372 369 Non
394 342 465 369 enim
489 341 573 372 dixit,
597 339 634 366 Da
651 338 753 374 petenti
774 336 901 371 pallium,
921 332 985 365 Sed,

192 389 226 417 Ei
235 390 279 424 qui
290 389 395 416 voluerit
407 393 487 415 tecum
493 386 594 422 judicio
604 384 773 415 contendere;
788 384 839 409 hoc
849 386 892 409 est
901 402 908 413 ,
924 381 947 408 si
961 385 988 407 te

191 435 225 463 ad
235 435 365 470 judicium
378 434 504 466 traxerit,
519 440 551 459 ac
565 432 670 467 negotia
681 431 728 458 tibi
738 429 873 458 exhibeat.
889 430 989 463 Quem-

192 481 337 509 admodum
352 482 491 509 vero’cum
511 479 640 512 dixisset,
658 477 699 506 Ne
717 484 797 505 voces
819 476 937 509 fatuum,
960 479 989 503 ct

194 535 230 556 ne
240 527 368 555 irascaris
383 527 443 554 sine
457 533 538 554 causa
549 546 558 559 ,
570 525 698 560 deinceps
710 524 785 559 plura
797 523 907 558 exegit,
926 531 987 550 cum

192 573 274 608 jussit
286 573 368 600 etiam
382 571 522 599 dexteram
537 571 674 598 maxillam
692 569 815 605 praebere
829 578 837 596 :
853 569 888 596 ita
902 573 930 596 et
943 568 988 596 hic

194 627 257 648 cum
271 619 395 652 dixisset,
409 619 474 647 Esto
493 618 665 647 consentiens
677 625 737 645 cum
755 617 910 645 adversario
925 621 970 644 tuo
979 637 987 648 ,

193 673 302 694 rursum
314 665 421 701 gravius
439 671 603 700 praeceptum
623 664 708 692 addit.
729 664 787 692 Non
812 664 884 692 enim
909 663 990 691 modo

193 712 271 748 jubet
285 711 331 741 illa
345 711 411 740 dare
429 719 489 747 qua:
513 712 558 740 ille
573 711 630 739 vult
648 711 772 752 auferre,
797 711 845 739 sed
860 711 988 745 majorem

195 759 277 786 etiam
297 758 487 787 liberalitatem
501 759 639 786 exhibere.
662 758 733 792 Quid
754 758 854 793 igitur?
868 757 989 793 inquies,

195 805 321 833 nudusne
330 805 491 832 circuiturus
507 805 590 832 sum?
604 804 745 840 Nunquam
766 812 888 832 essemus
908 803 989 836 nudi,

196 851 219 878 si
228 850 271 878 his
278 850 420 886 praeceptis
429 850 573 886 diligenter
580 850 841 885 obtemperaremus;
853 850 899 878 sed
908 850 993 878 multo

196 897 319 932 pluribus
333 905 413 932 quam
434 897 479 924 alii
501 905 596 924 omnes
614 897 734 925 vestibus
754 896 838 924 induti
860 904 991 924 essemus.

197 943 289 971 Primo
308 944 380 972 enim
405 952 484 972 nemo
504 944 548 971 tali
574 944 664 972 animo
683 943 812 979 praeditus
836 943 993 971 invaderet:

198 989 335 1022 secundo,
360 990 383 1016 si
408 990 540 1025 quispiam
561 994 716 1017 occurreret
728 989 764 1017 ita
775 989 850 1017 ferox
870 994 897 1016 et
917 989 995 1017 inliu-

199 1042 307 1067 manus,
328 1039 357 1062 ut
376 1043 410 1062 eo
434 1043 518 1070 usque
543 1035 716 1070 procederet,
741 1035 825 1063 multo
839 1035 931 1070 plures
949 1043 995 1063 re-

199 1081 354 1115 perirentur
381 1081 426 1116 qui
455 1085 536 1108 tantze
562 1080 739 1117 philosophia:
760 1081 848 1108 virum
873 1089 927 1108 non
946 1089 995 1109 ve-

200 1126 286 1154 stibus
294 1126 382 1159 modo,
393 1126 475 1153 sedet
485 1134 565 1154 carne
574 1134 632 1158 sua,
642 1127 665 1154 si
673 1126 730 1154 ﬁeri
740 1132 840 1162 posset,
850 1126 995 1162 operirent.

236 1172 264 1200 5.
278 1171 307 1200 Si
320 1176 411 1199 autem
426 1173 506 1199 etiam
523 1177 631 1207 propter
646 1173 725 1200 talem
741 1172 939 1208 philosophiam
952 1181 998 1200 nu-

202 1216 265 1244 dum
280 1217 404 1245 incedere
416 1222 569 1252 oporteret,
583 1225 671 1253 neque
685 1217 713 1246 id
727 1219 807 1246 etiam
823 1222 901 1255 turpe
913 1224 996 1247 esset.

202 1262 268 1290 Nam
279 1267 306 1290 et
318 1263 403 1290 Adam
419 1263 507 1291 nudus
521 1267 579 1291 erat
591 1263 617 1291 in
634 1264 775 1299 paradiso,
791 1273 842 1293 nec
854 1266 999 1294 erubesce-

202 1310 248 1338 bat
262 1309 338 1344 (Gen.
355 1310 382 1339 2.
398 1310 461 1345 25);
474 1310 556 1338 lsaias
570 1310 650 1338 etiam
666 1311 754 1339 nudus
770 1317 796 1339 et
811 1312 998 1346 discalcealus,

203 1356 357 1385 Judaeornm
372 1356 492 1385 omnium
507 1356 739 1392 splendidissimus
751 1357 894 1395 erat(Isui.
904 1359 999 1395 20.5);

203 1403 304 1439 Ioseph
323 1411 388 1431 vero
405 1411 467 1431 cum
484 1409 583 1432 exutus
603 1410 662 1437 est,
679 1410 742 1433 tunc
756 1406 873 1434 maxime
893 1406 999 1434 claruit.

205 1450 297 1486 Neque
310 1450 382 1478 enim
398 1451 498 1478 malum
511 1455 554 1478 est
569 1451 604 1478 ita
622 1450 735 1484 nudari,
751 1451 798 1479 sed
813 1452 849 1478 ita
863 1451 954 1484 indui,
973 1459 1002 1480 ιιι

206 1503 276 1523 nunc
290 1503 338 1523 nos
353 1495 489 1523 induimur
502 1496 669 1523 vestimentis
681 1497 817 1532 pretiosis.
834 1497 890 1524 Hoc
903 1502 929 1524 et
944 1502 1000 1524 [ιιι-η

206 1549 240 1576 pc
254 1545 281 1569 et
291 1541 432 1569 ridiculum
447 1545 497 1568 est.
516 1541 579 1569 Ideo
593 1541 653 1568 illos
668 1541 775 1577 quidem
790 1542 861 1570 Deus
875 1542 1002 1576 laudavit;

208 1587 257 1615 hos
271 1595 336 1615 vero
351 1595 398 1623 per
411 1587 554 1622 prophetas
565 1593 593 1615 et
602 1595 651 1623 per
660 1588 795 1623 apostolos
805 1596 877 1624 smpe
889 1589 1002 1617 incusat.

207 1632 247 1660 Ne
261 1632 350 1668 itaque
364 1638 494 1667 praecepta
514 1633 689 1667 impossibilia
704 1641 766 1661 esse
787 1639 921 1669 putemus.
939 1635 1005 1669 Qua:

210 1679 302 1714 utique
314 1684 342 1707 et
357 1679 429 1707 utilia
443 1679 520 1706 nobis
534 1684 611 1712 sunt,
625 1684 652 1707 et
667 1680 744 1707 valde
758 1680 845 1708 facilia
856 1701 864 1715 ,
879 1681 901 1709 si
914 1681 1006 1717 vigile-

210 1732 271 1752 mus
285 1733 292 1751 :
309 1729 464 1760 tantumque
478 1724 593 1753 alierum
601 1726 715 1757 lucrum,
731 1731 760 1754 ut
773 1735 825 1754 non
845 1735 894 1755 nos
908 1729 1006 1762 solum,

211 1771 259 1799 scd
272 1770 353 1798 etiam
367 1778 423 1803 eos,
437 1771 482 1806 qui
497 1779 547 1799 nos
556 1771 663 1805 laedunt,
679 1773 795 1801 maxime
803 1774 907 1808 juvent.
916 1775 949 1802 Et
957 1775 1008 1803 hoc

212 1822 254 1845 est
264 1817 290 1844 in
304 1817 344 1845 eis
354 1818 492 1850 eximium,
504 1818 574 1853 quod
589 1818 654 1846 dum
668 1819 781 1847 suadent
795 1820 882 1854 nobis,
898 1826 926 1848 ut
939 1822 1008 1849 mala

213 1864 357 1900 patiamur,
371 1864 464 1892 eadem
480 1872 562 1900 opera
576 1873 623 1892 eos
633 1886 640 1898 ,
656 1866 700 1900 qui
714 1874 764 1894 nos
778 1866 878 1894 ltedunt
888 1887 895 1900 ,
911 1867 1010 1896 docent

213 1909 407 1945 philosophari.
438 1910 504 1938 Dum
532 1911 604 1938 enim
625 1911 670 1940 ille
699 1916 773 1946 putat
798 1920 923 1948 magnum
949 1922 1010 1943 ess:

214 1956 301 1984 aliena
315 1956 430 1995 auferre,
448 1960 474 1983 tu
490 1964 554 1984 vero
566 1957 686 1985 ostendis
701 1957 762 1992 ipsi,
779 1959 826 1986 tibi
843 1959 869 1986 in
885 1964 1009 1995 promptu

214 2009 275 2030 esse
290 2001 334 2029 illa
349 2002 428 2030 etiam
448 2002 514 2030 dare
528 2011 588 2037 qute
609 2003 666 2038 ipse
688 2011 742 2031 non
761 2005 844 2039 petit,
857 2011 885 2032 et
900 2014 1010 2040 pronam

215 2048 380 2076 alacritatem
400 2048 458 2083 ejus
474 2049 570 2083 inopia:
587 2049 837 2086 philosophiamque
855 2051 914 2086 ejus
934 2060 1013 2087 rapa-

215 2095 289 2122 citati
302 2095 430 2130 opponis,
444 2095 583 2122 considera
599 2101 724 2131 quantam
744 2096 788 2124 ille
814 2098 942 2132 percipiet
962 2098 1011 2125 do-

215 2142 342 2175 ctrinam,
361 2149 413 2168 non
430 2149 462 2168 ex
476 2141 576 2175 verbis,
592 2142 640 2170 sed
654 2150 689 2170 ex
704 2143 831 2177 operibus
845 2144 965 2171 eruditus
979 2144 1012 2171 ad

215 2188 460 2223 parvipendendam
469 2189 625 2224 nequitiam.
637 2193 665 2217 et
672 2189 797 2216 virtutem
807 2191 1011 2226 assequendam.

216 2234 275 2262 Non
296 2235 368 2263 enim
389 2235 445 2261 vult
469 2235 539 2262 Deus
562 2239 591 2262 ut
609 2235 686 2263 nobis
699 2240 803 2263 tantum
825 2236 904 2264 utiles
918 2237 1011 2269 simus,

217 2280 266 2308 sed
276 2281 400 2308 omnibus
413 2281 551 2316 proximis.
562 2281 589 2308 Si
599 2281 678 2316 igitur
686 2281 804 2314 dederis,
816 2287 843 2309 ct
852 2290 905 2310 non
913 2283 1015 2318 judicio

218 2326 407 2358 contenderis,
421 2326 493 2360 quod
511 2327 559 2354 tibi
573 2327 638 2354 utile
657 2332 714 2354 erat
730 2331 831 2355 tantum
847 2329 1012 2363 quazsivisti;

219 2372 242 2399 si
257 2380 322 2400 vero
330 2373 403 2400 aliud
416 2373 487 2400 dono
498 2373 644 2404 addideris,
657 2373 729 2400 illum
743 2373 882 2402 meliorem
891 2374 1014 2402 ell’ectum

219 2419 341 2447 dimittis.
354 2419 511 2454 Hujusmodi
526 2425 568 2447 est
581 2420 630 2453 sal,
645 2425 674 2446 ut
688 2420 744 2447 vult
758 2420 884 2448 Dominus
898 2421 1016 2457 discipu-

220 2465 261 2492 lus
281 2472 341 2492 esse
356 2473 363 2491 :
377 2465 447 2500 quod
465 2470 493 2492 et
511 2466 628 2500 seipsum
649 2470 758 2496 servat.
778 2471 805 2493 et
825 2466 876 2493 alia
889 2474 1014 2502 corpora,

220 2511 379 2546 quibuscum
396 2512 508 2538 mixtum
521 2512 680 2544 est,.iirmat
693 2521 699 2538 :
715 2511 774 2538 talis
792 2516 834 2539 est
847 2513 958 2546 oculus,
971 2514 1016 2548 qui

221 2558 274 2586 sibi
289 2558 338 2592 ipsi
351 2558 422 2584 lucet
435 2562 463 2584 et
480 2558 550 2585 aliis.
565 2558 632 2591 Quia
646 2558 726 2593 igitur
737 2566 831 2586 eorum
842 2564 868 2586 te
878 2559 937 2587 vice
950 2567 1017 2587 con-

209 2592 324 2636 istituit,
341 2603 460 2630 illumina
473 2611 533 2631 eum
546 2624 554 2636 ,
567 2604 612 2639 qui
629 2592 788 2632 intenebris
804 2605 895 2638 sedet,
911 2610 939 2633 et
950 2605 1017 2634 doce

222 2649 298 2676 illum
308 2669 316 2681 ,
331 2656 380 2676 nec
393 2649 507 2683 primum
521 2649 627 2684 quidem
641 2650 761 2684 rapuisse
775 2650 914 2684 violenter,
930 2659 980 2679 nec
993 2656 1018 2680 te

222 2695 325 2723 lzcsissc
332 2694 452 2722 omnino.
460 2694 505 2722 Sic
518 2695 588 2723 enim
597 2701 625 2723 et
635 2701 662 2723 tu
677 2697 857 2724 venerabilior
868 2698 1018 2733 clariorque

223 2741 278 2768 eris
288 2761 295 2772 ,
311 2740 334 2767 si
353 2741 480 2768 ostendas
490 2761 499 2774 ,
513 2741 620 2769 dedisse
634 2746 660 2769 te
670 2762 678 2774 ,
695 2751 747 2769 non
766 2748 869 2778 raptum
884 2744 1016 2771 amisisse.

225 2787 277 2815 Fac
286 2787 365 2820 igitur
376 2796 423 2822 per
435 2788 666 2816 mansuetudinem
679 2794 760 2822 tuam,
773 2794 799 2816 ut
811 2789 868 2824 ejus
880 2793 1017 2824 peccatum

223 2833 366 2863 liberalitas
379 2839 424 2861 tua
441 2835 484 2862 sit.

575 97 605 126 S.
625 95 764 125 JOANNIS
782 89 1022 122 CHRYSOSTOMI
1044 90 1204 119 ARCHIEP.
1225 90 1493 119 CONSTANTINOP.

1780 91 1833 121 268

1076 148 1206 182 Quantum
1227 148 1406 183 perfectionem
1426 156 1473 174 nos
1495 147 1607 174 docuerit
1625 147 1749 175 Christus.
1767 148 1832 176 Per-

1039 195 1098 230 fecli
1110 194 1157 222 viri
1169 194 1289 221 (erumnis
1303 194 1420 229 fortiores
1431 193 1586 220 evadunt.—-
1595 193 1623 220 Si
1635 201 1698 220 vero
1710 193 1760 220 hoc
1773 202 1834 221 esse

1040 247 1165 274 magnum
1178 243 1265 274 putas,
1277 243 1414 273 exspecta,
1423 243 1450 266 et
1464 239 1536 266 clare
1548 238 1661 272 videbis,
1675 243 1700 265 te
1715 239 1833 266 nondum

1040 285 1073 312 ad
1087 285 1278 320 perfectionem
1290 284 1407 312 venisse.
1424 283 1483 311 Non
1497 284 1567 311 enim
1580 283 1623 311 hic
1637 283 1748 320 gradum
1763 285 1834 312 sistit

1040 331 1064 359 is
1075 331 1120 366 qui
1137 331 1271 366 patientim
1281 331 1354 366 leges
1367 330 1450 363 dedit,
1464 330 1511 358 sed
1526 330 1637 358 ulterius
1652 331 1781 365 procedit,
1797 332 1834 359 ita

1040 379 1134 407 dicens
1148 387 1155 405 :
1170 379 1215 406 41.
1233 379 1264 406 Si
1280 379 1337 414 quis
1356 382 1380 405 te
1397 377 1567 413 aiigariaveiit
1585 377 1733 405 milliarium
1745 387 1834 412 unum,

1041 425 1105 452 unde
1122 432 1180 451 cuni
1200 425 1246 452 illa
1262 429 1285 452 et
1298 424 1360 451 duo.
1378 423 1501 451 Vidistin‘
1512 423 1687 458 philosophiae
1700 424 1836 451 excellen-

1042 470 1126 498 tiam?
1140 470 1205 498 Post
1217 470 1307 498 datam
1323 470 1440 497 tunicam
1452 474 1480 497 et
1494 470 1615 504 pallium,
1629 469 1651 497 si
1665 470 1753 498 adhuc
1764 470 1837 498 nudo

1041 524 1156 551 corpore
1171 517 1208 544 liti
1221 517 1285 544 velit
1299 516 1468 544 adversarius
1481 516 1514 544 ad
1529 516 1648 544 laborem
1661 521 1688 544 et
1701 517 1836 544 miseriam

1043 563 1180 590 ferendam
1191 584 1198 596 ,
1214 571 1249 591 ne
1263 563 1303 591 sic
1313 563 1420 599 quidem
1434 564 1509 591 illum
1520 571 1648 591 coercere
1661 569 1776 599 Oportet,
1793 564 1836 592 in-

1043 610 1110 645 quit.
1131 609 1226 638 Omnia
1250 610 1322 637 enim
1342 617 1391 638 nos
1413 610 1592 637 communiter
1609 610 1665 637 vult
1688 611 1836 645 possidere,

1043 663 1156 690 corpora
1166 676 1174 689 ,
1190 655 1318 691 pecunias
1327 676 1334 688 ,
1349 661 1377 683 et
1386 656 1478 691 egenis
1492 656 1593 691 pariter
1605 655 1782 692 iniuriamque
1796 658 1837 684 in—

1045 702 1192 730 ferentibus
1207 703 1250 730 illa
1265 703 1386 738 przebere
1400 712 1407 730 :
1424 702 1474 730 hoc
1492 703 1563 730 eiiim
1584 702 1761 735 fortitudinis,
1775 704 1838 730 illud

1045 748 1215 784 benignitatis
1229 752 1280 776 est.
1298 747 1360 776 ideo
1374 748 1480 776 dicebat
1496 758 1503 776 :
1519 749 1618 783 Siquis
1631 753 1655 776 le
1668 749 1839 784 angariaven'l

1045 796 1193 823 milliarium
1207 803 1301 828 unum,
1317 795 1381 822 vade
1397 803 1454 822 cum
1471 795 1517 822 illo
1529 800 1554 823 et
1573 796 1642 829 duo,
1658 796 1800 824 sublimius
1814 801 1840 824 tc

1046 852 1152 872 rursum
1169 844 1292 879 erigens,
1307 848 1387 880 atque
1400 843 1522 871 eamdem
1547 843 1631 878 ipsam
1655 843 1841 871 liberalitatem

1045 891 1190 919 ostendere
1204 891 1313 925 jubens.
1329 890 1356 918 Si
1374 890 1446 918 enim
1461 889 1522 922 illa,
1538 897 1598 925 quae
1612 890 1640 916 in
1659 890 1789 924 principio
1802 890 1842 916 di-

1047 937 1128 965 cebat
1138 957 1148 972 ,
1162 937 1203 965 his
1216 937 1295 972 longe
1309 936 1430 968 minora,
1445 940 1485 963 tot
1497 940 1585 963 tamen
1601 935 1780 963 beatitudines
1793 936 1840 962 lia-

1047 983 1146 1017 beaut,
1159 983 1246 1018 cogita
1261 987 1359 1018 quanta
1372 989 1432 1009 sors
1448 982 1506 1009 haec
1519 981 1621 1016 majora
1637 986 1781 1016 npcrantes
1792 989 1841 1009 ex-

1049 1033 1171 1065 spectet,
1195 1034 1276 1064 atque
1302 1029 1382 1056 etiam
1406 1028 1500 1063 quales
1525 1027 1563 1055 illi
1588 1027 1629 1055 vel
1650 1032 1712 1055 ante
1734 1028 1843 1063 prmmia

1049 1075 1181 1108 evadant,
1198 1076 1224 1102 in
1237 1076 1353 1102 humano
1367 1079 1395 1102 et
1410 1074 1530 1109 passibili
1545 1081 1658 1109 corpore
1674 1074 1843 1109 impossibili-

1050 1126 1133 1150 tatem
1155 1129 1262 1149 omnem
1277 1120 1444 1149 exhibentes.
1459 1120 1525 1148 Cum
1541 1120 1612 1147 enim
1633 1127 1721 1155 neque
1741 1121 1845 1147 calum-

1050 1168 1121 1200 niis,
1143 1175 1230 1203 ncque
1252 1168 1356 1203 plagis,
1379 1174 1467 1202 neque
1492 1167 1665 1202 pecuniarum
1693 1167 1844 1202 direptione

1051 1214 1234 1247 mordeantur,
1254 1221 1339 1249 neque
1360 1213 1407 1240 ulli
1428 1213 1466 1240 rei
1487 1213 1568 1240 simili
1590 1221 1716 1248 umquam
1738 1213 1845 1244 cedant.

1052 1259 1106 1287 imo
1116 1259 1204 1294 potius
1213 1259 1340 1286 azrumnis
1354 1258 1477 1286 fortiores
1490 1259 1613 1291 evadant,
1628 1259 1766 1287 considera
1778 1267 1846 1295 qua-

1053 1306 1086 1333 lis
1100 1306 1188 1333 anima
1200 1313 1294 1333 eorum
1310 1305 1449 1333 efliciatur.
1465 1306 1611 1340 Propterea
1627 1306 1698 1341 quod
1713 1307 1739 1334 in
1751 1308 1844 1342 plagis,

1053 1351 1123 1388 quod
1137 1352 1162 1380 in
1176 1352 1295 1388 pecuniis
1307 1351 1391 1387 jubet,
1402 1351 1453 1380 hoc
1463 1356 1490 1380 et
1500 1352 1525 1379 in
1540 1352 1589 1379 hac
1603 1360 1632 1379 re
1643 1360 1746 1387 quoque
1760 1353 1847 1380 lata-re

1054 1401 1191 1435 praecepit.
1214 1399 1284 1432 Quid
1307 1400 1412 1434 loquor,
1433 1399 1529 1434 inquit,
1554 1399 1587 1427 de
1611 1400 1788 1431 contumeliis,
1813 1401 1850 1429 de

1055 1445 1197 1480 pecuniis?
1217 1445 1245 1473 Si
1261 1445 1340 1472 etiam
1361 1446 1420 1480 ipso
1444 1453 1557 1480 corpore
1587 1450 1633 1473 tuo
1657 1447 1694 1473 uti
1723 1446 1847 1475 velit-ad

1056 1491 1175 1518 laborem
1188 1495 1216 1518 et
1229 1491 1444 1526 defatigationem
1459 1513 1466 1525 ,
1483 1491 1600 1527 illudque
1620 1493 1736 1529 injuste,
1756 1501 1850 1520 l'lll'sllS

1056 1539 1174 1572 vincito,
1198 1543 1226 1566 et
1247 1539 1317 1566 illius
1337 1539 1453 1574 iniquam
1478 1539 1652 1574 cupiditatem
1676 1545 1848 1575 exsuperata.

1057 1586 1204 1621 Anguriare
1218 1585 1290 1613 enim
1301 1589 1342 1613 est
1361 1586 1451 1621 inique
1462 1585 1579 1617 trahere.
1595 1590 1622 1613 et
1634 1586 1693 1613 sine
1702 1586 1756 1613 ulla
1771 1595 1850 1622 pror-

1058 1640 1104 1660 sus
1116 1633 1219 1660 ratione
1232 1633 1286 1659 vim
1302 1631 1412 1660 inferre.
1430 1634 1553 1660 Attamen
1569 1632 1665 1660 adhoc
1678 1633 1756 1660 etiam
1773 1641 1851 1668 para-

1060 1685 1101 1707 tus
1114 1685 1182 1712 esto,
1199 1685 1226 1708 ut
1239 1680 1354 1716 amplius
1369 1680 1489 1715 patiaris,
1501 1688 1581 1716 quam
1597 1680 1642 1708 ille
1657 1682 1721 1708 Velit
1733 1682 1851 1717 exigere.

1060 1727 1105 1754 42.
1119 1726 1217 1754 l’etenli
1229 1731 1252 1754 te
1265 1727 1307 1759 da,
1321 1731 1343 1753 et
1353 1727 1476 1754 volentem
1491 1735 1506 1753 a
1520 1732 1544 1754 te
1551 1727 1672 1760 mutuari,
1684 1736 1715 1754 ne
1722 1729 1853 1756 aversi-ris.

1061 1773 1124 1801 Huic
1135 1773 1237 1800 minora
1249 1773 1300 1800 illis
1308 1779 1387 1806 sunt;
1404 1773 1451 1800 sed
1465 1781 1499 1801 ne
1510 1773 1614 1801 mireris
1631 1781 1638 1801 :
1653 1774 1691 1801 sic
1704 1774 1774 1801 enim
1787 1775 1855 1801 Solet

1062 1826 1168 1854 semper
1183 1819 1285 1851 facere,
1306 1819 1409 1854 magnis
1430 1827 1509 1854 parva
1530 1819 1656 1847 miscens.
1671 1819 1700 1847 Si
1721 1828 1784 1848 vero
1799 1820 1856 1847 luce

1062 1866 1164 1893 minora
1180 1866 1234 1892 sint
1248 1865 1310 1898 illis,
1325 1865 1435 1892 audiant
1449 1865 1494 1901 qui
1510 1865 1596 1893 aliena
1609 1866 1725 1901 rapiunt.
1739 1866 1784 1901 qni
1797 1874 1854 1892 me-

1062 1911 1204 1939 retricibus
1223 1919 1271 1939 sua
1292 1911 1451 1947 largiuntur,
1468 1916 1495 1939 et
1513 1911 1612 1946 duplex
1634 1911 1682 1942 sibi
1707 1917 1799 1947 parant
1817 1913 1856 1938 in-

1063 1958 1186 1985 cendium
1200 1977 1207 1990 ,
1231 1962 1259 1985 et.
1280 1965 1329 1992 per
1351 1957 1471 1992 iniquum
1495 1957 1595 1984 aditum
1608 1978 1615 1988 ,
1631 1962 1658 1985 et
1673 1965 1719 1992 per
1737 1963 1858 1992 sumptus

1064 2004 1238 2039 perniciosos.
1253 2003 1372 2031 Motuum
1387 2008 1474 2031 autem
1495 2003 1537 2030 hic
1556 2011 1608 2030 non
1624 2004 1773 2030 usurarinm
1794 2004 1858 2030 illud

1064 2050 1153 2078 fumus
1166 2050 1310 2085 appellant,
1323 2050 1369 2077 sed
1383 2057 1460 2077 usum
1474 2050 1622 2084 simplicem
1649 2050 1717 2076 Alibi
1738 2058 1801 2076 vero
1817 2050 1858 2076 id-

1065 2098 1152 2131 ipsum
1169 2096 1300 2128 intendit,
1319 2096 1422 2129 dicens,
1441 2096 1494 2123 illis
1508 2096 1625 2123 dandum
1640 2103 1717 2128 esse,
1734 2104 1747 2123 a
1763 2097 1858 2131 quibus

1066 2143 1132 2170 nihil
1146 2148 1303 2178 recepturos
1319 2150 1368 2169 nos
1381 2149 1531 2176 speramus.
1546 2142 1589 2169 45.
1608 2142 1721 2169 Audistis
1740 2143 1800 2177 quia
1820 2143 1856 2169 di-

1066 2194 1135 2216 ctum
1149 2194 1185 2215 est
1197 2197 1206 2215 :
1219 2188 1316 2224 Diliges
1330 2189 1472 2223 proximum
1490 2193 1561 2214 tuum
1573 2209 1580 2220 ,
1593 2192 1615 2214 et
1630 2188 1688 2215 odio
1699 2188 1798 2216 habebis
1809 2189 1859 2215 ini.

1067 2236 1159 2262 micum
1183 2240 1263 2261 tuum.
1283 2235 1328 2261 44.
1349 2234 1406 2269 Ego
1417 2239 1501 2260 autent
1516 2234 1572 2260 diro
1587 2234 1655 2261 vobis
1666 2243 1675 2261 :
1691 2234 1793 2270 Diligile
1811 2235 1861 2261 ini-

1067 2282 1145 2308 micos
1157 2285 1260 2311 vestros,
1271 2285 1293 2307 el
1306 2285 1375 2306 orate
1389 2288 1434 2314 pro
1449 2280 1661 2306 calumniantibus
1674 2285 1696 2307 et
1711 2289 1862 2316 persequen-

1068 2327 1133 2354 tibus
1146 2335 1189 2354 vos
1200 2335 1211 2359 ;
1234 2326 1372 2353 benedicile
1393 2325 1598 2352 malediceulibus
1617 2326 1684 2352 vobis
1696 2347 1703 2358 ,
1727 2326 1862 2360 benefncite

1069 2374 1100 2400 iis
1111 2373 1154 2408 qui
1167 2382 1210 2400 vos
1230 2372 1354 2403 oderunt,
1372 2372 1416 2398 iii.
1431 2377 1458 2398 ut
1481 2373 1535 2398 silis
1556 2372 1650 2399 similes
1670 2371 1757 2399 Patris
1779 2373 1861 2406 vestri,

1069 2419 1112 2454 qui
1124 2424 1160 2446 est
1172 2420 1198 2445 in
1212 2419 1281 2445 caelis
1292 2439 1301 2451 ,
1315 2419 1358 2453 qui
1372 2418 1449 2444 solem
1462 2426 1535 2445 suum
1547 2419 1608 2444 oriri
1623 2418 1684 2453 facit
1698 2427 1773 2453 super
1787 2419 1864 2446 bonos

1069 2469 1093 2492 et
1117 2465 1213 2496 malos,
1238 2469 1262 2490 et
1285 2465 1350 2499 pluit
1363 2472 1440 2499 super
1455 2465 1539 2499 juslos
1551 2470 1575 2490 et
1587 2465 1704 2499 injuxlos.
1719 2465 1786 2491 Vide
1797 2473 1864 2500 quo.

1071 2512 1150 2540 modo
1164 2511 1284 2538 ultimam
1298 2511 1429 2538 bonorum
1441 2510 1596 2537 coronidem
1610 2508 1707 2545 p'osuit.
1721 2511 1862 2546 Propterea

1070 2558 1142 2585 enim
1161 2557 1242 2584 docet
1252 2578 1261 2590 ,
1275 2564 1327 2583 non
1344 2557 1424 2583 modo
1437 2556 1556 2591 colaphis
1568 2556 1702 2583 caedentes
1719 2556 1803 2589 ferre,
1818 2558 1864 2584 sed

1072 2603 1151 2631 etiam
1161 2602 1298 2630 dexteram
1307 2602 1443 2629 maxillam
1455 2602 1574 2636 praebere
1587 2622 1593 2634 ,
1612 2609 1698 2636 neque
1713 2606 1813 2629 tantum
1825 2607 1865 2630 tu—

1071 2650 1138 2677 nica:
1151 2649 1259 2683 pallium
1273 2648 1399 2682 adjicere,
1412 2647 1458 2674 sed
1476 2655 1536 2674 cum
1551 2648 1706 2682 angariante
1727 2648 1761 2675 ad
1784 2656 1864 2675 unum

1072 2695 1224 2722 milliarium
1247 2702 1294 2728 per
1308 2694 1362 2721 duo
1378 2693 1499 2720 milliaria
1519 2693 1660 2725 incedere,
1682 2698 1710 2720 ut
1729 2693 1801 2728 quod
1823 2694 1866 2722 his

1074 2742 1153 2776 longe
1167 2742 1254 2774 majus
1267 2745 1324 2767 erat
1342 2747 1403 2767 cum
1418 2740 1490 2766 omni
1507 2738 1632 2766 facilitate
1647 2740 1807 2775 susciperes.
1833 2740 1867 2768 Et

1073 2787 1146 2822 quid,
1159 2787 1273 2821 inquies,
1286 2786 1326 2813 his
1338 2786 1424 2820 majus
1433 2785 1495 2813 est?
1511 2785 1586 2812 Illum
1595 2785 1639 2820 qui
1652 2786 1708 2812 htec
1723 2785 1802 2813 faciat
1813 2793 1867 2814 non

1074 2835 1210 2864 iuimicmn
1230 2834 1327 2862 habere
1344 2841 1351 2859 :
1367 2833 1421 2861 imo
1435 2837 1463 2861 et
1477 2832 1574 2867 aliquid
1595 2832 1667 2861 aliud
1688 2832 1784 2868 majus.
1806 2832 1866 2861 Non
