2067 3132
172 135 227 164 Ἧίθ

172 200 245 220 enim
260 192 298 220 ait
309 211 317 224 ,
337 190 377 219 Ne
401 190 464 218 odio
488 188 598 222 habeas,
612 187 670 221 sed,
687 186 773 222 Dilige
787 194 794 213 :
811 192 864 212 non
879 183 963 216 dixit,

172 238 211 266 Nc
223 237 304 265 Izedas
315 258 323 270 ,
337 237 395 269 sed,
409 235 570 264 Beuefacito.

209 284 235 311 4.
255 283 350 310 Novem
363 281 500 310 Christiani
522 288 581 316 erga
595 279 709 307 inimicos
721 277 801 313 ofﬁcii
812 275 918 312 gradus.
932 289 967 295 —-

172 329 199 357 Si
214 329 274 364 quis
288 336 352 356 vero
365 328 422 355 hmc
436 331 559 355 accurate
573 324 764 359 exploraverit,
779 322 851 350 aliud
866 320 968 348 videbit

172 376 384 404 additamentum
393 374 435 402 his
445 374 522 408 longe
533 372 626 407 majus.
640 371 697 399 Non
709 370 780 398 enim
793 370 878 396 solum
888 367 968 402 jussit

172 422 285 457 diligere
295 442 302 454 ,
324 420 373 449 sed
387 424 414 448 et
433 427 481 454 pro
496 419 529 446 iis
542 425 630 445 orare.
649 415 744 443 Viden‘
758 422 825 450 quos
839 413 967 441 ascende-

174 469 208 495 rit
221 467 329 503 gradus,
344 471 373 495 et
387 465 522 501 quomodo
534 471 584 492 nos
597 464 622 491 in
638 464 725 498 ipsum
741 462 847 489 virtutis
859 460 964 488 culmen

173 513 364 542 constituerit?
378 512 540 540 Consideres
558 510 639 538 velim
654 517 701 537 eos
715 517 730 536 a
750 507 882 543 principio
901 514 968 534 enu-

172 568 292 589 merans.
317 560 423 588 Primus
443 558 542 595 gradus
561 563 618 590 est,
632 564 686 584 non
707 556 831 590 injuriam
847 554 966 586 inferre;

173 607 319 640 secundus,
330 607 375 635 ubi
389 607 492 641 incepta
505 609 547 632 est
559 604 666 638 iniuria,
681 611 734 630 non
751 602 823 630 illam
838 601 895 637 pari
909 601 968 628 vice

174 653 284 686 ulcisci;
294 653 397 686 tertius,
409 659 462 679 non
473 650 604 678 inferrein
616 649 758 676 lazdcntem
770 648 884 683 idipsum
897 646 968 681 quod

174 707 270 736 passus
282 706 330 731 es,
345 697 392 725 sed
405 697 564 732 quiescere;
580 699 690 730 quartus
700 714 708 728 ,
725 702 754 721 se
769 693 856 728 ipsum
869 692 967 720 offerre

174 746 209 774 ad
231 745 330 773 malum
352 743 525 779 patiendum;
539 741 648 777 quintus
660 761 668 774 ,
691 740 764 775 plura
784 739 822 767 illi
836 739 966 774 praebere,

175 799 256 827 quam
270 791 328 826 ipse
343 789 408 817 velit
422 789 467 824 qui
481 788 581 816 malum
593 787 681 814 intulit
693 790 807 819 {sextus
818 806 825 819 ,
838 793 891 812 non
906 785 969 812 odio

176 838 277 866 habere
291 837 365 864 illum
380 836 425 872 qui
440 835 502 863 talia
516 834 616 870 egerit;
632 832 772 868 septimus,
789 831 875 866 ipsum
888 831 968 858 etiam

174 885 303 920 diligere;
314 887 433 916 octavus,
445 881 496 916 ipsi
507 879 679 912 benefacere;
689 885 784 910 nouus,
794 877 878 905 Deum
888 877 969 905 etiam

176 940 227 967 pro
237 932 296 966 ipso
305 929 420 966 precari.
434 928 558 957 Vidistin‘
572 926 749 963 philosophia:
761 925 869 953 culmen
881 924 893 951 ’ἰ
908 924 969 952 Ideo

175 979 257 1005 etiam
281 975 450 1012 splendidum
469 974 514 1002 ille
536 973 675 1009 praemium
698 970 789 999 habet.
814 969 881 1004 Quia
896 970 969 997 enim

177 1031 303 1059 magnum
324 1026 487 1058 prteceptnm
506 1024 581 1052 erat,
597 1026 629 1047 ac
641 1023 753 1046 strenuo
767 1025 836 1051 opus
853 1016 971 1044 habebat

176 1070 279 1102 animo,
290 1075 439 1103 magnaque
453 1066 602 1101 diligentia,
613 1063 764 1092 mercedem
780 1062 820 1090 illi
832 1061 970 1090 constituit

177 1115 279 1147 talem,
303 1114 409 1149 qualem
433 1113 498 1140 nulli
523 1112 653 1147 priorum.
679 1110 738 1138 Non
768 1109 840 1137 enim
869 1113 968 1137 terram

178 1162 223 1189 hic
236 1163 440 1193 commemorat,
463 1163 494 1186 ut
515 1166 575 1186 cum
595 1157 629 1185 de
651 1157 759 1185 mitibus
781 1160 891 1192 ageret;
915 1163 970 1183 non

177 1206 389 1235 consolationem
415 1209 443 1233 et
469 1203 691 1236 misericordiam,
707 1207 737 1230 ut
750 1209 811 1230 cum
826 1201 861 1230 de
876 1201 971 1236 lugen-

179 1253 250 1280 tibus
264 1257 291 1280 et
301 1252 336 1280 de
348 1250 567 1279 misericordibus
580 1258 589 1282 ;
609 1257 663 1277 non
674 1249 709 1277 de
723 1256 807 1284 regno
821 1248 947 1276 caelorum
963 1256 970 1275 :

178 1299 227 1327 sed
240 1298 311 1334 quod
325 1297 445 1326 omnium
461 1296 688 1324 mirabilissimum
699 1299 774 1328 erat,
788 1294 858 1330 quod
877 1294 973 1322 ﬁerent

179 1345 227 1373 Dei
240 1345 358 1378 similes,
372 1347 499 1379 quantum
523 1346 636 1378 possunt
657 1341 780 1369 homines
796 1340 845 1375 ipsi
861 1347 922 1368 esse
933 1340 971 1367 si-

180 1391 268 1419 miles.
283 1389 318 1418 Ut
327 1390 394 1423 sitis,
409 1388 503 1424 inquit,
518 1388 613 1416 similes
624 1387 712 1415 Patris
724 1387 798 1414 vettri
809 1386 891 1422 quiin
905 1386 974 1413 cwlis

180 1443 227 1466 est.
243 1437 284 1465 Tu
293 1444 358 1465 vero
368 1436 496 1464 observes
510 1434 601 1468 velim,
616 1433 704 1469 ipsum
718 1441 805 1468 neque
819 1432 874 1465 hic,
887 1439 974 1467 neque

181 1484 208 1512 in
223 1482 405 1518 superioribus
419 1481 528 1509 Patrem
551 1488 629 1509 suum
651 1486 766 1512 vocare;
783 1478 831 1506 sed
847 1478 901 1506 illic
915 1479 974 1513 qui-

181 1530 242 1557 dem
257 1529 341 1557 Deum
362 1533 390 1556 et
408 1535 499 1563 regem
521 1533 647 1561 magnum
658 1546 665 1559 ,
680 1532 740 1553 cum
762 1524 795 1552 de
811 1523 974 1560 juramentis

181 1577 235 1612 agit
248 1585 255 1608 ;
270 1576 315 1603 hic
329 1582 392 1602 vero
407 1574 514 1602 Patrem
533 1573 664 1608 ipsorum.
679 1570 708 1599 Id
721 1578 786 1599 vero
800 1571 855 1606 agit
868 1570 918 1597 hos
931 1569 973 1597 lo-

182 1621 279 1659 quendi
301 1620 397 1649 modos
420 1620 446 1648 in
472 1623 653 1654 opportunum
678 1621 784 1652 tempus
818 1623 972 1644 reservans.

182 1668 284 1697 Deinde
308 1668 335 1695 in
359 1674 501 1703 progressu
520 1664 721 1693 similitudinem
745 1664 818 1692 illam
836 1663 973 1691 declarat:

184 1715 234 1748 Qui
255 1713 336 1742 solem
361 1721 435 1740 suum
454 1711 517 1739 oriri
539 1711 600 1747 facit
619 1719 698 1746 super
711 1710 788 1737 bonos
802 1714 824 1736 et
839 1710 935 1741 malos,
950 1713 975 1736 et

182 1761 247 1796 pluit
261 1768 337 1795 super
346 1760 431 1795 justas
448 1762 473 1786 et
494 1758 612 1793 injustas.
627 1756 731 1784 Etenim
744 1756 804 1783 illos
826 1763 878 1783 non
893 1755 974 1783 modo

182 1815 236 1834 non
249 1806 316 1840 odit,
332 1806 427 1841 inquit,
439 1805 486 1832 sed
496 1805 577 1832 etiam
589 1803 719 1832 beneficio
730 1802 812 1830 afﬁcit
825 1810 872 1830 eos
886 1801 932 1837 qui
944 1809 974 1830 se

182 1852 278 1887 injuria
288 1850 418 1879 afficiunt.
429 1850 595 1886 Quamquam
610 1849 681 1876 nulla
694 1848 729 1875 sit
739 1848 789 1876 bac
803 1848 829 1875 in
842 1855 872 1875 re
885 1854 974 1883 mqua-

182 1899 254 1930 litas,
268 1905 323 1925 non
336 1897 421 1924 solum
435 1900 545 1932 propter
557 1894 679 1923 beneﬁcii
693 1893 911 1929 magnitudinem,
926 1893 974 1921 sed

182 1945 263 1972 ctiam
277 1947 387 1979 propter
401 1941 538 1978 dignitatis
550 1941 733 1969 eminentiam.
746 1939 787 1968 Tu
797 1940 869 1967 enim
880 1947 894 1966 a
907 1947 974 1967 con-

182 1997 261 2018 servo
283 1988 441 2024 despiceris,
456 1987 502 2015 ille
521 1991 612 2015 autem
626 1994 641 2014 a
656 1993 734 2014 servo
747 1993 826 2021 quem
839 1985 974 2013 sexcentis

182 2034 320 2063 beneficiis
340 2033 455 2065 affecit;
480 2036 507 2061 et
533 2037 562 2060 tu
582 2032 690 2068 quidem
707 2032 789 2059 verba
802 2031 897 2065 donas,
911 2030 973 2058 dum

183 2089 232 2117 pro
247 2081 293 2108 illo
307 2079 443 2116 precaris,
458 2079 505 2107 ille
523 2086 589 2106 vero
609 2086 654 2106 res
666 2078 809 2106 admodum
822 2085 932 2114 magnas
947 2081 974 2106 et

183 2128 331 2161 mirabiles,
345 2126 430 2154 solem
443 2125 593 2153 accendens
605 2129 633 2153 et
643 2132 746 2152 annuos
759 2125 859 2153 imbres
874 2132 974 2160 suppe—

184 2175 274 2202 ditans
285 2174 306 2201 ¹.
320 2173 444 2200 Attamen
456 2172 495 2199 sic
505 2171 624 2199 concedo
637 2175 663 2199 te
671 2170 801 2206 aequalem
811 2178 880 2204 csse,
890 2178 974 2206 quan-

183 2227 240 2250 tum
266 2224 355 2257 potest
375 2220 466 2247 homo.
480 2218 520 2247 Ne
534 2219 624 2254 itaque
643 2218 706 2246 odio
721 2218 818 2246 habeas
837 2217 973 2246 hominem

182 2268 228 2304 qui
242 2272 268 2295 te
283 2267 354 2294 malo
373 2265 464 2298 afﬁcit,
479 2272 540 2293 cum
555 2265 602 2292 tibi
618 2268 657 2291 tot
669 2264 738 2292 bona
748 2263 883 2296 conciliet,
898 2268 926 2291 et
940 2263 974 2291 ad

183 2321 286 2343 tantum
309 2318 336 2342 te
357 2313 489 2341 honorem
502 2311 600 2344 ducat;
617 2319 651 2339 ne
670 2310 813 2338 maledicas
836 2309 861 2337 ei
880 2310 925 2346 qui
949 2314 976 2337 te

182 2362 281 2390 damno
294 2360 377 2388 afﬁcit
389 2369 396 2386 :
407 2359 523 2394 alioquin
537 2362 564 2386 et
576 2357 696 2385 laborem
710 2356 864 2390 sustinebis,
878 2362 906 2384 et
915 2356 974 2391 ejus

183 2408 271 2436 fructu
283 2405 451 2442 privaberis;
471 2404 597 2432 damnum
619 2403 690 2431 feres
704 2408 732 2430 et
746 2401 898 2430 mercedem
914 2410 975 2437 per-

183 2454 248 2486 des;
263 2452 335 2487 quod
347 2457 475 2479 extremae
489 2454 530 2478 est
543 2450 695 2482 dementim,
711 2448 782 2484 quod
796 2448 897 2476 scilicet
911 2455 973 2475 cum

182 2500 305 2536 graviora
316 2498 531 2530 sustinuerimus,
543 2497 646 2524 minora
661 2503 714 2523 non
726 2495 851 2522 feramus.
863 2494 897 2522 Et
908 2501 975 2529 quo-

183 2546 265 2574 modo
276 2565 284 2578 ,
307 2545 429 2580 inquies,
448 2546 538 2579 potest
551 2543 602 2570 hoc
616 2541 694 2569 fieri?
707 2541 773 2569 Cum
788 2541 872 2569 Deum
883 2540 976 2568 videas

183 2592 321 2620 hominem
329 2590 429 2618 factum
443 2593 543 2617 tantum
559 2588 741 2620 descendisse,
758 2592 785 2615 et
799 2591 871 2615 tanta
887 2594 935 2622 pro
948 2591 975 2615 te

183 2646 290 2675 passum
306 2644 366 2665 esse
376 2656 383 2669 ,
397 2637 546 2671 interrogas
558 2634 646 2662 adhuc
657 2638 684 2662 et
697 2633 809 2669 ambigis
818 2654 826 2666 ,
840 2633 975 2669 quomodo

183 2691 326 2721 possumus
350 2682 463 2718 injurias
489 2681 625 2709 conservis
648 2679 876 2708 remittere‘tNon
897 2679 974 2707 audis

183 2732 256 2759 illum
279 2732 306 2758 in
327 2737 409 2758 cruce
433 2729 566 2757 dicentem
583 2737 590 2755 :
606 2727 710 2754 Dimitte
730 2726 809 2760 illis;
835 2734 886 2754 non
908 2727 975 2754 enim

183 2779 263 2805 sciunt
276 2777 339 2813 quid
354 2777 451 2811 faciunt
465 2775 540 2810 (Luc.
552 2774 597 2802 25.
614 2773 661 2809 54)
672 2773 685 2800 ?
701 2773 760 2801 Non
774 2772 850 2801 audis
861 2772 976 2801 Paulum

214 2847 224 2862 '
240 2850 304 2872 tinus
315 2845 400 2875 habet,
412 2847 434 2870 ct
441 2843 511 2876 quasi
518 2849 597 2869 annua
608 2841 675 2869 nobis
683 2841 773 2869 solvens
782 2841 879 2868 tributa.

741 127 775 156 IN
793 123 999 155 MATTHEUM
1018 123 1131 152 HOMIL.
1154 125 1247 154 XVlll.

1756 130 1810 159 2'70

1020 180 1152 210 dicentem
1170 191 1178 210 :
1194 183 1245 215 Qui
1262 185 1373 212 ascendit
1388 193 1509 218 sursum,
1524 192 1547 214 et
1566 188 1634 214 sedet
1653 188 1678 216 in
1694 191 1808 224 decu-ra,

1018 227 1163 263 interpellat
1174 237 1221 264 pro
1231 229 1301 257 nobis
1313 230 1401 264 (Rom.
1418 232 1444 259 8.
1458 232 1519 267 54)?
1528 232 1586 261 Non
1599 234 1672 261 vides
1684 235 1809 268 quoniam

1019 279 1080 309 post
1093 283 1200 303 crucem
1223 281 1250 304 et
1269 278 1453 306 ascensionem
1467 279 1577 312 Judreis,
1593 281 1637 315 qui
1652 289 1681 308 se
1697 282 1809 310 interfe-

1019 325 1121 354 cerant,
1135 322 1238 350 miserit
1250 323 1395 358 apostolos,
1408 324 1453 359 qui
1466 331 1593 354 sexcenta
1606 327 1669 361 ipsis
1682 327 1810 356 afferrent

1019 366 1098 398 bona,
1114 367 1193 402 idque
1206 376 1267 396 cum
1282 369 1354 397 mille
1366 370 1400 397 ab
1414 371 1478 405 ipsis
1493 373 1596 406 passuri
1613 379 1704 401 essent
1717 375 1786 402 mala
1801 376 1812 402 Ἰ

1019 410 1055 438 At
1067 415 1094 438 tn
1108 411 1186 440 laesus
1200 413 1342 441 admodum
1357 415 1409 443 es?
1422 416 1455 443 Et
1467 417 1529 451 quid
1546 422 1647 446 tantum
1663 426 1757 454 passus
1770 428 1810 452 es.

1020 462 1146 491 quantum
1165 459 1294 487 Dominus
1306 465 1376 494 tuus,
1393 462 1507 495 vinctus,
1523 464 1643 499 colaphis
1655 473 1751 499 erasus,
1764 467 1811 493 ﬂa-

1019 504 1140 539 gellatus,
1155 513 1168 531 a
1184 507 1270 534 servis
1280 513 1436 543 consputus,
1453 515 1565 538 mortem
1577 518 1681 545 passus,
1696 518 1811 540 mortem

1020 550 1139 577 omnium
1155 552 1335 586 turpissimam
1347 575 1354 586 ,
1370 554 1450 590 idque
1472 561 1534 590 post
1549 557 1623 585 mille
1640 558 1711 585 illata
1729 559 1811 586 bene-

1021 594 1100 622 ﬁcia?
1115 596 1142 623 Si
1154 604 1233 631 porro
1249 598 1359 626 multum
1371 600 1451 628 laesus
1463 601 1516 634 sis,
1538 602 1598 630 ideo
1615 604 1731 632 maxime
1747 604 1812 639 ipsis

1020 640 1148 669 beneﬁcia
1158 643 1260 676 confer,
1270 649 1299 672 ut
1309 650 1336 673 et
1349 646 1394 673 tibi
1408 648 1614 682 splendidiorem
1628 654 1719 677 uectas
1732 658 1812 678 coro-

1021 695 1093 720 nam,
1108 693 1136 716 et
1149 688 1256 717 fratrem
1268 698 1282 717 a
1293 692 1449 725 gravissimo
1462 694 1557 721 morbo
1578 695 1685 723 liberes.
1705 696 1770 723 Nam
1784 702 1811 724 ct

1021 735 1134 769 medici,
1158 737 1263 771 quando
1276 738 1310 766 ab
1323 746 1394 774 zegro
1408 738 1513 767 furente
1525 741 1643 769 calcibus
1666 747 1693 769 et
1709 742 1812 777 injuriis

1021 783 1196 819 impetuntur,
1220 789 1282 812 tunc
1304 786 1419 814 maxime
1442 787 1514 822 ipsos
1538 788 1711 821 miserantur,
1732 794 1758 816 et
1779 789 1812 816 al

1021 831 1162 859 sanitatem
1187 831 1252 866 ipsis
1272 831 1465 859 restituendam
1490 840 1550 861 sese
1573 840 1713 868 apparant,
1736 835 1812 870 gnari

1021 878 1208 905 contumeliam
1222 878 1294 905 illam
1308 886 1323 906 a
1338 879 1463 906 violentia
1479 881 1563 907 morbi
1577 881 1721 915 proﬁcisci.
1737 882 1770 909 Et
1784 887 1812 909 tu

1022 924 1111 959 itaque
1127 924 1194 951 hanc
1206 925 1276 952 circa
1288 924 1455 953 insidiatores
1467 930 1557 953 teneto
1569 928 1727 954 sententiam
1740 949 1747 959 ,
1762 928 1813 954 sic-

1022 981 1075 1008 que
1095 981 1158 1008 erga
1181 973 1308 1001 laedentes
1323 979 1348 1001 te
1361 981 1462 1009 geras:
1481 974 1518 1001 illi
1540 982 1656 1009 namque
1679 980 1742 1002 sunt
1768 976 1812 1009 qui

1023 1028 1086 1047 verc
1096 1020 1190 1048 morbo
1200 1020 1322 1047 laborant
1335 1025 1362 1048 et
1373 1020 1424 1047 vim
1437 1020 1574 1056 patiuntur
1586 1029 1703 1049 omnem.
1717 1022 1813 1049 Libera

1023 1065 1104 1101 igitur
1117 1073 1177 1093 eum
1192 1073 1207 1093 a
1220 1066 1293 1101 gravi
1305 1066 1356 1093 isto
1367 1065 1476 1099 damno,
1489 1070 1516 1093 et
1529 1066 1562 1094 da
1576 1074 1684 1102 operam
1705 1073 1734 1094 ut
1746 1068 1812 1095 iram

1023 1111 1159 1146 remittat;
1171 1120 1186 1139 a
1197 1119 1270 1139 saevo
1279 1111 1412 1144 daemone,
1428 1120 1525 1148 nempe
1536 1113 1636 1147 furore,
1649 1114 1732 1149 eripe.
1747 1113 1813 1141 Nam

1023 1166 1085 1186 cum
1100 1158 1280 1186 daemoniacos
1294 1159 1427 1192 videmus,
1447 1158 1643 1194 lacrymamur,
1658 1167 1745 1195 neque
1757 1165 1813 1188 stu-

1023 1204 1118 1233 demus
1140 1204 1190 1240 ipsi
1205 1212 1220 1232 a
1235 1205 1357 1233 daamone
1376 1205 1480 1239 agitari.
1495 1205 1551 1232 Hoc
1564 1205 1643 1240 igitur
1654 1214 1717 1241 erga
1731 1206 1813 1234 iratos

1024 1259 1094 1279 nunc
1100 1251 1242 1285 faciamus;
1254 1260 1315 1279 nam
1328 1252 1360 1279 iis
1370 1252 1469 1280 similes
1479 1257 1541 1280 sunt
1552 1253 1685 1286 iracundi;
1698 1253 1752 1280 imo
1763 1253 1814 1281 illis

1024 1298 1177 1326 miseriores
1201 1302 1284 1331 sunt,
1310 1298 1355 1333 qui
1380 1298 1504 1326 sensibus
1527 1299 1638 1334 integris
1665 1299 1812 1328 insaniunt.

1024 1343 1202 1378 Quamobrem
1227 1343 1334 1370 illorum
1349 1343 1464 1371 amentia
1479 1344 1583 1371 veniam
1606 1352 1659 1372 non
1681 1350 1812 1373 meretur.

1060 1391 1088 1419 5.
1106 1389 1146 1418 Ne
1164 1391 1251 1426 itaque
1261 1390 1392 1426 jacentem
1406 1391 1527 1423 invadas,
1543 1392 1597 1419 imo
1615 1392 1704 1427 potius
1727 1393 1815 1427 ipsum

1024 1438 1163 1466 miserare.
1175 1437 1242 1464 Nam
1256 1437 1279 1465 si
1294 1436 1444 1472 quempiam
1457 1437 1596 1465 videamus
1605 1445 1620 1465 a
1633 1438 1685 1466 bile
1698 1440 1814 1474 exagita-

1026 1487 1081 1510 tum
1095 1487 1123 1510 et
1137 1483 1266 1518 vertigine
1277 1487 1394 1518 captum,
1411 1490 1442 1511 ac
1457 1490 1567 1518 pravum
1590 1484 1663 1511 illum
1675 1484 1813 1511 humorem

1026 1536 1153 1557 evomere
1171 1528 1351 1562 festinantem,
1365 1536 1473 1557 manum
1486 1529 1656 1565 porrigimus,
1669 1535 1696 1557 et
1706 1530 1745 1557 sic
1756 1531 1814 1565 agi-

1029 1578 1114 1601 tatum
1123 1577 1424 1608 sustentanius,etiamsi
1432 1577 1544 1611 pallium
1554 1577 1739 1612 inquinemus,
1747 1579 1817 1606 nihil

1028 1627 1173 1655 curamus;
1201 1621 1248 1649 sed
1263 1622 1289 1649 id
1306 1623 1395 1650 solum
1409 1631 1549 1655 curamus.
1569 1629 1600 1651 ut
1613 1624 1688 1652 illum
1702 1632 1718 1652 a
1738 1626 1814 1660 gravi

1028 1665 1185 1701 bujusmodi
1200 1668 1325 1703 angustia
1340 1677 1480 1698 eruamus.
1499 1669 1555 1698 Hoc
1566 1670 1657 1705 itaque
1668 1678 1733 1707 erga
1747 1671 1815 1699 istos

1027 1712 1108 1740 etiam
1124 1720 1247 1748 agamus.
1273 1719 1457 1743 sustentemus
1480 1722 1621 1744 vomentes
1643 1721 1671 1744 et
1685 1717 1812 1753 agitatos,

1027 1765 1115 1793 neque
1130 1759 1207 1793 prius
1220 1759 1401 1794 dimittamus,
1421 1769 1503 1796 quam
1520 1762 1591 1790 hanc
1603 1763 1812 1791 amaritudinem

1026 1813 1135 1833 omnem
1146 1805 1332 1840 deposuerint.
1361 1806 1395 1834 Et
1412 1812 1478 1835 tunc
1501 1808 1549 1835 tibi
1561 1809 1662 1844 gratias
1676 1809 1814 1837 habebunt

1026 1851 1168 1884 maximas,
1178 1860 1240 1880 cum
1251 1853 1403 1888 quieverint
1413 1862 1421 1881 :
1436 1859 1501 1882 tunc
1514 1854 1538 1882 is
1549 1854 1622 1882 clare
1631 1859 1787 1889 cognoscet,
1799 1862 1814 1882 a

1026 1903 1128 1933 quanta
1141 1899 1216 1926 illum
1229 1900 1432 1935 perturbatione
1445 1901 1560 1928 erueris.
1580 1900 1613 1928 Et
1629 1901 1694 1936 quid
1709 1901 1769 1928 dico
1780 1901 1815 1928 ab

1026 1943 1073 1971 illo
1082 1944 1130 1972 tibi
1137 1945 1250 1980 gratiam
1261 1952 1321 1973 esse
1332 1945 1500 1973 referendam
1510 1945 1595 1973 ?Nam
1605 1951 1631 1973 te
1642 1946 1713 1974 Deus
1723 1947 1814 1974 statim

1025 1991 1173 2024 coronabit,
1187 1996 1215 2019 et
1227 1990 1374 2018 innumeris
1389 1989 1570 2017 remunerabit
1583 1989 1671 2023 bonis,
1686 1989 1747 2025 quia
1762 1989 1815 2016 fra—

1026 2042 1094 2066 trem
1116 2042 1190 2065 tuum
1204 2044 1218 2064 a
1228 2035 1532 2072 gravimorbolibcrasti
1545 2044 1553 2062 ε
1572 2035 1619 2063 sed
1632 2034 1711 2062 etiam
1732 2034 1776 2062 ille
1790 2038 1816 2061 te

1026 2089 1056 2111 ut
1068 2083 1205 2111 dominum
1226 2081 1383 2114 honorabit,
1397 2085 1469 2108 tuam
1484 2080 1593 2107 omnino
1608 2080 1738 2107 reveritus
1760 2086 1817 2106 mo-

1026 2128 1202 2156 derationem.
1217 2127 1312 2155 Annon
1322 2126 1398 2154 vides
1412 2125 1545 2161 parientes
1556 2125 1692 2157 mulieres,
1705 2131 1816 2159 quomo-

1026 2175 1061 2203 do
1082 2174 1183 2202 vicinas
1197 2174 1247 2201 sibi
1258 2174 1409 2206 mordeant,
1421 2177 1448 2201 et
1459 2173 1510 2200 illa:
1525 2176 1613 2200 tamen
1629 2179 1681 2199 non
1705 2171 1815 2199 dolent?

1026 2221 1082 2248 imo
1095 2220 1196 2252 dolent,
1209 2220 1256 2247 sed
1271 2219 1336 2247 illud
1351 2219 1455 2247 fortiter
1474 2219 1579 2252 ferunt,
1603 2222 1631 2245 ct
1642 2217 1816 2244 commisera-

1027 2268 1100 2295 tione
1113 2267 1245 2294 ducuntur
1257 2274 1318 2302 erga
1332 2265 1455 2294 dolentes
1481 2269 1509 2293 et
1531 2272 1546 2292 a
1572 2268 1649 2300 partu
1675 2263 1816 2291 dissectas.

1027 2313 1080 2340 Has
1099 2317 1127 2340 tu
1147 2319 1253 2346 quoque
1276 2311 1380 2338 imitare
1402 2318 1488 2346 neque
1514 2309 1550 2337 sis
1571 2310 1636 2345 ipsis
1662 2309 1817 2336 mulieribus

1027 2359 1143 2387 mollior.
1159 2358 1225 2386 Cum
1236 2357 1307 2385 enim
1327 2358 1479 2392 pepererint
1492 2357 1619 2384 mulieres
1632 2356 1689 2383 ista:
1703 2355 1817 2391 (mulie-

1028 2406 1101 2433 ribus
1117 2406 1215 2441 quippe
1225 2409 1287 2432 sunt
1304 2404 1341 2431 illi
1356 2404 1419 2431 rixis
1447 2403 1585 2430 movendis
1607 2401 1816 2437 promptiores),

1027 2458 1091 2480 tunc
1103 2457 1128 2480 te
1143 2452 1229 2480 virum
1254 2458 1314 2478 esse
1327 2453 1498 2486 cognoscent.
1522 2448 1598 2482 Quod
1612 2448 1633 2475 si
1648 2447 1740 2483 gravia
1762 2447 1818 2474 lucc

1029 2504 1161 2536 praecepta
1178 2502 1250 2531 sunt,
1265 2498 1352 2533 cogita
1366 2497 1426 2524 ideo
1439 2495 1544 2524 venisse
1556 2495 1704 2527 Christum,
1720 2500 1749 2521 ut
1762 2493 1819 2521 haec

1028 2546 1057 2574 in
1070 2545 1167 2573 animis
1182 2544 1282 2571 nostris
1292 2544 1432 2574 insereret,
1445 2546 1475 2569 ut
1487 2548 1536 2568 nos
1547 2545 1574 2568 et
1583 2540 1676 2567 amicis
1690 2545 1717 2567 et
1730 2539 1820 2566 inimi-

1028 2594 1067 2621 cis
1080 2592 1160 2620 utiles
1172 2591 1301 2619 efficeret.
1313 2589 1377 2617 ldeo
1388 2589 1529 2616 amborum
1551 2594 1642 2614 curam
1663 2593 1756 2621 gerere
1773 2585 1820 2619 ju-

1028 2639 1094 2671 bet;
1121 2638 1244 2669 fratrum,
1259 2644 1319 2663 cum
1349 2634 1429 2667 dicit,
1456 2633 1487 2661 Si
1510 2632 1587 2666 offers
1608 2639 1699 2658 mumts
1727 2635 1822 2661 tuum;

1028 2684 1210 2717 inimicorum,
1224 2690 1285 2710 cum
1300 2682 1359 2717 lege
1369 2680 1461 2708 statuit
1472 2683 1502 2706 ut
1515 2679 1587 2714 ipsos
1596 2677 1702 2712 diligas,
1719 2681 1747 2704 et
1769 2683 1819 2711 pro

1027 2730 1093 2766 ipsis
1107 2737 1178 2758 ores.
1194 2729 1286 2764 Neque
1299 2727 1345 2755 Dci
1359 2731 1460 2754 tantum
1471 2725 1595 2760 exemplo
1609 2724 1643 2751 ad
1662 2723 1714 2750 hoc
1727 2722 1820 2750 horta-

1028 2781 1083 2812 tur,
1098 2784 1188 2805 verum
1199 2776 1279 2804 etiam
1297 2782 1330 2802 ex
1345 2773 1498 2801 contrario:
1514 2779 1587 2805 nam,
1600 2771 1644 2799 46.
1658 2770 1689 2797 Si
1702 2767 1822 2797 dilexeri-

1029 2825 1072 2859 ιὶι,
1085 2822 1179 2860 inquit,
1194 2830 1236 2850 eos
1249 2821 1291 2857 qui
1300 2828 1342 2849 vos
1356 2819 1466 2856 diligunt
1474 2839 1481 2854 ,
1495 2826 1572 2854 quam
1585 2816 1724 2845 mercedem
1743 2814 1818 2842 habe-
