2067 3132
261 121 310 149 ‘27!

261 179 433 207 bilisfnonnc
445 179 607 214 etpablicani
628 180 674 206 hoc
688 179 784 214 faciunt
796 178 809 205 7
830 179 885 206 lloc
905 182 932 206 et
954 177 1052 205 Paulus

261 231 298 253 ait
310 235 316 252 :
331 225 451 252 Nondum
464 234 542 260 usque
554 225 588 252 ad
601 225 748 260 sanguinem
760 224 884 251 restitistis
897 228 984 250 contra
995 231 1052 258 pec-

260 278 344 298 catum
365 277 504 308 pugnantes
518 272 527 308 (
542 271 620 298 Hebr.
630 270 673 298 12.
687 271 704 298 ι
715 271 734 306 ).
750 271 777 298 Si
794 271 872 306 igitur
883 270 934 297 ltoc
946 269 1051 302 feceris,

260 327 322 344 cum
336 319 389 344 Deo
403 322 476 349 stas;
504 319 526 345 si
541 318 598 344 hare
620 317 762 351 reliqueris
776 336 785 350 ,
811 324 872 360 cum
892 315 1051 351 publicanis.

263 364 355 392 \‘iden‘
370 364 503 399 quontodo
518 372 570 391 non
587 368 659 390 tanta
670 363 706 390 sit
717 367 911 397 praeceptorum
922 362 1052 397 magnitu-

260 411 306 442 do,
318 417 413 445 quanta
429 418 601 446 personarum
614 409 784 438 differentia?
798 409 837 436 Ne
852 409 941 444 itaque
950 409 1052 443 cogite-

260 465 320 483 lllllS
332 457 439 484 difficile
451 461 611 492 pratceptum
627 464 697 488 esse,
709 456 756 484 sed
769 455 920 483 mercedem
936 455 964 482 in
979 463 1052 482 men-

261 505 313 529 tem
329 510 494 536 revocentus,
509 502 762 537 cunsidercmusque
776 502 818 529 cui
828 501 929 529 similes
951 501 1051 528 eflicia-

259 556 329 579 nmr,
346 549 367 575 si
382 554 453 576 recte
466 556 515 576 IIOS
525 548 697 583 gesserimus,
714 552 742 575 et
755 547 851 583 quibus
865 554 1048 581 exatquemur,

259 595 281 621 si
293 602 443 630 peccemus.
453 594 572 622 Fratrem
589 595 677 629 itaque
697 593 774 628 jubet
795 593 980 625 reconciliari,
1002 600 1051 619 nec

259 642 334 675 prius
348 640 503 672 abscedere,
519 641 604 668 donec
615 640 780 668 inimicitiam
794 639 946 667 auferamus
959 647 967 671 ;
990 646 1050 666 etttn

258 690 346 712 autem
361 686 395 713 de
407 686 531 713 onmibus
542 686 658 717 disserit.
672 693 724 713 non
735 686 804 713 ultra
819 693 868 713 nos
884 684 930 712 tali
945 685 1050 720 subjicit

259 732 422 764 necessitati,
436 732 482 759 sed
494 737 584 759 nostra
601 737 702 759 tantunt
716 732 838 767 requirit,
858 731 962 766 ltocque
974 736 1050 766 pacto

259 778 343 813 legent
360 777 463 806 facilem
488 779 580 806 efficit.
595 779 662 813 Quia
686 779 757 806 enim
784 779 872 812 dixit,
901 778 1050 812 Persequati

258 829 316 850 sunt
330 825 476 859 prophetas,
491 825 535 860 qui
553 831 612 852 ante
630 833 673 852 vos
686 829 768 856 erant,
783 833 817 853 ne
831 830 970 860 propterea
986 825 1050 860 ipsis

258 870 354 898 infensi
368 877 474 904 essent,
489 872 564 906 jubet
579 880 632 900 non
648 872 728 899 ntodo
741 872 800 899 illos
814 872 872 900 htcc
883 878 992 907 agentes
1008 877 1049 899 to-

257 916 354 949 lerare,
370 918 418 945 sed
433 919 512 946 etiant
526 918 648 954 diligere.
663 918 755 946 Viden‘
771 918 905 953 quomodo
919 919 985 946 iram
998 939 1006 950 ,
1022 923 1049 946 et

257 965 500 998 crncnpiscentiam
524 965 580 992 sive
605 973 758 1001 corporum,
774 965 830 993 sive
856 966 1047 1000 pecuniarum,

257 1010 314 1037 sive
326 1010 426 1044 gloriae,
438 1011 494 1038 sive
509 1019 597 1038 rerum
609 1011 641 1038 ad
657 1016 814 1046 przesentem
828 1011 909 1038 vitam
925 1017 1049 1046 spectan-

257 1056 322 1083 tium
338 1056 465 1083 radicitus
475 1056 598 1084 auferat?
612 1056 668 1084 lloc
678 1057 748 1084 enim
761 1057 822 1084 fecit
835 1057 869 1084 ab
880 1057 966 1090 initio,
977 1057 1048 1084 mul-

257 1106 337 1136 toque
351 1102 435 1135 magis
450 1109 530 1129 nunc.
544 1102 612 1130 Nam
626 1102 671 1137 qui
687 1110 796 1138 pauper,
821 1102 867 1138 qui
895 1103 966 1131 mitis
993 1107 1044 1137 est,

255 1148 299 1180 qtti
315 1147 396 1182 luget,
414 1148 478 1175 iram
495 1156 604 1183 prorsus
624 1154 733 1176 evacuat
745 1158 752 1182 ;
765 1150 810 1185 qui
821 1150 910 1184 justus
923 1154 951 1177 et
964 1150 1046 1178 mise-

255 1195 339 1220 ricors
352 1215 358 1224 .
379 1195 550 1228 pecuniarum
564 1194 739 1229 cupiditatem
759 1194 893 1229 excludit;
912 1196 956 1232 qui
966 1196 1047 1224 corde

254 1239 384 1270 mundus,
399 1247 413 1265 a
429 1240 643 1275 concupiscentia
658 1241 726 1268 mala
738 1241 806 1269 liber
819 1246 875 1272 est:
891 1243 935 1277 qui
951 1250 1045 1278 perse-

254 1285 409 1320 quutionem
425 1286 524 1322 patitur
536 1292 564 1314 et
578 1286 689 1322 injurias
701 1288 824 1318 sustinet,
851 1288 955 1315 etiamsi
975 1288 1045 1316 male

253 1330 362 1364 audiat,
386 1332 558 1366 pra-sentiunt
596 1333 714 1359 omnium
750 1341 838 1360 rerum
863 1338 1044 1368 contemptutn

253 1375 365 1408 obtinet,
382 1381 461 1411 atque
474 1384 489 1403 a
504 1377 573 1404 fastu
587 1382 615 1404 et
627 1385 692 1404 vana
706 1378 788 1413 gloria
801 1379 937 1406 liberatur.
962 1379 1044 1406 Audi-

253 1425 311 1448 torc
327 1422 407 1457 igitur
419 1422 453 1450 ab
465 1423 538 1450 hisce
549 1424 662 1451 vinculis
679 1425 783 1457 soluto.
801 1429 827 1452 et
839 1426 872 1452 ad
897 1427 1043 1454 certamina

253 1468 378 1500 inuncto,
401 1476 492 1497 rursus
506 1470 559 1496 alio
569 1471 646 1497 modo
668 1475 764 1498 etcum
780 1471 874 1506 majori
898 1472 1037 1508 diligentia

254 1513 312 1541 lucc
326 1514 388 1541 vitia
400 1515 501 1542 evellit.
514 1515 598 1543 Orsus
612 1517 684 1544 cnitn
698 1517 732 1544 ab
748 1518 787 1545 ira
797 1537 805 1549 ,
832 1517 964 1553 ltuju5que
987 1520 1043 1546 vitii

253 1559 342 1586 nervis
354 1561 609 1594 omnino-succisis;
629 1567 768 1598 postquam
784 1563 865 1596 dixit,
881 1565 931 1598 Qui
953 1565 1044 1592 irasci-

253 1609 296 1632 tur
308 1606 381 1632 fratri
396 1614 446 1633 suo
458 1627 465 1640 ,
478 1611 505 1634 et
519 1607 563 1642 qui
578 1607 679 1634 ιῖιιιιιιιη
693 1613 781 1641 vocat,
796 1613 824 1636 ct
837 1609 882 1644 qui
893 1617 952 1637 raca
969 1610 1042 1644 dicit,

254 1653 396 1686 puniatur:
413 1659 440 1680 et
454 1654 497 1688 qui
514 1653 591 1681 offert
608 1654 725 1686 donum,
754 1664 787 1682 tte
802 1656 875 1690 prius
887 1656 997 1684 accedat
1009 1657 1042 1684 ad

254 1705 373 1725 mensam
386 1719 393 1731 ,
409 1706 488 1733 quam
499 1700 605 1726 solverit
618 1700 799 1728 inimicitiam:
822 1706 849 1729 et
861 1702 905 1736 qui
919 1702 1044 1730 adversa-

252 1744 320 1770 rinnt
335 1744 422 1776 habet,
437 1745 587 1780 priusquam
599 1746 727 1780 judicium
750 1747 848 1780 videat,
863 1748 977 1776 anticum
993 1749 1042 1776 sibi

252 1799 313 1818 eum
336 1799 369 1818 ex
393 1792 500 1819 inimico
513 1793 608 1825 faciat,
636 1793 669 1819 ad
693 1794 936 1828 concupiscentiam
951 1803 1044 1824 rursus

253 1839 358 1866 transit.
373 1838 406 1865 Et
422 1839 484 1874 quid
498 1839 554 1866 ait?
570 1840 619 1873 Qui
634 1841 742 1875 respicit
755 1841 894 1876 impudicis
905 1843 999 1875 oculis,
1015 1847 1044 1871 ut

253 1884 525 1919 tnwclmsliuniatur;
540 1886 583 1920 qui
599 1886 784 1913 offcndlculum
803 1887 940 1922 patitttrab
954 1888 1042 1923 impu-

252 1930 310 1956 diCa
325 1930 450 1963 ntttlierc,
477 1936 522 1958 ant
536 1939 550 1958 a
571 1932 642 1965 viro,
665 1937 710 1959 aut
722 1940 737 1959 a
748 1933 871 1967 quopiam
884 1934 937 1961 alio
949 1943 1042 1962 eorum

251 1975 296 2009 qui
310 1975 359 2012 sibi
372 1976 658 2011 necessitudinejtmcti
670 1981 742 2010 sunt,
764 1977 813 2005 hos
823 1986 917 2006 ontttes
933 1980 1038 2014 penitus

252 2022 398 2054 abscindat;
411 2024 455 2056 qui
471 2023 528 2057 lege
539 2024 662 2051 connubii
674 2032 784 2052 uxorem
794 2025 883 2057 habet.
898 2034 1041 2062 numquam

254 2067 326 2094 illam
338 2068 475 2103 repudiet,
491 2076 541 2096 nec
552 2069 584 2096 ad
600 2069 678 2096 aliam
693 2071 826 2106 respiciat.
839 2071 890 2099 Per
904 2071 961 2100 lucc
971 2073 1042 2100 cnim

253 2114 329 2140 malae
337 2115 559 2149 concupiscentia:
573 2116 676 2143 radices
688 2117 795 2144 cvnlsit.
804 2118 903 2146 Deinde
919 2120 1044 2154 pecunia-

253 2167 311 2186 rum
327 2166 444 2186 amorem
469 2161 696 2196 eoercct,juhcns
720 2170 806 2198 neque
820 2163 926 2198 jurare,
956 2173 1044 2201 neque

253 2205 370 2238 ntentiri,
390 2212 477 2240 neque
492 2206 608 2234 tunicam
623 2207 756 2241 retinere,
772 2217 824 2244 qua
839 2210 899 2246 quis
909 2210 1041 2240 induitur:

254 2251 307 2277 ituo
325 2252 404 2278 etiam
420 2252 520 2280 volenti
544 2253 654 2287 pallium
676 2254 790 2288 offerre,
812 2260 839 2283 cl
859 2258 980 2292 corporis
1001 2259 1042 2286 sui

252 2306 378 2333 operam:
393 2300 466 2326 omni
479 2300 567 2327 studio
582 2302 752 2336 pecuniarum
775 2310 893 2332 amorem
907 2305 1040 2333 auferens.

288 2344 313 2371 6.
323 2344 446 2372 Cacumen
456 2346 554 2373 virtutis
566 2351 601 2373 est
614 2355 660 2381 pro
670 2348 777 2375 inimicis
790 2349 972 2377 orare.-—Post
986 2351 1043 2378 ha‘c

252 2392 341 2414 autem
353 2390 442 2416 omnia
453 2391 610 2426 variamque
620 2393 748 2420 horumce
760 2400 954 2428 prmecptorum
964 2403 1043 2422 coro-

252 2435 492 2470 ttattt,subjuugit:
516 2436 597 2464 Orate
609 2446 657 2472 pro
680 2440 902 2466 calumniantibus
926 2449 981 2472 vos,
1008 2440 1041 2467 ad

251 2486 407 2514 supremum
424 2483 603 2516 philosophia:
617 2491 747 2511 cacunten
762 2485 1042 2518 attollens.Quemad-

253 2525 361 2552 modum
376 2527 446 2553 enim
460 2527 588 2562 colaphos
614 2529 669 2563 pati
685 2529 771 2564 majus
794 2535 851 2563 est,
876 2539 955 2566 quant
983 2540 1041 2560 esse

253 2571 356 2606 mitem,
372 2577 399 2599 et
413 2574 522 2608 pallium
537 2583 596 2602 cum
608 2576 696 2603 tunica
709 2576 842 2605 dimittere
855 2579 1041 2612 przestantius,

251 2625 331 2652 quant
345 2618 544 2646 misericordem
558 2628 617 2647 esse
631 2628 639 2653 ;
651 2625 679 2648 ct
691 2621 802 2656 injurias
816 2622 896 2655 ferre,
909 2631 988 2658 qttam
999 2624 1042 2659 ju-

251 2668 321 2690 stum
332 2670 402 2696 esse;
411 2665 535 2700 ctalapas
548 2665 617 2693 ferre
627 2671 654 2694 et
666 2667 699 2694 ad
710 2668 873 2703 sequendum
882 2670 950 2704 cogi,
964 2678 1042 2705 quant

251 2710 389 2745 pacificum
415 2719 492 2739 esse:
509 2713 549 2740 sie
560 2715 731 2749 persequenti
750 2723 779 2742 se
801 2715 960 2744 bcttedicere
984 2725 1044 2752 per-

251 2755 345 2783 fectius
358 2761 399 2784 est
412 2765 490 2792 quam
507 2759 718 2793 persecutionem
732 2760 795 2794 pati.
808 2761 888 2788 Vides
909 2763 1043 2797 quomodo

253 2803 379 2837 paulatim
406 2811 455 2831 nos
482 2805 514 2831 ad
536 2805 607 2840 ipsos
635 2807 761 2834 malorum
787 2807 902 2836 fornices
920 2809 1044 2837 attollat?

251 2848 375 2884 Quonam
391 2849 471 2887 igitur
482 2850 553 2886 digni
573 2852 702 2888 supplicio
721 2860 824 2888 sumus,
839 2854 883 2889 qui
904 2854 936 2882 ad
961 2855 1042 2883 Deum

645 119 674 147 S.
693 119 831 147 JO.\NN|S
849 117 1084 147 CllRYSOSTOMl
1105 117 1261 147 AliClllEP.
1281 120 1544 151 CONSTANTINOP.

1851 125 1905 155 272

1107 177 1262 205 "uitandum
1274 179 1390 206 Sllldtunl
1415 188 1514 215 ponere
1524 181 1605 215 jussi,
1631 189 1665 208 tte
1677 181 1826 216 publicanis
1843 184 1904 218 qui-

1105 225 1165 251 dem
1179 233 1256 259 pares
1280 225 1347 253 forte
1375 227 1477 253 simus?
1504 227 1532 254 Si
1561 228 1632 255 enim
1659 229 1764 256 anticus
1787 230 1904 265 diligere

1106 271 1329 305 publicanorum,
1355 279 1523 307 peccatorum
1548 279 1627 310 atque
1647 275 1816 304 ethnicorum
1851 277 1901 304 sit:

1106 317 1213 351 quando
1231 325 1265 344 nc
1298 317 1322 345 id
1338 318 1443 352 quidem
1458 320 1570 348 facimus
1587 322 1595 356 (
1612 330 1664 348 non
1690 324 1762 350 cuitu
1786 324 1903 352 facimus

1106 362 1212 396 quando
1236 362 1313 390 laude
1328 362 1484 392 florentibus
1497 365 1626 395 fratribus
1641 368 1814 404 invidemus),
1830 378 1902 405 quas

1106 416 1157 435 tton
1173 408 1295 437 dabimus
1310 417 1413 445 pcenas,
1425 412 1468 447 qui
1483 413 1583 441 scribas
1592 422 1717 449 superare
1727 415 1805 450 jussi,
1816 418 1899 445 etiam

1105 454 1219 481 ethnicis
1228 455 1367 484 inferiores
1382 459 1493 485 smnus?
1506 459 1656 492 Quomodo,
1672 469 1774 496 (ψευδο,
1785 470 1896 497 regnum

1105 499 1270 527 videbimus?
1283 502 1416 536 quomodo
1438 511 1514 531 sacra
1531 505 1575 532 illa
1588 505 1721 534 adibimus
1737 508 1866 536 vestibula
1884 529 1893 540 .

1106 553 1159 571 non
1172 545 1297 574 meliores
1311 548 1479 582 publicanis?
1505 549 1571 578 lllud
1584 552 1653 579 enim
1667 553 1844 582 subindicavit
1854 555 1898 582 his

1106 592 1202 625 verbis,
1214 593 1306 621 Nonne
1317 599 1339 621 et
1352 595 1479 631 publicani
1493 597 1539 624 hoc
1550 599 1665 633 faciunt?
1675 599 1702 627 ln
1716 609 1768 634 quo
1782 602 1897 630 maxime

1105 637 1163 672 rjus
1175 638 1296 665 doctrina
1308 645 1349 667 est
1367 641 1534 674 admiranda,
1551 644 1621 678 quod
1636 652 1695 671 cum
1710 645 1807 681 ubique
1827 654 1897 681 pra:-

1105 684 1155 709 mia
1182 685 1357 712 certaminum
1397 688 1644 721 superabundaoter
1668 696 1767 725 portat,
1794 693 1896 721 scilicet

1104 728 1187 755 Deum
1211 730 1312 763 videre,
1329 739 1440 767 regnum
1453 734 1579 762 caelorum
1596 735 1743 765 hereditate
1754 740 1874 773 accipere
1884 760 1894 772 ,

1104 774 1173 801 filios
1189 775 1232 802 Dei
1249 776 1316 810 fieri,
1333 777 1357 804 ei
1373 778 1473 806 similes
1492 787 1561 814 esse,
1578 782 1786 811 misericordiam
1804 793 1895 814 conse-

1102 821 1145 855 qui
1160 841 1167 853 ,
1182 823 1392 851 consolationem
1406 826 1535 860 accipere,
1557 827 1582 854 in
1597 828 1669 855 caelis
1682 838 1803 864 magnam
1817 839 1895 866 repo-

1102 867 1180 894 sitam
1203 867 1302 896 ltaberc
1321 871 1493 904 mercedem;
1517 873 1541 900 si
1562 874 1668 908 quando
1684 876 1798 902 tristium
1818 885 1893 904 nteit-

1103 913 1272 941 tioltalienda
1286 915 1331 948 sit,
1356 916 1382 943 id
1411 919 1517 952 parcius
1538 919 1617 952 facit;
1641 921 1770 955 gehennae
1794 924 1893 958 quippe

1102 967 1200 988 nomen
1216 962 1299 989 sentcl
1312 966 1413 990 tantunt
1428 965 1453 990 in
1471 969 1508 991 tot
1518 966 1686 994 serntonibns
1702 968 1806 1001 posuit;
1824 973 1852 996 et
1865 971 1891 996 in

1099 1006 1158 1033 aliis
1174 1007 1331 1041 quibusdam
1361 1009 1519 1044 remissius,
1542 1010 1673 1039 hortando
1702 1021 1785 1048 magis
1811 1022 1891 1049 quam

1099 1053 1296 1086 comminando,
1304 1055 1451 1083 auditorem
1460 1057 1565 1092 corrigit
1574 1058 1665 1086 dicens
1673 1059 1804 1088 :Nouneet
1812 1062 1894 1096 publi-

1098 1098 1157 1124 cani
1164 1098 1211 1125 hoc
1220 1099 1315 1134 faciant
1322 1101 1377 1133 ἔθει.
1385 1102 1414 1128 Si
1424 1102 1463 1128 sal
1471 1102 1623 1137 infamatum
1631 1105 1716 1139 fuerit,
1724 1110 1760 1139 et,
1769 1106 1892 1135 Minimus

1099 1142 1225 1171 vocabitur
1235 1144 1260 1171 in
1270 1154 1346 1181 regno
1354 1146 1484 1174 cwiorum.
1497 1148 1542 1175 Est
1550 1148 1629 1176 etiam
1636 1157 1696 1177 cum
1705 1157 1808 1185 peccata
1818 1154 1893 1187 ponit

1098 1196 1147 1223 pro
1156 1190 1251 1224 pinnis,
1259 1192 1381 1226 supplicii
1391 1194 1495 1228 pondus
1505 1195 1619 1222 auditori
1636 1195 1889 1232 subiuteiligcndntn

1098 1235 1248 1270 proferens;
1258 1242 1352 1265 utcum
1360 1239 1434 1266 dicit:
1446 1239 1587 1268 Moechum:
1597 1247 1632 1269 est
1640 1251 1695 1268 eam
1705 1243 1731 1269 in
1742 1244 1817 1271 corde
1829 1253 1888 1277 suo;

1097 1287 1134 1314 et,
1145 1281 1194 1315 Qui
1204 1283 1315 1317 dimittit,
1330 1284 1391 1318 facit
1405 1293 1460 1312 eam
1471 1287 1606 1321 niteo/tari;
1620 1294 1657 1319 et,
1671 1288 1744 1322 Quod
1759 1291 1797 1316 his
1807 1291 1890 1318 aban-

1097 1328 1200 1355 dantius
1212 1334 1258 1362 est,
1273 1339 1288 1356 η
1303 1331 1370 1358 malo
1387 1337 1433 1359 est.
1450 1333 1515 1361 Nam
1531 1339 1622 1362 tuente
1637 1336 1755 1369 pneditis
1767 1345 1816 1372 pro
1825 1346 1890 1373 sup—

1097 1373 1167 1408 plicii
1181 1375 1290 1404 nomine
1312 1376 1410 1405 sufficit
1422 1379 1455 1406 ad
1469 1380 1682 1409 emendationem
1709 1384 1812 1418 peccati
1828 1393 1886 1411 nta-

1095 1420 1216 1455 gnitudo.
1230 1422 1408 1456 Quamobrem
1434 1425 1476 1453 hic
1500 1435 1606 1462 quoque
1621 1428 1741 1456 ethnicos
1753 1435 1781 1458 et
1796 1431 1886 1466 publi-

1095 1474 1177 1494 canos
1191 1467 1216 1494 in
1232 1468 1347 1496 medium
1361 1470 1485 1505 adducit,
1500 1479 1532 1499 ex
1549 1481 1669 1507 personat
1681 1475 1832 1504 conditione
1846 1477 1888 1504 di-

1095 1513 1226 1547 scipulom
1242 1514 1343 1549 pudore
1353 1515 1481 1544 afficiens.
1489 1517 1564 1551 Quod
1574 1524 1600 1546 et
1611 1519 1707 1547 Paulus
1723 1521 1836 1550 faciebat
1850 1523 1888 1550 di-

1095 1566 1175 1586 cens:
1192 1559 1279 1587 Nolite
1291 1562 1436 1589 contristari
1445 1563 1509 1590 sicut
1522 1569 1545 1590 et
1559 1566 1653 1598 cwteri,
1682 1567 1725 1599 qui
1741 1575 1811 1603 spem
1833 1577 1884 1596 non

1095 1606 1204 1640 habent;
1223 1612 1259 1641 et,
1285 1608 1357 1635 Sicut
1381 1615 1486 1645 gentes,
1512 1619 1568 1646 qua:
1586 1612 1702 1646 ignorant
1728 1613 1809 1642 Deum
1835 1616 1885 1651 (l.

1096 1652 1185 1680 Thess.
1205 1654 1231 1681 4.
1258 1654 1300 1681 l2.
1316 1655 1333 1682 5
1348 1654 1368 1690 ).
1393 1655 1428 1683 Et
1452 1657 1597 1685 ostendens
1622 1666 1651 1685 se
1675 1659 1739 1686 nihil
1766 1661 1801 1687 ita
1826 1662 1884 1689 exi-

1095 1699 1177 1726 miunt
1200 1704 1300 1734 petere,
1314 1701 1360 1728 sed
1371 1702 1448 1734 paulo
1469 1703 1583 1738 amplius
1605 1704 1683 1732 solito
1695 1726 1702 1738 ,
1721 1706 1776 1733 ait:
1793 1706 1887 1735 Nonne

1094 1749 1118 1771 et
1140 1746 1232 1772 ethnici
1253 1746 1300 1773 hoc
1322 1748 1443 1782 faciunt?
1459 1749 1582 1777 Attamen
1603 1758 1656 1777 non
1680 1751 1721 1778 hic
1741 1754 1822 1780 finem
1842 1754 1885 1780 di-

1096 1792 1173 1819 cettdi
1191 1792 1262 1824 facit.
1286 1794 1332 1821 sed
1355 1795 1380 1821 in
1403 1797 1510 1829 prarmia
1523 1801 1549 1823 et
1569 1797 1594 1823 in
1610 1797 1705 1824 bonam
1720 1807 1794 1833 spem
1832 1799 1887 1826 de-

1093 1838 1156 1867 sinit
1170 1839 1211 1866 his
1220 1840 1325 1867 verbis:
1341 1840 1385 1867 48.
1400 1840 1487 1868 Estote
1504 1850 1564 1877 ergo
1578 1844 1701 1878 perfecti,
1718 1845 1781 1871 sicut
1794 1850 1818 1872 et
1833 1845 1886 1872 Pu-

1095 1891 1133 1913 ter
1153 1892 1231 1913 vester
1258 1886 1374 1915 scelestis.
1399 1887 1529 1924 Smpeque
1550 1890 1677 1918 caelorum
1700 1899 1796 1919 nomen
1819 1893 1885 1920 ubi—

1094 1940 1147 1967 que
1172 1933 1345 1967 disseminat,
1368 1942 1382 1961 a
1407 1935 1466 1962 loco
1490 1936 1568 1963 etiam
1597 1944 1691 1964 sensus
1713 1946 1805 1966 eormtt
1823 1940 1885 1967 eri-

1094 1987 1168 2015 gens.
1185 1980 1317 2008 Hactenus
1328 1981 1399 2008 enim
1414 1981 1572 2010 infirmiores
1588 1983 1784 2019 crassioresque
1796 1991 1883 2012 erant.

1094 2026 1189 2054 Omnia
1209 2027 1288 2062 igitur
1307 2035 1365 2062 qua:
1386 2027 1455 2054 dicta
1477 2033 1539 2055 sunt
1556 2034 1645 2056 mente
1667 2030 1813 2064 volventes,
1827 2039 1884 2058 ma-

1094 2081 1173 2108 gnam
1186 2074 1266 2101 etiam
1278 2081 1342 2108 erga
1358 2073 1626 2101 inimicoscaritatem
1644 2075 1835 2104 exhibeamus:
1857 2082 1886 2104 et

1094 2121 1233 2148 ridiculam
1245 2121 1314 2147 illam
1326 2120 1546 2148 eottsnetudinem
1559 2120 1708 2155 ejiciamns,
1722 2130 1800 2157 quam
1817 2124 1886 2149 antl-

1096 2168 1114 2194 ti
1128 2175 1160 2194 ex
1175 2167 1217 2198 iis.
1228 2167 1273 2202 qui
1287 2167 1373 2193 ntinus
1395 2167 1498 2194 ratione
1510 2166 1610 2199 valent,
1623 2167 1771 2201 sustinent,
1786 2176 1884 2203 exspe-

1094 2219 1197 2242 ctantes
1219 2219 1247 2240 ut
1268 2215 1312 2249 qui
1328 2214 1431 2241 obviam
1448 2214 1556 2241 veniunt
1570 2222 1599 2241 se
1614 2214 1686 2249 prius
1708 2215 1824 2242 salutent
1837 2224 1843 2242 :
1858 2216 1885 2243 id

1094 2260 1289 2295 qttodntultam
1318 2260 1508 2287 beatitudinem
1545 2261 1666 2287 continet
1694 2261 1880 2296 negligentes;

1094 2307 1165 2342 quod
1178 2311 1266 2334 autent
1286 2306 1426 2334 ridiculum
1450 2311 1492 2333 est
1508 2306 1654 2341 exigentes.
1683 2306 1738 2339 Qua
1763 2315 1827 2342 ergo
1852 2307 1886 2335 de

1094 2361 1174 2380 causa
1186 2361 1238 2380 non
1256 2352 1329 2380 illum
1341 2353 1414 2388 prior
1425 2353 1546 2379 salutas?
1567 2353 1636 2386 Quia
1649 2353 1700 2380 hoc
1723 2358 1862 2388 exspectat
1875 2374 1884 2387 ,

1095 2399 1209 2434 inquies.
1229 2400 1307 2434 Atqui
1327 2399 1387 2426 ideo
1410 2399 1526 2426 maxime
1538 2398 1666 2427 festittare
1685 2400 1842 2434 oportebat,
1858 2405 1888 2428 ut

1095 2450 1123 2473 tu
1142 2453 1268 2473 coronam
1282 2446 1428 2480 acciperes.
1444 2445 1511 2477 Non,
1545 2446 1650 2480 inquies
1665 2453 1673 2478 ;
1700 2446 1761 2481 quia
1775 2446 1825 2473 hoc
1847 2446 1886 2481 ip-

1094 2500 1154 2520 sum
1175 2493 1218 2520 ille
1231 2492 1365 2528 qumsivit.
1389 2492 1423 2519 Et
1433 2492 1496 2527 quid
1529 2492 1579 2520 ltac
1605 2493 1722 2520 auten-tia
1744 2492 1886 2520 deterius?

1095 2538 1162 2571 Quia
1177 2538 1247 2566 ettim
1259 2538 1285 2565 id
1302 2538 1345 2565 ille
1358 2538 1491 2573 qua-sivit,
1504 2538 1592 2573 inquis
1606 2559 1614 2571 ,
1633 2543 1661 2565 ut
1675 2539 1806 2566 mercedis
1822 2540 1886 2566 milti

1095 2585 1172 2613 ﬁeret
1181 2585 1296 2617 occasio,
1313 2585 1375 2612 nolo
1390 2584 1458 2612 hanc
1470 2585 1590 2619 arripere
1604 2585 1772 2612 occasionem
1788 2585 1836 2621 (η).
1851 2587 1886 2612 At

1127 2673 1163 2704 (α)
1181 2677 1247 2698 tione
1258 2673 1335 2709 locum
1346 2680 1372 2709 ut
1388 2676 1445 2698 nota
1457 2672 1609 2709 eaplicaates
1625 2677 1664 2697 ΙΨ.
1683 2674 1832 2709 Benedictini
1850 2675 1885 2698 sic

1094 2705 1187 2729 habent
1199 2711 1205 2728 :
1219 2705 1278 2733 Quia
1296 2703 1322 2729 id
1342 2703 1383 2729 ille
1389 2703 1493 2739 curarit.
1503 2708 1527 2728 ut
1539 2704 1597 2739 mihi
1608 2705 1727 2739 mercedis
1738 2704 1886 2739 occatio-cs.-

1095 2739 1145 2765 sct;
1159 2736 1181 2759 id
1202 2738 1248 2763 est,
1259 2738 1292 2761 ut.
1305 2742 1342 2760 me
1354 2735 1434 2766 primo
1449 2734 1576 2766 solutione,
1588 2734 1639 2765 ipse
1652 2735 1785 2760 reddendae
1801 2734 1886 2760 salutis

1094 2766 1229 2791 mercedem
1235 2766 1366 2801 tribueret,
1383 2766 1509 2801 noioham:
1519 2765 1629 2801 arripere
1641 2766 1804 2801 occasionem,
1817 2765 1886 2801 multo

1095 2798 1174 2828 potius
1185 2797 1313 2831 crederem
1326 2798 1365 2821 hic
1381 2797 1419 2827 agi
1430 2796 1467 2831 de
1487 2796 1602 2831 nterccde
1621 2803 1693 2824 quam
1712 2796 1841 2831 humilitati
1852 2800 1885 2831 ⁸(ιι

1094 2827 1273 2852 mansuetudini
1288 2832 1351 2852 heus
1362 2827 1479 2863 promisit.
1492 2828 1533 2851 Hic
1545 2827 1609 2851 enim
1621 2834 1708 2863 sensus
1716 2828 1793 2858 magis
1800 2827 1886 2852 obvius

1097 2864 1143 2890 cst,
1157 2860 1206 2884 into
1218 2864 1243 2884 ct
1254 2859 1332 2890 magis
1343 2859 1428 2883 rationi
1439 2861 1620 2883 consentaneus
1633 2859 1700 2882 liorr.
