2067 3132
199 147 251 175 273

200 206 223 233 si
244 206 289 233 ille
309 211 335 234 te
354 206 428 241 prior
441 206 559 241 salutet,
574 207 641 235 nihil
666 207 713 236 tibi
732 208 793 244 plus
809 209 861 237 erit
881 206 904 237 si
924 209 998 238 salu-

200 257 254 280 tem
274 252 392 286 reddas;
416 253 440 280 si
466 261 531 282 vero
555 257 582 281 tu
596 253 671 289 prior
683 261 811 290 properes
825 255 860 283 ad
876 255 996 284 salutan-

201 298 277 331 dum,
289 297 388 326 fastum
411 299 472 334 ejus
491 299 676 335 intercepisti,
701 303 730 327 et
752 300 856 335 largum
875 307 909 328 ex
932 300 991 336 ejus

197 345 353 379 arrogantia
373 344 488 372 fructum
514 346 660 374 messuisti.
680 346 821 381 Quomodo
841 347 922 383 igitur
941 355 995 375 non

198 393 328 418 extrema:
357 389 505 419 dementiae
526 391 629 424 fuerit,
653 399 715 419 cum
738 399 772 420 ex
798 393 878 421 nudis
903 393 994 422 verbis

198 441 303 463 tantum
329 443 428 472 capere
454 436 569 464 fructum
610 437 765 472 valeamus,
792 438 898 466 lucrum
933 446 995 474 per-

196 483 273 514 dere.
288 487 317 511 et
331 490 393 510 cum
406 482 481 510 illum
491 483 684 518 improbemus,
701 485 728 512 in
743 484 838 513 eadem
852 485 992 514 incidere?

196 528 225 556 Si
239 529 312 556 enim
326 528 400 556 illum
416 528 477 556 ideo
494 529 587 564 culpas
599 529 671 565 quod
684 530 757 565 prior
766 529 880 558 aliorum
894 530 995 559 saluta-

199 575 300 602 tionem
325 579 478 610 exspectet,
503 582 553 603 cur
578 575 692 603 imitaris
707 575 734 603 id
748 575 819 611 quod
835 575 991 612 improbas;

198 626 226 649 et
240 621 312 657 quod
322 622 422 649 malum
436 629 497 650 esse
507 622 584 654 dicis,
604 621 655 650 hoc
668 626 698 649 ut
710 622 808 650 bonum
835 622 990 650 aemularis‘i

197 667 294 696 Viden‘
307 667 373 695 nihil
386 667 493 696 stultius
515 675 576 696 esse
587 668 695 696 homine
705 668 732 696 in
742 668 858 704 nequitia
870 669 993 697 vivente?

196 713 380 748 Quamobrem
403 713 537 748 obsecro,
552 715 620 742 hanc
640 714 789 750 improbam
803 719 830 742 et
851 714 991 742 ridiculam

196 761 419 789 consuetudinem
440 761 582 797 fugiamus.
603 761 654 789 Hic
665 761 763 797 quippe
785 761 895 790 morbus
918 761 992 790 mille

195 807 329 835 amicitias
342 807 447 840 evertit,
465 808 615 843 multasque
629 808 733 843 peperit
746 807 910 835 inimicitias.
927 807 991 835 ideo

196 861 246 881 nos
255 853 451 889 pmveniamus
459 854 536 881 alios.
548 853 614 881 Nam
625 853 670 888 qui
678 853 805 888 jubemur
814 853 884 881 ferre
891 858 921 881 ut
932 853 990 881 ala-

195 901 237 936 pis
250 900 441 936 percutiamur,
455 900 506 928 iter
519 900 604 928 coacti
617 900 803 935 suscipiamus,
816 900 947 928 nudemur
955 899 990 928 ab

194 947 321 979 inimicis,
331 954 382 982 qua
394 946 471 974 venia
479 945 551 982 digni
564 946 675 979 erimus,
689 946 711 974 si
727 946 753 973 in
766 946 879 982 simplici
891 946 990 974 saluta-

194 994 268 1022 tione
286 999 387 1022 tantam
399 992 573 1021 adhibeamus
583 993 800 1021 contentionem?
812 993 987 1029 Despicimur,

193 1041 308 1077 inquies,
317 1041 598 1076 etconspuimur,cum
607 1040 659 1068 hoc
667 1041 904 1076 ipsiconoedimus.
914 1041 947 1069 Et
956 1049 988 1069 ne

193 1093 219 1115 te
225 1087 354 1123 despiciat
360 1086 450 1120 homo,
461 1087 544 1114 Deum
551 1086 664 1115 offendis
671 1086 683 1113 ?
689 1094 723 1115 ne
729 1092 755 1115 te
762 1091 915 1115 contemnat
924 1094 988 1115 con-

192 1141 287 1161 servus
296 1132 397 1165 furens,
415 1132 556 1160 Dominum
567 1133 727 1167 contemnis,
741 1133 787 1168 qui
798 1137 868 1160 tanta
884 1133 930 1160 tibi
945 1133 989 1160 he-

194 1182 289 1210 neﬁcia
300 1180 467 1209 contulit?Si
476 1181 546 1209 enim
552 1179 696 1208 absurdum
702 1185 744 1208 est
754 1184 779 1207 te
788 1180 916 1215 aequalem
923 1187 987 1208 con-

779 150 812 179 IN
830 151 1037 181 MATTHJEUM
1055 152 1169 181 BOMIL.
1191 153 1262 182 XIX.
1796 162 1847 190 274

1051 214 1182 244 temnere,
1189 213 1275 240 multo
1285 212 1370 248 magis
1378 212 1522 242 absurdum
1533 219 1706 245 contemnere
1713 221 1741 245 te
1748 218 1831 247 Deum
1839 241 1846 253 ,

1049 257 1096 292 qui
1111 261 1137 285 te
1147 257 1220 286 fecit.
1235 257 1275 286 Ad
1286 258 1344 286 haec
1355 259 1510 289 consideres
1524 261 1613 295 velim,
1625 268 1686 289 cum
1700 266 1726 290 te
1740 263 1785 291 ille
1796 264 1846 292 de-

1049 303 1145 339 spicit,
1161 309 1223 333 tunc
1230 305 1360 341 majorem
1376 306 1422 334 tibi
1440 307 1593 336 mercedem
1605 308 1759 337 conciliare.
1775 310 1843 338 Pro-

1047 355 1108 386 pter
1120 350 1202 379 Deum
1218 352 1290 379 enim
1305 352 1362 380 haec
1375 353 1485 387 pateris,
1500 354 1561 389 quia
1571 354 1645 390 leges
1654 355 1713 391 ejus
1733 355 1845 384 audisti.

1048 395 1106 424 Hoc
1127 402 1216 425 autem
1229 405 1283 433 quo
1295 406 1348 426 non
1360 399 1462 427 honore
1485 399 1594 435 dignum
1616 401 1669 429 sit?
1681 402 1777 438 quibus
1789 410 1844 431 non

1047 442 1242 471 diadematibus
1250 444 1262 471 ?
1271 444 1415 480 Contingat
1433 445 1497 473 mihi
1509 452 1537 474 et
1549 448 1718 476 contumeliis
1730 448 1801 477 afﬁci
1814 454 1842 477 et

1047 489 1184 517 contemni
1214 495 1323 525 propter
1345 491 1439 524 Deum,
1456 492 1544 526 potius
1565 501 1645 528 quam
1667 494 1792 522 honorari
1807 495 1842 522 ab

1046 536 1170 564 omnibus
1184 536 1293 572 regibus
1317 546 1324 564 :
1347 537 1413 566 nihil
1427 539 1509 571 enim,
1524 539 1590 567 nihil
1603 540 1695 576 utique
1709 541 1771 569 huic
1790 542 1843 569 ho-

1046 582 1105 609 nori
1118 589 1167 617 par
1180 587 1231 609 est.
1247 582 1323 610 Hunc
1342 583 1431 618 itaque
1440 590 1627 613 consectemur
1649 591 1678 614 ut
1691 586 1735 614 ille
1744 586 1842 621 jussit;

1047 627 1231 663 humanosque
1245 628 1362 662 honores
1376 629 1451 656 nihili
1460 629 1600 664 facientes,
1616 631 1664 659 sed
1681 639 1771 659 veram
1786 631 1842 666 phi-

1046 674 1197 710 losophiam
1211 682 1258 709 per
1281 675 1370 702 omnia
1385 675 1560 711 exhibentes,
1573 677 1613 705 sic
1629 678 1711 705 vitam
1732 677 1842 705 ordine-

1045 727 1106 748 mus
1131 724 1262 747 nostram.
1285 719 1352 748 Nam
1372 721 1518 750 caelestium
1537 730 1696 751 coronarum
1716 723 1772 759 jam
1797 724 1840 752 hic

1044 765 1161 794 fructum
1185 766 1374 801 percipiemus,
1395 767 1471 802 quasi
1485 768 1572 803 angeli
1600 776 1660 796 cum
1684 769 1839 797 hominibus

1043 817 1192 846 versantes,
1211 817 1345 848 tamquam
1359 813 1487 848 angelicas
1499 817 1645 848 potestates
1659 814 1685 841 in
1699 819 1768 842 terra
1784 815 1838 842 cir-

1044 864 1200 887 cumeuntes
1214 880 1222 894 ,
1239 860 1313 887 omni
1335 860 1480 895 cupiditate
1499 860 1626 895 omnique
1639 861 1838 896 perturbatione

1041 905 1160 940 exempti
1173 913 1180 938 ;
1192 910 1220 933 et
1231 912 1292 933 cum
1301 906 1345 933 his
1355 906 1479 933 omnibus
1488 905 1630 933 ineffabilia
1641 914 1838 942 consequemur

1041 951 1111 978 bona
1127 960 1133 978 :
1147 959 1206 986 quae
1217 951 1318 979 utinam
1329 959 1379 980 nos
1390 959 1485 980 omnes
1499 952 1679 987 adipiscamur
1691 973 1699 986 ,
1713 953 1797 988 gratia
1811 958 1838 981 rt

1041 998 1206 1033 benignitate
1232 998 1337 1026 Domini
1361 998 1446 1026 nostri
1471 998 1534 1026 Jesu
1549 997 1660 1031 Christi,
1675 999 1717 1026 cui
1741 999 1834 1034 gloria,

1041 1045 1182 1080 imperium
1197 1050 1225 1073 et
1238 1045 1362 1073 adoratio
1373 1052 1435 1081 cum
1448 1044 1572 1081 principii
1589 1050 1700 1081 experte
1719 1045 1799 1073 Patre
1810 1050 1837 1073 et

1040 1097 1134 1119 sancto
1147 1092 1271 1127 bonoque
1285 1091 1396 1127 Spiritu,
1413 1098 1484 1119 nunc
1495 1096 1523 1120 et
1534 1098 1652 1127 semper,
1663 1091 1725 1119 etin
1737 1092 1836 1119 secula

1037 1138 1207 1165 seculorum.
1221 1138 1315 1165 Amen.

194 1247 1835 1260 -_—_————__————

868 1290 1043 1322 HOMlLIA
1064 1291 1155 1322 XIX.

192 1364 255 1392 Car.
278 1364 305 1392 6.
318 1372 345 1392 v.
362 1365 388 1392 1.
403 1364 530 1392 Attendt'te
553 1372 585 1392 ne
611 1365 796 1400 eleemosynam
816 1369 926 1392 vestram
945 1366 987 1401 fa-

226 1411 300 1439 ciatis
313 1419 400 1438 coram
413 1411 565 1444 hominibus,
581 1415 608 1439 ut
622 1411 757 1439 videamini
770 1411 801 1438 ab
814 1412 860 1439 eis.

226 1460 250 1485 ‘l.
260 1457 331 1485 Vana
344 1458 427 1493 gloria
436 1458 527 1493 probos
535 1457 610 1485 etiam
619 1457 891 1486 inuadit.—0mnium
901 1458 986 1486 maxi-

192 1512 234 1532 me
248 1505 416 1539 tyrannicum
426 1504 481 1540 jam
494 1505 612 1533 eliminat
621 1505 703 1533 animi
715 1505 838 1533 morbum
849 1525 857 1538 ,
870 1505 983 1537 rabiem,

191 1550 310 1586 inquam,
324 1550 396 1578 illam
415 1554 443 1578 et
463 1549 579 1578 furorem
591 1551 662 1579 circa
672 1558 767 1578 vanam
779 1550 890 1586 gloriam
902 1571 909 1582 ,
925 1557 985 1585 quae

190 1596 313 1624 homines
335 1597 415 1624 etiam
437 1596 521 1631 probe
541 1600 651 1632 agentes
672 1596 782 1624 invadit.
809 1597 833 1624 Α
854 1596 984 1632 principio

188 1642 297 1678 quidem
312 1642 378 1671 nihil
391 1643 442 1671 hac
453 1642 487 1671 de
500 1651 531 1671 re
540 1643 665 1679 loquutus
675 1647 725 1671 est.
738 1643 805 1671 Nam
819 1643 982 1679 superfluum

188 1690 292 1724 fuisset,
308 1690 463 1726 priusquam
476 1690 546 1717 bona
557 1697 637 1725 opera
647 1689 728 1718 edere
737 1689 872 1723 suaderet,
885 1690 983 1719 docere

188 1736 326 1772 quomodo
339 1736 384 1764 illa
398 1736 518 1764 facienda
540 1740 569 1764 et
587 1734 710 1764 adeunda
722 1740 822 1764 essent.
837 1735 980 1772 Postquam

187 1787 276 1812 autem
286 1784 313 1811 in
323 1783 518 1820 philosophiam
531 1783 643 1816 induxit,
653 1787 715 1811 tunc
724 1783 831 1811 demum
841 1791 912 1817 eam,
922 1790 982 1819 qua:

187 1830 360 1866 subrependo
372 1830 457 1866 ipsam
470 1830 579 1858 inficere
592 1830 672 1863 solet,
687 1834 790 1865 pestem
801 1829 906 1858 auferre
919 1830 982 1858 niti-

187 1882 240 1906 tur.
256 1878 349 1914 Neque
361 1877 433 1905 enim
454 1882 597 1913 utcumque
609 1877 725 1913 gignitur
737 1876 782 1905 hic
794 1876 918 1910 morbus,
933 1876 981 1905 sed

188 1929 330 1960 postquam
343 1924 427 1952 multa
438 1927 570 1959 prmcepta
583 1922 689 1959 egregie
699 1922 877 1958 implevimus.
893 1922 980 1957 Opor-

187 1970 260 1998 tebat
279 1970 360 2005 igitur
380 1970 454 2005 prius
475 1969 600 1998 virtutem
622 1969 758 2002 inserere,
782 1973 810 1996 et
829 1972 892 1996 tunc
904 1968 980 1996 illum

186 2016 268 2044 animi
281 2015 406 2043 affectum
419 2015 542 2050 auferre,
564 2015 609 2051 qui
626 2015 684 2051 ejus
698 2015 813 2043 fructum
827 2015 978 2043 labefactat.

186 2065 225 2091 Ac
239 2063 300 2091 vide
312 2063 383 2092 unde
397 2062 535 2091 exordium
550 2067 653 2091 sumat:
669 2070 684 2090 a
696 2062 809 2097 jejunio,
824 2062 945 2090 oratione
953 2065 981 2089 et

185 2111 367 2146 eleemosyna.
383 2109 413 2138 ln
426 2109 469 2139 his
479 2109 550 2138 enim
565 2109 682 2137 maxime
700 2113 775 2137 recte
787 2108 864 2137 factis
877 2109 979 2137 versari

185 2158 266 2186 solet.
275 2157 342 2185 Nam
354 2156 505 2186 Pharisaaus
514 2156 578 2185 inde
589 2156 696 2184 inflatus
705 2155 812 2184 dicebat
821 2165 828 2183 :
840 2155 934 2192 Jejuno
942 2155 979 2184 bit

187 2208 212 2234 in
227 2206 396 2240 hebdomade,
410 2205 519 2233 decimas
534 2205 567 2232 do
576 2205 688 2232 omnium
700 2212 757 2239 qua:
770 2203 886 2239 possideo
900 2202 977 2239 (Luc.

186 2254 230 2281 18.
245 2253 281 2281 12
292 2253 303 2288 )
315 2261 322 2280 :
336 2252 364 2280 in
378 2252 435 2287 ipsa
445 2252 566 2279 oratione
578 2257 673 2278 vanam
685 2249 809 2286 captabat
819 2249 942 2285 gloriam,
951 2253 980 2278 et

184 2301 218 2328 ad
233 2299 439 2328 ostentationem
456 2298 622 2334 precabatur.
635 2297 701 2332 Quia
715 2296 785 2324 enim
799 2296 889 2324 nullus
909 2295 978 2324 alius

187 2347 299 2380 aderat,
313 2345 482 2381 publicanum
496 2344 630 2372 indicabat
639 2343 732 2371 dicens
746 2351 753 2370 :
767 2342 829 2370 Non
843 2350 900 2370 sum
913 2343 978 2370 sicut

185 2393 271 2422 ceteri
292 2392 422 2420 hominum
432 2412 440 2423 ,
464 2399 543 2426 neque
562 2391 628 2418 sicut
641 2390 681 2417 hic
696 2389 845 2425 publicanus
857 2388 883 2426 (1
886 2389 937 2417 bid.
950 2397 974 2416 υ.

185 2440 217 2467 tt
235 2440 255 2473 ).
264 2438 300 2466 Et
308 2437 369 2466 vide
381 2436 517 2473 quomodo
527 2436 653 2465 Servator
662 2435 784 2471 coeperit,
795 2442 828 2464 ac
837 2435 861 2464 si
874 2435 908 2464 de
921 2435 977 2463 fera

183 2487 272 2511 astuta
291 2490 325 2510 ac
337 2483 507 2518 deprehensu
518 2483 619 2511 difﬁcili
633 2488 735 2519 ageret,
746 2491 807 2519 quae
817 2492 871 2512 non
879 2485 974 2511 acino-

183 2529 250 2557 dum
257 2529 363 2565 vigilem
369 2536 466 2565 capere
472 2534 561 2564 posset
576 2538 583 2556 :
594 2537 656 2557 nam
663 2529 701 2557 ait
711 2530 745 2556 :A
752 2529 860 2557 ttendite
868 2538 899 2557 ne
906 2529 974 2556 elee-

183 2584 322 2611 mosynam
330 2580 508 2608 aestram,etc.
517 2576 562 2604 Sic
567 2580 594 2604 et
599 2575 699 2604 Paulus
705 2576 924 2612 Philippensibus
932 2576 974 2603 di-

185 2622 222 2648 cit
231 2630 238 2649 :
247 2620 337 2648 Videte
345 2629 422 2648 canes
429 2621 556 2657 (Philipp.
566 2621 593 2649 5.
602 2621 641 2655 ‘2).
653 2621 730 2649 Clam
739 2621 810 2649 enim
822 2621 973 2657 ingreditur

183 2667 378 2699 fera,etomnia
384 2667 443 2695 sine
449 2667 561 2703 strepitu
568 2667 975 2703 inflat,atqueomniaquzintra

182 2714 251 2742 nihil
258 2714 421 2742 sentientem
430 2713 598 2742 suntaul'ert.
606 2714 675 2748 Quia
685 2713 766 2749 igitu’r
774 2714 922 2749 plurimum
937 2712 976 2742 fo-

183 2762 218 2788 cit
229 2761 264 2788 de
276 2760 448 2795 eleemosyna
470 2764 621 2786 sermonem
632 2777 640 2790 ,
661 2756 799 2793 Deumque
817 2757 844 2785 in
858 2757 976 2786 medium

184 2805 304 2838 adduxit,
322 2804 373 2838 Qui
386 2802 466 2831 solem
475 2811 548 2830 suum
561 2802 622 2829 oriri
637 2802 698 2838 facit
709 2810 786 2837 super
799 2802 879 2830 malos
893 2808 916 2830 et
929 2803 976 2830 bo-

184 2861 239 2882 nos.
255 2855 283 2879 et
297 2849 413 2885 undique
426 2848 458 2876 ad
472 2848 498 2876 id
511 2848 665 2876 cohortatus
674 2851 725 2879 est,
739 2851 766 2875 et
778 2847 907 2876 donorum
923 2848 978 2876 lar-

183 2901 264 2935 gnate
277 2896 439 2928 conspicuos
458 2901 519 2923 esse
534 2893 635 2926 suasit.
657 2894 764 2923 demum
778 2895 866 2923 omnia
885 2895 973 2925 tollit.

1039 1372 1099 1400 qua:
1117 1364 1180 1392 huic
1192 1364 1311 1400 pulchra!
1330 1365 1397 1394 oleae
1411 1372 1510 1394 nocere
1523 1370 1642 1402 possent.
1665 1366 1834 1402 Quapropter

1038 1411 1094 1439 ait:
1116 1411 1244 1439 Attendile
1255 1420 1286 1439 ne
1298 1412 1482 1448 eleemosynam
1503 1418 1612 1440 vestram
1629 1413 1731 1449 faciatis
1747 1422 1833 1441 corum

1038 1458 1191 1486 hominibus.
1205 1458 1272 1486 Nam
1285 1459 1330 1486 illa
1343 1459 1417 1494 prius
1429 1464 1587 1493 memorata,
1600 1460 1647 1488 Dei
1659 1464 1701 1488 est
1713 1460 1831 1489 eleemo-

1038 1512 1114 1541 syna.
1125 1504 1192 1532 Cum
1203 1512 1267 1533 vero
1276 1505 1398 1539 dixisset,
1413 1505 1455 1533 Ne
1465 1507 1568 1542 faciatis
1580 1515 1667 1534 coram
1678 1507 1831 1541 hominibus,

1037 1551 1186 1587 subjunxit,
1204 1551 1238 1579 Ut
1250 1552 1385 1579 videamini
1399 1553 1431 1580 ab
1445 1553 1491 1580 eis.
1507 1552 1542 1580 Et
1556 1552 1660 1580 videtur
1669 1553 1776 1588 quidem
1791 1553 1832 1581 id-

1036 1598 1124 1633 ipsum
1137 1598 1192 1633 jam
1204 1602 1267 1626 ante
1280 1598 1395 1626 dixisse:
1412 1598 1436 1626 si
1449 1598 1510 1634 quis
1519 1606 1584 1627 vero
1593 1599 1733 1634 diligenter
1744 1604 1832 1628 atten-

1036 1643 1092 1678 dat,
1106 1651 1160 1671 non
1173 1643 1288 1679 idipsum
1302 1648 1363 1672 est:
1377 1644 1426 1672 sed
1438 1643 1510 1672 aliud
1524 1643 1591 1678 hoc,
1607 1644 1678 1672 aliud
1691 1645 1756 1673 illud
1767 1650 1829 1674 est:

1037 1689 1203 1725 multamque
1216 1689 1326 1718 adhibet
1337 1690 1499 1723 cautionem,
1509 1689 1725 1726 iueﬂ‘abilemque
1738 1691 1830 1726 provi-

1035 1735 1152 1764 dentiam
1162 1740 1243 1771 atque
1253 1736 1453 1772 indulgentiam.
1465 1737 1557 1765 Potest
1566 1737 1637 1765 enim
1648 1737 1672 1765 is
1684 1737 1728 1773 qui
1738 1745 1829 1766 coram

1035 1782 1189 1810 hominibus
1203 1781 1231 1810 id
1243 1782 1316 1816 facit,
1326 1790 1379 1810 non
1396 1787 1425 1810 ut
1437 1782 1559 1811 videatur
1576 1783 1602 1810 id
1613 1783 1701 1812 facere
1712 1793 1719 1810 :
1733 1788 1761 1812 et
1770 1792 1830 1812 rur-

1034 1836 1080 1857 sus
1088 1829 1133 1865 qui
1145 1836 1235 1857 coram
1248 1829 1274 1857 id
1289 1837 1340 1857 non
1349 1829 1421 1861 facit,
1433 1833 1462 1857 ut
1470 1829 1600 1862 videatur,
1613 1829 1712 1858 facere.
1726 1830 1827 1864 Quam-

1033 1875 1127 1905 obrem
1149 1883 1203 1904 non
1218 1875 1376 1911 simpliciter
1389 1883 1461 1909 rem,
1477 1875 1526 1904 sed
1540 1876 1703 1905 voluntatem
1726 1877 1768 1904 vel
1784 1885 1829 1912 pu-

1033 1923 1074 1951 nit
1084 1922 1129 1951 vel
1140 1927 1261 1950 coronat.
1275 1922 1331 1950 Nisi
1347 1922 1419 1950 enim
1436 1929 1469 1950 ea
1485 1922 1658 1950 adhiberetur
1671 1923 1806 1950 accuratio
1817 1944 1826 1956 ,

1033 1968 1084 1997 hoc
1105 1968 1205 1996 multos
1228 1968 1262 1996 ad
1283 1968 1484 2004 eleemosynam
1505 1968 1666 2004 erogandam
1689 1969 1827 2004 segniores

1032 2014 1203 2048 reddidisset,
1218 2014 1280 2050 quia
1290 2013 1318 2042 id
1333 2021 1385 2042 non
1399 2014 1497 2049 ubique
1507 2014 1575 2042 clam
1587 2014 1645 2041 fieri
1656 2019 1753 2049 potest.
1764 2014 1827 2041 Iden

1031 2061 1067 2089 ab
1082 2061 1132 2089 hac
1146 2066 1171 2088 te
1183 2061 1325 2088 absolvens
1342 2060 1514 2094 necessitate,
1530 2068 1583 2088 non
1599 2060 1644 2088 fini
1655 2060 1761 2095 operis,
1777 2061 1824 2088 sed

1031 2106 1162 2134 voluntati
1176 2105 1296 2134 facientis
1307 2125 1316 2138 ,
1329 2109 1358 2134 et
1371 2113 1478 2141 penam
1490 2110 1518 2133 et
1528 2105 1679 2133 mercedem
1693 2105 1823 2133 decernit.

1030 2153 1070 2182 Ne
1080 2153 1154 2181 dicas
1165 2153 1247 2185 enim,
1259 2152 1328 2186 Quid
1341 2152 1452 2180 interest
1461 2159 1521 2180 mea
1531 2152 1553 2179 si
1565 2151 1633 2179 alius
1645 2151 1754 2179 videat?
1764 2152 1823 2180 Non

1031 2199 1083 2229 hoc
1095 2207 1197 2235 qutero,
1212 2198 1309 2234 inquit,
1323 2197 1372 2227 sed
1391 2202 1509 2226 mentem
1524 2203 1596 2226 tuam
1618 2202 1646 2225 et
1660 2197 1768 2225 modum
1783 2197 1824 2225 fa-

1030 2247 1133 2276 ciendae
1155 2246 1205 2274 rei.
1228 2245 1353 2274 Animam
1374 2245 1472 2282 quippe
1494 2245 1551 2273 vult
1573 2244 1734 2278 el'formare,
1750 2250 1776 2272 et
1789 2245 1824 2272 ab

1030 2293 1104 2321 omni
1119 2292 1213 2320 morbo
1227 2292 1353 2320 liberare.
1373 2291 1516 2326 Postquam
1536 2290 1617 2326 igitur
1632 2290 1727 2324 edixit,
1742 2298 1776 2318 ne
1788 2291 1822 2318 ad

1029 2339 1237 2368 ostentationem
1252 2338 1316 2371 fiat,
1340 2341 1368 2365 et
1380 2337 1507 2365 damnum
1521 2337 1611 2365 docuit
1623 2343 1765 2372 emergens
1776 2357 1783 2369 ,
1799 2337 1822 2364 si

1030 2390 1132 2414 temere
1141 2389 1169 2413 et
1182 2384 1378 2413 inconsiderate
1388 2384 1443 2418 fiat,
1457 2390 1549 2412 rursus
1559 2382 1708 2411 auditorum
1718 2383 1823 2411 animos

1030 2433 1129 2469 erigit,
1148 2432 1256 2460 Patrem
1268 2437 1482 2460 commemorans
1498 2435 1578 2465 atque
1597 2429 1690 2457 cmlum
1701 2450 1709 2462 ,
1724 2437 1759 2456 ne
1772 2429 1822 2457 da-

1030 2486 1123 2507 mnum
1133 2477 1219 2506 solum
1231 2480 1364 2513 tangeret,
1370 2476 1417 2505 sed
1426 2476 1506 2504 etiam
1514 2475 1602 2503 Patris
1610 2475 1738 2503 memoria
1745 2482 1823 2502 coer—

1029 2530 1112 2555 ceret.
1127 2524 1190 2553 Non
1203 2524 1325 2552 habebitis
1334 2544 1343 2557 ,
1358 2522 1464 2558 inquit,
1479 2520 1619 2549 mercedem
1632 2520 1702 2556 apud
1717 2519 1822 2548 Patrem

1029 2577 1138 2600 vestrum
1153 2571 1196 2607 qui
1209 2571 1237 2598 in
1248 2570 1318 2598 caelis
1331 2573 1377 2597 est.
1389 2568 1481 2604 Neque
1494 2567 1537 2595 hic
1550 2567 1661 2603 gradum
1671 2566 1760 2600 sistit,
1774 2567 1822 2594 sed

1029 2618 1099 2646 ultra
1112 2616 1249 2653 procedit;
1260 2622 1437 2651 magnamque
1444 2614 1484 2642 eis
1494 2614 1573 2649 hujus
1585 2613 1642 2640 vitii
1654 2613 1822 2641 aversionem

1029 2663 1108 2692 indit.
1129 2661 1358 2697 Quemadmodum
1380 2659 1452 2688 enim
1470 2666 1550 2693 supra
1565 2657 1721 2694 publicanos
1734 2658 1822 2686 ethni-

1029 2716 1129 2745 cosque
1141 2707 1249 2744 posuit,
1273 2711 1304 2735 ut
1326 2705 1480 2734 conditione
1498 2711 1673 2740 personarum
1695 2703 1757 2731 illos
1775 2703 1820 2738 qui

1028 2755 1088 2784 h:cc
1100 2755 1267 2783 imitarentur
1279 2753 1382 2789 pudore
1395 2751 1515 2780 afﬁceret
1527 2760 1534 2779 :
1549 2751 1584 2779 ita
1596 2750 1640 2778 hic
1653 2757 1760 2785 quoque
1773 2749 1823 2785 hy-

1028 2801 1146 2837 pocritas
1155 2804 1297 2828 memorat.
1311 2798 1338 2826 2.
1353 2797 1416 2826 Cum
1425 2797 1498 2832 facis,
1514 2797 1608 2832 inquit,
1621 2795 1805 2830 elemosynam
1815 2815 1822 2824 η

1028 2846 1082 2874 noli
1096 2845 1155 2874 tuba
1167 2852 1256 2872 canere
1269 2848 1328 2871 ante
1342 2848 1366 2871 te
1375 2863 1384 2876 ,
1406 2843 1471 2870 sicut
1491 2842 1630 2878 hypocrita
1643 2841 1750 2876 faciunt.
1766 2840 1807 2867 llo

1028 2894 1112 2925 dicit.
1125 2900 1180 2923 non
1193 2891 1265 2925 quod
1278 2891 1316 2920 illi
1333 2890 1411 2920 tubas
1424 2889 1568 2924 haberent,
1582 2889 1630 2917 sed
1649 2892 1678 2916 ut
1692 2893 1789 2922 magna
