2067 3132
234 148 289 178 273i

236 209 368 237 insaniam
378 206 512 239 ostendat,
524 206 573 234 bac
584 206 738 242 metaphora
752 206 811 233 illos
820 205 924 233 deridet
937 210 965 232 et
974 209 1029 232 tra-

236 255 326 288 ducit;
351 259 431 289 atque
444 253 529 290 probe
549 253 703 289 ltypocritas
725 257 812 280 vocat.
828 252 911 279 Larva
932 253 1031 287 quippe

236 302 415 336 t-leemosynaa
436 305 512 328 erat:
527 307 604 327 mens
622 307 686 326 veto
701 299 893 326 immanitatem
911 298 1030 325 crudeli-

236 351 371 382 tatemque
393 345 581 373 meditabatur.
602 344 660 372 Non
682 345 753 372 enim
777 344 802 372 id
823 344 938 379 agebant
959 343 1030 379 quod

235 391 373 426 proximos
387 392 589 422 miserarentur,
603 390 651 418 sed
663 395 691 417 ut
704 390 753 424 ipsi
767 389 850 425 gloria
860 389 1030 417 fruerentur:

236 438 307 472 quod
328 442 456 465 extrema:
469 442 528 464 erat
540 436 720 469 crudelitatis,
734 436 788 463 alio
801 436 871 463 lamc
886 441 1030 471 pereunte,

238 483 366 510 tumorem
380 487 489 517 captare
502 503 509 512 .
526 490 578 508 ttott
600 482 658 515 ejus
676 481 772 516 inopize
790 482 940 510 consulere.
963 482 1031 509 Vera

237 537 302 563 ergo
315 529 485 564 elcemosyna
500 536 552 555 non
563 532 603 555 est
618 528 706 564 largiri
721 533 833 561 tantum,
848 529 894 556 sed
911 533 938 555 ιιι
953 536 1033 563 opor-

240 580 276 601 tet
290 575 364 607 dare,
379 579 405 602 et
419 580 528 610 propter
542 575 658 608 inopiam
670 574 746 602 dare.

273 623 300 649 2.
324 623 465 649 Ostettlatio
484 631 500 648 α
519 621 618 649 Christo
635 622 762 657 prohibita
775 629 785 648 :
805 621 964 648 Humililatis
976 623 1033 658 fru-

236 674 301 696 ctus.
321 668 400 696 Vana:
413 669 502 704 gloriw
516 668 645 696 damnum.
658 684 693 688 —
706 669 851 704 Postquam
871 669 950 704 igitur
968 670 1033 697 satis

241 717 299 744 illos
315 717 431 745 traduxit
443 723 471 745 et
490 717 606 750 notavit,
623 722 651 744 ut
665 717 813 745 auditorem
829 717 930 752 pudore
945 716 1034 744 allice-

237 768 297 794 ret.
317 764 373 798 jam
393 764 502 798 corrigit
523 768 640 791 mentem
659 763 712 791 hoc
730 763 825 790 tuorbo
844 763 1032 791 laborantem:

239 817 353 844 cumque
368 809 529 837 ostendisset
546 809 682 844 quomodo
697 817 749 836 non
764 809 822 836 lieri
836 809 957 842 deberet,
971 817 1033 836 rur-

238 864 285 883 sus
305 856 440 890 quomodo
461 857 516 883 iieri
537 856 635 884 debeat
648 855 776 883 ostendit.
795 855 935 889 Quomodo
956 855 1035 890 igitur

242 903 299 930 licri
312 903 412 930 debet?
425 902 452 930 5.
468 902 571 930 Nesriat
583 903 687 930 sinistra
708 908 752 930 tua
773 903 834 938 quid
855 903 917 937 facit
932 902 1035 929 dcxlera

242 954 294 975 tua.
309 949 412 976 Rursus
422 949 469 985 ⁸Ιιὶιε
485 957 537 976 non
551 957 646 976 manus
659 949 828 980 subindicat:
844 949 891 976 Sed
902 949 1036 984 hyperbo-

239 995 292 1022 iice
307 995 332 1022 id
349 995 447 1030 posuit.
463 994 530 1023 Nam
547 997 568 1023 si
585 995 642 1023 lieri
657 1000 762 1031 posset,
777 995 862 1030 inquit
872 1015 880 1026 .
896 998 925 1022 ut
939 1001 965 1022 tu
980 996 1036 1029 ipse

242 1041 380 1076 ignorares
390 1063 397 1072 ,
414 1041 478 1068 illud
492 1042 572 1069 etiam
585 1042 732 1069 curandum
747 1046 828 1073 esset,
842 1042 922 1069 etiam
937 1042 958 1068 si
973 1049 1035 1076 pos-

241 1092 283 1115 set
298 1089 353 1115 lieri
371 1089 441 1123 ipsas
455 1096 549 1115 manus
560 1088 740 1115 ministrantes
753 1088 837 1115 latere
847 1087 966 1115 deberet.
978 1087 1036 1114 Non

244 1138 274 1160 ut
294 1134 401 1168 qttidant
425 1134 517 1161 dietmt
529 1155 536 1166 ,
552 1134 577 1160 id
595 1134 683 1168 pravis
706 1133 893 1161 occultandam
912 1138 1037 1168 oportere

244 1180 412 1206 hominibus:
427 1180 531 1207 cunctis
544 1180 614 1207 enim
625 1179 705 1214 jussit
720 1179 856 1207 abscondi.
871 1179 971 1207 Deinde
991 1187 1037 1207 co-

238 1226 294 1260 gita
314 1231 411 1261 quanta
434 1226 469 1253 sit
484 1233 597 1253 merces.
619 1226 763 1260 P05tquam
785 1226 857 1252 ettint
877 1225 1036 1261 supplicium

240 1273 374 1306 edixerat,
390 1273 506 1301 ostendit
516 1273 577 1301 ltinc
590 1272 787 1308 decerpendum
799 1272 939 1305 honorem.
952 1273 1038 1300 utrin-

240 1329 296 1356 que
317 1328 364 1348 eos
378 1320 517 1356 impellens
537 1325 564 1347 et
580 1320 613 1347 ad
625 1320 765 1348 sublimem
779 1328 860 1355 agens
874 1319 1036 1347 doctrinam.

244 1368 326 1395 Docet
337 1368 436 1402 quippe
450 1371 478 1394 ιιι
491 1367 574 1394 sciant
587 1367 685 1402 ubique
697 1367 779 1394 Deunt
792 1374 852 1394 esse
868 1371 1036 1401 prmsentem,

244 1422 340 1449 resque
355 1418 460 1441 nostras
474 1421 526 1441 non
541 1421 601 1441 esse
615 1413 755 1448 praesentis
769 1413 831 1440 vita:
847 1413 974 1441 limitibus
986 1413 1038 1440 cir-

241 1460 430 1494 cttntscriptas,
445 1459 492 1486 sed
507 1458 651 1486 terribilius
661 1458 723 1485 hinc
736 1465 785 1485 nos
794 1463 967 1493 excepturum
979 1465 1039 1486 esse

246 1505 373 1536 tribunal,
384 1510 409 1532 et
421 1505 537 1532 rationes
550 1504 699 1532 reddendas
713 1504 770 1533 fore
781 1509 887 1531 actuum
899 1504 1017 1531 omnium
1029 1512 1037 1536 ;

242 1549 359 1585 hincque
375 1551 414 1578 vel
425 1550 543 1578 honores
555 1550 596 1577 vel
607 1550 745 1585 supplicia,
762 1557 793 1576 ac
804 1557 854 1577 nec
865 1557 975 1584 parvum
989 1557 1039 1577 nec

242 1605 369 1633 magnum
382 1605 450 1631 opus
467 1597 549 1624 latere
567 1604 662 1632 posse,
677 1597 741 1624 licet
761 1596 882 1624 homines
896 1596 980 1623 latere
995 1596 1038 1623 vi-

242 1645 348 1672 deatur.
369 1644 430 1671 llatc
454 1643 554 1678 quippe
566 1643 654 1670 omnia
677 1642 856 1670 subindicavit
874 1642 986 1670 dicens:
1008 1642 1037 1670 ι.

245 1689 325 1716 Pater
340 1695 413 1722 tum.
426 1689 470 1724 qui
484 1689 550 1716 uidet
564 1689 590 1715 in
605 1688 751 1716 abscondito
763 1709 770 1721 ,
786 1688 874 1715 reddet
887 1688 931 1715 tibi
944 1689 972 1715 in
985 1696 1040 1715 ma-

244 1736 357 1772 m'festo:
371 1743 495 1769 magnum
509 1740 536 1763 ct
548 1735 705 1762 honorabile
721 1734 853 1762 theatrum
874 1735 924 1769 ipsi
937 1735 1038 1762 consti-

244 1787 324 1809 tuens
335 1803 344 1815 ,
358 1782 401 1808 ubi
414 1781 441 1808 id
455 1781 525 1816 quod
538 1781 718 1816 concupiscit,
732 1781 756 1809 ci
767 1781 873 1808 abunde
895 1781 1038 1808 admodum

244 1827 360 1854 dabitur.
384 1827 452 1860 Quid
478 1827 536 1854 vis?
557 1827 675 1861 inquiet:
700 1835 789 1855 annon
813 1828 917 1862 aliquos
940 1827 1038 1855 habere

242 1868 382 1908 gestorum
406 1873 590 1908 spectatores?
605 1873 675 1901 Ecce
687 1873 769 1901 ltabes
783 1894 790 1906 ,
812 1882 864 1901 non
887 1875 997 1909 angelos
1012 1879 1040 1902 et

243 1919 418 1954 archangcios
440 1924 562 1952 tantum,
583 1920 629 1947 sed
650 1924 678 1947 et
699 1920 882 1948 universorum
900 1920 980 1948 Dettnt
994 1921 1038 1948 :si

242 1966 325 1993 etiam
343 1965 469 2000 homines
493 1965 591 1993 habere
612 1971 776 2000 spectatores
797 1967 982 2001 concupiscis,
1003 1974 1038 1994 ne

245 2011 296 2039 hoc
309 2011 415 2046 quidem
437 2011 600 2039 desiderium
619 2011 704 2039 fructu
724 2019 837 2039 vacuum
852 2013 902 2039 erit
916 2017 1038 2047 tempore

241 2063 413 2094 opportuno;
428 2059 484 2086 into
499 2057 525 2086 id
539 2058 584 2086 tibi
598 2066 659 2086 cum
674 2058 767 2092 majori
781 2059 889 2086 cumulo
905 2058 1038 2093 prrestabi-

242 2110 298 2132 tur.
314 2105 389 2132 Nunc
408 2104 478 2131 enim
493 2104 514 2131 si
537 2109 563 2131 te
585 2104 763 2131 ostentaret-is
775 2126 782 2136 ,
797 2104 866 2138 apud
886 2104 979 2132 decem
994 2105 1036 2132 vel

243 2150 348 2186 viginti,
360 2150 401 2178 vcl
417 2155 523 2178 centum
538 2149 659 2177 homines
674 2155 777 2177 tantum
792 2154 928 2178 ostentare
944 2155 969 2178 te
986 2158 1035 2185 po-

242 2196 326 2227 teris;
340 2196 381 2222 sitt
397 2195 505 2222 studeas
521 2203 590 2222 nunc
604 2195 696 2227 latere,
707 2199 769 2222 tunc
784 2195 878 2230 teipse
890 2195 960 2222 Deus
972 2203 1037 2230 prtu-

241 2241 352 2272 dicabit,
365 2245 421 2268 toto
436 2246 567 2276 prtesente
580 2241 653 2268 orbe.
667 2241 758 2275 Itaque
778 2241 800 2267 si
814 2245 955 2276 tantopere
970 2242 1036 2269 velis

244 2287 366 2315 homines
381 2291 455 2321 gesta
468 2291 511 2313 tua
523 2286 624 2318 videre,
639 2286 774 2313 absconde
784 2294 855 2313 nttnc
867 2287 922 2320 illa,
934 2292 1034 2314 utcuut

242 2333 337 2368 majori
355 2333 456 2360 honore
470 2336 516 2359 tuo
531 2332 575 2359 illa
589 2339 683 2358 ontttcs
697 2336 760 2358 tunc
774 2331 891 2364 videant,
906 2331 961 2359 Deo
978 2332 1033 2366 ipsa

243 2379 382 2406 manifesta
398 2378 537 2409 reddente,
553 2378 698 2405 extollente
711 2398 717 2408 .
733 2383 760 2405 et
775 2378 844 2413 apud
859 2386 953 2406 omnes
967 2387 1034 2412 prte-

238 2425 359 2452 dicante.
374 2424 449 2451 Nunc
465 2431 553 2451 autem
571 2428 596 2451 te
617 2425 662 2458 qui
679 2423 796 2451 viderint
809 2424 990 2456 damnabunt,
1006 2429 1035 2452 ιιι

242 2478 317 2497 rana:
329 2465 420 2505 gloria
433 2470 557 2505 cupidum
570 2478 577 2499 ;
589 2477 648 2496 cnm
661 2476 741 2504 porro
752 2474 777 2497 te
790 2474 947 2497 coronatum
960 2470 1033 2497 vide-

241 2515 318 2550 bunt,
333 2524 386 2543 non
397 2515 475 2543 modo
489 2523 541 2542 non
554 2515 729 2548 damnabunt,
743 2515 790 2542 sed
802 2516 882 2542 etiam
896 2515 1033 2543 mirabun-

237 2567 285 2589 tur
297 2569 401 2589 omnes.
417 2562 484 2589 Cum
499 2562 588 2597 itaque
602 2566 630 2589 et
644 2569 749 2589 merces
770 2566 860 2596 parata
874 2562 909 2589 sit
921 2583 928 2594 ,
944 2567 971 2590 et
983 2562 1032 2589 ad-

240 2609 374 2636 tnirationi
393 2608 496 2635 iuturus
508 2609 556 2640 sis,
571 2608 594 2635 si
611 2608 718 2643 paulum
741 2608 870 2642 temporis
880 2613 1030 2642 exspectes,

239 2655 325 2690 cogita
335 2658 441 2689 quantae
451 2654 569 2681 stultitiae
577 2658 649 2681 esset
659 2659 800 2688 utrutnque
811 2654 890 2680 sintut
898 2654 1030 2686 amittere,

237 2700 302 2728 dum
316 2706 342 2727 et
356 2707 370 2726 a
382 2699 438 2727 Deo
448 2707 550 2727 merces
561 2700 669 2735 pelilttr,
681 2704 708 2727 et
722 2701 777 2727 Deo
789 2699 895 2727 vidente
909 2700 1031 2726 homines

240 2750 385 2774 evocantur
404 2749 540 2780 gestorum
562 2750 736 2780 spectatores.
751 2745 778 2773 Si
792 2746 863 2772 enim
879 2752 927 2772 nos
939 2750 1030 2772 osten-

239 2796 298 2820 tare
311 2791 446 2824 volumus,
462 2791 534 2818 Patri
544 2795 606 2819 ante
619 2791 707 2818 omnia
722 2799 783 2819 sese
795 2792 938 2819 ostendere
952 2799 1032 2826 opor-

238 2841 277 2865 tet
290 2845 297 2870 ;
316 2837 432 2865 maxime
444 2844 510 2865 vero
523 2844 584 2864 cum
598 2841 626 2865 et
639 2837 786 2865 coronandi
806 2842 834 2864 ct
848 2837 972 2872 puniendi
982 2837 1031 2864 do-

235 2881 328 2910 minus
340 2884 374 2912 sit
385 2882 473 2912 Pater.
483 2883 562 2912 Certe
574 2883 678 2912 etiamsi
690 2884 791 2914 nullum
804 2883 867 2912 hinc
875 2886 1032 2919 sequeretur

607 147 636 176 S.
658 147 797 176 JOANNIS
816 143 1067 174 CHRYSOSTOML
1084 145 1245 174 AllCiliEP.
1265 147 1535 177 CONSTANTINOP.

1823 153 1877 181 276

1086 206 1216 234 damnum
1227 227 1234 240 ,
1245 214 1298 234 non
1309 212 1447 243 oporteret
1457 209 1548 243 glorite
1561 210 1685 245 cupidum
1699 231 1706 243 ,
1720 211 1771 239 hoc
1785 213 1879 241 relicto

1085 252 1190 280 theatro
1203 253 1340 281 hominum
1355 259 1481 289 expetere
1502 255 1645 283 theatrum.
1670 256 1736 290 Quis
1756 258 1827 285 enim
1843 259 1879 287 ita

1084 299 1167 326 miser
1181 304 1263 330 esset.
1277 306 1306 326 ttt
1319 308 1381 335 rege
1395 300 1537 328 festinante
1545 301 1578 327 ad
1589 306 1661 329 recte
1675 302 1805 330 factorum
1821 303 1879 338 ejus

1084 345 1266 381 spectaculum
1291 345 1428 379 accedere,
1445 346 1490 374 illo
1511 346 1614 380 relicto,
1629 355 1775 382 pauperum
1799 353 1880 384 atqtte

1085 392 1268 420 mendicorum
1294 393 1344 420 sibi
1368 393 1549 428 spectaculum
1571 393 1720 422 statueret?
1740 395 1802 422 ideo
1825 403 1880 422 non

1085 440 1166 467 modo
1179 440 1299 475 praecipit
1313 444 1342 467 ut
1364 448 1413 468 nos
1427 448 1479 468 non
1492 446 1658 469 ostentemus
1668 463 1675 474 ,
1697 441 1744 469 sed
1757 442 1836 469 etiam
1851 448 1881 469 ut

1087 486 1170 514 latere
1190 486 1355 514 Studeamus.
1373 487 1431 514 Non
1447 489 1518 515 enim
1533 489 1635 523 :equale
1649 493 1706 522 est,
1726 497 1780 517 nott
1791 497 1822 518 se
1833 497 1879 517 os-

1085 533 1205 561 tentandi
1218 533 1334 561 studinm
1350 533 1450 562 habere
1462 555 1469 567 ,
1484 540 1511 562 et
1525 535 1640 563 latebras
1659 544 1789 570 quaerere.
1803 537 1830 565 5.
1847 537 1880 566 Et

1086 587 1144 606 cum
1160 580 1239 606 oratis
1251 601 1258 612 ,
1274 580 1353 607 nolite
1369 581 1424 614 fieri
1447 581 1511 608 sicut
1524 582 1663 617 hypocrita
1674 603 1681 615 ,
1697 583 1742 618 qui
1756 588 1843 610 amant
1853 584 1880 611 in

1086 626 1223 660 synagogis
1243 630 1266 652 et
1278 626 1304 652 in
1319 627 1420 662 angulis
1439 627 1580 662 platearum
1591 633 1685 656 stantes
1697 638 1770 657 orare
1781 651 1788 662 ,
1803 636 1831 657 ut
1844 631 1881 657 vi-

1086 670 1194 698 deantur
1205 671 1237 698 ab
1250 671 1401 700 hominibus.
1413 673 1492 700 Amen
1501 673 1558 701 dico
1569 675 1647 706 vobis,
1657 681 1802 710 receperunt
1816 685 1882 703 mer-

1086 718 1172 744 cedem
1185 725 1268 744 suam.
1285 718 1312 746 6.
1327 717 1366 745 Tu
1380 724 1462 746 autem
1482 728 1540 747 cum
1552 721 1663 748 oraveris
1672 741 1679 754 ,
1695 722 1763 748 intra
1776 723 1803 749 in
1815 723 1882 750 cubi-

1087 765 1174 791 culum
1189 770 1259 792 tuum
1272 786 1279 796 ,
1296 770 1321 792 et
1331 766 1420 793 clauso
1435 767 1511 798 ostio,
1525 775 1571 794 ora
1583 767 1686 795 Patrem
1703 774 1774 796 tuum
1786 770 1829 803 qui
1843 775 1880 796 est

1087 811 1114 838 in
1127 812 1284 853 abscondito.
1305 813 1419 841 Rursum
1434 814 1483 841 bos
1499 814 1650 850 ltypocritas
1665 822 1761 850 vocat,
1782 823 1809 844 et
1820 818 1881 853 jttre

1087 856 1195 892 quidem
1209 850 1288 892 z'quia
1301 866 1362 885 cum
1379 867 1408 886 se
1421 859 1502 887 Deunt
1514 868 1593 888 orare
1608 862 1744 896 simulant,
1760 863 1881 891 homines

1087 903 1316 939 circumspiciunt,
1333 912 1384 932 non
1399 906 1549 940 supplicum
1563 913 1637 935 veste
1647 908 1741 941 ittduti,
1758 909 1804 936 sed
1818 910 1882 936 ridi-

1088 950 1210 978 culorum
1234 951 1382 979 hominum.
1403 953 1452 986 ριιί
1476 954 1548 981 enirn
1569 955 1602 982 ad
1625 957 1827 991 supplicandum
1852 967 1882 986 se

1087 1002 1222 1032 pratparat
1232 1019 1239 1030 ,
1253 998 1378 1026 ontnibus
1389 1000 1500 1033 relictis,
1517 1001 1589 1028 illum
1604 1002 1720 1030 intuetur
1733 1011 1825 1038 unum,
1837 1007 1881 1039 qui

1090 1049 1178 1078 potest
1190 1045 1321 1080 postulata
1336 1046 1410 1074 dare.
1426 1046 1502 1081 Quod
1517 1048 1539 1074 si
1555 1048 1601 1074 illo
1615 1049 1718 1081 relicto,
1734 1050 1881 1079 circumcas

1091 1097 1185 1117 errans
1196 1111 1204 1124 ,
1220 1095 1248 1118 et
1261 1090 1377 1126 undique
1401 1093 1618 1129 circumspiciens
1628 1115 1636 1128 ,
1657 1095 1746 1123 vacuis
1760 1097 1882 1124 manibus

1089 1137 1228 1165 abscedes.
1244 1138 1300 1166 Hoc
1311 1140 1384 1168 enim
1403 1144 1431 1167 ιιι
1449 1140 1565 1168 voluisti.
1579 1142 1641 1169 Ideo
1657 1149 1710 1169 non
1725 1142 1800 1175 dixit,
1814 1143 1880 1170 tales

1091 1182 1214 1212 homines
1231 1185 1379 1213 mercedem
1396 1194 1448 1214 non
1470 1193 1627 1223 accepturos
1645 1196 1723 1222 esse,
1736 1190 1783 1217 sed
1806 1198 1882 1218 rece-

1091 1235 1162 1270 pisse
1172 1243 1179 1267 ;
1191 1235 1217 1262 id
1227 1240 1269 1262 est
1280 1256 1288 1268 ,
1302 1236 1432 1270 recipient
1444 1237 1550 1272 quidem
1561 1259 1568 1270 ,
1582 1239 1628 1266 scd
1643 1247 1658 1266 a
1670 1239 1765 1274 quibus
1777 1240 1882 1267 deside-

1091 1286 1161 1308 rant.
1180 1281 1239 1309 Non
1252 1282 1323 1309 enim
1340 1282 1390 1310 ltoc
1409 1283 1479 1310 Deus
1497 1284 1614 1316 volebat.
1628 1285 1675 1313 sed
1688 1287 1809 1320 cupiebat
1826 1287 1882 1322 ipse

1091 1335 1167 1356 suam
1179 1329 1299 1363 praebere
1313 1330 1474 1358 mercedem.
1491 1331 1530 1358 llli
1545 1339 1609 1359 vero
1623 1333 1772 1361 mercedem
1789 1333 1823 1361 alt
1835 1333 1883 1362 lto-

1092 1375 1209 1403 minibus
1224 1381 1396 1410 quatrentes,
1411 1384 1464 1404 nou
1478 1377 1514 1405 ab
1533 1377 1580 1405 illo
1593 1383 1728 1407 uterentur
1740 1380 1862 1415 accipere
1873 1402 1882 1413 ,

1093 1427 1203 1458 propter
1217 1431 1295 1457 quem
1307 1423 1373 1450 nihil
1387 1423 1516 1452 fecerunt.
1525 1425 1565 1453 Tu
1578 1434 1641 1453 vero
1651 1426 1716 1454 ntilti
1729 1427 1882 1455 consideres

1092 1470 1170 1497 velim
1184 1469 1231 1498 Dei
1252 1469 1460 1506 benignitatem,
1475 1475 1604 1507 quoniatn
1617 1475 1650 1502 de
1662 1474 1756 1508 quibus
1770 1482 1786 1501 a
1806 1474 1883 1502 nobis

1092 1520 1200 1551 rogatur
1212 1516 1290 1544 bonis
1302 1537 1309 1550 ,
1324 1517 1475 1544 mercedem
1490 1525 1519 1545 se
1532 1518 1656 1546 daturttm
1676 1519 1825 1554 pollicetur.
1839 1520 1884 1548 Vi-

1092 1566 1218 1596 tuperans
1241 1562 1321 1598 igitur
1340 1563 1419 1596 illos,
1440 1564 1485 1599 qui
1506 1572 1559 1591 non
1583 1570 1610 1591 ut
1632 1565 1708 1593 decet
1730 1565 1781 1594 hoc
1795 1565 1884 1594 ofﬁcio

1092 1614 1213 1642 utuntur,
1227 1615 1284 1638 tum
1296 1618 1311 1638 a
1327 1609 1396 1645 loco,
1409 1616 1464 1638 tum
1479 1611 1513 1639 ab
1527 1612 1633 1646 allecto,
1647 1621 1708 1640 cum
1722 1613 1884 1642 ostendisset

1092 1656 1152 1684 illos
1165 1656 1308 1684 admodum
1321 1657 1448 1686 ridiculos
1463 1666 1533 1690 esse,
1543 1659 1672 1695 optimum
1686 1656 1885 1688 orationis'mo—

1091 1703 1154 1731 dum
1175 1703 1293 1736 inducit,
1310 1709 1338 1732 et
1358 1712 1452 1732 rursus
1476 1705 1627 1733 mercedem
1643 1705 1754 1740 tribuit,
1765 1705 1858 1735 dicens
1876 1717 1882 1734 :

1091 1749 1166 1777 Intra
1179 1751 1205 1777 in
1220 1751 1363 1777 cubiculum:
1376 1757 1457 1778 tuum.

1127 1798 1153 1825 5.
1168 1797 1257 1832 Qualis
1267 1799 1408 1834 requiratur
1417 1799 1443 1826 in
1453 1799 1566 1826 oratione
1576 1799 1715 1827 humilitas.
1728 1800 1817 1828 Oratio
1827 1808 1884 1828 cum

1091 1844 1226 1872 voluntatis
1241 1844 1325 1871 studio
1339 1845 1485 1872 emittenda.
1501 1844 1636 1873 Precantt's
1650 1854 1700 1873 non
1715 1854 1763 1873 vox
1775 1847 1885 1882 requiri-

1091 1896 1142 1918 tur.
1156 1906 1192 1912 —
1202 1891 1270 1925 Quid
1285 1891 1374 1927 igitur.
1390 1891 1486 1927 inquit,
1500 1892 1526 1919 in
1541 1892 1653 1920 ecclesia
1668 1901 1720 1920 non
1737 1893 1885 1920 orandum?

1090 1937 1160 1966 Sane
1172 1937 1278 1973 quidem
1299 1939 1445 1971 orandum,
1461 1939 1507 1966 sed
1522 1947 1583 1966 cum
1598 1940 1731 1967 voluntate
1746 1940 1800 1967 tali.
1817 1940 1883 1967 Nam

1091 1986 1162 2014 Deus
1173 1986 1270 2021 ubique
1281 1993 1342 2014 cum
1357 1986 1401 2018 sit,
1414 1980 1548 2022 gestorum
1562 1993 1671 2022 scopum
1683 1987 1803 2022 requirit.
1815 1987 1884 2014 Alio-

1090 2032 1153 2066 quin
1168 2032 1190 2059 si
1205 2031 1232 2058 in
1247 2031 1397 2060 cubiculum
1416 2032 1550 2066 ingressus
1565 2032 1602 2060 sis
1613 2053 1620 2066 ,
1635 2033 1795 2068 janttatnque
1808 2033 1884 2060 elau-

1089 2078 1137 2105 das
1148 2099 1155 2112 ,
1170 2078 1250 2113 idque
1267 2078 1300 2105 ad
1315 2078 1518 2106 ostentationem
1539 2079 1635 2112 iacias,
1652 2079 1716 2106 nihil
1733 2080 1778 2107 tibi
1794 2080 1884 2114 jatutis

1091 2132 1157 2159 opus
1172 2129 1223 2151 cst.
1239 2124 1304 2152 Vide
1319 2124 1398 2160 igitur
1417 2128 1444 2152 et
1462 2125 1505 2151 hic
1524 2132 1603 2160 quam
1618 2130 1768 2152 accuratam
1785 2125 1882 2153 distiu—

1089 2171 1204 2198 ctiouem
1218 2170 1338 2206 posuerit
1349 2170 1452 2204 dicens,
1468 2169 1501 2198 Ut
1513 2175 1652 2206 appareant
1665 2171 1815 2198 hominibus.
1830 2171 1883 2198 ita-

1089 2226 1142 2254 que
1164 2218 1268 2246 etiantsi
1286 2218 1381 2253 janttas
1401 2217 1546 2251 clauseris,
1570 2217 1595 2244 id
1618 2222 1643 2245 te
1664 2218 1720 2245 vult
1740 2223 1882 2253 antequam

1088 2264 1198 2292 claudas
1213 2269 1284 2292 recte
1299 2263 1385 2292 facere
1396 2284 1404 2296 ,
1419 2272 1516 2299 ttetttpe
1529 2270 1556 2291 ιιι
1569 2265 1648 2292 etiam
1664 2266 1760 2293 mentis
1775 2271 1826 2293 tute
1838 2266 1882 2301 ja-

1089 2319 1156 2339 nuas
1169 2311 1286 2338 claudas.
1303 2311 1368 2338 Nam
1384 2318 1450 2338 vana
1471 2310 1553 2346 glotia
1575 2318 1681 2346 semper
1695 2319 1805 2338 vacuum
1819 2319 1882 2339 esse

1088 2358 1216 2392 optimum
1229 2362 1287 2389 est;
1302 2356 1417 2385 maxime
1430 2365 1495 2385 vero
1509 2357 1534 2384 in
1549 2358 1679 2385 oratiotte.
1694 2356 1723 2385 Si
1735 2359 1805 2385 enim
1821 2359 1883 2385 abs-

1085 2411 1139 2439 que
1158 2403 1209 2431 boc
1227 2404 1291 2430 vitio
1311 2408 1401 2430 tttcttte
1419 2411 1557 2436 erramus,
1573 2409 1600 2430 et
1613 2404 1843 2437 eitcumferimur;
1858 2405 1882 2432 si

1087 2457 1147 2477 cum
1162 2449 1211 2476 hoc
1227 2450 1320 2476 inorbo
1335 2449 1524 2484 ingrediantur,
1538 2449 1706 2485 quandonam
1722 2457 1753 2476 ea
1766 2458 1825 2485 quae
1837 2449 1879 2476 di-

1085 2495 1172 2522 citnus
1192 2495 1351 2523 audiemus?
1368 2495 1410 2523 sin
1432 2503 1481 2523 nos
1500 2496 1545 2531 qui
1565 2496 1744 2531 supplicamus
1758 2501 1785 2522 et
1799 2496 1880 2523 obse-

1083 2549 1192 2570 cramus
1203 2563 1210 2575 ,
1225 2551 1278 2570 tton
1291 2543 1414 2570 audimus
1423 2563 1431 2576 ,
1444 2542 1578 2578 quomodo
1592 2543 1673 2570 Deum
1690 2547 1718 2569 ιιι
1730 2542 1820 2569 audiat
1833 2550 1879 2570 ro-

1085 2590 1197 2624 gamus?
1210 2590 1334 2617 Attamen
1349 2590 1456 2625 qttidatn
1476 2594 1536 2617 sunt
1553 2589 1597 2624 qui
1618 2594 1678 2624 post
1699 2593 1737 2616 tot
1755 2593 1889 2648 tantaque!

1085 2642 1216 2670 praecepta
1231 2638 1266 2665 ita
1282 2636 1392 2672 turpiter
1402 2636 1428 2663 in
1440 2636 1560 2664 oratione
1573 2643 1602 2663 se
1615 2641 1720 2671 gerunt,
1734 2641 1762 2663 ut
1773 2636 1871 2664 etiams‘
1884 2636 1887 2651 ε

1085 2688 1198 2716 corpore
1212 2681 1309 2709 occulti
1323 2681 1394 2715 sint,
1411 2689 1476 2710 voce
1495 2682 1618 2709 ontnibus
1632 2689 1662 2709 se
1679 2682 1777 2709 faciant
1791 2683 1876 2709 mani-

1085 2725 1182 2759 lestos,
1197 2727 1346 2756 scurriliter
1359 2727 1505 2756 clamantes
1516 2748 1524 2762 ,
1539 2733 1566 2755 et
1580 2727 1671 2755 habitu
1687 2736 1804 2763 voceque
1818 2735 1880 2755 sese

1085 2772 1212 2800 ridiculos
1232 2773 1398 2802 exhibentes.
1417 2775 1514 2802 Annon
1533 2774 1608 2802 vides
1624 2774 1704 2802 etiam
1720 2775 1747 2801 in
1763 2775 1820 2801 foro
1832 2795 1839 2807 ,
1855 2774 1878 2801 si

1084 2822 1144 2857 quis
1159 2820 1192 2846 ita
1208 2827 1237 2847 se
1252 2825 1337 2855 gerat,
1351 2825 1448 2848 etcum
1462 2821 1578 2848 clamore
1590 2821 1730 2856 supplicet,
1743 2819 1879 2856 quomodo

1086 2869 1158 2897 illuni
1170 2873 1248 2898 ettaut
1263 2876 1343 2904 quem
1362 2872 1437 2904 rogat
1450 2872 1592 2902 amoveat;
1607 2867 1631 2895 si
1644 2871 1733 2895 autem
1746 2866 1836 2902 quiete
1849 2871 1878 2895 et
