2067 3132
211 108 264 136 97-7

211 174 273 193 cum
288 165 394 193 decenti
416 164 526 192 habitu.
543 168 598 190 tum
617 163 732 190 maxime
749 162 866 190 inﬂectat
883 171 943 190 eum
959 164 1003 198 qui

211 213 324 248 gratiam
340 211 464 239 conferre
482 209 588 245 potest?
602 209 641 236 Ne
660 209 748 243 itaqtte
763 208 853 236 habitu
867 209 986 243 corporis
998 230 1005 241 ,

212 266 299 294 neque
313 259 385 285 vocis
399 258 517 285 clamore
528 276 535 288 ,
551 256 598 283 scd
614 257 757 283 voluntatis
771 255 859 283 studio
873 256 1008 282 orationes

211 307 382 336 emittamus;
405 311 491 338 neque
514 310 574 330 cum
599 302 711 337 strepitu
732 302 889 332 et~sonitu.
912 302 954 329 vel
974 302 1006 328 ad

211 352 418 380 ostentationem
429 372 437 384 ,
454 358 487 378 ne
506 350 642 385 proximos
664 349 739 376 nobis
758 349 922 383 expellatnns
934 369 941 380 ,
959 347 1007 374 sed

210 406 274 426 cum
296 397 426 425 modestia
446 396 519 424 omni
530 416 537 427 ,
552 395 633 422 animi
652 395 827 426 contritione,
842 398 869 422 et
883 394 1007 429 lacrymis

211 444 394 472 interioribus.
409 442 461 470 Sed
476 441 551 469 doles
565 441 671 474 animo,
689 447 738 467 nec
752 444 827 474 potes
843 447 895 466 non
909 439 1006 466 clama-

211 491 261 519 re?
282 491 338 517 lmo
356 490 470 517 maxime
483 488 596 516 dolentis
611 492 652 515 est
666 487 704 514 sic
716 494 793 514 orare
803 508 810 518 ,
825 491 852 513 et
865 486 1007 513 obsecrare

211 542 242 564 ut
263 537 328 564 dixi.
353 536 417 562 Nam
438 541 464 562 et
485 535 589 569 Moyses
607 533 728 564 dolebat,
745 532 836 566 sicque
856 531 964 564 orabat,
980 535 1008 558 et

211 583 371 610 audiebatur
385 591 390 608 :
407 581 518 614 ideoque
533 579 600 607 dixit
621 579 657 606 illi
681 579 749 605 Deus
764 586 772 603 :
787 577 854 610 Quid
868 577 962 604 clamas
973 577 1007 603 ad

211 638 253 657 nte
274 629 370 664 (Exod.
388 628 432 655 M.
448 626 516 663 15)?
538 627 612 653 Anna
627 632 732 660 quoque
748 631 864 656 rursum,
881 631 940 650 cum
955 631 1006 649 vox

211 683 269 703 non
283 674 429 706 audiretur,
441 673 605 706 omniaquae
618 670 700 697 voluit
714 670 874 703 impetravit,
887 669 947 704 quia
961 676 1007 695 eor

211 721 272 755 eius
294 719 424 747 clamabat
445 717 484 754 (l.
498 717 560 752 Reg.
576 716 614 752 i).
628 717 695 743 Abel
708 723 772 742 vero
787 722 838 742 non
852 715 932 742 silens
947 722 1006 741 mo-

212 768 265 797 do.
281 766 327 793 sed
350 766 430 792 etiam
450 764 568 790 moriens
590 763 763 797 precabatur,
779 766 806 788 et
827 760 934 795 sanguis
949 760 1007 795 ejus

213 813 275 840 tttba
288 812 426 840 clariorem
447 810 586 838 emittebat
603 817 706 836 vocem.
727 807 872 843 lngemisce
888 807 966 841 igitur
980 812 1007 834 et

211 863 242 886 tu
254 859 378 886 similiter
393 862 420 884 ut
435 857 480 884 ille
496 861 603 884 sanctus
618 863 624 880 :
640 854 665 882 id
680 862 733 881 non
749 853 875 888 impedio.
891 852 1005 885 Scindc,

213 910 243 933 ut
255 905 384 940 propheta
401 903 497 938 jussit,
513 909 560 929 cor
574 905 648 928 tuum
660 921 668 934 ,
683 904 710 927 et
724 907 776 926 non
790 898 946 926 vestimenta
964 903 1006 925 tua

212 951 296 987 (Jac!
309 951 336 978 2.
352 951 386 978 15
403 951 421 985 ).
439 950 475 976 De
492 947 632 984 profundis
653 947 746 974 invoca
768 946 870 977 Deum;
891 951 952 971 nam
971 944 1008 970 ait

213 998 259 1025 ille
270 1018 278 1030 ,
292 996 332 1024 De
342 995 478 1032 profundis
491 993 598 1021 clamavi
610 993 644 1019 ad
658 997 698 1025 te,
715 990 822 1018 Domine
837 988 928 1026 (Psal.
944 988 1005 1016 129.

214 1045 242 1079 1)
259 1053 266 1070 :
281 1052 313 1071 ex
333 1043 426 1070 intimo
440 1041 529 1069 cordis
543 1040 582 1067 tui
597 1046 691 1067 vocem
712 1037 815 1065 attrahe
827 1057 834 1069 ,
850 1036 893 1064 fac
906 1036 1005 1063 oratio-

214 1097 275 1117 nem
291 1094 363 1116 tuam
377 1095 436 1116 esse
456 1086 623 1122 mysterium.
641 1084 699 1112 Non
717 1084 791 1110 vides
806 1083 831 1110 in
844 1083 913 1109 aulis
928 1082 1007 1116 regiis

214 1136 357 1164 tumultum
368 1142 475 1162 onmem
488 1132 620 1161 eliminari
629 1153 637 1164 ,
652 1135 679 1159 et
693 1131 804 1158 mttltttm
818 1129 933 1163 uttdique
947 1136 1006 1155 esse

213 1183 367 1212 silentium?
383 1182 417 1210 Et
436 1187 463 1208 tu
484 1181 572 1215 itaque
589 1178 664 1214 quasi
685 1180 710 1205 in
733 1176 833 1211 regiam
856 1174 1007 1210 ingrediens

214 1237 267 1258 non
282 1234 425 1260 terrenam,
439 1227 485 1255 sed
498 1227 524 1254 in
537 1225 620 1253 multo
634 1224 831 1254 terribiliorem,
848 1228 943 1256 nempe
956 1228 1007 1248 ca:-

214 1277 320 1307 lestem.
336 1281 458 1309 magnam
474 1271 570 1300 exhibe
584 1270 752 1298 modestiam.
769 1268 834 1295 Nam
848 1273 874 1295 et
887 1275 946 1295 cum
959 1274 1008 1294 att-

214 1321 281 1357 gelis
297 1320 410 1348 choreas
431 1319 504 1354 agis,
524 1322 552 1345 et
569 1316 789 1351 archangelorum
809 1323 838 1342 es
857 1314 945 1342 socius
957 1334 964 1346 ,
979 1317 1008 1340 et

214 1376 276 1396 cum
290 1366 430 1401 Seraphitu
444 1365 517 1393 canis
529 1365 548 1391 ι,
563 1364 662 1392 Omnes
682 1369 762 1397 porro
782 1362 825 1389 isti
843 1366 929 1389 cmtus
947 1367 1006 1387 ma-

214 1421 295 1450 gnum
309 1413 439 1440 exhibent
452 1411 572 1439 ordinem
582 1431 592 1444 ,
607 1417 667 1437 cum
682 1409 794 1436 horrore
808 1408 892 1435 multo
911 1407 1006 1442 mysti-

214 1470 275 1489 cntn
291 1461 355 1488 illud
369 1460 453 1487 melos
467 1463 494 1486 et
507 1465 598 1485 sacros
613 1457 726 1491 hymnos
739 1458 864 1482 canentes
878 1454 934 1488 regi
950 1453 1007 1480 uui-

216 1514 353 1535 \ersorum
368 1505 433 1533 Deo.
449 1505 496 1532 llis
511 1505 598 1538 itaque
614 1506 640 1530 te
651 1502 800 1529 admisceas
815 1501 841 1527 in
856 1499 1004 1535 precando,

216 1553 410 1589 mysticumque
429 1551 545 1585 ipsormn
563 1553 684 1576 ornatum
703 1547 816 1574 imitare.
830 1546 921 1581 Neque
934 1545 1005 1572 enim

216 1599 368 1628 hominibus
381 1597 516 1634 precaris;
531 1596 578 1624 sed
594 1596 649 1623 Deo
662 1595 759 1630 ubique
775 1593 896 1628 pratsenti
906 1613 913 1625 ,
929 1598 1005 1619 antc—

214 1655 294 1683 quam
315 1653 410 1674 vocem
435 1644 563 1672 emittas‘
584 1641 720 1674 audienti,
742 1641 799 1681 qui
814 1640 895 1683 novit
909 1646 1005 1666 arcana

216 1695 323 1721 mentis.
339 1693 367 1721 Si
380 1693 420 1720 sic
432 1691 553 1719 oraveris
563 1711 571 1723 ,
584 1689 695 1717 multam
715 1679 828 1725 recipies
837 1679 1004 1714 mercedem.

216 1741 304 1772 Pater,
318 1739 413 1774 inquit,
429 1743 495 1770 tuus,
510 1738 553 1772 qui
569 1737 635 1763 videt
649 1736 677 1762 in
693 1734 848 1771 abscondito,
862 1733 948 1760 reddet
963 1732 1007 1759 tibi

212 1788 242 1814 in
261 1787 402 1822 manifesto.
420 1785 475 1812 Non
491 1785 536 1816 ait,
556 1782 669 1810 Donabit
682 1781 741 1813 tibi,
757 1780 814 1813 sed,
831 1779 937 1806 Reddet.
954 1779 1006 1806 lle-

213 1834 329 1861 bitorem
348 1840 378 1860 se
396 1831 494 1867 quippe
509 1830 556 1858 tibi
574 1829 729 1862 constituit,
742 1831 822 1862 teque
843 1834 939 1861 magno
958 1833 1006 1859 pro

214 1880 268 1907 hoc
281 1880 361 1906 etiam
373 1878 478 1905 honore
493 1875 610 1904 donavit.
629 1874 694 1908 Quia
708 1873 779 1901 enim
798 1874 854 1908 ipse
869 1872 1007 1900 invisibilis

215 1930 267 1957 est,
282 1925 342 1952 ideo
352 1923 408 1950 vult
421 1922 568 1950 orationem
581 1926 652 1948 tuam
663 1918 813 1954 hujusmodi
825 1925 893 1945 esse.
909 1917 1007 1945 Deinde

215 1972 298 1999 verba
312 1971 370 2004 ipsa
382 1968 510 1997 orationis
531 1968 620 1994 refert.
637 1967 663 1993 7.
681 1965 803 1997 Orontes,
819 1965 916 2004 inquit,
932 1964 1008 1990 nolite

216 2018 326 2044 multant
339 2016 415 2051 loqui,
430 2015 493 2042 sicut
507 2013 599 2040 etltnici
612 2012 718 2047 faciunt.
731 2011 797 2038 Nam
812 2018 872 2037 cutn
887 2001 921 2037 de
935 2010 1006 2036 elec-

217 2070 329 2098 mosyna
345 2060 516 2097 loquebatur,
531 2066 606 2086 vana:
623 2058 715 2093 gloriae
734 2060 833 2091 pestem
849 2060 950 2083 tantum
965 2062 1008 2082 se-

218 2110 317 2139 movit,
333 2108 451 2142 nihilque
465 2105 578 2140 amplius
592 2104 707 2139 adjecit,
722 2110 808 2138 neque
822 2103 888 2130 dixit
898 2123 905 2134 .
919 2102 1007 2129 unde-

218 2163 279 2183 nam
294 2155 489 2189 eleetuosynam
509 2152 598 2179 facere
617 2154 771 2184 oporteret;
787 2148 860 2176 verbi
879 2156 958 2175 causa
974 2156 1006 2175 ex

217 2203 295 2238 iustis
308 2200 453 2231 laboribus,
468 2207 519 2225 non
534 2206 565 2225 ex
584 2197 686 2231 rapina,
701 2196 741 2223 vel
757 2203 789 2222 ex
804 2195 925 2222 avaritia.
941 2194 1006 2221 Illud

219 2255 333 2282 namque
343 2247 368 2273 in
379 2245 503 2273 confesso
514 2243 583 2278 apud
595 2250 687 2269 omnes
700 2246 765 2268 erat.
780 2241 907 2275 Superius
919 2244 1006 2265 autem

219 2295 281 2322 illud
291 2295 346 2328 jam
359 2294 561 2327 expurgavcrat,
575 2296 634 2316 cum
646 2288 794 2315 esurientes
805 2287 933 2320 justitiam
947 2286 1009 2312 hea-

219 2347 260 2368 tos
275 2339 437 2375 praedicavit.
452 2337 530 2364 Circa
544 2335 691 2362 orationem
704 2341 768 2360 vero
782 2331 879 2367 aliquid
895 2332 1008 2366 amplius

219 2387 308 2421 adjicit
319 2406 326 2416 ,
338 2383 532 2418 multiloquium
545 2388 606 2408 esse
618 2379 753 2407 vitandum
768 2387 774 2404 :
787 2386 818 2405 ac
831 2377 1008 2412 quemadmo-

219 2433 283 2461 dum
297 2431 332 2459 ibi
349 2430 510 2465 hypocritas,
523 2428 557 2454 ita
569 2432 594 2453 ct
606 2426 649 2453 hic
661 2425 781 2452 etlttticos
796 2424 898 2457 irridet,
912 2423 1008 2458 ubique

219 2487 252 2505 ex
277 2482 449 2512 personarum
473 2474 572 2500 vilitate
590 2471 737 2499 auditorem
759 2470 859 2505 pudore
877 2469 1007 2497 afficiens.

218 2526 286 2560 Quia
297 2524 367 2551 enim
380 2527 409 2549 ttt
423 2521 564 2555 plurimum
580 2519 629 2546 hoc
643 2517 760 2545 maxime
776 2516 878 2544 mordet
888 2520 914 2543 et
924 2515 1007 2550 angit,

218 2580 279 2599 cum
292 2570 352 2606 quis
381 2567 495 2601 abiectis
523 2565 673 2593 hominibus
686 2568 863 2598 comparatur,
876 2563 937 2590 hinc
950 2563 1009 2589 illos

217 2617 345 2649 abducit,
365 2613 559 2648 multiloquium
579 2612 622 2639 hic
639 2611 737 2638 futilem
757 2610 943 2645 loquacitatem
959 2616 1009 2635 vo-

219 2671 300 2695 cans;
313 2667 341 2689 ut
354 2668 415 2689 cum
429 2667 482 2687 non
495 2662 672 2686 consentanea
683 2664 698 2683 a
708 2657 763 2683 Deo
776 2656 900 2690 petimus,
914 2661 1010 2689 nempe

221 2709 366 2745 potentiam
381 2712 409 2735 et
427 2706 548 2741 gloriam,
563 2703 700 2731 victoriam
715 2702 749 2730 de
763 2700 886 2733 inimicis,
903 2700 1010 2728 divitia-

221 2763 278 2784 rum
293 2754 447 2786 facultates,
461 2752 620 2786 demumque
634 2757 665 2777 ea
678 2756 737 2784 qua:
751 2748 815 2775 nihil
831 2747 906 2774 nobis
920 2746 1010 2782 profu-

251 2837 260 2852 ¹
277 2834 335 2863 Alii,
346 2833 467 2858 canticum
478 2829 602 2863 semp/tim
613 2828 679 2854 canis
683 2834 694 2863 λ
707 2834 755 2852 non
766 2825 839 2851 male.

252 2869 263 2882 '
279 2862 389 2896 Quidam.
401 2867 526 2895 antequam
537 2862 638 2894 precem
647 2862 746 2885 emittas.

777 105 813 133 ΙΝ
834 105 1036 134 MATTIL’EUM
1058 105 1171 134 ll’OMIL.
1192 105 1263 133 XIX.
1801 109 1852 137 278

1064 168 1120 189 tura
1143 168 1213 189 sunt.
1238 163 1292 189 Scit
1316 163 1392 196 enim,
1415 163 1513 198 inquit,
1535 164 1623 199 quibus
1644 173 1708 200 Opas
1730 166 1852 194 habeatis.

1095 209 1122 236 4.
1137 207 1170 236 In
1184 209 1298 236 oratione
1311 210 1531 244 perseverandum.
1550 210 1613 244 Quae
1626 211 1657 238 sit
1670 212 1792 240 orationi;
1804 214 1855 240 uti-

1060 253 1126 280 litas.
1147 253 1296 289 Adoptionis
1314 254 1405 282 divina:
1423 255 1530 290 fructus.
1549 271 1584 276 —-
1607 256 1669 284 Post
1689 257 1746 284 haec
1765 263 1854 286 autem

1060 299 1164 326 videtur
1186 299 1251 326 mihi
1274 300 1368 335 longas
1392 301 1528 328 orationes
1551 306 1659 334 vetare;
1683 302 1776 337 longas
1800 312 1853 331 non

1060 348 1199 378 tempore,
1216 345 1261 372 sed
1282 346 1450 373 multitudine
1470 351 1497 374 et
1517 347 1679 382 longitudine
1699 349 1853 377 verborum.

1059 390 1286 418 Perseverandum
1305 392 1376 419 enitn
1390 399 1431 419 est
1445 393 1539 420 eadem
1555 394 1610 428 ipsa
1633 395 1748 428 petendo
1763 405 1769 422 :
1786 395 1855 422 Ora-

1059 438 1131 470 tioni,
1146 438 1239 473 inquit,
1252 439 1372 465 instantes
1386 438 1473 474 (Rom.
1489 439 1532 467 42.
1549 440 1604 475 12).
1621 440 1653 467 Ει
1666 441 1723 476 ipse
1732 441 1854 469 Christus

1059 484 1182 518 exemplo
1203 484 1309 518 vidute,
1330 493 1389 520 qua:
1414 486 1652 514 immiscricordem
1672 492 1698 514 et
1719 488 1854 516 crudelem

1060 530 1205 564 principem
1222 531 1350 558 orationis
1365 531 1489 558 instantia
1505 532 1577 559 ﬂexit
1591 532 1664 567 (Luc.
1682 533 1724 568 18)
1738 542 1744 565 ;
1760 541 1854 560 exem-

1059 577 1156 611 ploque
1169 577 1247 604 amici
1263 577 1334 604 illitts
1346 578 1390 612 qui
1404 578 1560 612 intempesta
1575 583 1651 606 nocte
1663 580 1743 612 venit,
1757 584 1783 606 et
1793 579 1856 606 dor-

1060 622 1185 649 mientem
1204 630 1218 649 a
1234 622 1303 650 lecto
1323 623 1475 655 suscitavit,
1492 630 1544 650 non
1560 631 1593 650 ex
1608 624 1723 650 amicitia
1735 644 1743 655 ,
1759 624 1805 651 sed
1821 632 1855 651 ex

1060 668 1256 702 perseverantia
1270 667 1343 702 (Luc.
1360 669 1405 702 11)
1419 677 1426 696 :
1439 668 1503 695 nihil
1516 669 1587 696 aliud
1602 668 1759 703 prtescribit,
1774 677 1854 705 quam

1059 720 1152 740 omnes
1165 714 1213 748 ipsi
1228 713 1380 748 supplicare
1394 713 1501 741 assidue
1516 719 1649 748 oportere,
1665 721 1717 741 non
1732 721 1780 749 per
1793 722 1855 742 ora-

1060 758 1158 785 tionem
1183 758 1256 785 mille
1278 759 1399 786 versibus
1423 763 1607 792 constantem,
1628 759 1675 786 sed
1699 759 1855 794 simpliciter

1059 812 1115 831 rem
1129 804 1225 832 efferre
1236 805 1322 838 jubet.
1338 805 1402 832 Illud
1417 806 1488 832 enim
1502 805 1679 833 subindicavit
1691 806 1732 833 his
1743 807 1832 834 verbis
1844 815 1852 833 :

1061 850 1158 876 Putant
1173 851 1239 877 enim
1257 851 1325 886 quod
1342 851 1368 877 in
1387 851 1547 886 multiloquio
1564 848 1610 878 imo
1630 852 1809 879 exaudiantur.
1825 854 1853 880 8.

1061 896 1101 922 Ne
1114 897 1209 923 similes
1222 902 1298 924 estote
1310 898 1370 924 illis.
1386 897 1442 925 Scit
1454 898 1520 924 enim
1536 897 1614 925 Pater
1627 904 1705 926 vester
1716 899 1777 934 quid
1787 900 1855 928 vobis

1059 951 1123 977 opus
1134 943 1177 976 sit,
1192 949 1326 977 antequam
1337 944 1367 970 ab
1380 944 1425 970 illo
1443 945 1543 978 petatis.
1562 944 1594 971 Et
1606 945 1628 971 si
1642 945 1725 979 novit,
1735 947 1854 980 inquies,

1059 988 1154 1022 qndtus
1167 996 1232 1023 opus
1244 989 1386 1023 habemus,
1400 997 1448 1017 cur
1461 995 1565 1024 oportet
1579 991 1676 1017 orare?
1686 991 1743 1018 Non
1755 996 1784 1019 ut
1793 999 1855 1020 eum

1060 1035 1155 1063 doceas
1167 1056 1174 1069 ,
1190 1035 1236 1063 sed
1251 1041 1280 1062 ut
1295 1037 1413 1063 inflectas
1426 1045 1433 1069 ;
1448 1041 1477 1063 ut
1492 1037 1693 1070 supplicationis
1706 1037 1855 1073 frequentia

1061 1081 1097 1107 illi
1114 1080 1250 1108 familiaris
1269 1081 1365 1108 evadas
1377 1102 1385 1114 ,
1401 1087 1430 1109 ut
1449 1082 1599 1109 humilieris
1612 1103 1619 1115 ,
1635 1086 1664 1109 ut
1684 1087 1854 1118 peccatorum

1060 1132 1164 1153 tuortttn
1178 1127 1337 1154 recorderis.
1353 1127 1380 1155 9.
1396 1127 1440 1155 Sic
1454 1128 1532 1163 igitur
1546 1133 1624 1160 orate,
1641 1128 1678 1155 ait
1693 1137 1699 1155 :
1715 1129 1793 1156 Pater
1806 1138 1855 1156 no-

1059 1178 1109 1199 ster
1118 1173 1161 1209 qui
1171 1181 1197 1200 es
1210 1173 1236 1199 in
1246 1173 1325 1205 caelis,
1341 1174 1510 1207 sanctiﬁcatur
1528 1182 1619 1201 nomen
1638 1179 1707 1201 tuum
1724 1174 1772 1210 (a).
1788 1175 1856 1203 Vide

1059 1219 1193 1254 quomodo
1207 1220 1296 1259 statim
1310 1220 1459 1247 auditorem
1473 1220 1558 1247 erexit
1570 1240 1577 1252 ,
1591 1225 1618 1247 et
1632 1228 1712 1248 omne
1732 1220 1854 1249 beneficii

1059 1274 1143 1301 genus
1154 1266 1179 1292 in
1192 1266 1328 1300 prooemiis
1341 1266 1507 1293 memoravit.
1520 1266 1586 1292 Nam
1597 1267 1641 1300 qui
1654 1265 1758 1293 Patrem
1770 1266 1854 1294 Deum

1059 1312 1221 1346 appellavit,
1242 1317 1268 1339 et
1287 1317 1457 1346 peccatorum
1474 1311 1659 1338 remissionem
1671 1332 1678 1344 ,
1693 1315 1720 1338 ct
1732 1312 1855 1346 supplicii

1059 1358 1258 1393 abrogationem
1272 1378 1279 1390 ,
1294 1362 1321 1385 et
1338 1357 1467 1392 justitiam
1481 1378 1488 1390 ,
1505 1361 1533 1385 et
1553 1357 1791 1385 sanctiﬁcationem
1803 1378 1812 1390 ,
1827 1363 1855 1389 et

1059 1405 1281 1439 redemptionem,
1297 1408 1323 1431 et
1339 1403 1455 1430 ftliorum
1471 1403 1653 1438 adoptionem,
1669 1407 1697 1431 et
1716 1403 1852 1431 heredita-

1060 1457 1122 1483 tem,
1138 1457 1165 1479 et
1183 1451 1374 1478 fraternitatem
1388 1458 1448 1478 cum
1466 1450 1616 1485 Uuigenilo,
1633 1455 1660 1478 et
1673 1450 1788 1484 Spiritus
1802 1450 1854 1478 do-

1059 1506 1104 1532 na,
1118 1497 1167 1524 hac
1178 1505 1230 1524 una
1242 1497 1458 1524 denominatione
1467 1497 1607 1524 confessus
1617 1501 1667 1524 est.
1680 1496 1770 1532 Neque
1780 1497 1854 1524 enim

1060 1545 1142 1571 Deum
1157 1543 1262 1570 Patrem
1277 1543 1336 1578 quis
1351 1542 1486 1577 appellare
1503 1547 1610 1577 potest,
1626 1543 1676 1570 nisi
1691 1542 1749 1570 haec
1762 1543 1854 1570 omnia

1059 1590 1129 1617 bona
1141 1593 1330 1623 consequutus.
1344 1588 1446 1622 Duplici
1459 1588 1539 1622 igitur
1552 1587 1631 1614 modo
1644 1595 1736 1614 eorum
1749 1587 1854 1614 animos

1059 1636 1155 1671 erigit;
1170 1640 1197 1663 et
1215 1643 1247 1662 ex
1267 1634 1394 1669 dignitate
1408 1634 1466 1669 ejus
1483 1642 1562 1669 quem
1583 1634 1688 1661 Patroni
1701 1638 1811 1666 vocant,
1827 1639 1854 1661 et

1059 1690 1092 1710 ex
1105 1680 1288 1716 magnitudine
1302 1688 1405 1711 eorum,
1421 1687 1480 1715 quae
1494 1687 1632 1714 accepere,
1652 1679 1851 1707 beneﬁciorum.

1058 1728 1125 1756 Cum
1136 1732 1224 1755 atttem
1237 1727 1312 1759 dicit,
1324 1726 1357 1753 In
1370 1726 1448 1760 cwlis,
1461 1733 1513 1754 non
1527 1726 1562 1753 ibi
1576 1726 1660 1753 Detttn
1676 1726 1726 1754 hoc
1740 1726 1854 1754 dicendo

1059 1773 1212 1806 concludit,
1228 1772 1274 1800 sed
1289 1777 1443 1807 precantem
1457 1771 1489 1799 de
1503 1777 1572 1799 terra
1587 1772 1711 1803 abducit,
1725 1778 1751 1799 et
1765 1772 1791 1799 in
1804 1780 1853 1799 ex-

1059 1820 1137 1847 celsis
1157 1819 1221 1847 locis
1241 1819 1415 1854 supernisque
1432 1817 1589 1846 habitaculis
1602 1818 1696 1854 afﬁgit.
1712 1818 1793 1845 Docet
1806 1826 1854 1845 au-

1060 1872 1112 1893 tem
1123 1872 1290 1893 communem
1302 1872 1350 1899 pro
1361 1863 1486 1892 fratribus
1494 1864 1641 1891 orationem
1652 1865 1784 1892 emitti-re.
1793 1864 1853 1892 Non

1060 1912 1130 1940 enim
1145 1911 1227 1943 dicit,
1243 1911 1322 1938 Pater
1336 1917 1412 1938 meus
1422 1930 1429 1942 ,
1444 1910 1489 1945 qui
1506 1917 1535 1937 es
1550 1910 1576 1937 in
1592 1910 1678 1943 cadis;
1692 1911 1759 1942 sed,
1776 1910 1854 1938 Pater

1059 1964 1153 1992 noster,
1166 1966 1214 1993 pro
1226 1957 1361 1985 communi
1374 1964 1487 1992 corpore
1499 1957 1707 1992 supplicationes
1717 1957 1851 1988 eminens,

1061 2013 1110 2033 nec
1123 2012 1247 2040 umquam
1267 2004 1373 2039 propria
1388 2003 1527 2031 commoda
1542 2008 1682 2038 spectans,
1697 2003 1743 2031 sed
1757 2004 1854 2038 ubique

1061 2052 1184 2088 proximi.
1198 2052 1255 2079 Hoc
1267 2056 1356 2078 autem
1370 2050 1452 2078 verbo
1473 2050 1624 2077 inimicitias
1636 2050 1670 2077 de
1683 2050 1771 2077 medio
1786 2050 1855 2077 tollit

1060 2104 1087 2127 et
1098 2098 1276 2133 arrogantiam
1295 2096 1431 2132 reprimit,
1445 2096 1628 2131 invidiamque
1641 2096 1779 2128 eliminat;
1793 2103 1852 2123 nta-

1061 2151 1127 2173 trem
1139 2152 1203 2172 vero
1213 2143 1332 2172 omnium
1343 2143 1474 2170 bonorum
1486 2142 1625 2169 caritatem
1637 2142 1748 2176 inducit,
1760 2142 1854 2169 huma-

1061 2197 1209 2225 uarumque
1228 2197 1318 2216 rerum
1338 2188 1546 2223 inaequalitatem
1560 2187 1685 2222 expellit,
1701 2193 1728 2215 et
1743 2188 1854 2215 multam

1061 2237 1131 2272 regis
1143 2244 1203 2263 cutn
1219 2242 1334 2270 paupere
1354 2234 1463 2261 honoris
1475 2234 1652 2268 mqualitatem
1669 2233 1801 2265 ostendit;
1818 2234 1855 2261 si-

1061 2283 1167 2317 quidem
1192 2282 1217 2308 in
1243 2281 1367 2308 maximis
1392 2285 1420 2308 et
1441 2280 1552 2307 omnino
1576 2280 1734 2307 necessariis
1760 2287 1854 2307 omnes

1062 2328 1248 2356 communione
1268 2326 1353 2361 juncti
1370 2333 1471 2353 sumus.
1487 2325 1554 2358 Quid
1568 2325 1638 2352 enim
1655 2325 1806 2352 nocumenti
1820 2333 1854 2353 ex

1062 2381 1167 2403 terrena
1181 2373 1337 2409 cognatione
1349 2393 1356 2404 ,
1371 2379 1432 2399 cum
1445 2371 1590 2399 secundutn
1604 2378 1745 2405 supernam
1760 2379 1854 2398 omnes

1094 2453 1130 2484 (τι)
1147 2456 1200 2484 Ilree
1212 2452 1294 2484 verba,
1314 2453 1384 2484 Pater
1393 2453 1511 2484 noster....
1524 2448 1678 2484 tattnt,_tituli
1691 2456 1760 2484 more
1771 2450 1854 2484 jaceat

1063 2486 1087 2509 in
1098 2480 1247 2508 hlitionibus
1259 2481 1402 2507 Commelini
1420 2484 1447 2505 et
1459 2480 1557 2507 Morelli,
1571 2481 1626 2511 quia
1646 2480 1671 2504 in
1684 2481 1771 2505 latinis
1783 2481 1855 2505 Editis

1063 2515 1159 2540 homilia
1172 2514 1233 2542 htec,
1243 2519 1298 2544 quae
1310 2513 1334 2536 in
1344 2512 1430 2544 Crtegis
1445 2512 1609 2544 Matntscriptis
1620 2518 1667 2535 una
1675 2511 1855 2544 rserieponitur

1063 2550 1113 2571 uta
1124 2542 1292 2576 Chrysostoino
1304 2543 1385 2576 habita
1397 2542 1450 2570 fuit.
1461 2543 1486 2566 in
1496 2543 1555 2576 duas
1562 2542 1637 2566 divisa
1648 2543 1786 2576 l'u_it._latiui
1799 2549 1855 2576 por-

1062 2584 1099 2606 ro,
1112 2580 1139 2600 ut
1150 2574 1256 2604 videtur,
1272 2581 1321 2606 quo
1332 2575 1358 2599 in
1373 2580 1445 2606 unam
1460 2574 1598 2606 orationem
1615 2574 1758 2606 Dominicam
1775 2574 1856 2597 Homi-

1063 2603 1119 2632 liam
1131 2603 1293 2637 Chrysostomi
1302 2605 1429 2637 haberent,
1439 2604 1501 2628 hanc
1510 2604 1540 2637 in_
1547 2604 1607 2628 duas
1617 2609 1703 2637 partes
1711 2603 1856 2633 diviserunt,

1063 2644 1165 2670 quarum
1178 2634 1301 2670 postrema
1316 2636 1434 2660 Orationis
1450 2635 1577 2659 Dominica:
1590 2634 1778 2670 explicationem
1785 2641 1855 2670 'com-

1064 2665 1185 2699 plectitur:
1200 2671 1226 2691 et.
1237 2667 1300 2691 hanc
1311 2670 1457 2699 postremam
1470 2669 1563 2696 partem
1577 2666 1701 2690 Hotntliam
1712 2665 1855 2699 vigesimatn

1064 2696 1252 2730 inscripserunt;
1262 2696 1395 2730 secundum
1406 2703 1479 2727 quem
1488 2701 1769 2730 numeru_m,sequeut_es
1777 2696 1855 2730 homi-

1064 2727 1150 2755 liarum
1159 2730 1253 2754 numeri
1262 2729 1442 2753 concinnantur.
1452 2728 1494 2756 Qui
1503 2728 1597 2752 numeri
1606 2728 1663 2757 quia
1672 2734 1684 2751 ει
1696 2727 1856 2757 sanantibus

1065 2753 1224 2792 ᾗῙιῖ-ξὲῶιοῑιιὶ
1233 2759 1283 2784 loca
1293 2758 1453 2783 merentibus
1460 2753 1560 2792 semper
1568 2753 1667 2792 adhibiti
1680 2753 1786 2792 fuerunt,
1794 2761 1855 2788 posta

1065 2789 1139 2824 quam
1149 2791 1254 2824 decimae
1263 2796 1333 2824 nonje
1344 2795 1411 2814 suam
1428 2790 1519 2814 seriem
1533 2789 1693 2824 restituitnps,
1708 2789 1789 2824 po§itq
1796 2794 1856 2813 vero

1067 2818 1224 2853 [ienuinoque
1235 2820 1385 2853 singularum
1393 2827 1503 2853 numero,
1517 2823 1628 2853 veterem
1638 2818 1856 2849 illnmradjecimus.

1068 2850 1254 2884 Exemplicausa
1267 2850 1407 2883 :Vvigesinta,
1416 2850 1447 2875 al.
1460 2852 1572 2882 rigesrma
1582 2850 1668 2880 mima.
