2067 3132
204 130 259 158 279

204 187 341 222 conjuncti
351 187 446 221 simus,
457 190 484 214 et
494 188 573 213 nem‘o
582 185 643 221 plus
652 185 738 212 altero
747 184 881 220 quidpiam
893 183 998 216 habeat,

204 242 258 261 non
278 232 353 262 dives
373 234 508 269 paupere,
523 239 576 259 non
597 230 678 259 herus
696 238 791 263 servo,
808 238 860 258 non
876 231 1002 266 princeps

200 279 329 312 subdito,
345 287 398 307 non
413 287 459 306 rex
481 279 582 311 milite,
604 286 656 305 non
677 277 851 313 philosophus
869 277 999 310 barbaro,

206 333 256 354 nec
278 325 385 361 sapiens
408 324 509 352 idiota?
528 324 659 352 Omnibus
674 324 772 359 quippe
790 330 869 350 uuam
892 323 1001 358 largitus

202 377 246 401 est
259 372 423 400 nobilitatem
435 371 455 405 ¹,
470 379 532 399 cuin
547 371 666 399 omnium
682 370 803 397 similiter
820 369 899 397 Pater
911 370 1000 397 vocari

204 418 329 454 dignatus
342 418 387 446 sit.
404 418 547 453 Postquam
568 417 647 452 igitur
666 416 735 444 hanc
755 415 921 443 nobilitatem
941 424 999 443 mc-

196 464 338 498 -u:oravit,
361 472 464 491 necnon
489 471 633 496 supernum
654 462 773 495 donum,
799 462 908 489 hOnoris
932 461 1001 489 inter

203 513 299 539 fratres
312 511 468 546 paritatetn,
483 515 562 544 atque.
576 509 712 536 caritatem
722 530 729 541 ,
746 513 886 543 postquam
897 516 912 534 a
928 513 997 535 terra

202 557 309 584 abduxit
324 561 351 584 et
362 556 429 584 caelo
439 555 535 587 allixit,
547 554 684 582 videamus
695 554 756 589 quid
769 554 895 589 deinceps
906 560 999 589 petere

201 603 291 638 jubeat
307 612 313 629 :
332 610 392 629 nam
415 602 466 629 hoc
483 609 589 636 quoque
608 601 707 628 dictum
728 601 816 627 omnis
831 601 935 628 virtutis
948 600 998 627 do-

201 648 314 675 ctrinam
327 649 444 675 inserere
455 647 535 674 valet.
544 647 609 674 Nam
620 647 664 681 qui
674 647 777 674 Patrem
788 647 891 673 vocarit
902 646 996 680 Deum,

201 699 228 721 et
247 693 352 721 Patrem
369 701 557 725 communem,
575 693 636 727 jure
654 693 731 719 talem
752 692 877 720 exhibeat
896 694 996 726 vitam,

202 748 252 775 qua
272 740 322 767 hac
344 740 502 767 nobilitate'
525 740 648 774 indignus
674 747 726 766 non
747 739 883 770 videatur,
904 744 932 766 et
952 748 998 774 par

200 786 272 812 dono
289 785 407 813 studium
427 790 547 821 praestet.
563 785 660 812 Verum
680 785 731 812 hoc
749 793 801 812 nou
817 789 858 812 sat
877 785 914 812 illi
929 785 996 818 fuit;

200 831 247 858 sed
262 831 334 858 aliud
349 831 423 859 addit
435 832 470 859 ita
482 832 594 866 loquens
607 841 613 859 :
626 831 804 863 Sanctiﬁcetur
814 840 903 858 uonten
915 836 996 859 tuttur.

201 878 283 914 Digna
295 879 413 914 precatio
425 878 483 913 ejus
496 879 539 913 qui
556 879 638 905 Deum
653 883 729 905 vocat
740 877 843 905 Patrem
856 878 877 910 ³,
892 882 917 904 ιιι
931 878 996 905 nihil

201 929 274 959 petat
289 930 351 952 ante
366 925 453 952 Patris
466 925 576 960 gloriam
590 946 597 956 ,
613 924 659 951 sed
680 925 769 951 omnia
785 930 927 959 postponat
940 925 997 959 ejus

200 971 332 999 laudibus.
349 970 415 998 Illud
428 972 510 1002 enim,
526 971 716 1005 Sancti/iretur,
732 970 782 997 hoc
795 970 844 997 sibi
860 969 925 1002 vult,
940 971 997 1005 glo-

200 1018 329 1046 rilicetur.
345 1017 402 1045 Sibi
419 1025 532 1052 namque
551 1017 687 1052 propriam
707 1016 785 1043 habet
805 1016 916 1051 gloriam
939 1017 995 1051 ple-

200 1072 273 1098 nam,
286 1064 324 1092 sic
338 1072 445 1099 semper
459 1068 619 1090 manentem.
635 1063 761 1089 Orantem
775 1070 838 1089 vero
849 1062 924 1096 jubet
936 1070 996 1097 prc-

199 1110 274 1142 cari,
291 1115 318 1137 ut
332 1118 379 1145 per
395 1110 474 1136 vitam
491 1115 608 1136 nostram
630 1109 793 1143 glorilicetur
810 1108 899 1143 :quod
916 1109 994 1135 etiam

198 1165 278 1192 supra
293 1156 399 1183 dicebat
415 1165 422 1183 ι
438 1156 529 1183 Luccat
545 1157 590 1182 lux
601 1161 681 1182 vestra
694 1163 780 1182 coram
795 1155 951 1188 hominibus,
969 1161 995 1182 ut

197 1203 298 1231 videant
310 1211 387 1238 opera
400 1204 464 1229 bona
478 1207 568 1234 vestra,
581 1207 604 1228 et
616 1201 758 1237 gloriﬁcent
774 1200 876 1228 Patrem
887 1206 995 1228 vestrum

196 1249 240 1283 qui
252 1250 279 1276 in
293 1249 362 1276 castis
373 1254 410 1275 est
424 1248 531 1283 (Matth.
546 1248 572 1275 5.
589 1248 643 1282 16).
658 1247 723 1274 Nam
738 1246 878 1281 Seraphini
891 1247 993 1281 gloriﬁ-

196 1301 289 1323 cantes
304 1295 398 1328 Deum,
414 1295 453 1322 sic
470 1294 594 1321 dicebant
608 1302 614 1320 ε
630 1293 751 1325 Sanctus,
766 1298 877 1325 sanctus,
892 1299 993 1320 sanctus

197 1341 272 1373 ﬂuxi.
289 1342 316 1368 6.
331 1340 370 1376 5).
386 1340 475 1376 Itaque
491 1340 565 1372 illud,
581 1339 772 1374 Sanctiﬁcatur,
789 1340 813 1365 id
825 1344 876 1369 est,
892 1339 993 1374 gloriﬁ-

189 1393 280 1415 'cettrr.
292 1387 403 1422 Largire
417 1386 494 1413 nobis
504 1407 511 1417 ,
528 1386 628 1420 inquit,
644 1391 672 1412 ut
686 1386 720 1412 ita
735 1393 799 1420 pure
814 1386 949 1418 vivamus,
965 1390 994 1412 ut

195 1440 244 1468 per
253 1441 304 1461 nos
317 1438 343 1461 te
357 1440 450 1459 omnes
464 1432 623 1466 gloriﬁcent.
640 1432 667 1459 Id
681 1431 751 1467 quod
766 1439 857 1459 rursus
872 1431 991 1466 philoso-

196 1478 265 1513 phia:
276 1483 317 1506 est
329 1478 464 1513 pet‘l'ccttc,
477 1479 557 1504 vitam
572 1478 607 1505 ita
620 1477 880 1512 irrepreltensibilem
895 1477 921 1504 in
935 1486 993 1504 om-

195 1524 275 1552 nibus
287 1523 415 1552 exhibere
426 1544 433 1556 ,
452 1529 479 1551 ut
500 1524 620 1551 videntes
640 1523 736 1558 singuli
759 1524 873 1550 Domino
888 1531 935 1558 pro
951 1524 992 1550 his

195 1570 300 1598 laudem
313 1570 440 1599 referant.
457 1570 500 1597 IO.
514 1570 637 1597 Adveniat
648 1579 752 1605 regnum
766 1575 846 1597 tuum.
859 1569 914 1596 Hoc
926 1579 978 1604 quo

188 1619 246 1653 'que
265 1617 334 1653 grati
349 1618 478 1653 probique
493 1617 538 1644 ﬁlii
554 1616 653 1644 dictmu
675 1622 715 1644 est
727 1638 735 1649 ,
751 1617 796 1652 qui
816 1625 869 1643 non
892 1616 992 1644 htcreat

193 1664 273 1691 rebus
285 1663 337 1691 sub
349 1669 486 1698 aspectum
498 1663 666 1696 cadentibus,
680 1671 765 1697 neque
780 1663 919 1698 prarsentia
934 1671 990 1690 ma—

194 1710 236 1743 gni
252 1709 389 1744 quidpiam
403 1717 463 1736 esse
479 1714 568 1744 putet;
583 1709 630 1736 sed
644 1709 677 1736 ad
694 1714 795 1743 patrem
809 1716 915 1743 semper
930 1714 989 1736 teu-

194 1756 255 1788 tlat,
271 1761 298 1783 et
317 1755 403 1782 futura
421 1760 578 1789 exspectet,
594 1755 664 1789 qttod
684 1763 717 1782 ex
737 1755 900 1782 conscientia
921 1755 989 1782 bona

193 1801 289 1833 oritur,
306 1805 333 1828 et
345 1809 378 1828 ex
394 1802 482 1828 anima
494 1809 508 1828 a
526 1801 638 1828 terrenis
653 1800 733 1827 rebus
747 1801 881 1835 expedita.

228 1847 254 1875 5.
266 1847 407 1874 Adventum
418 1847 489 1883 regni
500 1847 548 1874 Dei
557 1847 682 1882 quomodo
693 1846 869 1873 desideraverit
880 1845 987 1873 Paulus.

197 1893 283 1921 Virtus
295 1902 345 1920 non
357 1901 387 1920 ex
395 1893 479 1919 studio
490 1898 574 1919 nostro
584 1897 691 1922 tantum,
701 1892 746 1918 sed
755 1892 829 1917 etiam
838 1900 869 1918 ex
879 1900 989 1926 superna

192 1940 274 1975 gratia
288 1939 386 1974 pendet.
398 1954 431 1958 —
442 1939 497 1966 lloc
510 1940 580 1965 cuitu
595 1938 692 1965 Paulus
707 1938 817 1973 singulis
831 1938 925 1965 diebus
939 1938 988 1965 de-

191 1985 340 2017 siderabat,
361 1984 474 2019 ideoque
487 1983 592 2012 dicebat
609 1993 614 2009 :
631 1981 664 2010 Et
679 1983 728 2018 ipsi
748 1983 872 2018 primitias
885 1984 989 2017 spiritus

192 2034 309 2061 habentes
335 2033 538 2068 ingemiscimua,
567 2031 728 2067 adoptionem
758 2031 867 2065 ﬁliorum
901 2040 988 2066 erepe-

192 2084 304 2111 ctantes,
328 2079 525 2114 redemptionem
549 2078 661 2112 corporis
683 2077 762 2103 nostri
786 2076 873 2112 (Rom.
888 2076 914 2104 8.
929 2076 986 2111 25).

191 2125 240 2159 Qui
263 2125 333 2153 enim
349 2124 400 2152 hoc
415 2132 506 2152 amore
527 2129 620 2158 captus
639 2128 696 2154 est.
721 2130 806 2158 neque
828 2122 906 2157 hujus
925 2122 987 2150 vita:

190 2171 268 2198 bonis
282 2170 367 2198 inﬂari
383 2175 479 2206 potest,
496 2178 581 2205 neque
595 2170 675 2196 rebus
690 2169 809 2196 adversis
824 2168 902 2204 dejici
919 2177 925 2196 :
940 2169 987 2197 sed

191 2226 222 2245 ac
235 2218 257 2246 si
273 2218 300 2245 in
312 2217 384 2245 uelis
398 2221 559 2247 versaretur,
572 2216 605 2243 ab
620 2221 731 2250 utraque
747 2215 795 2242 hac
810 2215 988 2250 inteqttalitate

191 2263 317 2291 immunis
330 2267 383 2290 est.
396 2262 456 2289 Fiat
467 2262 582 2289 voluntas
595 2267 636 2288 tua
652 2262 716 2288 sicut
729 2260 756 2287 in
769 2260 831 2287 caelo
840 2266 862 2287 et
873 2261 899 2287 in
910 2265 986 2287 terra.

195 2309 315 2336 Vidistin”
329 2309 457 2344 optimam
473 2307 588 2334 seriem?
602 2307 682 2334 Iussit
698 2306 769 2334 enim
785 2306 871 2333 futura
887 2314 987 2333 concu-

191 2355 306 2390 piscel'e,
321 2358 347 2381 et
361 2354 394 2381 ad
408 2354 478 2380 illam
489 2352 730 2388 peregrinationem
745 2352 870 2379 festinare
882 2361 888 2377 :
901 2351 987 2379 donec

191 2406 280 2429 autem
296 2401 322 2428 id
336 2401 454 2432 eveniat,
470 2400 513 2427 hic
526 2399 654 2434 degentes
666 2406 770 2431 curare,
785 2404 812 2425 ut
828 2406 875 2433 par
888 2399 985 2425 czclesti

192 2447 298 2474 vivendi
319 2454 404 2482 genus
417 2445 600 2473 exhibeamus.
617 2445 682 2471 Nam
696 2445 790 2471 cu-lum
805 2445 911 2479 quidem
922 2465 929 2476 ,
944 2445 986 2471 itt-

191 2494 258 2529 quit,
275 2496 301 2520 et
313 2492 428 2520 caelestia
442 2491 661 2526 concupiscamus
675 2495 796 2524 oportet:
807 2490 852 2517 sed
869 2495 896 2517 et
908 2495 986 2517 ante-

191 2547 271 2574 quam
296 2539 323 2566 in
346 2538 441 2565 caelum
464 2537 658 2570 concedanms,
681 2545 714 2563 ex
740 2542 808 2564 terra
829 2536 922 2563 eat-lum
938 2544 986 2563 nos

223 2615 232 2632 ί
251 2614 344 2646 MoreL.
356 2620 429 2639 unam
440 2614 541 2646 largitus
548 2617 583 2639 est
593 2613 765 2646 cognationem;
777 2613 856 2637 minus
865 2616 942 2637 recte.

223 2647 234 2662 ³
251 2645 345 2674 Mereb,
352 2676 355 2677 ν
361 2646 506 2677 cognatione.

224 2677 235 2694 ³
255 2686 267 2700 ε
276 2673 442 2712 ξαηειὲῄεξιμι*
454 2681 540 2700 nomen
541 2678 650 2712 _tt_t_u_m._r
666 2675 745 2707 Digna
759 2673 929 2712 precatiqejus

192 2712 272 2734 Deum
281 2705 382 2732 invocat.
396 2707 433 2731 sic
443 2713 531 2731 omnes
541 2706 601 2731 ιτΛὶιὶ
613 2710 639 2731 et
649 2705 804 2738 mariuscripti
815 2705 916 2738 Codices
925 2711 987 2738 prm-

192 2744 232 2764 ter
245 2745 301 2771 eum
313 2745 362 2769 quo
370 2744 430 2763 usus
439 2741 478 2763 est
493 2738 611 2771 Georgius
617 2736 800 2771 Trapezuntitis,
809 2737 853 2771 gui
864 2737 897 2761 ita
910 2736 983 2767 legit:

191 2768 357 2799 sanctiﬂceiur
362 2775 448 2794 nomen
455 2772 531 2793 tuum.
541 2769 617 2799 Digna
623 2775 720 2799 prorsus
726 2774 753 2792 ea
758 2768 800 2799 qui
806 2768 884 2792 Deum
891 2771 986 2799 Patrem

192 2775 272 2795 sancti
304 2775 448 2795 eturnomen
455 2775 531 2793 tuum.
541 2775 617 2799 mgna
630 2775 720 2793 uorsus
726 2775 753 2792 ea
758 2775 799 2799 qui
806 2775 884 2792 usum
891 2775 984 2791 μαιτειη

192 2775 321 2832 appetgf‘it
336 2801 421 2825 oratio.
434 2799 524 2824 Placuit
536 2806 597 2830 ergo
607 2775 642 2823 illi
656 2798 731 2824 lectio
739 2802 890 2834 Graeca,un
901 2798 984 2827 habet,

190 2829 232 2859 5%.;
245 2839 274 2857 me
282 2837 313 2856 τις,
328 2838 373 2857 ea.
382 2838 454 2863 ιιιτίρα
461 2837 515 2856 ἰαιλοῦ
520 2843 557 2859 πῶς
564 2829 576 2860 ἦ
583 2836 624 2862 tam
632 2849 638 2860 ,
651 2833 732 2860 etest,
741 2829 823 2862 procul
835 2829 916 2859 dubio,
924 2835 985 2860 pra:-

190 2864 301 2888 terenda.

570 127 599 155 S.
618 125 758 156 .IOANNIS
775 123 1015 155 CIIIIYSOSTOMI
1034 125 1194 156 ARCHIEP.
1208 126 1478 159 CONS’I'ANTINOP.

1796 131 1851 160 ειη

1057 183 1144 212 facere
1162 184 1254 219 jubet,
1276 191 1304 213 et
1317 186 1343 214 in
1360 190 1430 214 terra
1446 191 1585 215 versantes
1599 194 1630 215 ac
1643 188 1665 215 si
1680 187 1708 215 in
1721 187 1786 215 etrlo
1800 188 1850 215 de-

1054 236 1198 265 geremus,
1223 231 1261 259 sic
1275 232 1364 259 omnia
1386 232 1473 260 facere
1493 236 1521 260 et
1541 232 1641 265 dicere,
1657 239 1737 269 atque
1750 233 1801 261 bac
1815 228 1850 262 de

1054 284 1134 303 causa
1148 277 1403 317 Domiuumprecari
1417 284 1551 314 oportere.
1567 278 1637 308 Nihil
1651 282 1722 309 enim
1739 282 1850 317 impedit

1055 323 1207 357 quominus.
1223 325 1274 351 etsi
1292 314 1321 352 in
1344 329 1414 352 terra
1429 325 1597 358 habitemus,
1619 327 1652 354 ad
1671 314 1848 362 supernamm

1055 368 1182 396 virtutum
1196 368 1362 397 sedulitatem
1382 377 1413 397 ac
1431 370 1595 406 diligentiam
1610 372 1769 407 attingamus
1782 382 1788 400 :
1800 370 1851 401 sed

1056 420 1197 448 possumus
1209 413 1253 442 hic
1267 414 1417 443 habitantes
1427 438 1434 448 ,
1450 417 1525 451 quasi
1538 417 1593 452 jam
1607 417 1631 444 in
1647 418 1714 445 crelo
1726 424 1849 447 essemus

1054 460 1142 487 omnia
1152 460 1249 489 facere.
1256 461 1331 495 Quod
1340 463 1419 497 igitur
1431 463 1506 495 dicit,
1519 462 1670 498 Itujusmodi
1683 466 1846 499 estzQuem—

1054 505 1196 533 admodum
1212 507 1246 534 ibi
1264 508 1351 535 omnia
1367 509 1424 535 sine
1448 508 1637 543 impedimento
1654 511 1737 543 iiunt,
1761 519 1847 546 neque

1053 552 1140 586 angeli
1163 553 1242 580 modo
1262 553 1385 584 audiunt,
1410 555 1573 589 modojussa
1594 561 1782 588 contemnunt,
1800 557 1846 584 sed

1054 597 1080 623 in
1096 598 1219 624 omnibus
1232 598 1330 626 cedunt
1342 605 1367 625 et
1380 600 1575 634 obsequuntur;
1592 609 1652 628 nam
1667 603 1713 634 ait,
1726 602 1846 631 Potentes

1052 643 1150 673 virtute,
1162 643 1280 677 facientes
1292 645 1391 671 verbum
1402 646 1470 672 illius
1479 646 1487 679 l
1493 645 1563 673 Psal.
1577 646 1635 674 102.
1645 647 1691 682 20)
1703 649 1755 675 :sic
1765 650 1845 676 etiam

1053 689 1130 715 nobis
1142 688 1294 717 hominibus
1304 691 1400 725 largire
1411 696 1439 718 ut
1451 700 1502 718 nou
1517 700 1547 718 ex
1560 693 1670 720 dimidio
1682 694 1845 722 voluntatem

1054 738 1123 760 tuam
1140 733 1283 768 faciamus,
1305 736 1351 763 sed
1372 737 1460 763 omnia
1476 743 1503 763 ut
1516 738 1555 764 vis
1572 738 1737 772 impleamus.
1755 739 1838 767 Viden

1051 779 1184 812 quomodo
1198 780 1320 808 modeste
1335 789 1413 816 agere
1426 782 1520 809 doceat
1531 803 1539 815 ,
1563 782 1706 811 ostendens
1721 785 1845 812 virtutem

1052 834 1104 852 non
1117 833 1149 852 ex
1167 831 1258 853 nostro
1279 827 1367 854 stmlio
1382 834 1482 855 tantum
1494 850 1500 860 ,
1526 828 1573 856 sed
1589 830 1668 857 etiam
1683 838 1715 857 ex
1730 838 1843 866 superna

1051 873 1134 907 gratia
1150 873 1285 907 pendere?
1300 873 1418 909 Itemque
1438 876 1517 902 totius
1532 876 1605 903 orbis
1618 877 1822 905 sollicitudinem
1837 899 1844 909 ,

1051 926 1099 944 nos
1110 920 1153 954 qui
1167 923 1274 946 oramus
1286 920 1405 955 singulos
1418 928 1513 955 gerere
1526 921 1654 956 praecipit.
1668 922 1760 957 Neque
1773 924 1843 950 enim

1050 963 1132 997 dixit,
1157 964 1216 992 Fiat
1238 965 1360 992 voluntas
1375 971 1417 993 tua
1441 967 1539 998 inme,
1561 968 1645 994 autin
1663 967 1755 1000 nobis;
1780 970 1843 999 sed,

1050 1010 1154 1045 Ubique
1171 1014 1319 1043 terrarum,
1335 1016 1363 1038 ut
1384 1019 1459 1039 error
1473 1012 1602 1040 avellatur
1616 1018 1642 1040 et
1663 1014 1761 1040 veritas
1775 1014 1842 1040 inse-

1051 1062 1139 1090 ratur,
1156 1059 1294 1093 omnisque
1311 1059 1424 1093 nequitia
1438 1059 1591 1086 eliminetttr
1602 1080 1610 1092 ,
1625 1059 1709 1087 virtus
1724 1065 1845 1087 reverta-

1050 1106 1102 1134 tur,
1117 1108 1197 1138 atque
1211 1104 1236 1130 in
1249 1104 1291 1130 illa
1302 1104 1412 1131 colenda
1423 1105 1489 1131 nihil
1500 1104 1625 1139 deinceps
1635 1104 1738 1132 differat
1748 1105 1843 1132 cmlutu

1049 1156 1063 1175 τι
1080 1153 1159 1177 terra.
1179 1149 1244 1176 Nam
1267 1150 1288 1176 si
1311 1149 1373 1177 illud
1395 1150 1454 1182 fiat,
1478 1151 1576 1185 inquit,
1601 1151 1665 1178 nihil
1681 1158 1794 1185 superna
1810 1151 1844 1178 ab

1051 1196 1220 1223 inferioribus
1235 1196 1440 1231 discrepabunt,
1464 1197 1568 1224 etiamsi
1593 1202 1684 1224 natura
1701 1198 1841 1229 differant,

1049 1250 1109 1268 cum
1132 1243 1233 1270 scilicet
1247 1243 1356 1278 angelos
1372 1243 1438 1270 alios
1456 1244 1532 1271 nobis
1548 1248 1617 1270 terra
1633 1244 1778 1271 exhibebit.
1797 1244 1842 1272 Η.

1049 1287 1146 1314 Panem
1161 1294 1274 1315 nostrum
1288 1289 1459 1323 quotidianum
1475 1290 1508 1315 da
1521 1290 1591 1316 nobis
1605 1290 1687 1316 hodie.
1702 1289 1771 1323 Quid
1783 1295 1841 1322 est.

1047 1333 1145 1360 Panem
1172 1336 1307 1360 ἐπιούσιονῖ
1330 1334 1355 1361 Id
1379 1339 1439 1366 est,
1461 1335 1654 1369 quotidianum.
1680 1336 1746 1369 Quia
1769 1337 1840 1363 enim

1046 1380 1168 1413 dixerat,
1185 1380 1244 1407 Fiat
1257 1381 1372 1408 voluntas
1386 1387 1428 1408 tua
1438 1403 1445 1414 ,
1468 1382 1532 1409 sicut
1554 1383 1580 1409 in
1599 1383 1661 1409 ctelo
1676 1389 1698 1409 et
1713 1384 1738 1409 in
1753 1388 1818 1411 terra
1829 1392 1840 1411 :

1047 1426 1222 1461 hominesque
1237 1427 1423 1461 alloquebatur
1437 1436 1517 1455 carne
1534 1429 1638 1456 indutos
1652 1451 1658 1461 ,
1678 1432 1704 1457 et
1720 1431 1837 1457 necessi-

1047 1472 1091 1498 tati
1107 1477 1208 1499 naturm
1220 1473 1363 1507 subjectos,
1379 1475 1423 1508 qni
1439 1482 1490 1501 non
1508 1474 1610 1509 possint
1622 1475 1742 1503 eamdem
1758 1483 1837 1511 quam

1044 1518 1130 1552 angeli
1146 1518 1385 1552 impassibilitatem
1400 1519 1515 1547 habere:
1528 1525 1656 1554 pra-cepta
1672 1521 1777 1555 quidem
1789 1529 1838 1548 nos

1045 1564 1156 1598 exsequi
1175 1564 1267 1598 jubet,
1289 1564 1399 1599 perinde
1412 1570 1491 1600 atque
1511 1573 1541 1592 ea
1555 1566 1666 1601 implent
1680 1571 1706 1593 et
1721 1566 1773 1599 illi;
1790 1567 1838 1594 sed

1045 1610 1191 1637 inﬁrmitati
1207 1617 1308 1638 natura:
1323 1611 1451 1647 deinceps
1475 1620 1533 1640 sese
1554 1614 1747 1641 accommodat.
1770 1614 1836 1641 Nam

1043 1658 1207 1693 diligentiam
1218 1679 1225 1690 ,
1248 1659 1346 1693 inquit,
1366 1659 1392 1686 iu
1408 1659 1469 1686 vitm
1485 1659 1605 1686 instituto
1620 1667 1709 1694 parem
1724 1666 1835 1694 expeto.

1044 1703 1089 1729 sed
1107 1711 1159 1730 non
1179 1704 1435 1738 impassibilitatem;
1460 1712 1545 1739 neque
1567 1705 1636 1732 enim
1661 1705 1685 1732 id
1709 1706 1838 1740 permittit

1043 1755 1144 1777 natura:
1167 1750 1286 1785 tyrannis
1299 1759 1305 1777 :
1318 1758 1385 1785 opus
1403 1751 1473 1778 enim
1500 1751 1577 1778 habet
1595 1753 1748 1779 ttecesSario
1764 1752 1834 1780 cibo.

1043 1795 1081 1821 Tu
1096 1802 1160 1822 vero
1175 1795 1238 1822 mihi
1254 1796 1408 1824 consideres
1428 1797 1508 1823 velim
1523 1817 1530 1829 ,
1551 1798 1630 1824 etiam
1647 1798 1672 1824 iu
1688 1799 1836 1833 corporali-

1043 1842 1092 1868 bus
1108 1842 1249 1876 plurimum
1264 1843 1457 1877 spiritualitalis
1479 1844 1577 1870 inesse.
1594 1844 1686 1879 Neque
1700 1845 1771 1871 enim
1787 1852 1836 1878 pro

1042 1891 1173 1924 pecuniis.
1189 1898 1275 1925 neque
1290 1899 1338 1926 pro
1349 1891 1460 1924 deliciis,
1475 1899 1560 1927 neque
1574 1899 1621 1926 pro
1633 1892 1747 1918 vestium
1760 1899 1835 1918 sum—

1042 1937 1140 1971 ptibus,
1165 1937 1206 1963 vel
1230 1944 1278 1971 pro
1299 1937 1351 1963 alio
1373 1938 1498 1971 quopiam
1518 1937 1616 1970 simili,
1641 1937 1687 1964 sed
1706 1945 1753 1972 pro
1768 1945 1836 1972 pane

1043 1988 1144 2009 tantum
1162 1983 1241 2017 jussit
1261 1983 1408 2011 orationem
1429 1983 1531 2011 ctuitti.
1554 1988 1580 2011 et
1603 1991 1649 2018 pro
1664 1991 1731 2018 pane
1746 1984 1835 2018 quoti-

1041 2029 1130 2060 diano,
1148 2030 1183 2056 ila
1199 2035 1227 2056 ut
1242 2030 1275 2057 de
1289 2031 1406 2057 crastino
1424 2031 1528 2058 solliciti
1546 2039 1598 2058 non
1611 2032 1705 2059 simus.
1722 2032 1835 2067 Ideoque

1042 2075 1152 2107 addidit,
1168 2075 1265 2101 Panem
1277 2078 1403 2107 επιιὺσιον,
1428 2076 1453 2103 id
1467 2081 1517 2107 est,
1535 2077 1727 2111 quotidianum.
1744 2077 1835 2112 Neque

1043 2120 1093 2147 hoc
1108 2125 1249 2148 contentus
1262 2120 1312 2148 fuit
1327 2121 1427 2155 verbo,
1448 2121 1494 2149 sed
1511 2127 1537 2149 et
1556 2122 1626 2149 aliud
1648 2122 1769 2155 addidit,
1792 2121 1834 2149 De

1042 2166 1112 2193 nobis
1123 2166 1206 2199 hodie,
1224 2167 1258 2193 ita
1273 2171 1301 2193 ut
1314 2174 1366 2193 non
1378 2167 1495 2194 ulteriori
1509 2168 1560 2194 diei
1574 2168 1698 2195 crastina:
1710 2175 1772 2195 cura
1785 2174 1834 2194 nos

1043 2218 1223 2247 torqueamus.
1237 2211 1320 2247 Cujus
1332 2213 1402 2239 enim
1425 2212 1477 2240 diei
1502 2214 1589 2240 nescis
1608 2221 1641 2240 an
1665 2213 1778 2248 spatium
1792 2213 1833 2240 vi-

1041 2266 1119 2285 surus
1132 2259 1184 2290 sis,
1204 2266 1251 2285 cur
1265 2258 1469 2285 sollicitudinem
1487 2258 1588 2286 habes?
1602 2259 1658 2286 lloc
1671 2258 1793 2293 pluribus
1807 2259 1834 2286 in

1040 2305 1213 2339 sequentibus
1236 2303 1355 2338 praecipit
1372 2304 1462 2331 dicens
1480 2314 1486 2331 :
1505 2303 1592 2331 Nolite
1613 2304 1713 2331 solliciti
1732 2312 1784 2331 esse
1806 2305 1834 2331 in

1040 2350 1178 2377 crastinum
1191 2349 1298 2384 (Matth.
1309 2350 1335 2376 6.
1345 2349 1400 2384 54).
1413 2350 1472 2376 \‘ult
1485 2351 1554 2377 enim
1568 2358 1616 2377 nos
1630 2357 1735 2384 semper
1745 2350 1832 2377 accin-

1040 2401 1098 2423 ctos
1112 2400 1140 2422 et
1153 2395 1227 2430 qttasi
1238 2398 1271 2422 ad
1283 2395 1401 2422 volatum
1415 2396 1553 2430 expeditos
1568 2402 1637 2427 esse,
1651 2400 1751 2423 tantum
1765 2403 1832 2422 con-

1041 2441 1169 2469 cedentes
1183 2445 1293 2473 naturae,
1305 2446 1432 2475 quantum
1459 2442 1603 2468 necessitas
1617 2448 1631 2467 a
1648 2441 1723 2467 nobis
1741 2440 1831 2474 exigit.

1042 2486 1143 2514 Deinde
1156 2487 1217 2521 quia
1231 2486 1376 2521 contingit,
1400 2486 1480 2513 etiam
1495 2493 1556 2521 post
1570 2486 1703 2513 lavacrum
1720 2493 1835 2521 regene-

1041 2533 1161 2565 rationis,
1172 2537 1202 2559 ut
1214 2539 1355 2568 peccemus
1369 2542 1376 2559 :
1389 2533 1497 2560 multam
1512 2533 1554 2560 hic
1564 2541 1670 2568 quoque
1685 2533 1833 2567 benignita-

1041 2584 1093 2607 tem
1107 2579 1238 2607 exhibens
1250 2600 1257 2611 ,
1277 2579 1352 2613 jubet
1376 2587 1422 2613 pro
1445 2585 1612 2614 peccatorum
1628 2579 1785 2606 renussione
1798 2577 1832 2605 ad

1042 2623 1241 2652 misericordem
1259 2624 1341 2651 Deum
1356 2624 1494 2655 accedere.
1509 2629 1535 2651 et
1550 2625 1588 2651 sic
1603 2625 1693 2651 dicere
1705 2635 1712 2651 ε
1724 2623 1768 2651 12.
1782 2623 1832 2650 Di-

1040 2671 1109 2697 mitte
1128 2670 1199 2697 nabi:
1211 2670 1294 2697 debita
1306 2675 1392 2697 nostra
1402 2690 1409 2703 ,
1425 2671 1488 2697 sicut
1504 2676 1527 2697 et
1540 2678 1585 2697 nos
1599 2671 1749 2697 dimittimus
1762 2668 1833 2696 debi-

1040 2716 1134 2744 toribus
1145 2716 1246 2743 nouris.
1262 2715 1383 2744 Vidistin'
1397 2717 1586 2744 misericordia:
1599 2717 1755 2744 cumulum?
1768 2717 1834 2743 Post

1042 2766 1080 2788 tot
1092 2761 1194 2788 sublata
1209 2762 1287 2793 mala,
1306 2766 1366 2796 pust
1379 2762 1538 2790 ineffabilem
1553 2763 1684 2790 donorum
1700 2762 1833 2797 magnitu-

1039 2808 1138 2839 dinem,
1151 2815 1255 2835 rursum
1270 2812 1410 2842 peccantes
1424 2809 1500 2835 venia
1514 2809 1646 2843 dignatur.
1656 2809 1731 2842 Quod
1744 2814 1833 2836 autem

1043 2853 1100 2882 lucc
1113 2854 1198 2881 oratio
1210 2854 1329 2883 ﬁdelibus
1342 2859 1485 2891 competat,
1500 2855 1571 2891 leges
1586 2855 1711 2884 Ecclesiae
1724 2855 1833 2885 docent.
