2067 3132
190 167 243 195 Ξες

185 231 296 254 recnon
308 224 438 251 orationis
453 222 600 250 extirdium.
617 221 739 249 Nondum
755 222 853 256 quippe
865 221 982 248 initiatus

189 279 242 298 non
257 276 345 306 potest
358 271 441 298 Deum
455 278 551 298 vocare
566 270 683 297 Patrem.
706 269 733 297 Si
753 270 842 304 itaque
859 269 983 296 ﬁdelibus

189 317 247 344 huic
260 317 389 351 competit
402 316 488 343 oratio
499 337 506 349 ,
532 320 661 350 oratttqttc
679 315 813 350 supplices
835 320 863 342 ut
877 319 984 350 peccata

189 362 241 390 sibi
251 362 420 390 dimittantur
432 371 439 389 :
453 362 514 389 hinc
524 362 610 396 palam
621 366 672 394 est,
683 369 769 396 neque
781 366 841 396 post
850 361 983 388 lavacrum

189 407 246 435 tolli
260 407 424 442 pmnitentia:
440 408 553 435 lucrum.
574 407 628 434 Nisi
651 407 721 434 enim
738 406 788 434 hoc
801 406 984 434 demonstrare

187 453 284 486 vellet,
307 461 362 481 non
384 461 449 481 sane
463 453 598 480 docuisset
612 460 700 480 orare.
722 452 772 486 Qui
793 459 857 479 vero
875 455 983 487 peccata

187 504 337 532 memorat,
359 499 487 535 jubetque
506 506 600 527 eorum
622 499 806 527 remissionem
827 503 927 533 petere,
951 506 982 525 ac

187 546 269 575 docet
284 546 419 582 quomodo
434 546 502 573 hanc
517 546 700 573 remissionem
715 552 923 580 consequamur,
940 545 980 572 fa-

187 593 321 628 cilemque
334 592 366 620 ad
381 592 454 620 illam
468 596 542 626 parat
555 592 635 623 viam,
651 591 693 618 hic
706 596 734 618 ut
745 591 830 626 palatn
846 596 896 623 est,
911 591 981 626 qttod

190 639 294 666 noverit
305 643 331 672 et
344 638 438 665 doceat
453 644 531 672 posse
545 645 593 664 nos
604 637 685 664 etiatn
699 641 759 671 post
773 637 906 664 lavacrum
923 644 984 672 pecs

189 689 248 711 cata
264 685 389 716 abluere,
405 683 473 710 hanc
487 683 687 718 supplicationis
709 682 792 717 legent
809 682 931 714 induxit;
948 683 985 709 ita

190 736 218 756 ιιι
233 729 296 756 dum
311 733 417 764 peccata
432 733 579 761 memorat,
602 736 651 755 nos
668 728 700 754 ad
717 728 837 755 modeste
851 728 984 763 agendum

190 777 317 809 inducat;
333 776 396 804 dum
411 784 475 803 vero
486 776 562 810 jubet
576 775 635 802 aliis
649 775 785 803 remittere
796 795 804 808 ,
820 783 926 803 omnem
943 777 984 802 in-

188 824 331 858 juriarum.
344 825 499 850 memoriam
521 830 536 849 a
552 822 629 849 nobis
649 822 786 853 eliminet;
810 822 873 849 dum
895 827 984 849 autem

189 878 240 905 pro
259 870 305 897 his
314 869 437 897 omnibus
457 877 486 896 se
507 868 583 896 ttobis
597 868 702 895 veniam
722 874 910 895 concessurum
925 875 986 894 esse

189 916 344 951 pollicetur,
357 915 426 942 bona
442 923 490 942 nos
511 922 559 949 spe
572 914 662 941 fulciat
672 935 679 947 ,
695 921 726 941 ac
740 914 809 941 circa
823 913 985 941 inetTabiletn

193 962 240 989 Ilei
254 961 463 988 tttisericordiam
479 968 528 987 ttos
542 959 722 995 philosophari
737 959 843 987 doceat.

227 1008 253 1035 6.
271 1007 304 1034 Ut
323 1008 379 1034 aliis
393 1007 540 1034 dimittimus
551 1027 558 1039 ,
573 1006 609 1033 sic
631 1005 766 1032 dimittitur
785 1005 865 1032 nobis.
881 1020 915 1024 —
930 1005 986 1032 Hoc

190 1059 281 1080 autent
306 1053 420 1081 maxime
441 1051 635 1080 observandum
656 1056 716 1084 est,
730 1059 790 1078 eutn
802 1072 809 1083 ,
820 1059 880 1078 cutn
897 1050 923 1077 in
938 1058 985 1077 su-

193 1099 320 1133 pradictis
346 1098 457 1133 singulis
481 1104 588 1124 omnem
619 1096 742 1124 virtutem
771 1100 983 1128 commemoret,

191 1146 218 1172 ιιι
235 1145 285 1172 hac
299 1144 379 1172 etiam
402 1144 557 1178 injuriarum
578 1143 791 1171 recordationem
808 1142 983 1177 complecti‘;

192 1198 256 1218 nam
270 1190 429 1218 sanctiﬁcari
444 1198 492 1223 per
507 1198 556 1217 nos
569 1196 665 1217 nomen
681 1188 739 1224 ejus
752 1188 785 1215 ad
801 1188 946 1223 perfectum
960 1194 987 1215 et

191 1237 421 1265 accuratissimum
435 1237 496 1264 vita:
511 1235 660 1263 ittstitutum
674 1235 808 1271 pertinet;
824 1239 852 1262 et
865 1235 987 1262 volunta-

191 1287 247 1310 tem
261 1283 320 1318 ejus
342 1282 398 1310 ﬁeri
421 1282 535 1317 idipsum
558 1288 651 1309 rursus
665 1280 811 1316 signiﬁcat;
832 1284 860 1308 et
881 1280 987 1307 Patrem

193 1337 273 1363 posse
289 1330 371 1357 Deum
386 1336 482 1356 voeare
497 1328 637 1363 inculpatae
650 1327 711 1355 vita:
723 1326 914 1355 demonstratio
926 1330 985 1358 est;

192 1378 220 1404 in
236 1377 332 1412 quibus
346 1376 470 1404 omnibus
483 1375 534 1402 hoc
547 1374 798 1409 eompreltenditur,
820 1373 891 1409 quod
906 1380 987 1408 opor-

195 1427 251 1450 teat
264 1424 330 1450 iram
343 1422 376 1450 de
396 1422 499 1456 injuriis
518 1425 673 1456 conceptam
693 1421 845 1453 remittere;
871 1424 988 1448 attamen

194 1469 237 1496 his
249 1473 389 1496 contentus
403 1476 455 1494 non
467 1467 531 1500 fuit;
549 1467 595 1494 sed
607 1466 751 1494 Ostendere
761 1466 854 1493 volens
863 1469 987 1500 quantam

194 1515 245 1542 hac
263 1514 297 1542 de
315 1522 344 1541 re
362 1518 438 1549 gerat
459 1512 681 1545 sollicitudinem,
705 1511 820 1546 idipsum
841 1511 989 1545 specialiter

194 1560 306 1595 repetit;
329 1567 360 1586 ac
383 1564 442 1593 post
456 1558 604 1586 orationetn
620 1557 720 1584 nullum
736 1557 808 1584 aliud
824 1563 902 1592 quam
918 1555 989 1584 istud

194 1610 327 1633 memorat
341 1610 502 1640 praeceptum
513 1625 520 1637 ,
544 1604 582 1631 sic
601 1603 691 1631 dicens
703 1602 752 1630 :Si
765 1603 830 1630 enim
845 1601 989 1628 dimiseritis

196 1653 340 1680 hominibus
355 1656 458 1686 peccata
473 1659 569 1683 eorum,
585 1650 691 1677 dimittet
704 1649 772 1676 vobis
785 1654 808 1675 et
822 1648 900 1675 Pater
912 1653 991 1675 vester

195 1700 301 1727 catastis
315 1698 422 1733 (Matt/1.
437 1698 464 1726 6.
478 1697 533 1733 14).
547 1697 638 1732 Itaque
649 1705 663 1724 a
680 1697 758 1724 nobis
768 1695 925 1730 prinoipittm
939 1699 989 1726 est,

196 1751 223 1773 et
234 1745 363 1780 judicium
384 1745 417 1771 de
439 1744 516 1771 nobis
539 1743 676 1770 ferendum
700 1743 725 1769 in
746 1746 836 1769 nostra
853 1742 932 1769 situm
948 1745 991 1768 est

199 1796 341 1826 potestate.
355 1791 420 1818 Nam
435 1798 469 1818 ne
483 1790 524 1817 vel
538 1798 570 1817 ex
584 1789 699 1824 stupidis
710 1788 840 1823 quispiam
855 1787 938 1822 possit
949 1787 991 1814 vel

198 1840 225 1866 in
239 1846 319 1874 parva
334 1838 376 1865 vel
390 1838 415 1864 in
429 1845 522 1872 magna
538 1844 567 1864 re
581 1836 710 1871 conqueri
724 1835 787 1862 dum
799 1834 943 1869 jndicatur,
955 1838 991 1864 te,

199 1892 287 1916 neum,
304 1883 398 1910 calculi
414 1881 516 1909 ferendi
531 1881 668 1909 dominum
683 1880 758 1912 facit;
774 1884 802 1907 et
814 1879 991 1913 Quemadmo-

200 1931 275 1963 dum,
292 1929 389 1964 inquit,
405 1933 430 1956 ιιι
447 1928 479 1955 de
495 1932 521 1955 te
536 1928 593 1963 ipso
612 1926 790 1962 judicaveris,
805 1933 854 1960 ego
866 1925 900 1952 de
915 1930 938 1952 te
951 1925 994 1959 ju-

199 1977 308 2005 dicabo.
331 1976 358 2004 Si
378 1982 509 2002 conservo
522 1974 671 2005 dimiseris,
695 1980 710 1999 a
729 1980 773 2000 me
788 1979 878 2007 parem
893 1970 994 1999 referes

201 2024 325 2060 gratiam.
339 2029 498 2057 quatnquam
511 2028 555 2048 res
569 2027 621 2048 non
637 2019 709 2054 paris
718 2018 752 2045 sit
766 2017 938 2045 conditionis.
953 2016 992 2044 Tu

201 2071 273 2097 enim
287 2068 356 2104 quod
371 2067 529 2095 remissione
541 2073 630 2101 egeas,
644 2064 767 2095 remittis,
777 2063 847 2091 Deus
857 2070 921 2090 vero
933 2070 995 2091 cum

203 2116 278 2143 nullo
303 2122 369 2150 opus
393 2114 506 2145 habeat;
531 2117 557 2139 tu
581 2117 730 2143 conservo,
753 2109 824 2137 Deus
848 2116 945 2142 servo;
970 2115 997 2136 ιιι

203 2166 391 2190 sexeentorum
406 2168 468 2188 rens
484 2164 669 2194 peccatorum,
687 2158 758 2185 Deus
779 2164 844 2185 vero
864 2159 997 2198 impecea-

204 2209 265 2236 bilis
278 2215 339 2235 eum
360 2207 404 2234 sit.
426 2207 549 2234 Attamen
572 2205 611 2232 sic
629 2205 674 2232 ille
695 2204 904 2232 misericordiam
921 2211 997 2231 suam

204 2255 330 2284 ostendit.
345 2254 411 2281 Nam
425 2261 486 2281 eum
502 2257 591 2288 posset
607 2251 664 2279 sine
679 2251 729 2278 hac
744 2252 828 2286 posita
843 2251 997 2279 conditione

205 2302 294 2329 omnia
316 2301 361 2328 tibi
383 2303 490 2335 peccata
513 2298 681 2329 condonare;
704 2299 762 2326 vult
783 2303 871 2326 tamen
895 2302 923 2326 te
937 2297 999 2325 inde

204 2348 286 2375 etiam
302 2346 460 2374 beneﬁcium
478 2345 616 2379 accipere,
638 2343 712 2371 mille
729 2344 774 2371 tibi
790 2344 913 2380 ,undique
925 2352 1000 2371 man-

205 2392 356 2420 suetudinis
369 2395 397 2418 et
412 2389 585 2418 humanitatis
600 2389 756 2416 occasiones
777 2389 930 2416 ministrans
942 2410 949 2421 ,
973 2393 1001 2417 et

206 2438 276 2474 quod
291 2439 316 2465 in
330 2442 354 2465 te
368 2437 513 2464 bellttinum
524 2440 566 2463 est
576 2435 728 2467 eliminatis,
741 2435 806 2462 iram
818 2434 998 2469 exstinguens,

204 2491 230 2514 et
247 2485 362 2519 undique
380 2488 406 2511 te
427 2482 548 2510 membro
569 2487 613 2509 tuo
629 2481 823 2517 eonglutinans.
847 2480 915 2514 Quid
937 2488 1001 2515 ergo

207 2532 298 2558 dicere
311 2530 417 2565 possis?
432 2537 465 2556 an
480 2533 506 2556 te
521 2528 583 2555 mali
595 2527 729 2563 quidpiam
742 2534 757 2554 a
768 2527 889 2562 proximo
904 2527 1000 2562 injuste

207 2584 315 2612 passum
329 2576 409 2603 esse?
424 2575 485 2602 Haec
492 2574 592 2609 quippe
603 2577 666 2600 sunt
676 2577 782 2607 peccata
793 2580 801 2604 ;
813 2580 873 2598 nam
887 2572 909 2598 si
918 2572 998 2606 juste,

245 2693 252 2707 ι
271 2689 369 2720 Quidam
381 2691 434 2712 Mss.
454 2688 518 2711 hunc
530 2687 609 2711 locum
621 2687 655 2710 sic
676 2685 766 2709 habent
783 2687 864 2708 Graece
881 2691 887 2708 :
908 2690 918 2708 δ
930 2688 951 2708 δι
972 2691 1006 2714 μὰ-

214 2734 269 2747 λμηα.
279 2728 312 2752 κινῇ
322 2728 448 2751 παρατηρῆσαι
461 2738 466 2747 ,
478 2724 533 2743 τιῆκό
545 2725 593 2742 tnui
605 2723 633 2742 ὅτι.
641 2722 680 2741 καθ’
692 2722 767 2741 inme-1
779 2724 814 2740 τῶν
828 2722 920 2746 ιὶᾳημὶνυν
931 2721 1007 2752 ($13117;-

213 2766 244 2784 βυ
397 2749 438 2784 ξτῇς
453 2755 531 2784 ἄρῃ-ἦε,
547 2754 609 2784 suos",
620 2754 650 2772 ιιιὶ
664 2754 686 2782 «is
702 2754 814 2784 μνηςέιαιιιῑν
830 2752 929 2784 nepita/16¢.

213 2778 249 2808 an
265 2778 376 2807 converti
387 2778 492 2809 debent,
510 2781 579 2811 juxta
595 2778 723 2808 Georgium
739 2778 922 2811 :mipezunt‘ium
935 2780 1006 2811 ἦρσε

214 2806 295 2839 anteiit
310 2812 417 2838 maxime
425 2806 601 2836 observandum
609 2806 896 2841 εδιέηιιοιιὶαιιίείηῃᾳιὶδ
906 2806 1006 2841 quibus-

214 2838 264 2876 que
271 2842 393 2870 sententiis
405 2842 574 2874 perfectionem
582 2839 676 2865 virtutis
687 2838 821 2867 includens,
829 2838 901 2876 etiam
911 2838 936 2862 in
946 2845 1008 2863 nnt-

221 2873 358 2903 t'edcmibus
370 2873 470 2908 injuria:
489 2884 530 2902 nos
540 2876 689 2908 prohibuerit
708 2874 843 2902 recordari.
858 2873 955 2901 Boisius
967 2875 1007 2898 le—

220 2909 331 2938 xendum
343 2907 403 2933 Vidit
416 2907 441 2932 in
454 2907 544 2939 Graeco,
557 2910 596 2933 καὶ
607 2909 634 2933 τὸ
656 2909 688 2938 μή
700 2907 852 2939 μνησικακεῖν
874 2907 1005 2937 περιέλαϐε.

758 163 788 190 IN
810 160 1010 190 lllATTH/EUM
1030 161 1144 191 HOMIL.
1169 165 1237 192 XIX;

1779 167 1831 196 282

1040 228 1177 255 peccatum
1198 224 1299 250 nulltnn
1315 229 1365 250 est.
1382 224 1415 250 At
1431 229 1456 250 tu
1474 224 1564 251 talium
1585 233 1646 252 vere
1662 230 1830 260 peccatorum

1038 269 1142 295 veniam
1158 270 1346 303 impetraturus
1359 270 1472 303 accedis,
1489 271 1543 297 imo
1555 275 1581 297 et
1595 271 1676 298 multo
1690 271 1828 306 majorum.

1038 314 1071 341 Et
1088 320 1150 342 ante
1165 316 1269 343 veniam
1281 337 1287 348 ,
1310 324 1362 343 non
1383 317 1520 344 tninituam
1536 323 1717 352 consequutus
1730 325 1758 345 es
1773 325 1833 352 gra-

1039 360 1119 391 tiam,
1140 361 1249 388 edoctus
1270 366 1296 389 te
1320 362 1462 389 humanam
1487 362 1586 390 habere
1607 363 1742 397 anitnatn,
1758 369 1785 391 et
1799 364 1832 390 ad

1037 413 1145 433 omnem
1172 408 1403 435 mansuetudinem
1427 408 1574 436 institutus.
1602 408 1665 435 Post
1688 409 1746 436 ha‘c
1769 417 1833 436 Vero

1039 460 1135 487 magna
1149 453 1230 480 etiam
1250 454 1296 481 tibi
1317 461 1420 481 merces
1442 454 1498 482 illic
1522 454 1658 481 recondita
1673 455 1721 481 crit
1734 475 1740 486 ,
1762 455 1832 489 quod

1039 498 1119 524 nulla:
1132 505 1145 524 a
1161 502 1187 526 te
1201 503 1370 533 peccatorum
1386 499 1502 527 rationes
1518 500 1696 534 postulentur.
1709 500 1767 533 Quo
1782 501 1832 535 igi—

1038 547 1082 570 tur
1095 543 1166 578 digni
1180 545 1311 580 supplicio
1327 546 1442 577 erimus,
1460 546 1481 573 si
1498 546 1542 573 tali
1558 551 1665 581 accepta
1680 551 1811 581 potestate
1824 568 1831 579 ,

1038 590 1150 617 salutem
1167 595 1284 618 nostrant
1302 592 1464 626 prodamus?
1479 592 1613 627 qttomodo
1626 596 1714 619 atttcm
1731 593 1756 619 in
1773 592 1833 619 aliis

1040 643 1089 663 nos
1103 636 1223 664 exaudiri
1238 645 1372 672 rogamus,
1391 646 1450 665 cum
1468 639 1592 671 nolimus,
1610 639 1672 666 dum
1689 646 1772 674 penes
1784 647 1832 665 nos

1039 687 1089 713 est,
1105 683 1181 709 nobis
1194 683 1258 717 ipsis
1273 691 1382 718 parcere
1393 685 1404 710 ’ἒ
1417 685 1458 711 15.
1477 683 1510 710 Et
1520 693 1549 711 ne
1561 693 1606 712 nos
1619 684 1725 712 inducas
1738 685 1764 711 in
1779 690 1832 712 ten-

1040 730 1168 762 tatianem,
1185 730 1228 757 sed
1242 730 1319 757 libera
1331 739 1376 757 nos
1391 739 1406 757 α
1419 731 1496 757 malo.
1511 731 1577 764 Quia
1588 736 1657 758 tuum
1667 736 1703 758 est
1715 740 1830 767 regnum,

1039 781 1061 802 et
1075 777 1196 810 potentia,
1209 782 1232 803 et
1246 777 1328 809 gloria
1342 777 1368 803 in
1381 779 1484 809 stecula,
1502 785 1586 804 auten.
1602 777 1649 804 l’lic
1661 777 1716 812 jam
1731 785 1778 804 nos
1791 778 1832 804 vi-

1039 820 1139 847 litatem
1162 825 1279 848 nostram
1295 822 1367 848 clare
1382 821 1478 853 docet,
1503 827 1529 848 et
1545 827 1676 849 tumoretn
1693 822 1810 857 rcpritnit
1825 830 1833 847 -.

1040 865 1149 893 hortans
1169 870 1196 892 ιιι
1213 867 1358 894 certamina
1375 867 1519 902 fugiamus;
1535 868 1580 896 sed
1596 876 1629 895 tte
1643 869 1669 895 in
1684 875 1714 895 ea
1730 869 1831 895 insilia-

1040 920 1109 939 mus.
1126 912 1162 940 lta
1177 914 1247 940 enim
1269 920 1296 940 et
1315 914 1391 941 nobis
1414 915 1523 941 victoria
1546 914 1711 948 splendidior
1724 915 1789 945 erit.
1806 919 1845 942 et-

1041 959 1138 986 diaboli
1152 959 1241 987 clades
1262 961 1347 995 magis
1362 961 1500 988 ritlebitur.
1517 961 1582 988 Cum
1599 961 1729 988 trahimur
1740 961 1810 988 enim
1823 982 1831 994 ,

1041 1006 1142 1032 l'ortiter
1157 1006 1280 1032 standum
1302 1011 1360 1039 est;
1386 1014 1438 1034 non
1463 1012 1570 1035 tocatos
1593 1012 1681 1035 autem
1696 1008 1833 1043 quiescere

1038 1056 1153 1086 oportet,
1166 1059 1197 1079 ac
1207 1056 1311 1086 tempus
1322 1054 1495 1080 certaminum
1507 1058 1671 1088 exspectare,
1683 1058 1712 1081 ut
1721 1058 1749 1082 et
1757 1062 1833 1082 vana:

1039 1098 1131 1131 gloria:
1146 1103 1270 1132 expertes
1286 1103 1311 1126 et
1327 1103 1450 1126 strenuos
1464 1107 1514 1126 nos
1530 1100 1714 1128 exhibeamns.
1736 1100 1831 1127 Malum

1040 1147 1128 1170 autem
1144 1143 1186 1170 hic
1202 1144 1335 1171 diabolum
1349 1150 1436 1178 vocat,
1459 1145 1557 1180 jubens
1579 1153 1627 1172 nos
1642 1153 1702 1173 cum
1718 1146 1762 1172 illo
1775 1146 1833 1173 bel-

1040 1190 1094 1216 lum
1127 1190 1292 1225 inexpiabile
1317 1199 1429 1225 gerere,
1456 1195 1483 1218 et
1505 1191 1651 1219 ostendens
1672 1192 1758 1226 ipsum
1780 1200 1833 1220 non

1040 1241 1132 1264 natura
1146 1237 1226 1264 talem
1238 1244 1308 1265 esse.
1323 1237 1420 1264 Malitia
1435 1238 1505 1265 enim
1516 1235 1569 1265 non
1581 1246 1613 1265 ex
1626 1243 1731 1270 natura,
1743 1238 1790 1266 sed
1801 1247 1834 1266 ex

1039 1284 1177 1312 voluntate
1197 1284 1323 1320 gignitur.
1347 1284 1392 1312 Ille
1412 1289 1501 1312 autem
1523 1285 1655 1319 praecipue
1669 1285 1709 1313 sic
1725 1290 1835 1313 vocatur

1040 1330 1076 1357 ob
1100 1330 1234 1365 ingentem
1258 1330 1367 1357 malititn
1389 1330 1598 1365 magnitudinem
1614 1335 1662 1358 :et
1682 1331 1743 1366 quia
1768 1330 1835 1357 nihil

1041 1376 1121 1404 lmsus
1135 1384 1150 1403 a
1165 1376 1242 1404 nobis
1261 1376 1420 1411 inexpiabile
1443 1381 1536 1404 contra
1559 1384 1609 1405 nos
1633 1377 1729 1405 bellttm
1750 1377 1833 1412 gerit,

1041 1423 1101 1451 ideo
1114 1431 1168 1450 non
1183 1422 1259 1457 dixit,
1275 1422 1370 1451 Libera
1385 1430 1433 1450 nos
1447 1430 1462 1449 a
1478 1423 1572 1457 malis,
1589 1423 1636 1451 sed
1646 1445 1654 1457 ,
1669 1423 1690 1450 A
1705 1423 1773 1450 man
1784 1446 1792 1455 ,
1807 1428 1836 1449 ιιι

1041 1478 1090 1498 nos
1102 1474 1254 1498 moneat‘ne
1267 1475 1359 1497 contra
1369 1470 1520 1504 proximum
1534 1477 1626 1497 amaro
1637 1470 1726 1497 animo
1740 1470 1835 1502 simus,

1042 1517 1147 1544 etiamsi
1169 1516 1237 1543 male
1251 1515 1383 1550 patiamur
1398 1515 1431 1543 ab
1445 1516 1497 1543 illis
1507 1537 1514 1549 ,
1538 1516 1585 1543 sed
1600 1516 1633 1543 ab
1655 1516 1706 1543 illis
1726 1515 1790 1550 ipsis
1802 1515 1836 1542 ad

1041 1562 1178 1589 diabolum
1190 1561 1400 1589 transferendam
1414 1562 1580 1590 inimicitiam
1594 1570 1664 1596 esse,
1675 1567 1767 1597 utpote
1780 1569 1837 1588 ma-

1043 1608 1128 1635 lorum
1144 1608 1264 1634 omnium
1278 1615 1397 1635 causam.
1421 1608 1524 1636 Inimici
1540 1608 1628 1643 itaque
1641 1615 1836 1635 commemora-

1043 1653 1115 1680 tione
1122 1652 1154 1679 ad
1164 1657 1300 1680 certamen
1312 1660 1362 1680 nos
1371 1661 1533 1688 praeparans,
1545 1658 1571 1681 et
1582 1654 1720 1688 segnitiem
1731 1661 1838 1681 omnem

1043 1706 1058 1726 a
1075 1698 1152 1726 nobis
1166 1698 1338 1733 exscindens,
1355 1707 1447 1727 rursus
1459 1699 1581 1726 ﬁduciam
1596 1700 1693 1734 ingerit
1703 1704 1732 1727 et
1744 1707 1839 1727 sensus

1043 1745 1131 1780 erigit,
1141 1744 1240 1779 Regem
1254 1752 1481 1778 commemorans,
1494 1745 1543 1772 sub
1555 1753 1608 1780 quo
1622 1746 1649 1773 in
1660 1745 1716 1773 acie
1726 1750 1837 1777 stamus,

1045 1795 1072 1817 et
1093 1791 1240 1818 ostendens
1268 1791 1354 1826 ipsum
1383 1799 1443 1819 esse
1465 1792 1585 1819 omnium
1613 1792 1837 1826 potentissimum.

1045 1836 1129 1863 Tuum
1149 1841 1205 1866 est.
1223 1837 1324 1872 inquit,
1345 1845 1466 1873 regnum,
1487 1842 1510 1864 et
1526 1837 1654 1872 potentia,
1670 1841 1693 1864 et
1707 1837 1798 1872 gloria.
1812 1837 1839 1864 Si

1045 1889 1110 1917 ergo
1121 1882 1192 1910 illius
1202 1887 1243 1910 est
1253 1891 1375 1918 regnum,
1385 1891 1464 1911 nemo
1477 1882 1610 1911 timendus
1624 1887 1676 1915 est,
1687 1891 1748 1910 cutn
1761 1890 1840 1910 nemo

1047 1930 1081 1956 sit
1094 1929 1139 1964 qui
1153 1930 1284 1957 obsistere
1299 1930 1393 1964 possit,
1408 1934 1435 1957 et
1448 1929 1493 1964 qui
1508 1934 1599 1957 contra
1613 1929 1685 1956 illum
1700 1929 1839 1964 imperium

1049 1979 1148 2003 teneat.
1163 1974 1230 2002 Cum
1245 1975 1316 2002 enim
1331 1975 1411 2003 dicit:
1435 1976 1516 2002 Tuum
1539 1981 1576 2002 est
1595 1984 1710 2010 regnum,
1725 1975 1842 2003 ostendit

1049 2023 1130 2048 etiam
1142 2029 1202 2049 eum
1215 2041 1223 2054 ,
1239 2021 1281 2056 qui
1298 2028 1348 2048 nos
1371 2021 1524 2056 impugnat,
1547 2021 1597 2056 ipsi
1611 2021 1745 2048 subditum
1760 2029 1821 2049 esse
1832 2042 1841 2055 ,

1050 2068 1155 2095 etiamsi
1177 2072 1270 2095 contra
1285 2071 1358 2094 stare
1378 2066 1501 2094 videatur
1512 2088 1519 2100 ,
1546 2066 1601 2094 Deo
1619 2067 1724 2094 interim
1740 2067 1766 2094 id
1783 2075 1842 2101 per-

1051 2114 1184 2140 mittente.
1196 2113 1262 2140 Nam
1278 2117 1304 2140 et
1321 2111 1377 2148 ipse
1391 2119 1424 2140 ex
1439 2119 1575 2139 servorum
1590 2119 1702 2139 numero
1715 2116 1766 2145 est,
1780 2112 1843 2139 licet

1051 2159 1189 2186 inl‘amium
1215 2163 1242 2186 et
1265 2159 1456 2193 reproborum;
1483 2165 1533 2186 nec
1559 2159 1630 2186 ausit
1653 2165 1843 2186 conservorum

1052 2206 1202 2240 quempiam
1218 2205 1354 2237 invadere,
1371 2204 1422 2231 nisi
1435 2204 1508 2239 prius
1521 2204 1635 2239 desuper
1647 2204 1780 2240 acceperit
1792 2213 1842 2240 p0-

1053 2256 1187 2280 testatem.
1205 2250 1379 2285 quuiddico
1392 2250 1610 2277 conservorum?‘
1622 2249 1661 2277 Ne
1677 2257 1770 2284 porcos
1783 2252 1843 2285 qui-

1053 2297 1114 2324 dem
1129 2304 1211 2325 ausus
1224 2302 1265 2324 est
1280 2296 1416 2328 invadere,
1431 2295 1517 2323 donec
1532 2295 1588 2330 ipse
1604 2296 1740 2330 permisit;
1757 2304 1844 2331 tteqtte

1053 2343 1144 2370 ovium
1155 2343 1286 2377 boumque
1295 2349 1398 2377 greges,
1410 2341 1495 2369 donec
1505 2341 1637 2368 licentiam
1648 2345 1675 2369 et
1685 2347 1843 2377 potestatetu

1054 2389 1210 2424 accepisset.
1227 2388 1318 2423 Itaque
1332 2387 1435 2415 etiamsi
1450 2388 1527 2423 longe
1541 2387 1673 2415 inﬁrmior
1686 2395 1771 2422 esses,
1785 2389 1845 2423 jure

1053 2435 1208 2463 consideres
1230 2439 1304 2461 tanto
1324 2434 1471 2469 imperante
1485 2441 1563 2468 rege.
1579 2434 1623 2468 qui
1645 2438 1734 2468 potest
1756 2442 1803 2469 per
1819 2439 1845 2462 te

1054 2481 1181 2516 praeclara
1190 2480 1266 2508 facile
1281 2487 1362 2514 opera
1377 2479 1465 2507 edere.
1475 2479 1599 2514 Et‘gloria
1608 2480 1635 2506 in
1647 2480 1747 2511 stt-culo,
1761 2489 1845 2508 amen.

1089 2532 1115 2557 'l.
1142 2530 1243 2563 Quanta
1262 2528 1289 2554 in
1313 2527 1364 2554 Deo
1387 2526 1558 2562 benefaciendi
1578 2531 1696 2561 potestas.
1718 2527 1845 2560 Quantum

1055 2577 1145 2604 oblivio
1159 2575 1313 2608 iniuriarum
1326 2573 1426 2600 Cltristo
1441 2573 1473 2599 sit
1488 2572 1567 2599 cordi.
1585 2572 1645 2599 Non
1658 2575 1740 2608 gratia
1752 2575 1845 2608 solum,

1055 2625 1100 2651 sed
1113 2623 1187 2650 etiam
1206 2621 1322 2655 operibus
1350 2619 1416 2653 ﬁlios
1441 2617 1489 2645 Dei
1507 2627 1560 2645 esse
1581 2624 1689 2653 oportet.
1712 2619 1781 2647 Deus
1801 2628 1847 2647 nos

1056 2672 1112 2706 plus
1126 2677 1202 2704 quam
1216 2672 1288 2702 pater
1301 2671 1324 2692 et
1344 2669 1423 2692 mater
1436 2665 1623 2700 diligit.—Non
1637 2666 1706 2692 enim
1721 2670 1747 2693 te
1760 2670 1847 2700 potest

1057 2717 1142 2744 solum
1154 2715 1187 2742 ab
1198 2712 1382 2748 ingruentibus
1391 2710 1467 2738 malis
1477 2718 1582 2742 eruere,
1596 2710 1642 2738 sed
1654 2711 1734 2738 etiam
1747 2711 1847 2746 glorio-

1057 2770 1115 2790 sutn
1128 2760 1348 2795 splendidutnque
1362 2757 1483 2785 reddere.
1507 2757 1580 2784 Sicut
1594 2756 1664 2784 enim
1686 2757 1769 2784 virtus
1790 2756 1848 2791 ejus

1058 2814 1166 2842 magna,
1185 2805 1219 2833 ita
1235 2809 1276 2831 est
1290 2804 1373 2839 gloria
1388 2803 1447 2837 ejus
1467 2801 1607 2830 ineﬁ'abilis
1624 2810 1630 2828 :
1646 2806 1673 2829 et
1688 2801 1744 2828 hmc
1757 2802 1846 2829 omnia

1060 2856 1184 2888 perpetua
1199 2855 1279 2883 sunt,
1301 2850 1413 2884 ﬁnisque
1431 2855 1524 2876 eorum
1546 2848 1633 2875 nullus
1653 2854 1702 2874 est.
1726 2848 1848 2875 Vidistiu'

1060 2898 1192 2935 quomodo
1207 2896 1322 2932 undique
1338 2895 1464 2923 athletam
1480 2894 1592 2927 inunxit,
1609 2893 1711 2928 ipsique
1724 2893 1846 2920 ﬁduciam
