2067 3132
204 134 257 162 285

205 193 320 222 indidit?
335 194 450 227 Deinde,
465 199 492 222 ut
504 195 626 229 jam.diiii
640 216 646 227 ,
664 200 692 222 ut
707 195 831 223 ostendat
845 202 874 222 se
890 195 999 224 iniuria-

204 248 264 267 rum
288 241 500 268 recordationem
514 241 629 270 maxime
641 242 756 269 aversari
771 245 799 268 et
809 241 872 268 odio
886 241 983 268 habere
994 262 1000 272 .

205 285 323 321 itemque
347 287 408 314 huic
429 287 578 321 oppositam
602 287 725 314 virtutem
746 286 861 314 maxime
883 286 1002 313 omnium

205 338 342 367 acceptam
357 333 455 360 habere
467 354 474 366 ,
483 337 554 374 post
573 333 721 360 orationem
737 340 828 360 rursus
841 332 892 360 hoc
903 332 1002 359 bonum

208 386 274 413 opus
287 380 463 412 memoravit,
480 384 506 406 et
520 387 534 405 a
548 379 685 414 proposito
703 378 842 414 supplicio,
858 384 884 406 et
904 387 919 406 a
939 387 1004 406 con-

206 424 299 451 stituto
314 425 424 459 prtemio
437 424 586 453 auditorem
610 424 736 452 inducens
750 424 782 452 ad
802 425 1002 460 obsequendum

207 469 269 497 huic
282 475 425 505 przecepto.
439 470 505 498 Nam
518 471 555 498 ait
569 480 575 497 :
592 471 634 498 Μ.
650 471 681 498 Si
691 471 834 498 dimiserim
849 471 1001 504 hominibus,

206 516 282 543 etiam
298 516 377 544 Pater
390 522 470 545 vester
481 517 586 547 celestis
600 518 706 545 dimittet
719 518 802 550 nobis;
818 518 862 545 15.
878 518 900 545 εἰ
919 523 1002 547 autem

206 571 258 589 non
270 563 434 596 remiseritia,
449 571 527 597 neque
539 563 593 598 ipse
611 562 678 590 uobis
692 564 810 590 remittet.
829 562 891 591 Ideo
910 570 1004 591 rursus

207 609 288 635 cmlos
303 614 329 636 et
344 609 449 636 Patrem
465 614 668 641 commemorat,
683 613 754 636 utcx
770 609 821 636 hoc
833 617 939 644 quoque
951 616 1000 637 au-

206 654 319 681 ditorem
337 654 436 689 pudore
450 654 558 686 efficiat,
574 654 597 681 si
613 655 678 682 tanti
695 655 781 682 Patris
797 655 866 682 filius
879 663 941 683 cum
956 655 1000 688 sit,

207 701 279 727 ferus
291 700 403 732 evadat,
418 704 446 727 et
458 699 491 727 ad
506 700 601 733 omium
619 707 739 734 vocatus,
761 705 896 728 terrenum
916 708 1002 728 szecu-

207 746 344 781 laremque
357 753 464 773 sensum
479 746 584 774 habeat.
598 746 656 776 Non
667 747 737 774 enim
748 747 833 781 gratia
846 747 942 779 solum,
955 746 1001 773 sed

206 793 287 821 etiam
300 793 425 828 operibus
439 792 509 825 ﬁlios
522 793 566 820 Dei
578 800 637 820 esse
651 797 767 827 oportet.
782 792 854 820 Nihil
865 797 953 820 autem
964 792 1003 821 sic

207 840 264 867 Deo
278 840 392 867 similem
407 840 488 867 eflicit
504 845 531 866 ut
544 840 666 875 malignis
681 844 760 874 atque
772 839 930 866 hedentibus
943 846 1003 867 esse

206 885 380 921 placabilem;
396 885 619 921 quemadmodum
633 891 659 912 et
678 891 740 915 ante
752 885 860 918 docuit,
882 892 942 912 cum
962 884 1003 912 di—

208 936 283 959 ceret
304 931 390 966 ipsum
405 931 489 959 solem
503 939 579 958 suum
595 931 658 959 oriri
673 930 761 958 facere
775 938 856 965 super
869 931 954 959 malos
976 934 1008 961 et

207 977 303 1005 honos.
317 977 461 1012 Propterea
479 985 525 1011 per
539 977 642 1011 singula
657 976 737 1004 verba
751 984 909 1005 communes
927 975 1002 1010 jubet

208 1024 297 1052 facere
309 1024 460 1055 orationes,
478 1023 554 1050 Pater
568 1028 653 1051 noster
667 1023 770 1055 dicens,
786 1028 823 1055 et,
841 1022 900 1049 Fiat
915 1022 1004 1050 volun-

208 1075 247 1097 tas
261 1075 314 1103 tua,
328 1070 391 1096 sicut
406 1070 432 1096 in
444 1070 517 1101 Catio,
534 1074 557 1096 et
571 1070 597 1095 in
610 1073 695 1101 terra;
708 1073 744 1100 et,
762 1068 856 1095 Panem
869 1068 902 1094 da
914 1067 1003 1098 nobis;

208 1121 253 1148 et,
268 1115 374 1142 Dimitte
389 1114 458 1142 nobis
472 1115 555 1141 debita
568 1120 672 1146 nostra;
688 1118 731 1146 et,
749 1113 790 1140 Ne
803 1122 849 1141 nos
863 1113 968 1140 inducas
978 1114 1005 1140 in

209 1161 390 1193 tentationem;
409 1166 453 1193 et,
470 1160 561 1187 Libera
576 1168 621 1187 nos
636 1168 645 1187 :
661 1160 753 1194 plurali
770 1167 819 1187 nos
833 1167 938 1194 semper
954 1167 1004 1186 nu-

209 1216 286 1236 mero
300 1209 335 1234 uti
348 1208 446 1241 jubens
456 1228 463 1240 ,
479 1213 507 1235 ut
523 1215 556 1235 ne
570 1207 710 1242 vestigium
724 1207 832 1240 quidem
846 1206 892 1233 iric
912 1207 1006 1234 adver-

210 1262 255 1281 sus
270 1254 419 1289 proximum
435 1254 610 1281 retineamus.
627 1253 732 1286 Quanto
749 1254 837 1287 itaque
852 1252 922 1287 digni
941 1260 1006 1288 sup-

210 1301 291 1335 plicio
306 1299 404 1327 fuerint
426 1300 443 1327 ii
464 1299 510 1334 qui
533 1304 591 1335 post
610 1299 668 1328 haec
680 1299 770 1327 omnia
792 1306 846 1326 non
864 1298 943 1326 modo
956 1298 1006 1333 ipsi

211 1354 264 1373 non
279 1346 434 1377 remittunt.
449 1346 496 1373 sed
510 1346 590 1374 etiam
606 1346 687 1373 Deum
702 1344 735 1372 ad
755 1345 898 1372 vindictam
920 1344 1008 1372 inimi-

210 1400 303 1420 corum
319 1392 459 1424 invocant,
482 1396 509 1419 et
529 1391 605 1427 quasi
627 1399 661 1420 ex
678 1391 811 1418 diametro
832 1390 901 1418 hanc
921 1390 1005 1424 legem

212 1437 453 1473 transgrediuntur,
474 1442 502 1465 et
521 1437 571 1464 hoc
586 1445 647 1465 cum
663 1437 707 1465 ille
727 1436 792 1463 nihil
813 1443 866 1463 non
887 1435 967 1463 faciat
981 1441 1009 1463 et

212 1490 349 1519 operetur,
372 1488 400 1511 ut
422 1491 456 1511 ne
476 1484 576 1511 mutuis
598 1490 647 1510 nos
669 1483 786 1511 dissidiis
807 1483 1009 1517 disjuugamus?

212 1531 279 1565 Quia
292 1531 363 1558 enim
374 1530 446 1557 radix
458 1530 590 1562 bonorum
601 1530 720 1557 omnium
732 1534 774 1557 est
785 1530 892 1561 caritas.
906 1537 937 1558 ea
950 1537 1010 1564 quae

214 1578 298 1613 ipsam
319 1576 494 1612 pessumdant
519 1575 603 1611 tollit,
626 1581 653 1603 et
675 1576 791 1611 undique
813 1584 862 1603 nos
885 1578 1010 1611 copulare

214 1623 314 1651 studet.
329 1623 422 1651 Nullus
436 1623 507 1650 enim
521 1628 571 1654 est,
586 1623 676 1650 nullus
686 1627 770 1656 certe,
784 1623 840 1650 sive
854 1628 939 1658 pater,
953 1623 1010 1650 sive

215 1674 313 1704 mater,
327 1670 382 1697 sive
397 1670 498 1697 amicus
508 1690 515 1702 ,
531 1670 588 1697 sive
600 1669 687 1704 quivis
701 1670 786 1702 alius,
800 1671 844 1704 qui
858 1678 907 1697 nos
922 1670 956 1697 ita
969 1670 1011 1697 di-

216 1716 322 1749 lexerit,
340 1720 368 1743 ut
378 1715 423 1750 qui
436 1715 498 1743 fecit
510 1723 559 1743 nos
580 1716 660 1743 Deus.
674 1715 792 1750 Illuilque
804 1716 888 1750 palam
901 1716 1011 1744 omnino

217 1766 260 1789 est
272 1766 298 1789 et
312 1769 343 1788 ex
358 1762 493 1789 beueiiciis
508 1770 568 1796 qua:
581 1762 699 1796 quotidie
714 1761 836 1795 confert,
853 1767 879 1789 et
894 1770 927 1789 cx
944 1770 1012 1796 prae-

218 1808 303 1842 ceptis
317 1815 376 1842 qua:
387 1807 532 1834 constituit.
546 1807 621 1841 Quod
633 1808 655 1835 si
666 1816 800 1835 aerumnas
815 1808 877 1835 mihi
890 1808 1011 1843 olijicias,

218 1854 241 1880 si
257 1854 362 1881 dolores
377 1860 526 1888 caulemque
541 1854 601 1880 vitae
617 1854 702 1886 mala;
718 1854 802 1889 cogita
819 1855 923 1888 quantis
938 1854 1012 1882 illum

218 1899 338 1934 quotidie
357 1899 491 1930 offendas.
512 1906 599 1934 neque
620 1900 687 1926 ultra
709 1899 864 1932 miraberis,
888 1900 911 1926 si
933 1900 1013 1927 etiam

219 1945 296 1981 plura
313 1945 354 1972 his
369 1945 437 1972 mala
454 1950 479 1972 te
493 1945 639 1977 invadant;
654 1945 700 1972 scd
715 1945 737 1972 si
754 1945 823 1975 bono
836 1945 924 1980 aliquo
944 1946 1015 1973 frua-

220 1992 274 2024 ris,
300 1996 362 2019 tunc
384 1986 448 2018 sane
470 1996 576 2027 stupeas
595 1999 627 2019 ac
642 1991 755 2019 mireris.
778 1991 853 2021 Nunc
874 2000 954 2027 porro
976 1993 1013 2019 ir-

221 2043 329 2066 ruentes
338 2038 502 2065 calamitates
512 2038 701 2073 conspicimus,
713 2038 827 2066 oll‘ensas
836 2043 935 2071 autem,
948 2047 1015 2074 quas

221 2085 339 2120 quotidie
352 2084 525 2116 admittimus,
540 2092 596 2112 non
606 2086 632 2111 in
646 2088 763 2112 mentem
778 2092 903 2113 vocamus
916 2095 922 2112 :
940 2086 1014 2113 ideo-

222 2139 274 2165 que
298 2130 405 2165 indigne
429 2130 548 2157 ferimus.
576 2130 651 2163 Quod
677 2130 700 2157 si
732 2130 811 2158 unius
832 2131 884 2158 diei
908 2137 1015 2166 peccata

223 2181 319 2204 nostra
329 2181 452 2204 accurate
465 2177 671 2212 recogitaremus
681 2198 688 2208 ,
704 2182 766 2205 tunc
778 2177 849 2204 clare
864 2185 1014 2213 nossemus,

223 2228 385 2258 quantorum
404 2223 442 2250 rei
458 2231 577 2250 essemus
598 2223 741 2250 malorum.
756 2224 843 2258 Atque
863 2229 906 2255 ut,
928 2225 1016 2253 missis

224 2269 283 2296 aliis
297 2277 356 2304 qua:
370 2270 481 2303 quisque
496 2274 613 2296 vestrum
628 2270 759 2303 admittit,
774 2270 818 2297 illa
835 2275 942 2304 peccata
957 2279 1017 2306 quae

224 2315 304 2343 hodie
316 2315 384 2342 facta
398 2320 459 2342 sunt
473 2316 748 2349 reccnseam,eliamsi
759 2323 812 2343 non
830 2317 914 2344 norim
927 2317 952 2344 in
964 2325 1017 2352 quo

225 2367 343 2389 vestrum
354 2363 449 2397 singuli
466 2362 649 2396 peccaverint:
663 2367 780 2390 attamen
795 2368 865 2390 tanta
886 2370 926 2391 est
948 2364 1018 2391 deli-

227 2414 331 2436 ctorum
351 2408 440 2443 copia,
461 2413 490 2435 ut
510 2409 532 2436 is
546 2409 637 2441 etiam,
656 2409 700 2444 qui
713 2414 837 2440 accurate
856 2411 943 2437 omnia
964 2418 1017 2438 non

227 2455 320 2487 novit,
335 2454 417 2488 possit
433 2458 523 2481 tamen
535 2462 567 2480 ex
584 2455 615 2481 iis
630 2455 712 2482 multa
725 2463 845 2489 carpere.
870 2456 934 2489 Quis
955 2465 1019 2492 ergo

227 2504 347 2527 nostrum
362 2507 413 2526 non
429 2500 518 2534 segnis
533 2500 579 2527 fuit
595 2500 620 2526 in
641 2500 762 2528 orando?
781 2502 839 2535 quis
854 2509 905 2528 non
927 2502 951 2528 in
971 2509 1018 2529 su-

228 2545 352 2580 perbiam,
368 2545 478 2572 incidit?
496 2546 555 2580 quis
576 2554 629 2573 non
654 2547 678 2573 in
698 2555 792 2574 vanam
815 2548 946 2582 gloriam?
960 2550 1019 2584 quis

229 2599 283 2618 non
298 2591 331 2618 de
346 2591 432 2617 l'ratris
446 2591 486 2618 sui
502 2591 570 2618 fama
587 2592 721 2625 detraxit,
744 2600 793 2621 nec
807 2594 903 2620 malam
919 2602 1019 2626 concu-

229 2636 384 2672 piscentiam
408 2636 531 2664 admisit?
549 2638 609 2672 quis
631 2645 683 2665 non
706 2639 846 2673 impudicis
867 2640 952 2670 oculis
975 2648 1020 2668 re—

230 2682 337 2717 spexit?
351 2684 409 2717 quis
425 2690 477 2709 non
494 2683 591 2711 iuimiei
606 2691 665 2711 cum
679 2685 760 2712 animi
780 2691 854 2713 motu
866 2686 1020 2715 recordatus

230 2729 291 2760 est?
305 2729 364 2764 quis
378 2736 430 2756 non
446 2736 492 2756 cor
506 2737 588 2757 suum
598 2735 702 2764 tumore
714 2732 845 2767 replevit?
859 2733 936 2767 Quod
956 2734 978 2761 si
994 2735 1019 2761 in

230 2775 342 2802 ecclesia
357 2782 417 2802 cum
431 2775 532 2810 simus,
547 2777 672 2811 brevique
691 2782 810 2812 tempore
831 2783 870 2806 tot
890 2779 1020 2807 malorum

230 2821 269 2848 rei
284 2820 345 2848 facti
360 2829 467 2854 sumus,
483 2822 590 2856 quinam
604 2822 720 2856 erimus,
737 2824 798 2851 inde
811 2825 931 2859 egressi?
949 2826 972 2853 si
994 2826 1019 2853 in

232 2872 310 2908 portu
326 2873 365 2897 tot
378 2867 471 2896 ﬂuctus
483 2888 491 2902 ,
510 2876 570 2896 cum
585 2869 685 2905 egressi
704 2870 832 2903 fuerimus
852 2872 879 2899 iu
897 2872 1018 2908 euripum

572 135 599 163 S.
621 135 759 163 JOANNIS
777 136 1013 164 CHRYSOSTOMI
1036 136 1191 166 ARCHIEP.
1211 138 1476 169 CONSTANTINOI’.

1798 144 1848 172 εει

1058 196 1198 229 malorum,
1216 198 1240 224 in
1256 198 1342 225 forum
1356 199 1425 231 dico,
1437 205 1464 227 et
1478 200 1577 227 urbana
1593 201 1708 236 negotia,
1723 201 1850 228 dOMeSIi-

1056 250 1154 278 easque
1165 251 1254 278 curas,
1269 253 1302 271 an
1319 247 1464 280 poterimus
1477 247 1520 275 vel
1535 254 1584 275 nos
1599 247 1671 282 ipsos
1684 248 1848 282 agnoscue?

1055 289 1179 318 Attamen
1195 291 1227 317 ad
1244 296 1281 318 tot
1297 296 1421 328 tantaque
1432 293 1545 322 eluenda
1556 299 1664 328 peccata
1677 293 1850 328 compendio-

1055 343 1111 363 sam
1124 337 1201 364 nobis
1214 342 1240 364 et
1254 338 1355 365 facilem
1367 338 1444 366 nobis
1456 339 1525 366 Deus
1535 340 1604 366 viam
1618 339 1708 373 dedit,
1723 340 1849 375 omnique

1055 381 1146 409 labore
1165 390 1285 410 vacuam.
1302 383 1367 417 Quis
1386 384 1460 411 labor
1480 384 1567 417 enim,
1585 385 1707 419 injuriam
1724 385 1848 413 inferenti

1055 428 1207 457 dimittere?
1220 430 1309 457 Labor.
1322 431 1411 465 utique
1425 436 1466 458 est
1487 431 1512 459 in
1532 432 1759 464 nonremitteudo
1771 453 1777 463 ,
1801 432 1848 459 sed

1055 475 1193 502 retinendo
1205 476 1385 508 inimicitiam:
1399 482 1426 504 ut
1436 485 1452 504 θ
1463 477 1596 507 contrario
1607 478 1629 505 si
1641 479 1677 505 ira
1690 478 1844 513 deponatur,

1055 520 1081 547 id
1101 528 1223 555 magnam
1245 522 1313 556 parit
1333 523 1552 558 tranquillitatem
1564 544 1571 556 ,
1588 530 1684 559 resque
1704 524 1852 551 admodum.

1054 571 1096 593 est
1108 567 1205 594 volenti
1221 567 1315 596 facilis.

1090 612 1117 642 8.
1140 613 1245 643 Proceri
1259 620 1346 641 contra
1361 615 1474 642 inimicos
1488 623 1563 650 quam
1579 616 1647 643 mala
1660 616 1847 652 res—Neque

1054 659 1125 686 enim
1138 667 1205 695 opus
1220 665 1262 687 est
1276 662 1358 688 maria
1374 660 1546 689 transfretare
1558 683 1565 693 .
1582 670 1668 697 neque
1681 662 1787 698 longam
1800 671 1846 697 pe-

1055 705 1262 740 regrinationem
1277 706 1414 741 suscipere
1425 727 1433 739 ,
1453 714 1541 742 neque
1556 708 1684 735 montium
1703 708 1764 743 juga
1780 715 1847 735 eon-

1055 751 1200 784 seeudere,
1218 760 1304 784 neque
1319 753 1445 786 pecunias
1459 753 1613 787 impendere
1623 774 1631 786 ,
1647 761 1732 788 neque
1751 761 1848 788 corpus

1055 803 1201 827 macerare,
1213 797 1260 824 sed
1273 798 1342 825 velle
1356 803 1456 825 tantum
1471 799 1583 831 sufﬁcit.
1597 804 1625 826 et
1636 800 1725 826 omnia
1742 805 1847 834 peccata

1055 843 1204 871 solvuntur.
1219 844 1246 872 Si
1261 852 1326 872 vero
1339 852 1392 872 non
1406 845 1492 872 solum
1508 845 1565 880 ipse
1584 853 1637 873 non
1649 846 1785 879 remittas,
1800 846 1855 875 sed,

1055 889 1134 917 etiam
1149 890 1232 918 Deum
1245 895 1336 918 contra
1347 891 1423 925 illum
1437 891 1566 926 preceris,
1577 898 1657 927 quam
1667 896 1758 927 postea
1771 899 1848 927 spem

1059 935 1158 964 salutis
1169 933 1351 968 habebis,quo
1362 938 1483 969 tempore
1501 934 1557 963 Deo
1572 935 1848 970 supplieasillumque

1060 980 1206 1016 propitiare
1212 979 1298 1014 cupis.
1306 985 1370 1006 tunc
1378 980 1466 1014 ipsum
1474 987 1651 1014 exasperans:
1664 980 1792 1015 supplicis
1801 981 1848 1008 ha-

1060 1026 1115 1053 bitu
1125 1025 1189 1053 fera:
1201 1033 1293 1053 vocem
1303 1026 1439 1058 eminens,
1447 1030 1473 1053 et
1487 1026 1538 1053 tela
1551 1026 1660 1061 maligni
1670 1026 1743 1053 illius
1752 1031 1846 1054 contra

1059 1073 1175 1107 teipsum
1184 1072 1340 1107 ejaculans?
1350 1071 1411 1099 Ideo
1420 1071 1520 1099 Paulus
1528 1080 1589 1099 cum
1599 1072 1632 1100 de
1639 1073 1762 1099 oratione
1770 1080 1846 1100 men-

1060 1120 1161 1147 tionem
1171 1119 1282 1152 faceret,
1291 1119 1357 1146 nihil
1368 1119 1454 1154 magis
1463 1118 1615 1153 requisivit,
1625 1126 1707 1153 quam
1718 1118 1785 1153 legis
1795 1119 1845 1145 hii-

1057 1166 1322 1201 jusobservationem
1334 1175 1339 1192 :
1350 1165 1486 1197 Le‘vantea,
1498 1165 1594 1200 inquit,
1603 1172 1683 1199 puras
1691 1173 1783 1191 manus
1790 1165 1847 1191 sine

1059 1213 1130 1239 iract
1138 1211 1337 1245 άὶιεερεαιὶωιιι(
1343 1211 1350 1237 Ι
1357 1231 1364 1237 .
1370 1210 1496 1244 Tim.2.8)
1502 1211 1539 1237 .Si
1546 1210 1618 1237 enim
1625 1218 1687 1238 cum
1695 1211 1846 1237 misericor-

1057 1256 1100 1287 dia
1115 1263 1181 1292 opus
1196 1255 1295 1288 habes,
1319 1263 1352 1283 ne
1374 1261 1436 1283 time
1451 1256 1556 1290 quidem
1573 1255 1638 1282 iram
1654 1255 1783 1286 remittis,
1804 1253 1850 1280 sed

1058 1301 1129 1328 illam
1145 1301 1272 1329 memoria
1288 1301 1387 1328 retines
1398 1322 1405 1333 ,
1421 1302 1471 1328 etsi
1492 1301 1561 1327 scias
1580 1305 1605 1327 te
1626 1305 1717 1327 contra
1738 1300 1851 1333 ieipsum

1058 1347 1174 1382 gladium
1189 1347 1342 1382 impellere,
1363 1347 1470 1382 quando
1485 1347 1583 1381 poteris
1603 1353 1664 1373 esse
1683 1346 1850 1375 misericors.

1059 1399 1086 1421 et
1100 1394 1151 1421 hoc
1165 1394 1264 1421 malum
1286 1393 1411 1428 nequitiis
1431 1401 1563 1422 venenum
1578 1392 1719 1420 evomere?
1733 1391 1807 1425 Quod
1829 1391 1852 1418 si

1060 1440 1177 1468 nondum
1197 1440 1369 1468 absurditatis
1387 1439 1498 1474 hujusce
1518 1439 1725 1474 magnitudinem
1745 1438 1850 1469 videas,

1061 1485 1175 1519 idipsum
1191 1485 1259 1520 apud
1274 1485 1397 1513 homines
1411 1484 1510 1511 factum
1521 1485 1623 1519 cogita,
1637 1489 1663 1511 et
1677 1488 1740 1510 tunc
1753 1483 1859 1512 vidrbis

1061 1531 1230 1559 contumeliis
1242 1532 1295 1558 vim
1309 1539 1441 1565 magnam.
1452 1531 1480 1559 Si
1494 1531 1564 1558 enim
1581 1535 1605 1557 te
1619 1529 1754 1556 hominem
1769 1528 1854 1555 adiret

1062 1578 1192 1613 quispiam
1206 1578 1369 1613 supplicans,
1381 1583 1409 1605 ut
1418 1577 1476 1612 ejus
1488 1577 1649 1610 miserearis,
1664 1575 1760 1604 deinde
1770 1596 1778 1608 ,
1794 1582 1853 1601 cum

1062 1625 1136 1652 humi
1149 1629 1248 1652 stratus
1260 1624 1362 1659 jaceret
1372 1644 1378 1656 ,
1394 1623 1531 1650 inimicum
1543 1623 1661 1654 videret,
1673 1626 1701 1649 et
1715 1626 1740 1648 te
1753 1620 1854 1655 precari

1062 1672 1196 1704 desinens,
1214 1671 1286 1698 illum
1298 1675 1464 1705 percuteret,
1475 1677 1562 1697 annon
1575 1669 1636 1696 hinc
1650 1668 1776 1703 majorem
1789 1667 1854 1693 iram

1062 1717 1237 1752 conciperes?
1252 1716 1308 1744 Hoc
1329 1717 1414 1751 cogita
1436 1720 1463 1743 et
1482 1715 1509 1742 in
1524 1715 1579 1742 Deo
1593 1713 1724 1741 accidere.
1741 1712 1807 1740 Nam
1827 1716 1856 1739 tu

1063 1771 1168 1799 quoque
1179 1763 1242 1791 dum
1256 1763 1311 1790 Deo
1324 1762 1458 1797 supplicas
1467 1782 1475 1794 ,
1491 1761 1681 1796 supplicatione
1694 1759 1800 1786 interim
1815 1767 1856 1785 re-

1065 1810 1144 1842 licta,
1161 1809 1296 1836 inimicum
1310 1808 1389 1836 dictis
1402 1808 1543 1839 verberas,
1560 1811 1587 1833 et
1607 1805 1653 1832 Dei
1672 1806 1745 1839 leges
1762 1808 1856 1830 contu-

1066 1855 1142 1882 melia
1156 1854 1240 1882 aflicis
1251 1875 1258 1888 ,
1273 1854 1335 1881 dum
1351 1853 1425 1881 illum
1446 1853 1491 1887 qui
1515 1852 1572 1886 lege
1588 1851 1723 1886 pra-cepit,
1740 1855 1768 1876 ut
1791 1850 1857 1876 iram

1065 1901 1193 1928 adversus
1208 1907 1254 1929 eos
1266 1900 1310 1934 qui
1332 1907 1381 1926 nos
1401 1898 1498 1933 injuria
1518 1897 1654 1925 affecerint
1673 1896 1856 1931 deponaiuus,

1066 1948 1190 1980 invocas,
1205 1954 1335 1982 rogasque
1350 1951 1378 1973 ut
1391 1946 1531 1981 prreceptis
1551 1945 1606 1972 suis
1623 1944 1754 1971 contraria
1768 1943 1857 1970 faciat.

1067 1994 1124 2021 Non
1138 2001 1202 2028 ergo
1217 1993 1262 2020 tibi
1277 1992 1310 2020 ad
1325 1992 1467 2019 vindictam
1484 1992 1548 2019 satis
1563 1998 1613 2024 est,
1628 1990 1698 2026 quod
1712 1990 1795 2025 legem
1813 1989 1857 2016 Dei

1067 2039 1271 2074 transgrediaris
1282 2060 1289 2071 ,
1305 2039 1351 2066 sed
1365 2043 1393 2065 et
1405 2038 1491 2073 ipsum
1505 2038 1555 2065 hoc
1573 2043 1601 2064 ut
1621 2036 1699 2064 faciat
1721 2035 1858 2071 precaris!

1067 2085 1199 2120 Numquid
1212 2092 1305 2112 eorum
1319 2092 1377 2119 qua:
1392 2084 1517 2119 praecepit
1531 2083 1628 2110 oblitus
1648 2083 1708 2109 est?
1731 2081 1858 2116 numquid

1067 2132 1140 2159 enim
1155 2131 1235 2158 homo
1249 2130 1346 2165 estqui
1364 2131 1420 2157 hzee
1439 2129 1525 2157 dixit?
1541 2129 1609 2156 Deus
1627 2132 1684 2162 est,
1704 2128 1749 2162 qui
1770 2128 1859 2155 omnia

1069 2178 1157 2211 uovit,
1177 2181 1204 2205 et
1217 2177 1261 2211 qui
1280 2176 1337 2204 vult
1351 2177 1422 2211 leges
1437 2183 1499 2203 suas
1518 2180 1642 2202 accurate
1661 2174 1761 2202 servari
1776 2183 1782 2201 :
1800 2179 1859 2200 tau-

1070 2230 1180 2259 tumque
1191 2223 1268 2250 abest
1280 2228 1308 2249 ut
1322 2222 1401 2249 faciat
1414 2222 1456 2249 illa
1470 2229 1528 2256 qua:
1543 2221 1679 2256 postulas,
1695 2226 1724 2247 ut
1738 2220 1817 2247 etiam
1835 2225 1860 2247 le

1069 2271 1114 2306 qui
1128 2271 1185 2298 haec
1199 2270 1265 2297 dicis
1278 2290 1285 2302 ,
1307 2274 1407 2296 lantmn
1422 2269 1487 2304 quia.
1502 2268 1570 2295 dicis
1583 2273 1732 2300 aversetur,
1746 2267 1861 2301 odioque

1071 2317 1174 2350 habeat,
1184 2320 1382 2350 extremamque
1392 2315 1439 2342 ahs
1451 2319 1476 2341 te
1487 2321 1591 2348 pinnam
1603 2318 1714 2348 repetat.
1722 2312 1866 2347 Quomodo.

1071 2365 1149 2400 igitur
1172 2364 1206 2391 ab
1227 2364 1271 2390 illo
1290 2362 1415 2397 consequi
1432 2362 1549 2396 postulas
1563 2369 1594 2388 ea
1613 2369 1672 2395 qua:
1687 2367 1790 2387 summo
1805 2365 1860 2385 siu-

1070 2410 1114 2438 dio
1125 2410 1208 2436 vitare
1222 2410 1278 2444 ipse
1290 2409 1428 2443 praecipit?
1439 2407 1491 2435 Sed
1504 2407 1611 2442 quidam
1626 2411 1687 2433 sunt
1700 2406 1744 2440 qui
1758 2405 1790 2431 ad
1804 2409 1861 2431 tari-

1071 2461 1124 2483 tain
1148 2456 1290 2482 amentiam
1315 2458 1518 2489 processerunt,
1543 2457 1572 2479 ut
1595 2461 1647 2479 non
1669 2452 1748 2478 modo
1769 2456 1860 2478 contra

1072 2502 1194 2529 inimicos
1209 2505 1358 2535 precentur,
1372 2500 1420 2527 sed
1432 2500 1511 2526 etiam
1528 2499 1587 2525 liliis
1601 2499 1718 2533 ipsorum
1733 2498 1800 2524 mala
1816 2498 1850 2523 im

1072 2552 1224 2583 precentur,
1240 2551 1319 2581 atque
1334 2547 1413 2573 etiam
1427 2546 1449 2573 si
1464 2545 1555 2572 liceret
1568 2545 1685 2579 ipsorum
1699 2551 1793 2570 carnes
1811 2542 1861 2570 (le-

1072 2600 1178 2631 gustare
1191 2594 1305 2625 vellent,
1321 2594 1374 2619 imo
1389 2597 1416 2619 et
1430 2592 1578 2627 degusleut.
1601 2590 1638 2617 Ne
1660 2590 1723 2616 mihi
1744 2589 1858 2619 dixeris,

1074 2646 1098 2668 te
1111 2640 1205 2667 dentes
1218 2646 1271 2666 non
1287 2639 1406 2666 iuiixisse
1420 2637 1446 2664 in
1459 2644 1555 2671 corpus
1566 2636 1623 2671 ejus
1636 2636 1679 2670 qui
1696 2635 1764 2661 licsit
1779 2643 1785 2661 :
1800 2641 1860 2660 nam

1072 2687 1156 2714 multo
1169 2686 1294 2717 ferocius,
1309 2689 1436 2719 quantum
1450 2684 1475 2710 in
1491 2689 1516 2710 te
1532 2682 1579 2710 fuit
1590 2704 1597 2713 ,
1614 2683 1639 2709 in
1654 2682 1727 2709 illum
1743 2680 1860 2710 s:eviisii,

1073 2741 1169 2768 rogans
1180 2732 1296 2766 desuper
1309 2732 1374 2759 iram
1391 2732 1415 2757 in
1432 2730 1505 2757 illuni
1527 2729 1650 2763 immitti,
1672 2733 1699 2756 et
1719 2727 1861 2755 immortali

1074 2779 1141 2807 tradi
1162 2778 1308 2813 supplicio,
1331 2785 1444 2812 cumque
1476 2780 1530 2803 tota
1549 2775 1629 2803 domo
1649 2775 1742 2802 everti.
1762 2774 1865 2808 Quibus

1074 2826 1131 2852 haec
1144 2824 1276 2851 morsibus
1299 2823 1418 2859 graviora
1439 2829 1491 2849 non
1514 2821 1595 2848 sunt?
1615 2821 1711 2855 quibus
1730 2820 1788 2847 telis
1809 2828 1861 2846 non

1076 2870 1230 2900 acerbiora?
1251 2870 1309 2898 Non
1325 2871 1381 2898 haec
1396 2873 1422 2898 te
1436 2868 1524 2897 docuit
1537 2867 1677 2901 Christus;
1698 2875 1751 2895 non
1773 2865 1810 2894 sic
1832 2873 1863 2897 es

1165 2946 1181 2951 ..
1189 2935 1250 2951 μηρί’
1268 2927 1288 2938 ’⁸
1296 2928 1347 2940 ’μί’
