2067 3132
181 187 234 216 385

180 247 322 270 cruentare
341 243 431 278 jussit.
454 242 520 270 Nam
543 241 695 277 huiusmodi
716 242 812 277 lingum
833 240 977 268 cruentatis

181 289 300 317 humano
319 291 449 325 sanguine
471 290 562 317 buccis
581 294 643 316 sunt
658 289 817 316 deteriores.
838 287 977 321 Quomodo

181 336 263 371 igitur
277 337 387 364 fratrem
401 337 592 372 amplecteris?
604 336 738 370 quomodo
751 335 909 362 sacriﬁcium
921 339 978 361 tan-

182 382 247 416 ges?
257 382 392 417 quomodo
405 382 560 417 sanguinem
573 381 734 409 dominicum
749 379 910 414 degustabis.
923 383 977 406 tam

181 427 271 455 dirum
285 429 375 455 animo
389 435 519 455 venenum
534 427 665 455 servans?
683 426 795 460 Quando
808 426 879 453 enim
895 426 977 455 dicis,

183 474 313 509 Discerpe
327 475 416 507 illum,
433 475 491 510 ejus
503 475 610 501 domum
626 478 732 506 everte,
746 473 834 499 omnia
850 472 939 506 perde,
953 476 980 498 et

182 522 265 549 exitia
277 521 349 548 mille
362 521 518 555 imprecaris
528 542 535 552 ,
550 520 614 547 nihil
627 520 661 547 ab
672 519 804 546 homicida
817 518 918 551 differs,
931 525 980 544 nec

181 574 199 593 a
214 566 269 594 fera
284 568 412 594 humanas
427 574 521 594 carnes
535 571 656 593 vorante.

220 613 248 640 9.
264 613 340 640 Hunc
351 614 438 647 itaque
449 612 571 639 morbum
583 611 749 647 deponamus
760 615 840 644 atque
852 609 979 640 furorem,

185 663 213 686 et
228 659 441 686 benevolentiam
454 679 461 690 ,
484 663 513 685 ut
532 657 630 692 jussit,
652 656 825 684 exhibeamns
840 662 901 688 erga
922 654 981 680 illos

185 704 231 738 qui
250 712 299 731 nos
313 704 454 736 laeserunt,
477 707 506 730 ut
526 703 626 730 similes
641 703 724 729 simus
739 701 825 728 Patris
841 700 923 727 nostri
937 699 981 734 qui

186 750 214 776 in
226 750 300 777 caelis
311 754 362 777 est.
380 750 547 784 Deponemus
562 754 650 776 autem
661 769 669 780 ,
685 748 707 775 si
729 752 836 782 peccata
852 750 940 773 nostra
955 745 981 771 in

185 797 343 824 meritoriam
359 802 534 827 revocamus;
555 795 577 822 si
592 795 688 821 delicta
703 793 793 820 omnia
808 797 898 819 nostra
919 791 982 818 dili-

185 848 281 875 genter
295 842 478 870 examinemus
488 862 495 874 ,
509 849 568 875 qua:
583 841 668 872 intus,
684 847 743 874 qum
765 838 829 866 foris
841 859 849 870 ,
874 845 932 872 qua:
956 836 981 863 in

186 888 256 920 foro,
273 896 332 922 qua:
347 888 372 914 in
386 887 508 914 ecclesia.
523 886 587 913 Nam
606 886 627 913 si
648 893 701 912 non
723 885 801 911 aliam
817 883 851 910 ob
864 890 981 912 causam,

186 933 223 960 ob
237 932 424 967 negligentiam
438 937 526 958 tamen
538 952 545 965 ,
561 938 641 966 quam
657 930 699 957 hic
713 929 880 961 exhibemus,
894 933 982 955 extre-

187 978 241 1005 mis
254 977 325 1013 digni
341 985 432 1005 smnus
446 977 542 1012 pmnis.
559 976 624 1004 Nam
639 975 775 1011 prophetis
789 974 964 1009 psallentibus
974 994 981 1006 ,

187 1025 318 1059 apostolis
340 1024 457 1060 hymnos
479 1023 655 1055 canentibus,
678 1022 731 1049 Deo
753 1021 896 1056 loquente,
920 1019 984 1047 foris

188 1079 328 1105 vagamur,
345 1075 371 1097 et
386 1070 554 1097 saacularium
569 1076 659 1096 rerum
676 1067 818 1095 tumultum
836 1066 862 1093 in
882 1073 930 1093 nos
945 1066 984 1092 in-

188 1117 329 1149 ducimus;
345 1124 431 1152 neque
445 1121 546 1143 tantum
560 1115 656 1151 quietis
669 1119 696 1142 et
709 1113 808 1142 silentii
827 1113 984 1140 adhibemus

189 1164 224 1191 ad
238 1164 285 1191 Dei
299 1164 370 1199 leges
382 1162 528 1190 audiendas
540 1183 547 1195 ,
563 1166 691 1197 quantum
708 1161 734 1188 in
755 1159 867 1187 theatris
881 1163 985 1193 specta-

191 1214 266 1237 tores
289 1210 432 1242 adhibent,
456 1209 519 1237 dum
545 1207 723 1244 imperatoriae
745 1207 829 1234 litera:
851 1206 983 1240 leguntur.

190 1255 248 1284 Illic
261 1257 334 1284 enim
345 1261 372 1284 et
385 1255 508 1284 consules
522 1260 549 1282 et
561 1253 694 1289 prmfecti,
715 1258 740 1280 et
761 1257 869 1280 senatus
889 1254 916 1278 et
935 1258 985 1285 po-

193 1302 271 1337 pulus
285 1306 355 1329 stant
369 1308 463 1329 onmes
477 1308 538 1328 cum
551 1300 641 1335 quiete
654 1298 742 1326 omnia
755 1297 907 1329 audientes;
921 1300 949 1323 et
962 1296 984 1322 si

191 1347 253 1382 quis
266 1347 335 1374 inter
347 1347 429 1374 altum
444 1346 510 1373 illud
524 1345 660 1373 silentium
675 1347 786 1378 repente
797 1342 917 1370 insiliens
931 1342 986 1368 cla-

191 1393 323 1425 maverit,
347 1396 438 1426 utpote
452 1392 495 1426 qui
519 1391 707 1425 Imperatorem
729 1389 825 1422 injuria
847 1387 984 1418 all'ecerit,

192 1444 326 1467 extremas
341 1438 390 1466 luit
408 1445 501 1473 poenas
518 1445 524 1464 :
540 1437 583 1464 hic
596 1444 660 1464 vero
677 1436 741 1463 dum
754 1435 874 1462 caelestes
888 1433 939 1460 illa:
953 1433 981 1459 li-

193 1490 257 1514 tera
271 1486 405 1522 leguntur,
419 1485 519 1512 multus
531 1483 648 1519 undique
663 1483 748 1510 oritur
764 1481 907 1513 tumultus,
926 1487 986 1506 cum

192 1534 216 1560 is
227 1536 272 1568 qui
287 1534 376 1561 literas
389 1531 473 1564 misit,
496 1530 575 1564 longe
594 1528 679 1563 major
699 1527 734 1555 sit
757 1527 938 1561 imperatore,
960 1528 987 1552 et

192 1580 326 1607 theatrum
340 1577 522 1606 honorabilius
533 1587 539 1604 :
551 1584 606 1604 non
619 1575 697 1602 modo
711 1573 784 1601 enim
798 1572 930 1604 homines,
944 1571 990 1599 sed

193 1633 221 1655 ct
232 1626 319 1662 angeli
331 1626 453 1658 adstant;
467 1629 493 1652 et
505 1623 621 1651 victoria:
634 1622 753 1658 prum-ia,
767 1628 826 1655 qum
841 1620 915 1646 hisce
929 1619 988 1645 lite-

193 1675 231 1702 ris
250 1674 414 1705 nuntiantur,
430 1673 508 1707 longe
523 1671 622 1706 majora
637 1669 750 1697 terrenis
765 1668 817 1694 illis
835 1665 986 1701 triumphis.

193 1720 361 1754 Quapropter
375 1727 427 1746 non
444 1718 566 1745 homines
581 1721 679 1743 tantum
692 1735 699 1747 ,
715 1713 761 1742 sed
781 1717 808 1741 et
820 1712 924 1747 angeli,
946 1719 988 1738 ar.

194 1767 332 1802 changeli,
354 1773 382 1794 et
401 1766 523 1793 ctclestes
542 1763 652 1799 populi,
669 1767 696 1789 et
709 1764 841 1796 quotquot
859 1759 939 1786 etiam
962 1759 987 1785 in

196 1818 266 1840 terra
290 1817 368 1843 sunt,
394 1811 503 1838 laudare
523 1810 650 1845 jubentur
672 1817 679 1835 :
703 1806 863 1838 Benedicite,
886 1804 988 1839 inquit,

195 1858 320 1891 Domino,
341 1858 426 1884 omnia
439 1865 516 1890 opera
537 1856 592 1890 ejus
613 1853 706 1889 (Psal.
722 1852 783 1880 102.
799 1850 860 1887 22).
883 1849 989 1877 Etenim

197 1912 251 1930 non
264 1904 359 1938 exigua
370 1906 432 1930 sunt
443 1902 488 1929 illa
501 1909 560 1935 qua:
575 1899 646 1930 fecit,
658 1898 704 1926 sed
717 1905 822 1925 omnem
838 1902 988 1923 sermonem

195 1955 332 1984 superant,
347 1954 426 1983 atque
441 1952 556 1976 mentem
571 1945 825 1981 intelligentiamque
836 1943 988 1970 humanam.

197 1997 231 2023 Et
245 1996 302 2023 haec
316 1994 434 2030 quotidie
448 1993 593 2029 prmdicant
607 1991 744 2027 prophetae
754 2011 761 2023 ,
776 1989 882 2017 diverse
895 1988 990 2023 singuli

197 2042 367 2077 splendidum
382 2041 448 2068 illud
461 2046 588 2076 tropazum
603 2039 782 2067 celebrantes.
796 2036 861 2064 Nam
876 2036 920 2063 hic
931 2035 967 2061 ait
982 2045 988 2061 :

196 2087 340 2115 Ascendens
354 2087 380 2113 in
395 2089 474 2114 altum
488 2085 612 2120 captiuam
627 2084 722 2111 duxisti
743 2082 927 2117 captivitatem,
948 2088 990 2107 ce-

198 2134 258 2169 pisti
273 2133 341 2160 dona
355 2133 382 2159 in
397 2131 537 2158 hominibus
552 2130 646 2167 (Psal.
661 2129 704 2157 67.
722 2128 755 2156 19
768 2128 777 2162 )
789 2136 796 2159 ς
808 2132 851 2160 et,
870 2125 992 2152 Dominus

199 2180 272 2214 fortis
284 2184 307 2206 et
321 2184 407 2214 potens
420 2179 446 2204 in
462 2177 550 2213 prwlio
570 2176 656 2211 (Psal.
674 2176 719 2202 25.
732 2175 771 2208 8).
783 2174 831 2201 llic
842 2180 904 2200 vero
917 2172 990 2204 dicit,

200 2226 232 2252 Et
247 2226 350 2261 fortium
368 2223 460 2250 dividet
473 2223 554 2258 spolia
568 2222 651 2257 (Isai.
668 2221 712 2248 55.
729 2220 791 2255 12).
810 2219 850 2246 Ad
861 2220 911 2245 hoc
921 2218 992 2245 enim

198 2271 292 2304 venit,
307 2276 337 2297 ut
351 2270 508 2305 praedicaret
520 2269 632 2302 captivis
644 2266 829 2294 remissionem
840 2286 849 2298 ,
869 2268 896 2292 et
915 2263 993 2291 cmcis

199 2317 273 2343 risus
284 2315 492 2346 restitutionem,
504 2319 531 2341 et
541 2314 574 2340 de
587 2314 655 2340 victa
668 2315 753 2339 morte
766 2309 918 2345 triumphali
928 2316 993 2335 voce

197 2362 316 2396 jnbilans
342 2360 449 2389 dicebat
465 2370 471 2387 :
489 2360 536 2387 (lbi
549 2364 603 2391 est,
626 2367 712 2391 mors,
724 2357 828 2384 victoria
852 2355 917 2382 tua?
933 2354 992 2387 ubi,

200 2408 308 2443 inferne,
324 2407 441 2433 stimulus
455 2411 511 2432 tuus
524 2406 566 2440 (1.
579 2405 637 2432 Cor.
653 2405 695 2432 15.
709 2403 782 2438 55)?
797 2402 872 2429 Alius
887 2408 993 2428 rursum

201 2453 360 2488 profundam
379 2459 472 2486 pacem
487 2451 672 2486 evangelizans
686 2449 792 2476 dicebat
808 2457 813 2474 :
830 2447 994 2482 Confringent

201 2499 300 2534 gladios
315 2507 375 2525 suos
388 2498 415 2524 in
428 2502 513 2524 aratra
523 2518 530 2530 ,
546 2501 568 2523 et
584 2497 684 2525 lanceas
698 2503 757 2522 suas
771 2495 796 2520 in
811 2493 889 2528 falces
908 2491 992 2526 (Isui.

201 2547 228 2573 2.
244 2546 272 2571 Δ.
293 2545 353 2572 luet
378 2545 404 2572 5.
420 2543 481 2579 10).
497 2543 530 2570 Ει
542 2543 585 2570 hic
598 2542 704 2578 quidem
719 2540 865 2568 Jerusalem
879 2539 916 2565 sic
929 2537 996 2563 allo-

202 2592 291 2627 quitur
306 2600 313 2617 :
330 2590 428 2618 La'tare
443 2589 560 2623 multum,
577 2589 632 2624 ﬁlia
645 2588 708 2616 Sion
720 2609 728 2621 ,
739 2587 798 2622 quia
812 2593 866 2613 ecce
880 2593 926 2611 rex
940 2588 996 2610 tuus

729 185 759 213 IN
779 183 980 212 M:\TT”1’EUM
1001 182 1115 210 “OM”...
1138 182 1195 209 XX.
1217 183 1251 210 al.
1275 182 1346 210 XXI.

1770 181 1820 208 2δεὶ

1034 240 1098 266 venit
1113 239 1157 266 tibi
1171 244 1313 266 mansuetus
1323 260 1329 269 .
1351 238 1439 265 sedens
1458 246 1533 272 super
1552 238 1708 273 subjugalcm
1726 243 1749 264 et
1763 239 1822 272 pul-

1031 285 1084 311 lum
1099 284 1223 311 novellum
1238 283 1368 319 (Zachar.
1384 284 1411 311 9.
1427 284 1472 318 9).
1498 284 1573 310 Alius
1593 291 1657 310 vero
1678 283 1822 311 secundum

1031 329 1089 364 ejus
1104 330 1247 357 adventum
1265 329 1389 364 pratdicat
1404 329 1445 356 his
1459 329 1547 356 verbis
1562 338 1567 354 :
1588 328 1674 356 Veniet
1689 328 1823 361 Dominus,

1031 383 1103 409 quem
1124 383 1167 402 vos
1186 375 1315 410 qum-ilia,
1339 380 1362 402 et
1382 375 1438 409 quis
1459 374 1589 401 sustinebit
1611 375 1676 400 diem
1697 375 1825 409 ingressus

1031 422 1085 456 ejus
1095 422 1108 447 1⁷
1122 421 1254 448 Exsultate
1267 422 1331 448 sicut
1346 421 1417 448 vituli
1432 429 1447 448 a
1459 421 1565 448 vinculis
1576 420 1683 447 absoluti
1696 420 1822 455 (Malaclt.

1031 467 1058 493 5.
1069 468 1093 495 1.
1104 468 1130 494 2.
1139 472 1162 494 et
1175 468 1201 495 4.
1211 468 1249 502 2).
1265 467 1297 494 Et
1307 467 1375 494 alter
1388 475 1478 494 rursus
1488 467 1520 494 de
1534 467 1575 493 his
1585 465 1823 500 obstupescensdi-

1032 515 1108 541 echat
1123 523 1130 541 :
1148 514 1195 540 Hic
1212 519 1246 540 est
1266 513 1336 541 Deus
1348 519 1449 545 noster;
1464 522 1508 540 nec
1522 513 1678 548 reputabitur
1692 512 1756 539 alter
1768 520 1825 538 cum

1032 560 1077 586 illo
1090 559 1209 596 (Βαγιιειι
1226 560 1251 586 5.
1269 558 1330 595 56).
1346 560 1469 586 Attamen
1480 567 1540 586 cum
1553 559 1610 586 lucc
1620 563 1646 585 et
1656 558 1739 585 multo
1751 558 1824 592 plura

1032 606 1163 639 dicantur,
1182 614 1244 634 cum
1259 614 1305 641 par
1324 610 1395 633 esset
1415 605 1542 637 horrere,
1565 609 1593 632 et
1612 609 1705 639 putare
1729 611 1778 631 nos
1799 604 1824 629 in

1034 659 1103 680 terra
1118 660 1171 679 non
1186 659 1260 684 esse;
1283 652 1356 687 quasi
1380 652 1406 678 in
1430 651 1519 678 medio
1541 650 1598 678 foro
1620 650 1824 681 tumultuamur,

1034 699 1181 732 turbamus,
1194 699 1227 726 de
1238 699 1270 726 iis
1280 707 1339 733 qua:
1352 698 1417 725 nihil
1428 698 1460 724 ad
1473 705 1521 724 nos
1533 701 1654 732 spectant
1666 696 1826 731 garrientes,

1035 750 1118 772 totum
1135 745 1292 772 insumimns
1307 744 1427 771 collecta:
1442 749 1555 777 tempus.
1573 742 1639 770 Cum
1656 743 1744 777 itaque
1759 747 1786 768 et
1801 741 1826 767 in

1035 792 1135 826 exiguis
1148 795 1175 818 et
1189 791 1214 817 in
1230 791 1331 825 magnis
1341 811 1348 824 ,
1364 794 1391 817 et
1409 790 1434 816 in
1449 789 1541 816 auditu
1554 793 1582 816 et
1597 789 1623 815 in
1637 792 1708 818 actu.
1723 793 1750 815 et
1763 787 1827 814 foris

1035 843 1061 865 et
1083 838 1150 865 intra
1173 837 1332 869 ecclesiam,
1354 836 1389 862 ita
1409 837 1492 862 simus
1510 835 1630 867 desides,
1651 837 1748 868 prmter
1770 833 1827 859 hch

1035 884 1123 911 omnia
1138 883 1218 910 etiam
1232 887 1325 909 contra
1340 881 1461 908 inimicos
1484 887 1642 915 precemur:
1660 879 1731 906 unde
1751 885 1826 912 spem

1035 932 1129 959 salutis
1143 930 1301 958 habebimus
1313 950 1320 960 ,
1343 937 1403 955 cum
1420 932 1458 954 tot
1473 928 1605 961 tantisque
1618 926 1734 960 peccatis
1749 924 1826 952 addi-

1036 983 1182 1005 tamentum
1195 975 1267 1003 aliud
1280 975 1477 1010 gravissimum,
1491 981 1538 1007 par
1551 972 1693 1007 prioribus,
1707 971 1824 1005 iniquam

1035 1031 1132 1057 nempe
1145 1022 1216 1049 illaut
1230 1021 1378 1048 orationem
1391 1018 1566 1054 adjiciamus?
1586 1018 1627 1044 An
1643 1024 1711 1052 ergo
1727 1017 1827 1043 miran-

1035 1070 1098 1098 dum
1110 1091 1118 1103 ,
1139 1069 1162 1096 si
1175 1068 1237 1104 quid
1257 1067 1335 1095 nobis
1348 1066 1409 1094 mali
1423 1066 1631 1100 inexspectatum
1647 1063 1753 1096 accidit,
1768 1069 1827 1090 cum

1035 1122 1126 1145 contra
1142 1115 1291 1143 mirandum
1306 1121 1377 1142 esset
1391 1114 1413 1140 si
1433 1121 1485 1140 non
1504 1111 1650 1140 acciderit?
1670 1111 1736 1138 lllud
1757 1110 1829 1137 enim

1036 1171 1068 1190 cx
1082 1161 1272 1196 consequentia
1288 1168 1377 1187 rerum
1392 1163 1452 1191 est;
1469 1158 1519 1185 hoc
1532 1162 1620 1185 autem
1640 1161 1738 1192 praeter
1750 1157 1830 1184 ratio-

1036 1216 1097 1236 nt-m
1110 1212 1136 1235 et
1147 1207 1374 1242 exspectationem
1386 1210 1466 1232 esset.
1475 1205 1578 1232 Etenim
1588 1209 1686 1239 prieter
1699 1204 1828 1231 rationem

1036 1258 1125 1287 esset,
1144 1253 1267 1281 inimicos
1282 1253 1332 1280 Dei
1347 1252 1473 1283 effectos,
1496 1251 1624 1286 illumque
1639 1251 1670 1278 ad
1688 1251 1753 1277 iram
1769 1258 1830 1285 pro-

1037 1305 1163 1328 vocantes
1172 1299 1229 1327 solc
1240 1299 1289 1326 frui
1299 1304 1324 1326 et
1336 1298 1433 1333 pluviis
1443 1298 1556 1333 aliisque
1563 1297 1696 1330 omnibus,
1708 1296 1830 1323 homines

1037 1347 1202 1374 immanitate
1224 1346 1295 1372 feras
1315 1349 1492 1379 superantes,
1514 1348 1542 1371 et
1562 1343 1629 1370 alios
1650 1347 1742 1370 contra
1763 1341 1830 1368 alios

1037 1397 1156 1426 stantes,
1180 1400 1211 1420 ac
1226 1392 1338 1426 proximi
1355 1392 1394 1419 sui
1417 1398 1506 1418 morsu
1527 1389 1617 1416 laniati
1638 1388 1765 1422 sanguine
1780 1387 1831 1414 lin-

1036 1448 1116 1476 guam
1131 1443 1322 1469 cruentantes;
1340 1443 1398 1473 post
1413 1445 1531 1465 mensam
1553 1436 1623 1464 illam
1645 1435 1808 1470 spiritualem
1821 1453 1828 1465 ,

1037 1492 1064 1514 et
1079 1491 1117 1514 tot
1139 1484 1268 1513 beneficia
1280 1506 1287 1518 ,
1301 1486 1493 1518 innumeraque
1506 1487 1649 1517 prateepta.
1667 1481 1729 1508 Hmc
1743 1480 1831 1514 itaque

1039 1536 1201 1572 cogitantes,
1222 1533 1296 1560 virus
1314 1538 1469 1559 evomamus
1480 1551 1488 1563 ,
1511 1529 1645 1557 solvamus
1662 1527 1828 1558 inimicitias,

1039 1587 1065 1609 et
1078 1588 1180 1617 preces,
1195 1588 1255 1615 quae
1268 1583 1454 1607 consentanea:
1470 1576 1545 1604 nobis
1558 1575 1621 1608 sint,
1636 1574 1787 1606 fundamus,
1801 1581 1831 1600 ac

1040 1631 1098 1658 vice
1112 1630 1283 1658 dmmoniacre
1300 1626 1369 1654 illius
1383 1625 1495 1653 feritatis
1509 1623 1664 1659 angelorum
1679 1626 1833 1650 mansuetu«

1039 1678 1128 1705 dinem
1141 1682 1308 1704 assumamus
1322 1683 1329 1701 :
1345 1678 1372 1702 et
1389 1672 1609 1707 quantiscumque
1628 1669 1731 1703 injuriis
1750 1668 1834 1694 simus

1040 1724 1144 1758 affecti,
1167 1731 1227 1758 qua:
1249 1723 1368 1756 ipsorum
1389 1724 1452 1749 sunt
1474 1722 1563 1744 nostra
1586 1723 1646 1744 esse
1667 1715 1832 1749 cogitantes,

1040 1778 1144 1798 necnon
1166 1769 1316 1797 mercedem
1336 1767 1412 1794 nobis
1436 1772 1485 1800 pro
1508 1764 1558 1790 hoc
1573 1766 1678 1790 servato
1700 1763 1834 1795 pr:ecepto

1041 1817 1201 1852 repositam,
1222 1814 1347 1842 sedemus
1362 1813 1444 1843 iram,
1471 1810 1565 1837 ﬂuctus
1586 1807 1783 1843 reprimamus,
1807 1809 1834 1831 ut

1043 1866 1200 1897 praesentem
1221 1861 1303 1887 vitam
1324 1860 1382 1886 sine
1402 1855 1602 1892 perturbatione
1618 1852 1785 1882 emetiamur,
1808 1855 1836 1877 et

1043 1908 1105 1934 illuc
1116 1906 1287 1934 advenientes
1302 1904 1380 1931 talem
1394 1902 1564 1937 experiamur
1577 1899 1728 1929 Dominum,
1744 1896 1836 1932 quales

1042 1961 1091 1981 nos
1105 1960 1167 1987 erga
1181 1957 1326 1979 conservos
1339 1949 1476 1976 fuerimus.
1490 1945 1567 1980 Quod
1587 1945 1610 1972 si
1630 1951 1711 1979 grave
1724 1943 1789 1970 illud
1809 1947 1836 1970 et

1043 1999 1164 2027 terribile
1178 1999 1222 2030 sit,
1234 1998 1293 2024 leve
1304 1995 1417 2030 idipsum
1427 1998 1455 2021 et
1468 1990 1645 2020 desiderabile
1658 1989 1794 2020 faciamus,
1809 1991 1836 2014 et

1043 2046 1195 2082 splendidas
1214 2043 1318 2072 fiducia:
1330 2049 1393 2077 erga
1410 2041 1484 2068 illum
1498 2043 1596 2066 nostra:
1617 2037 1712 2072 januas
1729 2034 1835 2069 aperia-

1043 2081 1119 2126 mus;
1142 2101 1174 2120 ac
1195 2091 1264 2127 quod
1288 2098 1340 2117 non
1358 2090 1493 2123 potuimus
1512 2085 1619 2120 assequi
1640 2081 1800 2111 abstinendo
1821 2089 1835 2107 a

1045 2139 1177 2175 peccatis,
1203 2138 1253 2164 hoc
1270 2141 1443 2170 assequamur
1463 2141 1510 2168 per
1534 2129 1766 2158 mansuetudinem
1786 2133 1837 2154 no-

1044 2193 1126 2216 stram
1141 2193 1202 2220 erga
1218 2192 1264 2212 eos
1279 2183 1323 2218 qui
1338 2183 1362 2209 in
1378 2188 1426 2208 nos
1441 2181 1632 2215 peccaverunt;
1658 2183 1743 2210 neque
1764 2174 1836 2202 enim

1044 2241 1123 2269 grave
1143 2232 1205 2260 illud
1226 2231 1266 2258 vel
1289 2229 1427 2256 molestum
1447 2231 1503 2260 est;
1528 2233 1560 2252 ac
1577 2223 1704 2251 beneﬁcia
1722 2220 1837 2250 inimicis

1046 2280 1143 2307 nostris
1156 2278 1335 2308 conlercntcs,
1351 2274 1461 2302 multam
1481 2271 1557 2299 nobis
1570 2269 1743 2297 conciliemus
1757 2267 1836 2294 mise-

1045 2326 1197 2355 ricordiam.
1214 2325 1258 2351 Sic
1272 2324 1342 2350 enim
1363 2326 1390 2349 et
1412 2321 1438 2348 in
1453 2318 1576 2355 praesenti
1597 2317 1650 2344 vita
1665 2315 1698 2342 ab
1712 2313 1837 2342 omnibus

1045 2372 1202 2403 amabimur,
1227 2374 1253 2396 et
1274 2377 1328 2404 pra:
1349 2366 1454 2395 czctcris
1475 2363 1599 2392 onmibns
1618 2362 1687 2390 Deus
1708 2361 1765 2396 ipse
1788 2366 1838 2386 nos

1046 2419 1146 2446 amabit
1159 2423 1186 2445 et
1200 2415 1340 2444 coronabit
1363 2423 1369 2441 :
1391 2419 1493 2448 nosque
1507 2410 1602 2438 futuris
1616 2409 1738 2437 omnibus
1760 2406 1838 2434 bonis

1046 2465 1198 2501 dignabitur
1222 2471 1228 2489 :
1254 2469 1313 2497 quae
1336 2461 1435 2487 utinam
1457 2464 1552 2485 omnes
1575 2454 1680 2490 assequi
1705 2453 1840 2488 possimus

1047 2511 1129 2548 gratia
1143 2516 1170 2538 et
1182 2508 1346 2543 benignitate
1359 2504 1463 2533 Domini
1477 2503 1561 2530 nostri
1579 2502 1642 2529 Jesu
1656 2500 1772 2532 Christi,
1796 2501 1840 2540 cui

1047 2558 1130 2594 gloria
1143 2563 1170 2584 et
1183 2554 1323 2590 imperium
1338 2553 1363 2580 in
1377 2551 1474 2579 smcula
1487 2549 1657 2577 sasculorum.
1679 2549 1775 2574 Amen.

210 2632 1804 2665 _____________________________

793 2690 968 2722 HOMILIA
987 2687 1064 2718 XX.
1086 2687 1130 2717 al.
1152 2684 1242 2715 XXI.

202 2768 267 2796 CAP.
284 2767 311 2795 6.
327 2775 353 2793 ν.
369 2766 413 2794 16.
432 2765 496 2793 Cum
516 2769 598 2791 autem
618 2763 758 2798 jejunatis,
774 2761 851 2788 nolite
866 2760 919 2794 ﬁeri
933 2759 997 2787 sicut

239 2812 379 2848 hypocrita:
401 2812 490 2838 tristes.
515 2809 690 2836 Exterminant
708 2808 774 2834 enim
788 2806 865 2842 facies
877 2813 953 2838 suas,
970 2808 996 2830 ut

238 2862 380 2894 appareant
395 2857 535 2884 hominibus
542 2856 699 2891 jejunantes.

243 2906 267 2934 1.
297 2904 345 2932 Hic
367 2903 461 2931 acerbe
483 2909 589 2937 gemere
614 2899 765 2935 et'ejulare
793 2904 841 2925 nos
862 2895 994 2924 convenit.

1051 2756 1109 2783 Non
1119 2755 1205 2782 solum
1216 2753 1287 2781 enim
1299 2751 1451 2788 hypocritas
1459 2750 1604 2782 imitamur,
1614 2747 1661 2776 scd
1670 2746 1750 2774 etiam
1763 2751 1839 2778 supe-

1050 2809 1142 2830 ramus
1152 2801 1222 2827 illos.
1235 2799 1302 2826 Novi
1315 2799 1396 2829 enim,
1412 2797 1473 2825 novi
1484 2800 1556 2823 certe
1571 2794 1682 2826 mullon,
1697 2799 1750 2819 non
1762 2789 1840 2817 modo

1051 2848 1094 2882 qui
1106 2847 1229 2884 jejunant
1240 2850 1267 2872 et
1281 2852 1340 2872 sesc
1347 2848 1482 2871 ostentant
1491 2863 1499 2874 ,
1508 2841 1554 2869 sed
1566 2841 1644 2868 etiam
1657 2838 1702 2873 qui
1711 2844 1764 2864 non
1774 2835 1838 2870 jeju-

1051 2898 1148 2922 nantet
1159 2892 1333 2929 jejunantium
1347 2897 1488 2926 personam
1503 2896 1555 2924 pra:
1564 2895 1593 2914 se
1607 2886 1703 2919 ferunt,
1718 2886 1835 2918 peccato
