2067 3132
258 158 310 186 287

257 225 309 251 que
318 218 376 252 ipso
383 219 532 253 graviorem
540 221 737 248 excusationem
746 221 869 248 atterunt.
880 221 934 248 lloc
943 220 1011 248 t'acio
1020 221 1056 248 in-

257 263 361 297 quiunt,
374 271 408 292 ne
419 265 509 292 multis
521 264 682 293 oli'cndiculo
697 267 758 294 sint.
777 267 845 300 Quid
859 267 946 294 dicis?
961 267 1054 294 Divina

256 309 300 336 lex
314 315 356 336 cst
370 318 428 346 qua:
441 311 490 337 hoc
506 311 634 346 praecipit,
657 317 683 339 et
698 317 724 339 tu
743 312 930 340 oii'emliculum
949 321 1054 340 memo—

255 355 317 383 ras?
333 360 359 383 et
373 356 394 383 si
410 357 545 384 custodias
560 358 629 384 illam
642 378 650 390 ,
666 358 824 386 oﬂ‘endiculo
835 367 896 386 esse
914 366 991 394 putas
1004 381 1012 391 .
1031 360 1053 386 si

257 409 309 431 non
325 403 472 435 custodias,
492 404 588 430 secus?
601 405 696 439 ecquid
712 410 747 432 sat
778 406 820 433 his
858 405 968 441 ineptiis
1002 405 1051 433 de—

255 449 337 475 terius
352 449 381 476 ‘2?
397 451 491 477 Annon
504 451 610 478 desines
625 450 772 486 bypocritis
786 458 846 478 esse
861 452 945 486 pejor,
961 453 1050 487 dupli-

254 501 366 529 cemque
389 495 540 529 hypocrisin
560 504 705 530 usurpare,
719 504 751 524 ac
775 502 876 524 tantuut
891 498 946 524 vitii
971 506 1050 526 cacu-

254 547 315 566 men
329 541 500 574 excogitare?
515 549 577 568 ntnn
591 542 649 569 sine
661 543 761 576 pudore
771 543 835 570 dicti
851 544 928 578 hujus
939 545 1049 580 etnphao

252 587 303 615 sim
318 588 466 622 percipies?
476 589 533 615 Non
545 589 631 617 solum
645 591 727 623 enim,
741 590 836 626 inquit,
850 592 986 625 sinmlantI
1001 593 1047 621 sed

253 637 281 659 ut
292 633 351 660 illos
366 633 548 662 vehementius
566 640 673 670 pungat,
697 635 872 664 Exterminant
890 638 956 665 enim
971 639 1048 673 facies

251 688 325 712 suae,
342 680 368 707 id
389 685 440 713 est,
452 687 635 716 Corrumpunt,
653 683 774 716 perdunt.
790 682 819 709 Si
837 689 925 711 autem
941 683 992 711 htic
1005 688 1048 713 est

252 726 329 754 faciei
339 728 541 758 extet-minutio.
555 729 587 755 ad
602 736 697 756 vanam
716 729 829 764 gloriam
842 738 902 758 sese
917 731 1046 765 pallidum

251 772 397 807 exhibere,
420 773 484 809 quid
498 774 639 801 dicandum
654 775 687 802 de
702 775 868 807 mulieribus.
886 784 945 811 quae
966 777 1045 804 facies

250 826 313 846 suas
326 820 468 855 pigmentis
483 826 510 848 rt
520 821 585 848 lucis
601 828 776 856 corrumpunt
788 823 821 849 ad
837 823 980 857 perniciem
993 823 1044 850 iiii-

251 865 406 900 pudieorum
418 867 564 901 juvcnmn?
580 867 619 894 Illi
641 868 711 894 enitn
725 868 775 895 sibi
797 868 862 903 ipsis
877 873 977 896 tantum
994 878 1043 897 uo-

250 916 312 940 cent
325 921 333 939 :
348 912 389 939 hic
404 920 469 939 vero
493 917 520 939 ct
544 913 594 940 sibi
616 913 689 940 etiis
703 914 748 948 qui
774 914 844 948 ipsas
865 915 1041 950 conspiciunt.

249 957 417 994 Quapropter
431 964 458 986 et
481 959 548 986 hanc
562 965 587 986 et
609 959 679 987 illam
703 965 804 995 pestem
820 962 930 989 omnino
953 962 1043 997 lugere

250 1012 298 1038 par
310 1009 361 1032 est.
375 1004 432 1031 Non
447 1005 531 1032 Sttltlm
552 1006 622 1035 enim
641 1005 722 1040 jussit
743 1014 796 1033 non
810 1014 870 1035 sese
895 1013 1040 1040 osmutare,

248 1049 296 1077 sed
309 1050 389 1077 etiam
405 1051 429 1077 id
443 1051 560 1082 studere,
578 1056 606 1078 ut
620 1052 719 1079 lateant
733 1060 740 1079 :
763 1052 833 1087 quod
847 1058 872 1080 et
885 1053 942 1088 ipse
964 1059 1044 1082 antea

248 1094 357 1122 fecerat.
369 1095 407 1123 De
419 1096 587 1131 cleemosyna
602 1105 690 1131 porro,
712 1105 764 1125 non
777 1099 933 1133 simpliciter
947 1101 980 1127 ita
994 1108 1042 1135 po-

247 1142 318 1173 suit;
332 1141 380 1168 sed
397 1150 457 1169 cum
469 1142 580 1169 dixisset
594 1151 600 1168 :
615 1143 743 1170 Attendite
757 1152 788 1170 ne
802 1145 985 1180 elecntosyttant
1000 1147 1040 1181 fa-

245 1186 319 1213 ciatis
332 1195 417 1214 coram
428 1188 570 1214 hominibus
581 1209 587 1220 ,
602 1189 716 1222 adjecit,
735 1189 768 1216 (It
783 1191 917 1217 videamini
937 1192 969 1218 ab
983 1192 1040 1224 eis;

245 1233 280 1260 de
303 1233 405 1268 jejunio
424 1239 511 1262 autem
537 1239 564 1261 et
588 1236 708 1265 oratione
724 1236 788 1263 nihil
803 1237 889 1264 simile
909 1238 1038 1268 dicrevit.

244 1277 300 1305 Cur
314 1279 400 1306 illud?
414 1280 479 1312 Quia
495 1280 665 1316 cleentosyna
689 1281 772 1309 latere
794 1283 894 1317 nequit,
908 1284 1038 1318 jejunium

243 1329 331 1351 autem
341 1329 368 1352 et
378 1326 463 1352 oratio
478 1326 604 1354 occultari
622 1331 717 1361 potest.
734 1327 808 1355 Sicut
821 1329 909 1363 itaque
922 1337 981 1356 cum
995 1330 1037 1357 di-

243 1370 291 1401 xit,
308 1369 411 1397 Nescia!
422 1371 523 1398 sinistra
545 1377 588 1398 tua
599 1373 658 1407 quid
669 1373 730 1407 facit
745 1374 849 1400 dextera
860 1379 902 1400 tua
913 1396 920 1409 ,
937 1383 989 1402 non
1003 1376 1037 1403 de

243 1416 367 1444 manibus
381 1416 506 1454 loquutus
524 1423 576 1450 est,
601 1419 646 1445 SCtl
662 1419 793 1453 signitieat
807 1426 931 1454 oportere
943 1430 1036 1448 omnes

241 1463 341 1496 celari;
357 1467 384 1490 et
398 1463 545 1500 cumjttssit
561 1465 586 1491 in
602 1465 752 1492 cubiculum
773 1466 884 1497 intrare,
902 1475 954 1495 non
969 1468 1033 1495 illttd

241 1509 389 1543 prmsertim
409 1510 532 1545 prwcipil
557 1515 584 1537 ut
600 1511 634 1538 ibi
658 1519 817 1546 precemur,
850 1513 896 1540 sed
921 1514 1034 1548 idipsunt

240 1556 320 1582 etiam
335 1555 510 1585 subindicavit
525 1565 531 1582 :
544 1557 583 1586 sic
597 1561 623 1584 et
646 1556 696 1583 hoc
714 1557 772 1584 loco
792 1566 850 1587 cum
870 1558 1033 1593 jejunantem

240 1609 300 1629 sese
313 1610 412 1637 ungere
422 1602 511 1637 jussit,
524 1611 576 1630 non
587 1604 696 1630 omnino
708 1605 836 1638 praicipit,
852 1610 880 1631 ut
894 1613 942 1632 nos
957 1607 1033 1632 inun-

238 1654 341 1682 gamus,
360 1655 420 1676 nam
437 1655 530 1675 omnes
544 1648 612 1676 hanc
626 1650 771 1684 transgredi
784 1650 867 1685 legem
883 1651 1033 1686 deprchen-

239 1696 381 1728 tlcremur;
396 1697 511 1723 maxime
531 1697 547 1723 ii
571 1697 596 1724 in
612 1697 704 1732 primis
718 1698 761 1732 qtti
782 1698 910 1732 jejunium
925 1707 1032 1727 servare

238 1741 361 1774 student,
377 1743 567 1771 monachorum
583 1744 688 1778 populi,
704 1744 747 1778 qui
765 1749 869 1771 montes
889 1751 1029 1780 occupant.

238 1787 295 1814 Non
311 1787 399 1822 itaque
414 1787 465 1815 hoc
487 1789 622 1823 praecipit;
647 1797 737 1816 rerum
758 1790 817 1824 quia
833 1791 901 1824 ame
929 1796 1030 1820 veteres

237 1840 297 1860 mos
310 1832 371 1865 fuit,
386 1838 415 1860 ut
427 1841 487 1862 sese
503 1840 632 1869 ungerent
646 1843 705 1862 cum
721 1836 746 1862 in
770 1836 866 1870 gaudio
889 1842 916 1864 et
940 1838 1029 1865 Ιωιὶιίιι

237 1884 418 1912 versarentur,
433 1881 504 1916 quod
520 1881 545 1908 in
571 1882 668 1909 Davide
681 1887 708 1909 et
724 1883 748 1909 in
766 1883 872 1911 lianiele
896 1885 967 1912 clare
990 1885 1030 1911 di-

236 1925 320 1952 scitur
331 1947 338 1958 ,
354 1933 453 1961 ungere
466 1934 496 1953 so
511 1932 635 1961 oportere
650 1928 725 1961 dixit,
744 1937 796 1956 non
814 1934 841 1956 ut
854 1929 904 1956 hoc
919 1932 1029 1958 omnino

235 1970 444 2005 faciamussed
461 1977 489 1998 nt
507 1980 568 2000 cum
590 1974 661 2000 omni
684 1974 773 2002 studio
796 1980 876 2009 atque
891 1975 1026 2010 diligentia

235 2017 287 2044 hoc
298 2017 397 2045 bonum
411 2025 557 2046 servemus.
571 2021 655 2054 Atque
669 2025 697 2048 Iit
714 2020 802 2048 discas
816 2030 872 2049 rem
889 2023 923 2049 ita
938 2031 966 2050 se
981 2024 1028 2051 ha-

235 2062 299 2091 bere
314 2071 320 2089 :
337 2063 383 2091 ille
397 2064 453 2099 ipse
468 2065 511 2099 qni
526 2065 576 2093 hoc
587 2066 673 2093 verbis
685 2073 858 2102 przcceperat,
873 2074 900 2096 et
913 2069 946 2096 de
957 2069 1027 2097 facto

233 2114 396 2144 exsequutus
410 2115 467 2143 est;
488 2118 548 2137 cum
565 2119 612 2146 per
625 2113 797 2148 quadraginta
811 2114 868 2142 dies
884 2115 1023 2150 jejunavit,

232 2155 377 2189 jejunando
388 2156 473 2188 latuit,
486 2165 571 2191 neque
583 2165 644 2185 sese
655 2160 739 2191 unxit,
753 2168 839 2195 neque
852 2170 911 2188 sese
924 2163 1023 2195 abluit:

232 2205 260 2228 ct
282 2205 371 2229 tamen
393 2203 496 2230 etiamsi
514 2203 563 2230 hoc
585 2212 635 2231 non
652 2205 761 2239 fecerit,
776 2207 834 2234 sine
857 2215 922 2235 vana
941 2209 1023 2244 gloria

232 2247 349 2275 maxime
362 2249 482 2276 omnium
504 2254 588 2276 totum
601 2251 713 2285 perfecit
728 2261 734 2278 :
748 2253 818 2287 quod
843 2254 923 2280 ctiant
947 2256 1024 2283 nobis

232 2293 363 2327 przccipit,
377 2293 524 2329 hypocritis
539 2296 563 2322 in
581 2297 697 2324 meditnn
711 2297 842 2331 adductis,
857 2304 884 2325 ct
896 2300 1024 2328 auditori-

232 2339 281 2366 bus
303 2340 400 2374 duplici
425 2346 557 2376 prtccepto
577 2343 602 2369 in
625 2345 787 2372 contrarium
814 2347 950 2380 avocatis;
971 2348 1022 2374 ali-

232 2384 295 2418 quid
309 2386 388 2412 etiam
402 2393 449 2421 per
464 2387 528 2414 illud
543 2395 640 2415 nomen
653 2410 659 2421 ,
677 2389 874 2425 bypocritarum
889 2392 1020 2426 videlicet,

231 2430 419 2458 subindicavit.
434 2432 525 2467 Neque
547 2433 618 2460 enim
633 2435 719 2462 solum
731 2435 801 2470 quod
816 2445 858 2464 res
873 2443 943 2465 esset
958 2438 1022 2465 ridi-

231 2476 299 2506 cula,
320 2485 405 2511 neque
427 2479 496 2512 quod
518 2479 643 2506 damnum
660 2480 770 2508 inferret
791 2483 950 2516 maximum,
975 2484 1021 2511 sed

231 2521 312 2549 etiam
326 2523 395 2557 quod
411 2523 563 2558 hujusmodi
587 2526 687 2553 fallacia
703 2531 873 2562 temporanca
892 2529 1020 2556 exhibea-

232 2572 274 2596 tur
287 2591 296 2603 ,
316 2577 330 2596 a
345 2577 424 2604 prava
449 2571 491 2597 illa
506 2573 719 2606 concupiscentia
740 2574 856 2601 abducit.
878 2575 1019 2611 llypocrila

230 2613 301 2641 enim
313 2615 412 2642 tamdiu
427 2616 523 2643 clarior
538 2622 667 2651 apparet,
681 2619 807 2652 quamdiu
823 2619 953 2648 tlieatrutn
978 2629 1021 2649 sc-

229 2659 297 2687 derit
310 2669 317 2688 :
332 2661 385 2687 imo
398 2668 460 2688 vero
471 2670 556 2696 neque
570 2667 631 2690 tunc
643 2663 711 2697 apud
720 2671 824 2692 omnes.
837 2665 938 2692 Norunt
949 2668 1018 2694 enim

230 2707 336 2740 plurimi
350 2712 527 2741 spectatorutn
540 2709 654 2742 quicum
666 2710 719 2737 sitit
734 2711 769 2737 illi
784 2712 870 2746 qualia
882 2713 1017 2741 simulent.

228 2751 361 2779 Caeterum
375 2753 461 2780 soluto
477 2754 589 2785 theatro,
606 2755 820 2783 manifestissinte
841 2758 963 2785 omnibus
977 2767 1020 2786 re-

230 2799 358 2828 velantur.
377 2800 433 2827 lloc
446 2801 524 2836 igitur
536 2801 628 2836 gloria:
643 2802 754 2837 cupidos
769 2804 821 2838 pati
837 2806 1017 2834 necessarium

260 2879 268 2899 ι
286 2880 382 2909 Quidam
395 2883 458 2910 Mss,
477 2883 522 2909 liac
531 2883 682 2911 excusation
692 2884 807 2912 deterius.

625 162 652 189 S.
673 162 811 192 JOANNIS
828 163 1068 194 CHRYSOSTOMI
1085 165 1242 195 AliClllEP.
1263 170 1526 203 CONSTANTINOP.

1847 188 1902 217 288

1109 230 1221 257 prorsus
1233 232 1283 255 est.
1300 229 1356 256 lmo
1377 233 1459 261 etiam
1474 234 1593 268 plurimis
1608 239 1692 271 palam
1702 245 1751 274 est,
1767 249 1821 270 non
1840 252 1901 274 esse

1109 271 1170 299 illos
1183 273 1208 300 id
1223 275 1294 309 quod
1316 284 1375 305 esse
1389 278 1528 315 videntur;
1544 283 1590 311 sed
1605 284 1678 313 larva
1693 271 1778 315 solum
1797 291 1897 327 obtegi.

1106 317 1188 366 Multo
1201 321 1285 355 magis
1301 327 1391 350 autent
1406 329 1496 359 postea
1509 329 1657 363 capientur.
1680 334 1786 366 quando

1106 363 1176 391 iit-da
1190 369 1217 392 et
1232 373 1321 400 aperta
1334 374 1423 397 erunt.
1438 371 1552 400 Aliunde
1564 381 1653 403 autem
1673 386 1778 407 rursum
1792 381 1852 410 illos
1863 385 1897 411 ab

1106 407 1250 444 hypocritis
1265 413 1383 447 abducit,
1398 423 1456 445 cum
1475 420 1591 447 ostendit
1615 429 1666 450 non
1681 431 1823 454 onerosum
1837 437 1897 458 esse

1105 462 1276 491 pra-ceptum.
1286 458 1377 494 Neque
1385 462 1455 490 enim
1463 463 1592 498 jejunium
1604 469 1733 503 extendit,
1743 480 1829 507 neque
1839 475 1900 502 loo-.

1103 501 1161 535 gius
1179 502 1235 531 ﬁeri
1256 504 1348 539 jubet;
1365 508 1413 535 sed
1435 517 1469 537 ne
1484 510 1540 545 ejus
1553 520 1651 541 corona
1667 501 1760 551 pereat
1785 501 1894 549 insistit.

1103 547 1196 583 Itaque
1209 551 1278 585 quod
1293 553 1379 580 solum
1394 562 1537 584 onerosum
1550 547 1706 594 i'idcttir,'et
1719 564 1796 592 nobis
1805 547 1833 594 et

1102 596 1213 629 pocritis
1235 604 1377 628 Commune
1401 606 1462 628 est:
1478 611 1538 631 nam
1562 611 1589 632 et
1610 607 1646 634 illi
1669 609 1806 644 jejunant;
1823 596 1898 647 ttlttitl.

1100 646 1189 669 atttem
1206 650 1247 671 est
1261 645 1426 675 levissimum
1447 649 1565 686 ipsisque
1587 655 1734 688 proprium,
1746 665 1778 686 ne
1791 645 1896 687 scilicet

1098 688 1253 718 laborantes
1267 699 1367 720 corona
1386 695 1531 729 priventur,
1555 698 1619 726 illud
1634 705 1692 734 est,
1712 702 1803 738 inquit,
1821 706 1897 740 quod.

1095 734 1179 768 jubeo
1194 744 1201 762 :
1219 737 1353 767 laboribus
1375 741 1442 769 nihil
1455 742 1556 771 addens
1567 765 1574 777 ,
1601 734 1801 783 tnercedesquei
1817 734 1892 780 vobis

1098 782 1226 816 colligens
1237 792 1297 812 cum
1315 787 1446 815 tutissima
1461 791 1578 823 cautela,
1601 801 1650 820 nec
1672 794 1763 823 sinens
1783 798 1889 825 incoro-

1098 833 1176 856 nalos
1190 829 1275 863 abire,
1291 832 1359 859 sicut
1371 833 1408 861 illi
1421 834 1531 869 abeunt,
1550 838 1595 872 qui
1609 839 1703 868 nolunt
1723 848 1778 875 eos,
1801 845 1846 878 qui
1863 845 1896 872 in.

1096 873 1243 909 Olyntpicis
1258 877 1326 904 ludis
1342 878 1490 913 decertant,
1502 882 1609 917 imitari,
1622 887 1678 920 qui,
1694 873 1887 924 L'tnto'polpulo,

1096 925 1135 947 tot
1156 921 1321 956 principibus
1346 926 1519 961 sedentibus,
1544 931 1587 956 uiti
1613 932 1703 960 volunt
1725 921 1828 968 placere
1843 921 1893 972 qui

1095 973 1222 996 coronam
1236 969 1299 1003 ipsis
1315 970 1422 1006 tribuat,
1437 973 1499 1001 licet
1518 975 1562 1002 ille
1581 976 1657 1012 longe
1668 979 1702 1006 sit
1720 969 1888 1010 inferiorztu

1094 1019 1158 1039 vero
1171 1021 1232 1040 cum
1244 1015 1309 1042 duas
1326 1016 1424 1045 habeas
1439 1020 1558 1048 victoria:
1575 1022 1624 1055 ipsi
1640 1027 1819 1055 monstranda:
1827 1036 1887 1058 cati,-

1093 1065 1147 1089 sas.
1161 1065 1215 1086 ttnn
1232 1062 1303 1096 quod
1317 1063 1361 1090 ille
1376 1066 1485 1098 praemia
1500 1068 1652 1102 distribuat,
1665 1076 1719 1098 tum
1733 1074 1803 1108 quod
1822 1083 1887 1110 spe-

1092 1109 1196 1133 ctantes
1210 1115 1305 1135 otitncs
1317 1109 1375 1137 sine
1396 1111 1449 1138 ulla
1464 1116 1665 1147 comparatione
1679 1125 1787 1153 superet
1798 1141 1806 1152 ,
1824 1109 1889 1149 aliis

1093 1155 1119 1178 te
1132 1157 1261 1187 ostentas,
1276 1156 1321 1189 qui
1332 1163 1384 1182 non
1396 1157 1476 1184 modo
1487 1159 1550 1186 nihil
1563 1161 1607 1188 tibi
1622 1163 1750 1197 prodesse
1764 1173 1887 1201 possunt,

1091 1197 1139 1224 sed
1154 1199 1199 1233 qui
1217 1205 1241 1227 te
1256 1202 1372 1229 maxime
1386 1203 1496 1232 latdunt.

1126 1243 1153 1270 2.
1180 1243 1264 1272 Virtus
1285 1248 1423 1282 aliquando
1439 1259 1524 1281 coram
1537 1253 1678 1283 hominibus
1690 1257 1881 1292 gloriﬁcabitur.

1090 1288 1185 1318 Contra
1197 1293 1342 1321 simulatam
1356 1296 1519 1324 uirtutem.——
1531 1300 1662 1334 Atlanteo,
1677 1288 1771 1338 inquit,
1787 1313 1819 1332 nc
1831 1305 1883 1334 hoc

1089 1344 1195 1372 quoque
1208 1339 1335 1374 impedio.
1348 1341 1415 1370 Nam
1429 1343 1450 1370 si
1475 1344 1626 1375 hominibus
1641 1352 1666 1375 te
1678 1351 1819 1379 ostendere
1835 1360 1882 1380 re-

1090 1383 1133 1412 lis.
1149 1391 1290 1419 exspecta;
1312 1395 1373 1414 natu
1389 1389 1439 1416 hoc
1452 1399 1501 1425 ego
1515 1392 1560 1419 tibi
1575 1394 1752 1424 abundantius
1767 1404 1880 1432 priesta~

1089 1430 1132 1461 ho.
1149 1435 1175 1457 et
1187 1440 1247 1459 cum
1262 1440 1356 1468 magno
1368 1435 1450 1462 lucro.
1463 1437 1537 1465 Nunc
1546 1440 1615 1466 enim
1628 1446 1652 1468 te
1666 1442 1718 1470 hoc
1729 1430 1806 1472 ali-ea
1821 1452 1880 1480 qua:

1088 1477 1156 1509 apud
1171 1485 1215 1506 me
1226 1483 1267 1505 est
1279 1479 1362 1514 gloria
1374 1481 1492 1517 divellit,
1502 1485 1570 1512 sicut
1583 1486 1607 1512 id
1629 1487 1765 1522 despicere
1785 1496 1811 1518 te
1824 1477 1882 1520 nie-

1087 1530 1147 1550 cum
1161 1525 1284 1558 copulat;
1311 1531 1374 1554 tunc
1395 1536 1459 1556 vero
1472 1531 1600 1559 omnibus.
1611 1533 1706 1562 frueris
1720 1544 1779 1562 t-utn
1795 1537 1883 1565 lil)er-.

1088 1576 1141 1597 tate
1156 1573 1238 1605 omni,
1257 1581 1307 1600 nec
1321 1582 1429 1608 parvum
1445 1581 1507 1605 ante
1520 1577 1632 1607 fructum
1656 1581 1698 1608 hic
1719 1589 1883 1618 excepturus

1085 1624 1123 1648 cs,
1138 1617 1209 1652 quod
1223 1626 1318 1655 nentpe
1329 1628 1434 1648 omnem
1445 1622 1585 1651 humanam
1596 1625 1706 1660 gloriam
1718 1617 1857 1657 conculccs
1867 1652 1882 1663 ,γ

1085 1668 1111 1689 et
1125 1671 1140 1690 a
1157 1665 1230 1698 gravi
1242 1665 1285 1692 illa
1301 1666 1439 1694 hominum
1451 1669 1580 1698 servitute
1591 1671 1721 1706 libi-reris,
1737 1682 1807 1702 vera:
1822 1677 1876 1703 vir-

1085 1710 1148 1737 tutis
1161 1712 1290 1739 exercitio
1305 1719 1444 1748 priestaus.
1463 1716 1537 1744 Nunc
1556 1723 1647 1746 contra
1667 1721 1689 1747 si
1703 1721 1749 1748 illo
1765 1722 1876 1750 aﬂ'ecttis

1083 1755 1121 1782 sis
1136 1757 1232 1790 modo,
1248 1763 1275 1785 et
1293 1759 1315 1785 si
1331 1760 1357 1787 in
1371 1761 1476 1789 deserto
1495 1764 1548 1795 sis,
1566 1765 1636 1791 omni
1660 1774 1758 1794 vacuus
1779 1770 1875 1796 virtute

1083 1803 1136 1829 eris
1149 1823 1155 1834 ,
1173 1811 1225 1830 non
1249 1805 1350 1833 habens
1365 1813 1539 1842 spectatores.
1553 1809 1629 1844 Quod
1644 1817 1717 1840 certe
1729 1818 1770 1840 est
1785 1814 1880 1842 virtuti.

1083 1855 1205 1882 magnam
1221 1849 1319 1878 inferre
1341 1853 1542 1887 contumeliam,
1554 1856 1575 1882 si
1590 1864 1643 1882 non
1655 1863 1762 1892 propter
1776 1859 1878 1894 ipsam,~

1081 1895 1127 1921 sed
1142 1901 1252 1930 propter
1261 1898 1388 1932 tunarios,
1397 1901 1516 1932 :crarios,
1526 1901 1650 1937 aliudque
1663 1904 1767 1933 forense
1781 1907 1873 1941 vulgus

1082 1941 1154 1967 illam
1169 1941 1269 1975 adeas;
1286 1948 1314 1970 ut
1326 1949 1352 1970 et
1366 1945 1491 1979 improbi,
1508 1951 1535 1974 et
1549 1948 1592 1982 qui
1608 1949 1641 1975 ab
1662 1950 1703 1976 illa
1729 1951 1806 1987 longe
1828 1953 1872 1980 di-

1080 1991 1151 2013 stant
1164 1992 1189 2014 te
1202 1988 1379 2024 admirentur,
1390 1991 1563 2026 inimicosque
1576 1993 1633 2028 ejus
1645 2003 1724 2024 vocas
1735 1997 1768 2024 ad
1781 2003 1871 2025 osten-

1081 2034 1206 2061 tationem
1221 2040 1248 2062 et
1260 2037 1440 2070 spectaculum
1457 2047 1463 2064 :
1478 2046 1510 2066 ac
1521 2039 1543 2066 si
1557 2040 1617 2075 quis
1628 2042 1722 2075 pudice
1733 2050 1812 2078 agere
1822 2053 1870 2071 ve-

1079 2080 1118 2113 lit,
1135 2089 1186 2107 non
1215 2087 1323 2115 propter
1354 2082 1438 2117 ipsum
1467 2084 1598 2118 pudicitia.-
1631 2086 1740 2121 bonum,
1771 2089 1817 2116 sed
1842 2095 1872 2118 ut

1079 2125 1182 2160 placeat
1194 2126 1343 2161 impudicis.
1358 2129 1389 2156 Et
1400 2133 1426 2155 tu
1437 2136 1501 2165 ergo
1514 2131 1636 2158 virtutem
1660 2140 1711 2160 non
1731 2134 1868 2170 elegisses,

1079 2172 1128 2198 nisi
1139 2173 1174 2199 ob
1185 2173 1287 2200 virtutis
1301 2175 1422 2202 inimicos
1435 2185 1440 2201 :
1455 2184 1515 2203 cum
1530 2182 1665 2212 oporteret
1679 2187 1737 2206 eam
1749 2181 1788 2208 vel
1807 2181 1874 2209 inde»

1077 2219 1178 2250 mirari,
1194 2220 1263 2254 quod
1285 2221 1406 2247 initnicos
1421 2229 1483 2249 suos
1498 2223 1577 2250 etiam
1599 2223 1750 2253 laudatores
1762 2226 1867 2254 habeat.

1076 2264 1208 2292 Admirari
1223 2274 1286 2301 ergo
1302 2267 1373 2294 illam
1389 2273 1502 2303 oportet,
1521 2274 1548 2296 ut
1571 2278 1618 2305 par
1629 2276 1680 2304 cst,
1697 2280 1748 2299 non
1759 2279 1869 2308 propter

1076 2311 1154 2341 alios,
1166 2312 1211 2338 sed
1223 2317 1335 2349 propter
1350 2314 1432 2349 ipsam
1448 2324 1455 2343 :
1471 2316 1684 2352 quandoquidem
1705 2327 1753 2346 nos
1774 2321 1866 2353 etiam,

1075 2358 1182 2393 quando
1190 2368 1242 2387 non
1255 2366 1364 2396 propter
1378 2371 1426 2390 nos
1439 2363 1521 2398 ipsos,
1537 2365 1584 2392 sed
1597 2370 1705 2400 propter
1717 2367 1783 2394 alios
1795 2375 1868 2395 ama-

1075 2412 1144 2436 mur,
1157 2407 1345 2434 contumeliam
1361 2408 1385 2435 id
1398 2416 1458 2436 esse
1470 2415 1600 2444 putamus.
1614 2411 1669 2438 lloc
1684 2412 1768 2446 ipsum
1778 2413 1866 2448 itaque

1075 2451 1109 2478 de
1122 2453 1218 2479 virtute
1230 2453 1309 2480 etiam
1321 2459 1410 2487 reputa
1422 2463 1429 2486 ;
1445 2463 1530 2490 neque
1546 2461 1653 2490 propter
1663 2458 1729 2484 alios
1748 2466 1807 2485 eam
1820 2467 1867 2486 se-

1074 2503 1166 2530 quare,
1185 2505 1271 2532 neque
1286 2504 1395 2533 propter
1419 2499 1540 2528 homines
1562 2501 1616 2528 Deo
1628 2503 1783 2537 obsequaris
1795 2524 1803 2536 ,
1817 2504 1865 2531 sed

1075 2548 1182 2577 propter
1197 2544 1278 2571 Deum
1304 2545 1467 2578 hominibus;
1483 2547 1506 2574 si
1529 2555 1592 2575 vero
1602 2550 1762 2576 contrarium
1772 2550 1864 2581 lacius.

1073 2588 1135 2616 licet
1145 2589 1268 2617 virtutem
1293 2591 1366 2619 adire
1383 2593 1496 2621 videaris
1508 2615 1515 2627 ,
1531 2595 1638 2629 perinde
1652 2595 1724 2622 illutn
1745 2596 1771 2623 in
1797 2595 1863 2624 iram

1073 2636 1222 2670 concitasti,
1235 2645 1266 2665 ac
1280 2638 1301 2664 si
1316 2639 1376 2673 quis
1401 2639 1472 2666 illam
1497 2648 1549 2668 non
1563 2641 1649 2668 adiret
1665 2651 1672 2668 :
1688 2643 1862 2677 quemadmo-

1072 2681 1136 2709 dum
1150 2683 1221 2711 ettim
1236 2683 1278 2711 illc
1290 2692 1321 2711 eo
1335 2685 1404 2718 quod
1419 2693 1469 2712 non
1484 2686 1591 2718 faceret,
1607 2687 1786 2723 inobsequens
1796 2688 1861 2721 fuit,

1072 2730 1110 2756 sic
1124 2734 1150 2757 et
1170 2735 1197 2758 tu
1212 2738 1244 2758 eo
1263 2731 1333 2766 qttod
1349 2740 1400 2758 non
1415 2732 1464 2759 rite
1478 2731 1569 2760 facias.
1582 2733 1625 2761 19.
1639 2733 1725 2762 Nolite
1739 2735 1860 2761 tltesauri-

1070 2784 1130 2803 καῖε
1146 2777 1215 2804 vobis
1228 2778 1356 2805 thesauros
1369 2778 1395 2805 in
1413 2783 1489 2806 terra.
1500 2779 1566 2813 Quia
1581 2781 1652 2807 enim
1675 2789 1749 2808 vantc
1771 2782 1862 2817 gloria:

1072 2821 1194 2848 morbum
1208 2824 1320 2858 expulit,
1335 2829 1484 2858 opportune
1505 2824 1560 2858 jam
1580 2825 1614 2852 de
1634 2826 1783 2853 divitiarum
1797 2835 1860 2854 cou-

1071 2874 1171 2905 tetnptu
1182 2876 1332 2898 sermonem
1343 2870 1529 2899 inducit.Nihil
1540 2872 1611 2899 enim
1622 2872 1657 2900 ita
1668 2873 1700 2900 ad
1709 2873 1860 2903 divitiarum
