2067 3132
196 97 248 124 989

190 161 317 181 amorem
333 154 466 185 concitat.
486 159 515 181 ut
534 155 540 169 ‘
557 154 650 188 gloriae
669 154 816 188 cupiditas.
831 152 892 180 ideo
905 161 982 179 umn‘

188 206 248 233 que
264 205 406 226 servorum
424 207 537 234 greges,
553 198 742 226 eunuchorum
755 199 880 233 agmina,
897 205 983 232 equos

188 255 270 275 aureo
295 252 391 274 ornatu
415 247 546 282 insignes,
571 252 711 281 argenteas
736 253 853 276 mensas,
876 245 981 278 aliaque

183 293 272 328 «magis
284 292 395 319 ridenda
409 292 560 327 excogitant
571 292 692 318 homines
702 312 708 322 ,
723 298 775 317 non
793 295 820 317 ut
835 290 981 317 necessita-

188 345 241 366 tem
253 339 389 373 expleant,
402 346 488 373 neque
497 342 524 364 ut
535 337 667 372 voluptate
679 336 809 368 fruantur,
824 335 870 363 sed
883 340 910 362 ut
922 336 981 369 plu-

188 385 264 413 rimis
282 392 343 412 sese
364 388 507 412 ostentent.
535 383 662 418 Superius
686 383 764 418 igitur
786 387 885 409 tantum
912 382 982 409 dixit

187 431 389 459 misericordem
404 438 464 458 esse
478 435 618 465 oportere;
632 430 674 456 hic
685 436 747 456 vero
762 428 837 455 docet
853 432 980 463 quantum

187 479 310 506 misereri
323 482 445 513 oporteat
459 477 499 504 his
512 477 600 504 verbis
612 486 616 503 :
629 475 714 503 Nolite
722 475 899 502 thesuurizm'e.
915 474 981 508 Quia

187 526 260 552 enim
272 532 326 553 non
344 525 380 552 ita
393 524 470 552 facile
482 529 539 551 erat
558 523 633 550 initio
648 523 797 550 divitiarum
815 527 981 556 contemptus

188 572 336 598 doctrinam
359 570 485 598 inducere
508 573 616 605 propter
636 569 688 595 vim
712 568 815 600 morbi,
843 573 980 601 postquam

187 617 317 652 paulatim
329 616 355 643 id
370 617 427 643 vitii
441 621 594 643 resccuerat
608 621 635 642 et
649 615 680 642 ad
697 615 845 642 libertatem
861 614 981 641 homines

188 667 371 694 revocaverat,
395 661 422 688 id
446 661 471 688 in
495 666 612 688 mentem
627 661 777 687 auditorum
794 660 929 691 immittit,
954 664 982 686 ut

187 708 242 743 jam
260 708 364 735 facilius
379 707 518 742 accipiant.
543 707 684 741 Propterea
700 707 785 741 primo
809 706 893 739 dixit,
910 705 982 732 Beati

188 754 362 781 misericordes
376 752 481 790 (Matth.
493 753 519 780 5.
532 752 559 787 7)
571 761 578 785 ;
603 757 692 787 postea
712 757 800 779 autem
809 773 817 786 ,
843 751 906 779 Esto
920 760 981 778 con-

187 801 298 827 sentiens
307 799 450 827 adversario
459 805 500 826 tuo
515 797 595 834 (Ibid.
606 807 630 825 υ.
641 798 686 825 25‘.
701 798 758 833 40);
769 798 875 831 deinde,
886 797 916 825 Si
927 798 982 833 quis

182 846 294 873 uoluerit
309 850 388 872 tecum
395 845 493 881 judicio
506 844 662 876 contendere,
675 849 697 870 et
712 844 823 870 tunicam
842 849 912 870 tuam
931 844 982 870 tol-

188 892 242 919 lere
253 913 260 923 ,
276 893 309 918 da
322 892 343 919 ei
362 896 385 918 et
405 891 529 926 pallium;
545 890 586 917 hic
606 898 670 918 vero
693 890 747 917 illis
759 890 882 917 omnibus
897 889 982 924 majus

189 938 325 973 quidpiam
349 937 436 965 elfert.
457 937 512 964 illic
526 937 596 964 enim
612 936 698 968 dixit,
713 936 741 964 Si
761 936 836 963 litem
857 935 981 963 intentari

189 985 291 1018 videas,
307 985 356 1012 hoc
369 984 410 1011 lac
425 994 432 1013 :
447 984 542 1012 tnelius
554 984 624 1011 enim
634 988 734 1011 estnon
746 984 861 1010 retinere
873 988 899 1010 et
909 990 924 1009 a
938 983 983 1009 lite

190 1032 316 1064 liberari,
331 1039 409 1066 quam
425 1031 540 1059 retinere
551 1035 579 1059 et
591 1030 705 1065 litigare.
724 1030 772 1057 Hic
785 1037 848 1057 vero
861 1037 911 1057 nec
935 1029 980 1056 ad-

190 1079 351 1110 versarium,
373 1086 422 1105 nec
447 1078 492 1105 lite
518 1076 722 1104 contendentem
749 1083 868 1111 ponens,
898 1072 983 1110 neque

183 1125 272 1152 'alinm
281 1125 431 1160 quempiam
443 1123 557 1150 similem
571 1130 733 1153 metuorans,
745 1122 895 1148 divitiarum
915 1129 982 1148 con-

186 1175 322 1206 temptum
335 1171 472 1197 dumtaxat
484 1170 571 1200 docet,
586 1168 730 1196 ostendens
744 1176 772 1195 se
787 1176 838 1195 non
855 1173 907 1194 tam
924 1175 985 1202 pro-

187 1221 251 1250 pter
274 1223 321 1243 cos
347 1216 391 1250 qui
417 1224 451 1243 ex
478 1215 589 1242 aliorum
615 1214 798 1242 misericordia
821 1214 982 1245 allevantur,

191 1270 271 1297 quam
287 1267 394 1296 propter
414 1269 460 1289 eos
474 1261 518 1296 qui
536 1261 692 1295 largiuntur,
706 1259 754 1287 has
770 1259 841 1294 leges
855 1259 925 1286 ferre
937 1267 943 1285 :
957 1264 985 1285 ut

186 1307 298 1334 etiamsi
321 1315 399 1334 uerno
425 1306 548 1342 injuriam
567 1306 677 1337 inferat,
702 1313 780 1332 nemo
795 1305 828 1332 ad
855 1305 983 1340 judicium

192 1353 296 1384 trahat,
313 1361 372 1389 quae
394 1352 492 1379 adsunt
514 1351 582 1379 bona
605 1355 824 1384 contemnamus,
840 1351 985 1386 egenisquc

186 1399 338 1426 tradamus.
352 1398 442 1433 Neque
452 1398 496 1425 hic
508 1402 591 1424 totum
603 1396 743 1424 conlertim
754 1397 852 1431 posuit,
864 1396 909 1423 sed
922 1404 985 1431 pau-

192 1447 267 1473 latim
284 1454 291 1472 :
306 1446 355 1473 etsi
378 1453 440 1473 vero
454 1445 480 1472 in
494 1444 601 1472 deserto
623 1444 768 1470 certamina
784 1443 831 1470 has
852 1445 923 1470 circa
942 1450 985 1470 res

194 1501 254 1519 cum
268 1492 293 1518 vi
310 1499 403 1526 magna
415 1490 589 1522 exhibuisset,
602 1494 718 1517 attamen
735 1489 760 1516 id
776 1488 924 1520 nonall‘ert,
940 1496 986 1515 ne-

187 1537 287 1573 ~quein
302 1538 419 1564 medium
432 1536 540 1563 adducit
555 1543 562 1562 :
578 1534 694 1562 nondum
716 1535 786 1561 enim
803 1538 907 1568 tempus
929 1538 987 1561 erat

192 1585 252 1612 tunc
265 1584 397 1617 revelare;
413 1584 459 1611 sed
478 1582 615 1610 ratiocinia
631 1581 753 1616 quatdam
768 1581 876 1611 excutit,
891 1588 986 1607 consu-

193 1630 273 1658 lentis
286 1631 374 1665 potius
384 1637 462 1664 quam
476 1629 635 1664 legislatoris
645 1635 742 1655 munus
750 1627 852 1654 obiens.
866 1626 932 1654 Cum
947 1625 987 1652 di-

192 1674 277 1705 xisset
287 1677 357 1704 enim
368 1697 376 1709 ,
390 1675 477 1703 Nolite
492 1675 663 1702 thesaurizare
681 1675 706 1701 in
718 1678 783 1700 terra
795 1694 803 1707 ,
825 1673 960 1707 subiunxit
978 1681 984 1699 :

195 1723 245 1750 Ubi
261 1731 348 1758 ιιι-πιθα
367 1727 391 1749 et
403 1722 470 1750 tinea
482 1721 626 1752 demolitur,
644 1725 667 1747 et
685 1719 726 1746 ubi
742 1722 811 1755 fures
828 1718 949 1752 effodiunt
963 1723 986 1745 et

196 1771 327 1804 furantur.
343 1767 420 1795 Nunc
442 1767 559 1795 ostendit
572 1766 670 1794 terreni
695 1765 813 1793 thesauri
829 1773 945 1797 noxam,
960 1768 988 1791 et

194 1814 307 1841 cmlestis
322 1814 463 1846 utilitatem
474 1834 482 1847 ,
503 1818 558 1839 tum
573 1820 587 1838 a
603 1812 678 1844 loco,
700 1817 754 1838 lllm
792 1810 826 1837 ab
863 1809 985 1837 adversi—

197 1859 309 1887 tatibus.
348 1859 442 1894 Neque
478 1858 522 1886 hic
541 1857 651 1893 gradum
665 1857 744 1890 sistit,
760 1856 806 1884 sed
821 1856 891 1883 aliud
909 1855 986 1882 indu-

193 1906 232 1932 cit
251 1906 435 1938 ratiocinium;
457 1909 483 1932 et
498 1905 604 1939 quidem
622 1905 706 1939 primo
720 1904 754 1930 ah
767 1903 835 1935 illis,
858 1911 917 1938 qme
933 1910 987 1929 ma-

195 1951 266 1978 xime
285 1951 391 1984 timent,
409 1951 554 1978 Cohortalis
567 1950 636 1977 illos.
651 1949 730 1983 Quid,
745 1949 838 1984 inquit,
851 1949 944 1975 times?
955 1957 988 1975 ne

195 1997 362 2024 insutnantur
373 1997 491 2032 pecunia:
504 1997 526 2023 si
538 1996 643 2023 dederis
650 1995 862 2031 cleemosynam?
877 1995 912 2022 Da
925 2002 989 2029 ergo

195 2044 412 2079 elcemosynam,
441 2049 467 2070 et
490 2048 552 2070 tunc
576 2050 628 2069 non
649 2042 822 2069 absumentur
842 2051 848 2068 :
865 2041 988 2076 quodque

196 2089 283 2124 majus
297 2094 348 2121 est,
361 2097 414 2116 non
429 2089 508 2116 modo
519 2097 570 2116 non
586 2088 770 2120 absumentur,
787 2088 835 2115 sed
848 2087 926 2114 etiam
940 2087 988 2114 ad-

195 2134 370 2167 ditamentum
391 2136 477 2169 majus
490 2135 621 2169 accipient
637 2143 643 2161 :
667 2134 765 2161 etenim
785 2135 854 2161 bona
873 2134 989 2161 caelestia

197 2181 365 2216 adjicientur.
384 2181 480 2209 Verum
496 2181 521 2208 id
535 2181 622 2208 adhuc
645 2188 698 2208 non
719 2180 793 2213 dicit,
809 2180 855 2207 scd
870 2180 919 2207 sub
933 2180 990 2207 iure

197 2227 300 2262 adjicit.

236 2272 262 2299 5.
283 2272 385 2308 Duplici
399 2273 499 2300 ratione
513 2272 628 2300 Christus
638 2273 670 2299 ad
681 2272 865 2307 eleemosynam
875 2271 988 2298 adducit.

200 2317 321 2344 Pecunia:
329 2326 405 2353 quam
424 2318 523 2352 difficile
537 2323 677 2345 servantur.
694 2317 770 2350 Quod
791 2317 877 2344 oculus
891 2317 991 2352 corpori

198 2370 245 2396 est,
258 2364 284 2390 id
299 2364 385 2390 anima
399 2363 650 2390 homini—interim
663 2370 726 2390 vero
738 2362 763 2390 id
777 2362 847 2398 quod
862 2363 922 2390 illos
932 2370 990 2389 ma—

198 2410 271 2436 xime
282 2409 417 2437 cohortari
436 2414 549 2444 poterat,
565 2409 591 2436 in
617 2409 733 2436 medium
754 2409 870 2443 adducit,
895 2416 991 2442 nempe

199 2455 354 2482 thesaurum
366 2455 495 2482 intactum
506 2455 616 2486 servari.
630 2459 656 2482 et
668 2454 792 2489 utrinque
803 2454 861 2482 illos
871 2454 991 2481 attrahit.

198 2500 257 2528 Non
270 2501 340 2528 enim
352 2501 418 2528 dicit
427 2505 541 2534 tantum,
553 2500 581 2527 Si
597 2500 793 2536 eleemosynam
821 2500 972 2535 erogaveris
983 2520 990 2530 .

198 2555 231 2573 ea
251 2551 380 2578 servatur,
410 2546 457 2574 sed
479 2546 641 2573 contrariutn
665 2546 863 2573 comminatur:
883 2545 911 2573 Si
939 2553 992 2572 non

200 2594 316 2626 dederis,
334 2594 404 2628 perit
417 2593 474 2620 tibi.
496 2594 530 2620 Et
553 2593 612 2622 vide
632 2592 791 2620 ineffabilem
815 2592 991 2627 prudentiam.

200 2640 260 2668 Non
273 2640 341 2668 dixit
351 2661 358 2673 ,
374 2640 440 2668 Aliis
452 2640 497 2667 illa
511 2639 631 2667 dimittes
646 2648 653 2666 :
667 2640 727 2674 quia
741 2646 813 2673 saepe
827 2638 890 2665 illud
905 2638 993 2665 horni-

202 2689 281 2716 nibus
295 2696 376 2715 suave
394 2692 450 2721 est;
466 2692 581 2715 attamen
595 2687 655 2714 illos
668 2686 775 2713 aliunde
797 2690 888 2718 terret,
903 2691 991 2712 osten-

201 2734 270 2761 dens
284 2733 391 2761 divitias
407 2741 441 2760 ne
455 2732 526 2760 illius
539 2732 645 2767 quidem
656 2753 662 2764 ,
679 2731 724 2766 qui
755 2731 888 2766 possidet,
914 2738 973 2758 esse
986 2749 992 2763 ,

205 2780 266 2808 licet
291 2780 363 2807 enim
387 2779 505 2807 homines
527 2779 558 2805 iis
585 2786 636 2806 llOIl
653 2782 784 2811 noceant,
801 2782 879 2805 erunt
906 2781 994 2804 tamen

245 2842 255 2858 ί
266 2840 323 2864 Sav.
334 2839 398 2864 Ben.
408 2836 463 2862 add.
475 2842 552 2861 t'anw.

651 97 689 123 ,ΙΝ
710 95 917 124 ΜΛΤΤΙΙᾺΗῚΜ
937 94 1051 122 liOllllL.
1075 94 1132 122 XX.
1155 96 1188 122 al.
1212 95 1281 123 XX!»

1776 98 1827 125 290

1035 154 1144 181 omnino
1158 154 1202 189 qni
1212 160 1334 188 noceant,
1350 156 1419 183 tinea
1435 155 1537 183 scilicet
1550 161 1576 182 et
1589 157 1687 190 azrng’o.
1700 157 1829 190 Quamvis

1034 206 1105 226 enim
1116 201 1192 227 vitari
1204 201 1280 228 facile
1294 209 1372 236 posse
1397 203 1519 230 videatur
1534 203 1590 230 Inec
1606 203 1745 237 pernicies.
1761 208 1829 230 atta-

1034 252 1095 272 men
1106 246 1317 280 incxpugnahilis
1327 252 1378 279 est,
1392 255 1442 275 nec
1453 247 1574 282 impediri
1592 252 1687 282 potest;
1703 253 1730 275 et
1745 256 1827 283 quan-

1036 291 1132 318 tnnnis
1146 293 1247 326 cogites
1259 300 1312 319 non
1327 293 1428 328 poteris
1442 293 1492 320 hoc
1503 301 1596 320 arcere
1608 293 1745 321 damnum.
1759 294 1827 328 Quid

1035 335 1132 370 igitur?
1145 345 1275 365 anrumne
1290 346 1303 364 a
1319 339 1388 366 tinea
1405 339 1599 373 corrumpitur?
1613 338 1639 366 Si
1653 347 1705 366 non
1720 347 1734 366 a
1747 340 1828 372 tinea,

1035 390 1049 409 a
1065 383 1168 411 furibus
1178 389 1250 411 certe
1262 390 1423 419 asportatur.
1434 385 1502 419 Quid
1515 385 1600 420 ergo?
1614 393 1648 412 an
1662 393 1754 412 omnes
1768 394 1829 420 spo-

1035 429 1090 456 liati
1106 438 1119 455 a
1133 429 1234 457 furibus
1249 432 1328 457 sunt?
1341 432 1367 458 Si
1384 439 1435 458 non
1452 439 1555 463 omnes,
1578 435 1605 457 at
1621 430 1738 465 plurimi.
1753 430 1829 458 ldco«

1035 482 1086 508 que
1097 475 1168 502 aliud
1181 476 1215 502 de
1227 485 1279 511 quo
1291 477 1344 510 jam
1356 477 1421 510 dixi,
1435 477 1535 504 inducit
1547 476 1827 505 ratiociniumdicens.

1034 519 1079 546 22.
1098 520 1147 548 Ubi
1160 522 1292 550 thesaurus
1304 524 1422 556 hominis,
1434 524 1467 550 ibi
1481 529 1503 550 ct
1511 532 1554 550 cor
1566 524 1630 559 ejus.
1641 524 1750 551 Etiamsi
1763 524 1829 551 nihil

1035 565 1130 594 hortnn
1146 568 1260 601 accidat,
1276 568 1370 603 inquit,
1382 577 1432 596 non
1447 576 1538 604 parum
1554 570 1668 604 accipies
1681 568 1829 597 nocumen-

1035 613 1065 645 ti,
1080 613 1101 640 si
1118 615 1232 641 terrenis
1249 615 1344 642 al‘lixus
1357 616 1403 647 sis,
1420 621 1447 642 et
1462 623 1492 643 ex
1506 615 1588 643 libero
1602 623 1695 643 servus
1708 616 1828 650 eti'ectus,

1034 662 1061 684 et
1069 659 1090 684 si
1102 666 1133 685 cx
1145 659 1296 686 caelestibus
1308 660 1425 693 excidas,
1435 661 1589 695 nihilqueex
1599 661 1758 688 sublimilms
1769 670 1830 696 pos-

1034 703 1071 730 sis
1094 705 1222 739 cogitare,
1237 706 1285 733 scd
1311 707 1438 741 pecunias
1456 714 1571 742 semper,
1588 715 1692 739 usuras.
1715 708 1828 740 ftenura,

1035 749 1120 783 lucra,
1133 752 1460 786 cauponariasiiliberales
1474 760 1480 778 :
1501 761 1554 788 quo
1574 753 1636 788 quid
1651 754 1830 781 miserabilius

1041 803 1257 834 fueritiEtenim
1274 802 1347 830 omni
1363 809 1442 829 servo
1453 801 1578 828 miserior
1595 800 1646 827 erit
1657 800 1719 826 talis
1735 800 1828 832 homo,

1040 851 1183 886 pessimam
1191 849 1241 877 sibi
1254 848 1421 884 tyrannidem
1429 846 1598 877 arcessens‘,
1614 846 1741 880 quodque
1751 844 1831 871 fune-

1040 897 1108 924 stius
1120 899 1172 926 est.
1187 895 1304 930 prodens
1322 893 1440 920 hominis
1452 892 1620 919 nobilitatem
1629 895 1709 925 atque
1719 888 1830 917 liberta-

1039 947 1103 968 tem.
1114 940 1181 967 Nam
1191 943 1409 974 quantacumque
1419 937 1466 964 tibi
1475 937 1609 967 dicantur,
1626 936 1647 962 si
1661 943 1738 961 mens
1747 943 1829 969 pecn-

1039 987 1092 1014 niis
1106 986 1182 1013 allixa
1193 985 1284 1017 fuerit,
1294 984 1361 1011 nihil
1372 984 1417 1010 tibi
1430 982 1601 1017 profuturum
1611 981 1705 1008 audire
1714 981 1828 1015 poteris;

1039 1033 1085 1062 sed
1093 1032 1321 1068 quemadmodum
1332 1030 1407 1057 canis
1418 1029 1443 1056 in
1456 1029 1562 1056 tumulo
1580 1029 1688 1062 ligatus,
1698 1027 1829 1061 pecunia-

1039 1088 1098 1107 rum
1109 1078 1251 1115 tyrannide
1260 1078 1367 1112 gravius
1378 1084 1459 1111 quam
1469 1080 1563 1103 catena
1577 1074 1702 1109 quapiam
1712 1072 1830 1099 constri-

1039 1130 1110 1158 ctus,
1122 1129 1216 1151 contra
1226 1123 1356 1149 adeuntes
1369 1127 1393 1148 te
1406 1128 1501 1148 omnes
1510 1119 1670 1151 oblatrahis,
1688 1118 1828 1144 hocuinnn

1039 1175 1167 1206 perpetuo
1177 1176 1245 1204 opus
1253 1175 1416 1202 exsequens,
1427 1165 1584 1200 utdeposita
1594 1171 1738 1191 conserves
1749 1163 1827 1190 aliis:

1037 1215 1164 1250 qnoquid
1175 1222 1294 1249 tmquam
1306 1212 1432 1240 miserius
1443 1211 1546 1238 fuerit?
1560 1211 1685 1237 Attamen
1698 1210 1762 1244 quia
1777 1209 1829 1236 hoc

1038 1261 1180 1289 sublimius
1188 1264 1256 1292 erat,
1268 1267 1349 1294 quam
1363 1264 1391 1285 ut
1399 1262 1488 1292 posset
1497 1257 1652 1284 auditorum
1661 1263 1737 1282 mens
1746 1255 1828 1282 attin-

1037 1314 1109 1342 gere;
1120 1314 1205 1340 neque
1213 1305 1369 1332 indcortum
1379 1304 1506 1330 damnum
1517 1310 1531 1329 a
1540 1300 1717 1328 multisfacile
1725 1304 1830 1335 poterat

1039 1353 1164 1387 intelligi,
1184 1360 1270 1385 neque
1280 1351 1384 1377 luerunt
1398 1357 1429 1376 ex
1444 1354 1601 1383 contemptu
1612 1351 1700 1374 ortum
1714 1346 1827 1381 percipi,

1037 1398 1085 1426 sed
1106 1397 1275 1432 philosophia
1287 1403 1355 1430 opus
1365 1399 1424 1422 erat
1435 1398 1465 1421 ut
1483 1393 1534 1420 hoc
1555 1397 1701 1427 utrumque
1711 1391 1828 1426 perspici

1036 1446 1131 1476 posset
1142 1451 1147 1467 :
1159 1441 1208 1468 hoc
1217 1445 1276 1475 post
1288 1440 1331 1466 illa
1349 1439 1537 1466 manifestiora
1546 1438 1637 1472 posuit
1652 1437 1747 1463 dicens
1759 1446 1765 1463 :
1779 1435 1828 1463 Ubi

1036 1490 1075 1512 est
1090 1484 1228 1511 thesaurus
1237 1483 1360 1515 hominis,
1369 1481 1405 1508 ibi
1413 1486 1450 1508 est
1458 1486 1481 1508 et
1489 1489 1534 1508 cor
1540 1481 1605 1514 ejus.
1616 1480 1682 1507 lllud
1690 1480 1771 1506 etiam
1779 1487 1828 1514 po-

1037 1540 1094 1563 stea
1108 1535 1206 1562 clarius
1220 1535 1301 1562 elticit
1330 1542 1344 1560 a
1364 1534 1546 1569 spiritualibus
1561 1534 1593 1561 ad
1617 1534 1752 1561 sensibilia
1774 1541 1832 1561 ser-

1038 1590 1145 1610 monem
1159 1582 1300 1609 traducens
1322 1581 1363 1608 his
1385 1580 1474 1608 verbis
1491 1581 1554 1608 :22.
1579 1581 1695 1608 Lucerna
1719 1581 1832 1616 corporis

1039 1629 1075 1655 tui
1090 1633 1125 1655 est
1138 1628 1227 1654 oculus
1237 1633 1304 1653 tuus.
1318 1627 1394 1660 Quod
1408 1632 1495 1654 anteiri
1509 1627 1582 1660 dicit,
1599 1627 1752 1662 lmjusmodi
1767 1632 1808 1655 est
1822 1636 1830 1655 :

1038 1673 1077 1701 Ne
1092 1673 1211 1701 defodias
1236 1681 1330 1700 aurum
1345 1672 1371 1700 in
1397 1677 1477 1706 terra,
1502 1681 1549 1699 nec
1563 1673 1700 1708 quidpiam
1724 1673 1830 1701 simile:

1038 1728 1100 1748 nam
1116 1721 1204 1753 tinem,
1213 1720 1324 1754 mrugini
1335 1724 1361 1746 et
1378 1719 1479 1746 furibus
1491 1719 1546 1746 lucc
1556 1727 1711 1754 congregas.
1722 1719 1832 1746 Etiamsi

1039 1774 1103 1794 vero
1119 1765 1176 1793 haec
1199 1765 1296 1792 damna
1311 1764 1453 1800 effugeris,
1482 1765 1506 1791 id
1531 1770 1619 1791 tamen
1642 1773 1694 1792 non
1710 1765 1831 1800 cﬂ‘ngies.

1039 1812 1110 1848 quod
1122 1820 1170 1840 cor
1185 1817 1258 1839 tuum
1276 1813 1301 1839 in
1322 1813 1477 1839 servitutem
1493 1812 1640 1847 redigatur,
1669 1816 1696 1839 et
1721 1813 1834 1840 terrenis

1040 1859 1164 1894 inligatur
1178 1868 1184 1885 :
1199 1859 1247 1886 Ubi
1261 1859 1327 1886 enim
1344 1860 1417 1894 fuerit
1429 1860 1560 1886 thesaurus
1569 1864 1637 1892 tuus,
1651 1859 1686 1886 ibi
1698 1860 1744 1886 erit
1757 1865 1779 1886 et
1790 1868 1834 1886 cor

1041 1910 1121 1931 tuum.
1138 1905 1166 1932 Si
1179 1913 1259 1939 porro
1271 1905 1297 1931 in
1311 1905 1376 1932 cazlo
1388 1905 1516 1939 deponas,
1533 1912 1585 1932 non
1603 1905 1674 1932 lnmc
1687 1905 1767 1932 modo
1780 1906 1835 1932 fru-

1040 1957 1111 1978 ctum
1125 1951 1251 1986 percipis,
1266 1951 1337 1987 quod
1349 1953 1455 1986 praemia
1469 1960 1516 1986 pro
1526 1952 1567 1979 his
1580 1958 1670 1986 parata
1687 1960 1835 1987 consequa-

1042 1998 1087 2029 ris;
1100 2005 1192 2024 verum
1207 1997 1307 2030 hicjam
1318 1997 1468 2024 mercedem
1479 1998 1588 2032 accipis,
1605 1997 1674 2032 quod
1690 1998 1735 2025 illo
1749 2003 1821 2025 trans

1042 2043 1112 2070 latus
1134 2043 1182 2075 sis,
1202 2043 1272 2078 quod
1297 2043 1414 2070 caelestia
1439 2043 1526 2079 sapias
1546 2048 1573 2070 et
1588 2043 1620 2070 de
1636 2043 1689 2071 illis
1704 2044 1835 2072 sollicitus

1041 2089 1079 2116 sis
1095 2100 1100 2117 :
1117 2089 1204 2124 palam
1222 2090 1291 2116 enim
1307 2094 1348 2116 cst
1362 2094 1388 2116 te
1404 2089 1450 2116 illo
1464 2090 1581 2116 animum
1598 2089 1777 2124 transtulisse,
1790 2090 1834 2116 ubi

1042 2138 1195 2162 thesaurum
1205 2135 1361 2170 deposuisti.
1372 2135 1503 2163 Caeterum
1516 2137 1536 2162 si
1547 2137 1572 2162 in
1587 2141 1655 2163 terra
1667 2136 1834 2171 deposueris,

1042 2182 1175 2208 contraria
1189 2182 1349 2216 experieris.
1372 2181 1447 2215 Quod
1464 2182 1485 2208 si
1504 2181 1549 2208 tibi
1565 2182 1619 2216 jam
1635 2182 1704 2208 dicta
1723 2182 1836 2209 obscura

1043 2228 1106 2260 sint,
1122 2227 1182 2254 audi
1196 2229 1346 2263 sequentia.
1362 2227 1479 2255 Lucerna
1500 2229 1614 2263 corporis
1634 2229 1669 2254 tui
1691 2234 1726 2255 est
1737 2229 1834 2255 oculus.

1044 2275 1074 2302 Si
1088 2275 1165 2310 igitur
1179 2275 1267 2302 oculus
1278 2280 1336 2302 tuus
1353 2275 1460 2310 simplex
1473 2275 1559 2309 fuerit,
1573 2279 1652 2301 totum
1662 2283 1753 2309 corpus
1765 2280 1836 2301 tuum

1045 2321 1159 2348 lucidam
1171 2321 1233 2352 erit;
1249 2321 1293 2348 20.
1308 2321 1330 2347 si
1345 2328 1401 2347 vero
1414 2321 1500 2348 oculus
1515 2327 1570 2347 tuus
1584 2322 1658 2356 fuerit
1670 2329 1784 2356 nequam.
1797 2326 1836 2347 tos

1045 2372 1097 2394 tum
1112 2375 1203 2402 corpus
1215 2373 1284 2393 tuum
1296 2368 1452 2394 tenebrosum
1464 2369 1519 2394 erit.
1535 2367 1566 2394 Si
1585 2376 1643 2402 ergo
1657 2368 1750 2400 lumen,
1770 2367 1837 2403 quod

1044 2414 1071 2440 in
1086 2418 1109 2440 te
1121 2418 1167 2446 est,
1181 2413 1288 2440 tenebrte
1297 2414 1355 2445 rint,
1371 2414 1433 2447 ipsa
1443 2413 1549 2440 tenebrae
1571 2418 1672 2448 quanta:
1691 2413 1782 2440 erunt?
1796 2413 1836 2440 Ad

1044 2460 1128 2494 magis
1156 2459 1264 2487 sensilia
1287 2466 1439 2486 sermonem
1468 2459 1586 2486 deducit.
1611 2458 1677 2492 Quia
1705 2459 1776 2485 enim
1804 2458 1837 2486 de

1045 2509 1136 2533 mente
1156 2505 1210 2539 jam
1237 2505 1360 2540 loquutus
1384 2508 1456 2537 erat,
1477 2510 1504 2531 ut
1528 2505 1554 2531 in
1581 2505 1736 2531 servitutem
1759 2504 1837 2532 reda-

1045 2557 1087 2578 cta
1102 2555 1129 2578 et
1143 2551 1256 2585 captiva,
1272 2551 1297 2578 id
1320 2551 1391 2586 quod
1413 2558 1429 2578 a
1448 2551 1537 2578 multis
1561 2558 1613 2577 non
1632 2549 1709 2578 facile
1735 2555 1836 2584 poterat

1045 2597 1168 2632 intelligi,
1184 2597 1218 2624 ad
1251 2603 1361 2625 ex1erna
1383 2601 1411 2624 et
1431 2597 1515 2624 oculis
1541 2597 1660 2631 subjecta
1686 2604 1838 2623 sermonem

1047 2643 1183 2677 transfert,
1198 2647 1225 2670 ut
1232 2643 1265 2670 ab
1277 2642 1318 2670 his
1328 2643 1371 2670 illa
1381 2642 1528 2678 intelligere
1541 2647 1660 2678 possent.
1671 2642 1737 2670 Nam
1752 2643 1773 2669 si
1786 2650 1837 2669 non

1051 2820 1056 2824 .
1085 2792 1099 2826 |_
1108 2790 1206 2826 \fidesis
1215 2798 1269 2826 qum
1280 2791 1305 2816 in
1315 2793 1383 2826 hunc
1397 2794 1479 2819 locum
1490 2793 1600 2826 disputat
1613 2794 1756 2820 Fridericus
1767 2796 1838 2822 Field

1050 2822 1074 2844 in
1089 2822 1293 2847 Aduotationibus
1306 2823 1366 2848 suis.
