2067 3132
221 114 269 141 291

222 171 302 201 nosti.
319 171 480 208 inquiLquid
495 171 632 198 sitmentis
639 170 776 202 damnum,
789 178 804 196 ει
816 169 953 204 corporeis
965 167 1014 195 hoc

221 219 312 246 edisce
329 227 336 245 :
353 219 424 253 quod
441 218 511 245 enim
526 217 620 245 oculus
636 222 677 245 cst
690 217 806 252 corpori,
823 216 873 243 hoc
887 223 961 242 mens
973 220 1015 241 est

221 265 328 292 animm.
346 264 575 299 Quemadmodum
597 264 668 290 enim
691 270 834 297 numquam
850 266 926 296 optes
947 269 1013 287 auro

220 311 319 341 ornari.
335 315 362 337 et
385 309 478 337 sericis
493 309 564 337 indui
584 309 720 342 vestibus,
733 309 866 342 simulque
882 307 1012 335 excwcari

219 356 316 387 oculis.
333 356 379 383 sed
396 356 489 383 horum
505 355 714 383 incolumitatem
738 355 785 382 tuti
800 353 951 388 hujusmodi
965 362 1012 388 ap-

221 402 322 436 paratui
339 401 552 436 anteponendam
567 401 726 428 existimes:
744 407 804 426 nam
820 400 842 427 si
854 400 940 426 visum
955 407 1012 434 per-

218 447 278 480 das,
287 448 349 474 nihil
360 448 404 474 tibi
413 448 513 483 reliqua
523 448 573 474 vita
582 446 691 482 prodest
704 446 860 482 (sicutenim
871 447 1011 473 excaecatis

218 495 480 530 oculis,reliquorum
495 494 548 522 fere
564 494 743 521 membrorum
754 493 1008 528 operatioabscedit,

218 542 346 569 exstincta
363 542 422 568 luce
438 549 444 567 :
461 541 499 568 sic
515 546 639 575 corrupta
656 539 739 567 semel
759 545 847 567 mente
863 539 1010 566 innumeris

217 589 269 615 vita
285 589 361 615 malis
371 587 536 623 replebitur):
548 587 771 622 quemadmodum
785 594 849 621 ergo
860 587 885 613 in
896 593 1010 620 corpore

218 635 268 662 hoc
282 642 417 666 curaums,
430 639 458 660 ut
473 633 567 660 oculus
587 633 622 660 sit
644 640 740 666 sanus,
757 632 795 659 sic
807 632 842 659 de
857 632 952 659 mentis
965 639 1009 658 sa-

215 680 299 708 nitate
319 679 475 706 curandum.
492 679 520 706 Si
543 679 612 706 hanc
629 686 794 705 esca-ceruus
810 686 870 712 qua:
885 677 946 705 aliis
966 678 1008 704 lu-

215 733 272 752 cem
289 725 440 752 ministrare
454 725 543 757 debet,
562 725 630 752 unde
641 724 695 759 jam
710 724 829 759 aspicere
843 723 1008 760 poterimus?

214 772 288 800 Sicut
301 773 371 798 enim
385 773 428 806 qui
444 772 544 799 fontem
560 772 644 798 aufert
656 792 663 803 ,
685 770 793 798 ﬂuvium
813 772 952 799 exsiccat:
968 770 1007 798 sic

213 820 259 854 qui
274 825 389 847 mentem
404 820 502 851 obruit,
519 826 613 845 omnes
626 819 684 853 ejus
699 819 723 844 in
741 817 789 845 hac
805 818 857 845 vita
870 818 1005 852 operatio-

213 873 261 892 nes
281 866 443 893 obseuravit.
461 865 523 893 ideo
545 866 590 896 ait,
617 865 647 892 Si
669 866 762 895 lumen,
779 865 846 898 quod
865 865 891 890 iu
911 869 935 890 te
958 868 1004 895 est,

213 912 320 939 tenebrte
341 912 400 944 sint,
424 912 487 946 ipsa:
501 911 610 938 tenebrat
621 916 723 946 quautw
732 911 745 937 ?
758 911 823 938 Nulli
834 918 894 938 cum
907 910 1004 945 guber-

213 964 292 985 nator
306 958 495 993 submergitur,
516 961 543 983 et
562 957 671 984 lucerna
693 956 881 991 exstinguitur,
905 959 933 983 et
951 955 1004 982 dux

211 1005 326 1039 capitur,
341 1012 400 1040 qua:
415 1011 477 1040 spes
492 1009 583 1038 postea
596 1002 727 1030 subditis?

247 1052 272 1078 εί.
293 1050 476 1085 Propugnulur
489 1050 632 1076 diuitiarum
643 1049 778 1084 cupiditas.
796 1048 851 1081 Quo
868 1053 942 1084 pacto
961 1048 1002 1074 di-

211 1098 278 1124 vitia:
300 1099 408 1132 fructum
428 1097 538 1132 pariant.
551 1111 581 1116 —
599 1097 769 1130 Quapropter
791 1094 879 1122 missis
900 1095 1002 1122 insidiis

212 1151 260 1178 per
287 1144 391 1171 divitias
410 1143 527 1175 structis,
548 1142 653 1179 pugnis.
673 1142 764 1169 litibus
783 1142 851 1178 (brec
869 1141 940 1168 enim
959 1149 1002 1174 su-

212 1190 302 1223 perius
332 1188 510 1214 subindicavit
533 1189 625 1214 dicens
649 1197 655 1214 :
682 1187 774 1213 Trade!
797 1193 821 1213 te
845 1187 1004 1214 adversarius

209 1235 302 1271 jndici,
316 1239 339 1261 et
348 1235 431 1270 judex
444 1234 557 1260 ministro
568 1233 674 1270 [Matt/1.
691 1235 717 1261 5.
733 1233 803 1269 ἓέῆ),
820 1233 861 1260 his
879 1233 1004 1260 otnnibus

210 1281 321 1308 sa'viora
335 1280 472 1315 proferens
481 1301 488 1312 ,
501 1281 539 1308 sic
551 1280 657 1307 abducit
670 1288 685 1307 a
697 1280 765 1307 mala
776 1280 1000 1314 concupiscentia.

211 1326 316 1353 Etenim
333 1326 411 1360 longe
430 1325 549 1353 deterius
566 1331 606 1353 est
626 1332 741 1353 mentem
759 1325 820 1353 huic
833 1327 926 1353 morbo
940 1327 1002 1353 sub-

208 1371 253 1406 jici
265 1392 272 1403 ,
287 1380 365 1406 quam
379 1373 403 1398 in
416 1378 524 1399 carcere
534 1371 631 1405 degere
643 1380 649 1398 :
663 1376 690 1398 ct
702 1372 814 1398 alterum
829 1371 936 1406 quidem
949 1379 1002 1399 non

209 1425 317 1451 semper
333 1417 446 1449 accidit,
463 1417 575 1444 alterum
597 1424 661 1444 vero
679 1421 840 1452 estsemper
851 1425 911 1444 cum
922 1425 1002 1451 pecn—

208 1463 313 1490 niarmn
330 1463 476 1497 cupiditate
491 1462 671 1498 conjunclum.
683 1462 863 1496 Quamobrem
880 1463 930 1491 hoc
942 1469 1002 1498 post

207 1510 274 1536 illud
298 1511 389 1544 punit,
406 1515 497 1544 utpote
511 1510 618 1545 gravius
639 1515 667 1536 et
688 1509 800 1536 omnino
821 1510 999 1544 subsequens.

207 1557 274 1584 Nam
296 1558 383 1588 Deus,
409 1556 502 1591 inquit,
525 1560 640 1583 mentem
662 1556 738 1583 nobis
754 1555 865 1589 indidit,
880 1560 908 1583 ut
924 1557 1000 1591 igno-

208 1605 320 1631 rantiatn
336 1604 514 1638 dissipcmus,
540 1607 566 1630 et
588 1611 676 1631 rerum
694 1603 823 1638 judicium
841 1609 942 1631 rectum
957 1608 999 1630 tc-

208 1659 336 1684 ncamus,
357 1656 437 1686 atque
451 1655 544 1678 contra
559 1651 647 1677 omnia
662 1650 774 1677 molesta
794 1650 925 1686 noxiaque
949 1650 1000 1677 hoc

206 1697 282 1732 quasi
295 1697 349 1724 telo
363 1701 389 1724 et
404 1697 503 1724 lumine
519 1701 640 1729 utentes,
657 1696 682 1723 in
698 1700 755 1723 tuto
770 1704 934 1724 maneamus.
945 1696 1000 1724 Nos

207 1751 271 1770 vero
282 1743 381 1770 donum
398 1743 448 1770 hoc
464 1742 601 1777 prodimus
616 1741 651 1769 ob
664 1741 786 1777 quatdam
803 1749 998 1776 supervacanea

206 1794 234 1816 et
250 1789 364 1816 inutilia.
385 1789 453 1822 Quid
475 1788 545 1815 euitn
562 1796 629 1824 opus
644 1788 775 1815 mililibus
795 1796 860 1815 auro
879 1790 997 1820 onustis,

207 1835 313 1870 quando
329 1835 382 1862 dux
395 1836 517 1870 captivus
530 1839 572 1862 est
584 1835 613 1860 “3
626 1835 697 1869 quod
711 1835 815 1861 lucrum
833 1843 866 1862 ex
885 1835 1000 1862 ornatis-

207 1882 274 1909 sima
300 1882 359 1909 navi
371 1903 379 1914 ,
398 1881 504 1917 quando
521 1881 682 1917 gubernator
694 1881 849 1909 submersus
862 1881 922 1909 est?
936 1881 998 1917 quid

207 1929 266 1964 plus
286 1929 385 1956 habeas
406 1936 520 1963 corpore
541 1933 615 1956 recte
635 1929 796 1959 constituto.
813 1929 834 1955 si
855 1928 927 1956 oculi
946 1929 1000 1956 sint

203 1976 359 2004 excmcali?
377 1975 610 2009 Quemadmodum
638 1975 718 2011 igitur
739 1975 890 2009 medicum,
920 1983 998 2012 quem

204 2022 275 2050 bene
296 2022 384 2050 valere
404 2026 520 2058 oportet,
543 2026 572 2049 ut
594 2021 707 2049 aliorum
731 2026 808 2049 curet
829 2021 955 2054 morbos,
976 2022 999 2049 si

203 2071 266 2105 quis
282 2070 307 2097 in
320 2069 442 2097 morbum
453 2068 588 2103 conjiciat,
600 2073 626 2095 et
641 2068 667 2095 in
680 2073 808 2103 argenteo
819 2068 889 2096 lecto
901 2075 998 2096 aureo-

202 2123 258 2151 que
272 2116 389 2144 thalamo
405 2116 496 2150 jacere
513 2115 622 2150 jubeat,
644 2121 755 2149 prorsus
778 2114 898 2142 inutilem
921 2114 999 2150 aegris

206 2162 312 2190 reddit:
330 2162 369 2189 sie
393 2162 414 2189 si
443 2166 582 2197 postquam
604 2167 721 2189 mentem
744 2162 914 2196 corruperis,
938 2169 999 2197 qua:

202 2208 286 2235 animi
307 2208 409 2234 morbis
428 2207 531 2235 mederi
549 2207 651 2242 possit,
667 2207 793 2235 thesauro
807 2207 927 2235 assidere
939 2215 999 2235 eam

202 2255 341 2282 curaveris
354 2276 361 2287 ,
378 2262 431 2281 non
448 2254 531 2282 modo
542 2253 606 2281 nihil
621 2254 692 2281 illam
706 2254 803 2289 juvasti
816 2274 823 2285 ,
840 2254 887 2281 sed
900 2253 999 2281 damno

203 2300 318 2328 effecisti
328 2321 336 2333 ,
360 2305 388 2327 ct
409 2300 457 2327 toti
477 2300 574 2327 anima:
589 2305 642 2326 tua:
656 2299 781 2327 nocuisti.
794 2299 918 2327 Vidistin’
932 2307 1000 2334 quo-

206 2346 286 2373 modo
301 2353 349 2381 per
360 2354 421 2381 qua:
442 2345 564 2373 homines
577 2345 610 2373 ad
625 2346 770 2381 nequitiam
784 2346 882 2381 ubique
894 2346 1000 2381 cupidi-

204 2396 261 2419 tate
277 2391 410 2424 feruntur,
426 2399 474 2426 per
489 2392 546 2419 lucc
561 2392 678 2419 maxime
693 2392 726 2419 ab
741 2392 784 2420 illa
800 2391 955 2423 abstrahat,
972 2396 1000 2419 et

206 2439 240 2466 ad
256 2439 380 2466 virtutem
403 2437 532 2465 reducat?
553 2438 622 2471 Cur,
647 2439 740 2474 inquit,
757 2439 883 2473 pecunias
900 2446 1000 2466 concu-

207 2485 306 2521 piscis?
331 2493 421 2512 nonnc
444 2489 474 2512 ut
495 2485 630 2519 voluptate
653 2484 810 2520 deliciisque
834 2485 946 2512 fruaris?
971 2483 999 2512 Id

206 2537 280 2559 certe
297 2532 343 2558 tibi
360 2539 411 2558 non
423 2531 485 2558 inde
498 2531 654 2566 proveniet.
675 2531 722 2558 sed
735 2531 899 2558 contrarium
915 2539 998 2566 pror—

207 2587 264 2606 sus.
286 2577 513 2612 Quemadmodum
528 2578 599 2605 enim
619 2578 703 2604 oculis
723 2577 823 2605 avulsis
837 2577 902 2604 nihil
918 2585 1000 2604 suave

205 2632 288 2653 sensu
305 2623 474 2658 percipimus,
490 2623 524 2650 ob
537 2623 689 2657 hujusmodi
703 2623 881 2650 calamitatem
894 2631 901 2650 :
916 2622 999 2649 multo

206 2670 292 2706 magis
305 2669 333 2697 in
347 2669 444 2696 mentis
456 2670 596 2697 eversione
610 2674 638 2697 et
651 2670 771 2697 caecitate
782 2670 841 2697 bare
856 2668 996 2705 patiemur.

206 2717 264 2751 Qua
284 2716 319 2744 de
338 2723 418 2742 causa
433 2715 536 2743 defodis
552 2716 578 2742 in
596 2717 715 2744 terram?
740 2721 769 2743 ut
787 2721 845 2744 tuto
856 2716 1000 2744 servetur?

212 2762 308 2789 Verum
329 2761 373 2788 hic
390 2762 469 2789 etiam
485 2763 646 2789 contrarium
668 2761 788 2796 accidet,
811 2762 904 2798 inquit.
926 2761 1000 2790 Sicut

240 2842 250 2860 ι
268 2842 324 2874 Atii,
336 2843 432 2875 quando
443 2842 496 2868 dtur
508 2843 614 2875 captum
624 2843 737 2869 trahitur.

576 112 604 140 S.
625 111 765 140 JOANNlS
777 109 1016 140 CIIRYSOS'IOMI
1036 109 1195 139 AliClIlEP.
1217 112 1485 142 CONSTANTINOP.

1806 114 1860 145 ΞΒΞ

1069 175 1140 196 enim
1163 177 1225 198 eum
1245 172 1289 206 qui
1313 176 1422 208 propter
1436 181 1530 200 vanam
1552 174 1665 209 gloriam
1687 175 1799 211 jejunal,
1814 179 1858 204 dat

1067 216 1263 252 eleemosynam
1275 238 1282 250 ,
1303 223 1330 246 et
1355 225 1488 254 precatur,
1500 220 1534 248 ab
1547 221 1579 248 iis
1594 222 1658 256 ipsis
1671 229 1730 258 qua:
1743 224 1859 252 maxime

1067 263 1154 298 cupit,
1171 272 1185 290 a
1200 272 1268 292 vana
1287 265 1370 300 gloria
1393 268 1504 294 retraxit
1526 268 1599 302 (nam
1621 277 1680 303 cur,
1697 269 1799 305 inquit,
1823 277 1857 298 ita

1066 309 1183 343 precaris
1193 330 1201 342 ,
1215 315 1241 337 et
1252 310 1299 338 das
1312 311 1529 348 eleemosynam?
1543 322 1631 342 annon
1645 316 1704 350 quia
1720 315 1857 344 hominum

1064 355 1175 390 gloriam
1198 356 1304 392 diligis?
1327 358 1380 384 noli
1404 366 1467 393 ergo
1487 359 1525 386 sic
1542 367 1637 393 orare,
1660 365 1685 387 et
1707 366 1768 389 tttnc
1783 362 1855 389 illam

1064 402 1254 436 consequeris,
1276 403 1302 430 in
1325 403 1414 431 futuro
1435 413 1531 440 nempe
1549 406 1627 442 die):
1644 407 1682 435 sic
1696 413 1722 435 et
1737 410 1855 443 pecunia:

1063 448 1198 482 cupidum.
1215 457 1262 483 per
1273 457 1305 477 ca
1318 450 1412 486 quibus
1426 453 1540 480 maxime
1551 454 1684 487 studebat,
1701 463 1748 490 per
1760 456 1854 484 eadem

1063 502 1089 523 et
1105 497 1186 531 cepit.
1199 497 1268 529 Quid
1283 497 1333 528 vis.
1347 496 1433 530 inquit
1447 506 1453 523 :
1468 501 1498 524 ut
1512 498 1631 531 pecunia:
1646 499 1692 525 tibi
1710 505 1855 527 serventur

1063 547 1089 568 et
1107 542 1243 575 voluptate
1262 541 1402 569 fruaris‘?
1419 541 1482 569 Haec
1500 543 1578 568 ambo
1596 543 1643 570 tibi
1662 545 1851 578 copiosissime

1063 589 1197 622 praebebo,
1213 589 1236 616 si
1252 588 1306 616 illic
1323 588 1444 623 deponas
1459 597 1564 620 aurum,
1582 590 1625 616 tibi
1639 590 1751 624 jubebo.
1765 592 1852 625 Aper-

1063 633 1114 660 tius
1129 639 1219 660 autem
1236 634 1262 660 in
1279 634 1455 668 sequentibus
1471 635 1596 661 damnum
1613 635 1676 662 inde
1692 637 1774 663 tuenti
1791 637 1850 663 illa-

1062 682 1116 704 tum
1131 678 1258 711 ostendit,
1274 685 1334 705 cum
1350 679 1489 713 spinarum
1506 681 1669 707 mentionem
1685 681 1763 714 fecit;
1782 682 1849 708 inte-

1061 723 1110 750 rim
1124 731 1188 751 vero
1204 724 1317 760 idipsum
1335 725 1378 752 hic
1395 721 1446 752 udi
1461 725 1643 760 perfunctorie
1655 727 1846 760 subiudicavit,

1060 777 1119 796 cum
1135 771 1254 798 ostendit
1268 771 1473 798 obtenebratmn
1488 779 1549 799 esse
1563 780 1624 800 eum
1640 773 1686 807 qui
1703 774 1775 800 circa
1790 774 1847 801 haec

1060 815 1170 842 fureret.
1190 816 1228 843 Ac
1247 817 1472 850 quemadmodum
1494 817 1510 844 ii
1531 818 1575 852 qui
1596 818 1622 845 iu
1644 819 1763 846 tenebris
1784 825 1847 846 sunt

1060 861 1125 888 nihil
1139 861 1210 888 clare
1223 863 1322 895 vident,
1336 863 1382 889 siul
1396 863 1418 889 si
1435 862 1524 890 funem
1537 864 1662 897 viderint,
1677 869 1773 899 putant
1786 872 1848 892 esse

1058 912 1224 941 serpentem.
1240 909 1261 934 si
1280 914 1382 934 montes
1400 914 1427 935 et
1444 908 1535 941 valles,
1552 917 1651 944 pavore
1668 911 1822 938 moriuntur
1836 920 1844 940 :

1058 954 1098 981 sic
1111 957 1138 980 et
1152 953 1196 981 isti
1212 961 1272 988 quae
1285 954 1437 981 videntibus
1452 954 1629 982 formidabilia
1645 964 1697 983 non
1713 962 1786 990 sunt,
1800 966 1845 985 su-

1057 1003 1149 1034 specta
1164 999 1262 1026 habent
1277 1009 1282 1026 :
1297 1008 1357 1026 nam
1373 1005 1557 1034 paupertatem
1573 1007 1710 1035 metuunt;
1725 1002 1779 1030 imo
1791 1011 1844 1030 non

1057 1049 1241 1080 paupertatem
1262 1050 1364 1071 tantum
1375 1065 1382 1075 ,
1399 1045 1446 1072 sed
1465 1045 1505 1072 vel
1524 1045 1581 1073 leve
1598 1047 1748 1081 quodpiam
1759 1047 1845 1074 detrih

1057 1095 1187 1118 mentum.
1203 1090 1306 1117 Etenim
1323 1091 1345 1117 si
1362 1091 1494 1118 modicum
1511 1091 1575 1126 quid
1591 1092 1742 1124 amiserint,
1759 1094 1844 1128 magis

1055 1137 1146 1172 lugent
1168 1146 1199 1164 ac
1221 1138 1376 1165 cruciantur
1395 1145 1476 1172 quam
1500 1138 1516 1165 ii
1541 1139 1584 1173 qui
1610 1140 1762 1167 necessario
1783 1141 1844 1167 cibo

1054 1189 1143 1218 egent.
1161 1183 1232 1210 Multi
1251 1188 1326 1211 certe
1343 1191 1375 1210 ex
1394 1183 1546 1217 bujusmodi
1565 1185 1703 1217 divitibus,
1721 1186 1773 1213 tale
1790 1195 1842 1213 non

1054 1229 1172 1256 ferentes
1185 1229 1373 1262 infortunium,
1387 1231 1418 1256 ad
1434 1230 1556 1264 laqueum
1572 1237 1758 1258 accurrerunt.
1772 1231 1843 1259 Con—

1055 1276 1169 1303 tumelia:
1182 1282 1271 1303 autem
1285 1281 1311 1303 el
1326 1277 1423 1302 dauma
1438 1277 1474 1303 ita
1489 1276 1541 1304 illis
1554 1276 1843 1306 intolerabilh'videw

1055 1326 1108 1351 tur.
1127 1326 1155 1347 ut
1170 1329 1201 1348 ea
1219 1323 1251 1348 de
1268 1329 1350 1348 causa
1370 1322 1432 1348 item
1452 1322 1529 1348 multi
1547 1330 1580 1349 ex
1600 1323 1650 1349 hac
1667 1324 1721 1350 vita
1739 1324 1842 1358 abrepti

1055 1367 1164 1394 fuerint.
1177 1368 1216 1394 Ad
1227 1369 1315 1394 omnia
1328 1369 1427 1402 quippe
1440 1369 1533 1396 molles
1546 1369 1644 1395 divitia:
1656 1370 1841 1403 reddiderunt,

1055 1418 1234 1448 praeterquam
1254 1415 1286 1440 ad
1308 1414 1411 1441 illarum
1431 1415 1620 1442 ministerium.
1639 1414 1753 1449 Quando
1769 1417 1842 1444 enim

1055 1459 1107 1487 illa:
1124 1460 1196 1494 ipsos
1214 1465 1242 1486 ιιι
1258 1461 1308 1487 sibi
1326 1462 1446 1487 serviant
1462 1462 1636 1496 compellunt,
1657 1467 1720 1490 tunc
1737 1463 1772 1490 illi
1791 1471 1842 1491 au-

1054 1507 1146 1534 dacter
1164 1507 1282 1541 pericula
1305 1509 1398 1534 mortis
1418 1508 1532 1541 adeunt,
1552 1510 1679 1541 verbera,
1697 1511 1841 1544 opprobria

1053 1559 1188 1587 oumeque
1204 1553 1357 1587 ignominia:
1373 1561 1467 1588 genus.
1483 1553 1558 1587 Quod
1573 1562 1638 1581 sane
1652 1561 1781 1583 extre-um
1795 1563 1842 1591 ge-

1053 1607 1103 1626 nus
1125 1604 1167 1626 est
1182 1600 1311 1631 miserim,
1328 1599 1371 1626 ubi
1399 1600 1578 1635 philosophari
1599 1607 1748 1636 oporteret,
1773 1603 1842 1630 mol-

1052 1644 1168 1672 lissimos
1186 1652 1259 1678 esse;
1285 1646 1329 1672 ubi
1358 1652 1447 1672 :Itllem
1466 1647 1522 1681 pios
1549 1652 1577 1674 et
1600 1649 1765 1676 verecundos
1780 1656 1841 1676 esse

1052 1699 1101 1726 par
1124 1697 1212 1724 esset,
1238 1693 1273 1718 ibi
1294 1692 1540 1727 impudentissimas
1559 1698 1587 1721 et
1614 1695 1776 1723 sanissimos
1793 1703 1840 1724 ex-

1053 1739 1149 1766 hiberi.
1169 1739 1272 1766 Etenim
1300 1739 1414 1774 idipsum
1443 1740 1495 1766 illis
1522 1741 1666 1775 contingit,
1693 1747 1722 1768 ut
1743 1743 1764 1770 si
1779 1743 1841 1777 quis

1051 1791 1112 1820 post
1129 1785 1196 1813 bona
1213 1787 1367 1814 indecenter
1389 1787 1529 1822 absumpta
1556 1787 1623 1814 male
1645 1787 1772 1822 patiatur.
1795 1789 1841 1816 Ille

1052 1840 1178 1867 namque,
1204 1833 1324 1860 instante
1347 1838 1478 1867 tempore,
1491 1842 1543 1868 quo
1564 1836 1715 1862 necessaria
1735 1841 1777 1862 est
1791 1843 1841 1863 ex-

1051 1885 1221 1912 pensa,cum
1244 1879 1310 1906 nihil
1333 1880 1418 1914 possit
1440 1880 1508 1907 ultra
1524 1881 1688 1915 impendere,
1714 1882 1841 1910 intolera~

1050 1920 1113 1950 bilia
1133 1923 1235 1957 patitur
1257 1922 1337 1956 mala,
1351 1931 1413 1952 cum
1432 1923 1487 1958 jam
1501 1926 1592 1953 omnia
1615 1925 1685 1954 male
1698 1926 1839 1962 absumpta

1051 1973 1160 2000 fuerint.

1087 2019 1114 2047 5.
1135 2019 1174 2047 Ac
1191 2019 1416 2055 quemadmodum
1432 2020 1458 2047 in
1474 2028 1552 2048 scena
1567 2020 1711 2048 histriones
1727 2021 1752 2048 in
1766 2021 1843 2049 malis

1051 2066 1209 2102 quibusdam
1224 2067 1325 2095 artibus
1340 2068 1478 2100 instructi,
1501 2068 1528 2095 in
1548 2067 1590 2095 his
1611 2068 1693 2095 multa
1713 2068 1842 2103 stupenda

1051 2120 1079 2143 et
1092 2113 1242 2148 periculosa
1262 2114 1412 2147 sustinent,
1428 2114 1453 2141 in
1472 2114 1532 2142 aliis
1551 2122 1616 2142 vero
1631 2114 1738 2142 utilibus
1752 2121 1843 2143 neces-

1051 2161 1183 2195 sariisque
1201 2160 1281 2188 rebus
1302 2168 1411 2196 prorsus
1426 2160 1508 2195 inepti
1529 2168 1561 2187 ac
1582 2160 1687 2188 ridiculi
1709 2162 1789 2188 suut':
1803 2161 1843 2188 sic

1052 2213 1080 2236 et
1094 2208 1120 2235 hi
1135 2208 1168 2235 de
1181 2207 1278 2243 quibus
1298 2207 1412 2243 agimus.
1439 2207 1545 2234 Etenim
1569 2206 1714 2234 histriones
1736 2207 1775 2235 illi
1797 2208 1843 2243 qui

1052 2261 1100 2288 per
1119 2257 1223 2281 tensutn
1248 2252 1338 2280 funem
1361 2253 1516 2286 ambulant,
1532 2257 1559 2280 et
1573 2257 1675 2280 tantam
1688 2253 1725 2281 ibi
1740 2253 1844 2281 fortitu-

1052 2300 1141 2327 dinem
1163 2299 1308 2331 exhibent;
1332 2299 1439 2334 quando
1462 2298 1597 2333 quidpiam
1625 2307 1657 2326 ex
1681 2300 1843 2327 necessariis

1051 2346 1133 2372 rebus
1148 2344 1286 2372 audaciam
1297 2345 1408 2380 requirit
1419 2353 1449 2371 ae
1462 2337 1643 2372 liirtiludinem
1655 2353 1662 2371 :
1679 2353 1713 2372 ne
1724 2346 1843 2380 cogitare

1051 2391 1161 2426 quidem
1192 2390 1291 2425 aliquid
1319 2394 1438 2424 possunt.
1467 2390 1513 2418 Sic
1540 2390 1653 2421 divites,
1682 2391 1727 2426 qui
1753 2392 1842 2418 omnia

1052 2443 1161 2474 propter
1179 2438 1307 2473 pecunias
1331 2437 1445 2469 audent,
1469 2437 1503 2464 ad
1530 2436 1770 2472 philosophandum
1794 2445 1844 2465 nec

1053 2494 1196 2522 magnum,
1222 2492 1271 2513 nec
1295 2492 1404 2520 parvum
1428 2484 1562 2519 quidpiam
1585 2485 1638 2519 pati
1660 2490 1780 2517 possunt.
1806 2486 1844 2512 Ac

1053 2534 1122 2560 sicut
1136 2532 1173 2559 illi
1187 2532 1313 2559 lubricam
1329 2535 1356 2558 et
1369 2530 1561 2558 infructuosam
1580 2538 1636 2558 rem
1656 2536 1789 2562 tractant,
1806 2531 1844 2558 sic

1052 2583 1080 2606 et
1095 2578 1121 2606 bi
1136 2578 1252 2613 pericula
1279 2577 1362 2605 multa
1387 2577 1500 2604 tolerant
1511 2582 1538 2605 et
1560 2577 1706 2612 praecipitia
1727 2576 1842 2609 adeunt,

1052 2633 1112 2661 qute
1123 2624 1215 2652 omnia
1229 2623 1315 2651 inutili
1327 2624 1378 2651 line
1388 2623 1561 2661 clauduntur;
1577 2630 1609 2651 ac
1619 2623 1717 2659 duplici
1731 2623 1845 2658 caligine

1054 2671 1234 2704 involvuntur,
1249 2675 1303 2697 ttnu
1319 2669 1389 2705 qttod
1404 2677 1497 2696 eversa
1519 2674 1609 2697 mente
1626 2670 1756 2697 exctncati
1772 2670 1824 2696 siut
1835 2689 1843 2701 ,

1052 2722 1109 2746 tum
1134 2716 1206 2752 quod
1227 2724 1261 2745 ex
1286 2716 1373 2744 fallaci
1396 2715 1604 2743 sollicitudinum
1629 2716 1701 2744 mole
1728 2715 1843 2744 tenebris

1080 2802 1087 2817 ‘
1103 2801 1159 2826 Htec
1171 2801 1284 2826 omnibus
1294 2801 1366 2826 codd.
1380 2800 1522 2825 concinnat.
1540 2799 1621 2830 Vulgo
1635 2807 1640 2824 :
1661 2799 1725 2829 Quid
1737 2798 1786 2829 vis,
1799 2798 1836 2830 ius

1047 2832 1108 2864 quit,
1120 2833 1234 2862 pecunias
1243 2831 1287 2858 tibi
1296 2832 1391 2858 servari
1396 2831 1408 2857 .’
1413 2838 1490 2857 annon
1499 2833 1525 2856 tu
1532 2829 1637 2860 deliciis,
1643 2830 1723 2863 gloria
1733 2834 1755 2856 et
1764 2837 1787 2856 ιι.
1796 2831 1815 2861 l‘.
1822 2829 1836 2854 ξ’
