2067 3132
234 114 287 143 293

234 172 390 199 obruantur.
411 170 576 205 Quapropter
594 175 627 196 ne
656 167 793 202 respicere
814 165 922 201 quidem
947 163 1025 191 facile

236 221 356 252 possunt.
373 215 439 244 Nam
458 216 502 250 qui
526 215 551 242 itt
574 213 691 242 tenebris
706 216 748 239 est
763 215 882 244 tantum,
896 208 953 236 sole
967 207 1027 235 illu-

234 268 376 296 Cescente,
392 263 426 290 ab
441 263 473 289 iis
497 262 641 293 liberatur;
664 259 709 294 qui
730 265 794 285 vero
807 257 893 284 oculis
905 261 1025 283 excaxca-

237 318 279 339 tus
297 315 355 344 est,
381 317 468 345 neque
490 310 548 337 sole
570 306 784 336 Iuccnte.videt:
801 305 827 332 id
848 303 961 338 quodet
977 301 1026 336 ipsi

236 356 383 391 patiuntur.
397 355 489 390 Neque
500 354 571 383 enim
584 353 645 380 Sole
658 351 766 387 iustitia:
780 351 788 366 ¹
802 349 919 384 fulgente
932 353 958 374 et
969 347 1028 374 hor-

237 406 311 429 tante
323 401 451 433 audiunt,
469 399 567 427 divitiis
585 398 679 426 oculos
700 397 817 432 ipsorutn
832 392 1026 422 claudentibus.

236 449 409 482 Quapropter
431 445 566 479 duplicem
590 443 724 471 sustinent
748 441 895 469 caecitatem
909 448 915 466 :
931 439 1026 470 aliam,

236 501 268 520 ex
286 492 397 527 seipsis,
418 491 509 523 aliam,
524 489 595 525 quod
609 489 736 523 Magistro
749 495 799 514 suo
812 493 864 513 non
878 484 1026 512 attendant.

237 538 416 566 Attendamus
440 537 530 571 itaque
555 535 696 570 diligenter
716 533 794 560 dictis
809 532 896 563 illius,
918 535 948 557 ut
967 536 1029 557 sero

238 585 346 612 tandem
368 584 513 611 videamus.
542 582 576 608 Et
601 579 735 616 quomodo
755 578 846 606 videre
867 575 1030 612 possumus?

238 631 267 658 Si
281 631 368 658 discas
381 628 515 664 quontodo
539 631 688 655 exczecatus
712 626 759 652 sis.
784 623 924 659 Quomodo
951 622 1030 657 igitur

239 681 389 705 excmcatus
403 676 451 703 es?
473 675 493 701 A
520 674 588 701 mala
608 671 833 707 concupiscentia.
859 670 934 697 Sicut
957 669 1028 696 enim

240 722 374 757 malignus
394 721 489 747 humor
503 719 529 746 in
546 718 672 754 pttpillatn
690 717 760 744 oculi
784 723 876 751 puram
897 713 1029 746 inﬂuens,

240 769 280 795 sic
294 767 466 803 pecuniarum
489 772 564 792 amor
583 765 694 792 densam
716 764 813 790 nubem
834 763 860 789 in
883 766 973 788 mente
986 764 1030 787 tua

243 813 317 841 fecit.
335 813 432 840 Verum
449 811 517 838 hanc
530 810 628 838 nubem
643 809 774 844 dissipare
787 812 813 835 et
826 808 978 842 dirumpere
991 806 1030 833 fa-

242 859 293 886 cile
301 863 351 891 est,
361 859 383 885 si
391 857 492 885 Christi
505 856 634 884 doctrinae
646 855 751 882 radium
760 853 924 888 excipiamus
935 861 942 886 ;
953 853 975 879 si
985 860 1029 879 au-

242 904 347 932 diamus
361 904 433 930 illum
449 907 601 930 manentem
617 909 649 929 ac
661 901 792 928 dicentem
806 908 813 926 :
827 899 915 926 Nolite
930 899 1032 926 thesau-

242 950 325 977 rizare
341 949 408 977 vobis
422 949 551 976 thesauros
564 948 679 974 interra.
700 947 733 973 Et
744 946 808 982 quid
829 946 893 972 tnihi
913 945 1032 980 proderit

242 995 389 1023 doctrinam
403 994 505 1026 audire,
519 1001 580 1021 cum
603 1000 617 1020 a
636 992 781 1027 cupiditate
803 991 943 1019 detinear?
962 992 1033 1019 Sane

243 1040 352 1077 quidem
373 1040 498 1075 frequens
520 1039 651 1066 doctrina:
672 1038 777 1066 auditus
791 1038 961 1073 cupiditatem
976 1037 1033 1065 dis-

244 1087 349 1115 solvere
359 1087 465 1122 poterit.
477 1085 554 1119 Quod
573 1086 594 1113 si
619 1085 741 1112 detentus
762 1092 932 1120 permaneas,
946 1084 1033 1119 cogita

246 1141 304 1160 rem
320 1133 390 1160 illam
403 1140 456 1159 non
469 1139 529 1159 esse
547 1131 662 1166 amplius
677 1130 858 1166 cupiditatem.
877 1130 941 1163 Qua:
961 1130 1033 1157 enim

246 1179 378 1214 cupiditas
416 1178 567 1206 durissima:
586 1177 708 1205 servituti
723 1184 782 1204 esse
797 1176 948 1211 subjectum
962 1197 968 1208 ,
992 1180 1034 1211 ty-

246 1223 516 1258 rannidisubjacere,
532 1227 561 1250 et
581 1223 698 1258 undique
720 1222 842 1257 alligari,
867 1223 893 1249 in
916 1222 1034 1250 tenebris

246 1269 348 1298 versari
361 1274 389 1297 et
403 1269 516 1296 tumultu
540 1269 646 1304 plenum
669 1275 747 1301 esse,
775 1268 879 1296 labores
902 1267 971 1295 ferre
992 1268 1034 1295 in-

247 1317 408 1348 fructuosos,
422 1314 482 1342 aliis
497 1314 622 1350 pecunias
631 1321 748 1346 servare,
763 1321 834 1348 stupe
847 1318 934 1340 atttem
948 1313 1036 1340 inimi-

247 1363 310 1390 cis?
324 1361 383 1395 Qua
401 1368 466 1396 ergo
488 1360 546 1388 haec
567 1360 778 1395 concupiscentia
794 1359 872 1394 digna
887 1359 968 1387 Sunt?
983 1360 1036 1386 into

248 1415 301 1442 qua
315 1414 368 1434 non
382 1406 441 1441 fuga
455 1409 483 1433 et
493 1412 573 1432 cursu
594 1410 656 1432 sunt
676 1404 871 1439 relinquenda?
894 1404 959 1438 Qua:
973 1412 1037 1431 con-

244 1454 414 1491 cupiscentia
427 1453 569 1481 thesauros
582 1453 651 1480 inter
664 1453 736 1480 fures
750 1451 915 1480 recondere?
928 1451 954 1479 Si
965 1451 1036 1479 ellilll

249 1500 360 1527 omnino
390 1499 517 1535 pecunias
538 1498 720 1533 concupiscis,
746 1497 805 1525 illas
819 1505 852 1525 eo
865 1498 979 1525 transfer
994 1497 1037 1525 ubi

249 1549 364 1580 possunt
389 1549 453 1572 tutae
475 1549 502 1572 et
525 1544 636 1579 integra:
657 1551 778 1570 manere.
802 1542 881 1570 Certe
895 1551 955 1577 qua:
968 1549 1039 1570 nunc

249 1590 316 1618 facis
329 1598 381 1618 non
396 1594 458 1617 sunt
468 1589 683 1624 concupiscentis
706 1588 846 1624 pecunias,
861 1589 908 1616 sed
923 1589 1025 1616 servitu

251 1641 305 1664 tem
318 1656 326 1667 ,
340 1635 456 1666 damna.
478 1635 601 1667 mulctas,
623 1634 797 1669 doloremque
809 1639 977 1669 perpetuum.
998 1634 1038 1662 Tu

251 1690 327 1714 veto,
352 1682 374 1709 si
389 1681 448 1717 quis
462 1681 508 1709 tibi
533 1681 612 1708 homo
632 1681 719 1708 locum
733 1682 760 1707 in
775 1685 844 1708 terra
861 1681 1039 1709 inviolabilem

253 1727 420 1760 ostenderet,
434 1727 536 1754 etiamsi
549 1732 576 1754 te
588 1727 613 1754 in
628 1727 762 1754 desertum
777 1727 913 1760 educeret,
928 1728 1039 1762 promit-

252 1778 313 1802 tens
338 1774 458 1809 pecuniis
481 1774 533 1801 tuis
556 1774 727 1801 securitatem
751 1782 757 1800 :
783 1781 835 1800 non
857 1775 1038 1808 cunctareris,

252 1828 341 1856 neque
359 1827 515 1853 recusares,
539 1819 586 1848 sed
606 1820 732 1855 pecunias
754 1819 790 1847 ibi
809 1827 871 1847 cutn
885 1820 979 1848 tiducia
992 1820 1040 1848 de-

253 1873 367 1902 poneres
380 1875 386 1893 :
398 1865 454 1893 Deo
467 1870 567 1897 autem,
583 1873 634 1892 non
646 1865 753 1893 homine
763 1865 789 1892 id
802 1865 846 1893 tibi
859 1866 1039 1900 promittente,

253 1919 304 1940 nec
318 1912 464 1943 desertum,
478 1911 524 1938 sed
540 1911 634 1938 caelum
649 1916 829 1946 proponente,
850 1912 982 1938 contraria
996 1918 1041 1938 ac-

253 1957 321 1993 cipis
334 1967 340 1983 :
352 1964 510 1992 quamquam
525 1956 629 1984 etiamsi
645 1956 778 1984 tutissime
788 1957 895 1991 jaceant
907 1957 1040 1990 repositae,

256 2009 285 2030 tu
296 2010 439 2038 numquam
453 2002 631 2030 sollicitudine
640 2010 737 2030 vacuus
749 2010 808 2030 esse
822 2003 917 2038 possis.
932 2002 1042 2030 Etiamsi

257 2052 329 2078 enim
342 2059 395 2078 non
410 2050 516 2086 perdas,
533 2058 681 2085 numquam
693 2049 898 2077 asollicitudine
909 2050 1040 2084 perdendi

258 2096 424 2124 Iiberaheris.
432 2095 580 2123 Illicautem
589 2095 655 2122 nihil
661 2103 774 2130 prorsus
780 2095 831 2122 tale
838 2094 956 2129 patieris:
963 2100 1045 2131 atque

259 2142 330 2176 quod
340 2142 486 2175 estmajus,
495 2149 591 2169 aurum
607 2140 893 2172 nondefodistantum,
909 2141 954 2168 sed
965 2142 1046 2169 semi-

254 2192 315 2213 nas.
324 2184 442 2220 ldipsum
447 2186 519 2213 enim
529 2192 569 2215 est
577 2192 603 2214 et
612 2187 755 2214 thesaurus
762 2192 788 2213 et
795 2194 899 2220 semen;
907 2187 962 2214 imo
970 2193 1046 2214 utro-

253 2236 308 2262 que
322 2229 415 2262 majus.
435 2228 534 2256 Semen
551 2229 649 2264 quippe
672 2237 725 2257 tton
749 2235 838 2257 manet
857 2238 976 2271 semper,
997 2231 1042 2259 ille

255 2280 319 2315 vero
335 2274 477 2301 thesaurus
501 2279 591 2301 manet
611 2280 751 2310 perpetrm.
772 2275 886 2303 Rursum
901 2275 1041 2304 thesaurus

255 2318 298 2346 ltie
314 2327 366 2346 non
385 2320 526 2354 germinat,
549 2320 593 2348 ille
613 2328 678 2348 vero
701 2321 865 2349 immortales
880 2322 1042 2350 tihifruetus

254 2364 334 2399 parit.
349 2364 425 2398 Quod
441 2366 463 2392 si
480 2371 584 2401 tempus
606 2366 671 2393 mihi
693 2367 805 2401 objicias
816 2388 824 2398 .
838 2373 866 2395 et
886 2368 1041 2396 dilationem

254 2411 374 2439 reditus:
391 2419 498 2446 possum
512 2420 563 2448 ego
577 2413 624 2440 tibi
640 2413 826 2442 demonstrare
844 2421 944 2450 quanta
958 2417 1041 2444 etiam

286 2481 294 2495 ¹
311 2479 375 2510 Vox,
381 2480 492 2512 justitr'lz,
500 2481 573 2507 deest
584 2483 607 2507 in
620 2483 772 2514 quibusdam.

260 2541 427 2549 ———

749 108 781 137 IN
801 104 1006 135 MATTIIJEUM
1035 103 1149 132 HOMIL.
1171 104 1230 132 XXI
1250 105 1285 134 aI.
1307 104 1388 132 XXII.

1814 107 1866 135 29a

1079 162 1122 190 hic
1144 163 1278 199 accipias;
1292 167 1391 198 praeter
1410 163 1467 190 hzec
1485 167 1574 191 autem
1593 170 1626 191 ex
1644 163 1709 198 ipsis
1733 164 1869 192 osculari-

1078 209 1128 236 hus
1142 215 1168 237 te
1181 209 1319 237 confutare
1332 209 1450 242 tentabo,
1467 214 1494 237 et
1507 209 1651 238 ostendere
1663 214 1690 237 te
1702 209 1797 237 frustra
1812 211 1869 238 htec

1079 254 1205 289 objicere.

1115 301 1141 328 6.
1163 301 1243 327 Multa
1257 301 1327 328 enim
1341 301 1366 327 in
1381 301 1507 335 praesenti
1517 301 1570 328 vita
1586 309 1674 336 paras,
1686 302 1783 337 quibus
1793 310 1868 329 num-

1080 355 1157 382 quam
1173 347 1283 380 frueris;
1297 351 1324 375 ct
1336 347 1358 375 si
1374 347 1433 382 quis
1448 352 1473 375 te
1490 347 1538 375 hac
1551 348 1583 376 de
1600 356 1630 375 re
1642 353 1745 384 arguat,
1760 349 1829 376 lilios
1845 355 1871 376 et

1081 398 1191 428 nepotes
1205 393 1353 429 proferens,
1369 393 1491 421 idoneam
1507 394 1553 421 tibi
1565 394 1663 421 videris
1677 394 1870 428 superﬂnorum

1082 438 1201 466 laborum
1220 439 1432 467 consolationem
1454 441 1594 474 reperisse.
1608 439 1674 467 Cum
1695 441 1766 467 enim
1783 441 1809 468 in
1822 448 1871 468 ex-

1083 491 1165 513 tretna
1181 490 1319 513 senectute
1333 485 1487 521 splendidas
1499 487 1631 513 construis
1648 486 1730 518 :cdes,
1744 494 1803 520 qua:
1822 495 1872 513 an-

1083 538 1187 568 lequam
1201 532 1372 567 perﬁciantur
1384 540 1455 567 smpe
1470 536 1498 559 tu
1511 531 1630 562 decedis.
1641 532 1786 559 stat-bores
1793 533 1872 566 seris,

1081 587 1142 613 qua:
1164 584 1222 613 post
1242 579 1340 606 multos
1361 586 1446 606 annos
1461 578 1573 606 fructum
1588 579 1707 605 allatura:
1721 584 1797 611 sunt;
1813 586 1873 606 cum

1084 626 1109 652 in
1134 634 1198 660 agro
1220 625 1329 653 arbores
1352 626 1470 660 plantas,
1493 633 1553 660 qua:
1569 630 1629 660 post
1645 626 1726 653 multa
1741 633 1873 653 annorum

1082 672 1213 699 curricula
1235 672 1349 699 fructum
1365 672 1466 704 ferent;
1483 679 1542 699 cum
1556 672 1655 707 prazdia
1673 673 1740 700 emis
1754 678 1781 700 et
1795 673 1874 700 herer

1083 717 1191 749 ditatcs,
1205 725 1318 752 quorum
1334 717 1480 744 dominium
1497 717 1580 744 multo
1594 723 1654 752 post
1667 722 1787 753 tempore
1798 718 1875 745 habi-

1084 768 1158 790 turus
1180 772 1220 796 es,
1243 764 1347 798 aliaque
1372 764 1453 791 multa
1481 771 1568 798 paras,
1592 771 1705 799 quorum
1732 772 1874 799 numquam

1084 809 1196 836 frueris:
1209 816 1243 836 an
1266 817 1314 844 pro
1337 813 1361 836 te
1383 809 1423 836 vel
1439 816 1488 844 pro
1509 809 1708 837 successoribus
1731 810 1787 837 [nec
1799 809 1876 844 agis?

1084 856 1223 892 Quomodo
1238 856 1317 891 igitur
1330 864 1383 883 non
1397 861 1524 883 extremae
1537 856 1681 883 dementia:
1696 860 1748 889 est,
1763 856 1807 883 hic
1822 863 1876 883 non

1084 911 1154 938 aegre
1165 903 1235 930 ferre
1249 903 1376 937 temporis
1387 902 1552 934 dilationem,
1566 903 1616 929 etsi
1630 910 1677 937 per
1689 903 1761 929 illam
1771 901 1878 929 dilatio-

1085 957 1144 977 nem
1156 957 1169 976 a
1183 949 1306 976 mercede
1320 948 1438 976 laborum
1450 956 1498 976 nos
1511 947 1655 982 privandos
1666 955 1727 976 ESse
1737 953 1876 982 exspecte-

1084 1002 1159 1027 mus;
1176 1002 1236 1022 cutn
1251 995 1286 1022 de
1298 995 1365 1022 caelo
1380 999 1468 1021 autern
1487 995 1582 1028 agitur,
1599 998 1709 1028 propter
1722 993 1876 1021 dilationem

1087 1045 1203 1075 torpere,
1218 1048 1278 1067 cum
1293 1044 1381 1067 tamen
1395 1040 1438 1067 illa
1453 1040 1546 1067 dilatio
1564 1040 1649 1074 majus
1663 1040 1708 1067 tibi
1722 1040 1824 1067 lucrum
1837 1040 1877 1066 af-

1086 1085 1164 1119 ferat,
1180 1094 1231 1114 nec
1243 1085 1274 1113 ad
1289 1085 1357 1112 alios
1382 1085 1449 1112 bona
1473 1086 1647 1116 transmittat.
1670 1084 1718 1112 scd
1741 1085 1788 1112 tibi
1808 1085 1877 1112 dona

1087 1133 1215 1160 tradenda
1231 1132 1380 1159 custodiat?
1395 1132 1495 1159 Praeter
1509 1131 1566 1158 hmc
1579 1136 1668 1159 autem
1684 1140 1736 1158 non
1750 1132 1826 1166 longa
1838 1137 1878 1159 est

1088 1179 1137 1206 ista
1153 1179 1244 1206 tlilatio
1257 1177 1309 1214 (a).
1324 1177 1389 1205 Nam
1405 1177 1438 1204 ad
1453 1178 1524 1205 fores
1536 1185 1580 1205 res
1594 1177 1659 1213 ipsa:
1673 1182 1735 1205 sunt
1745 1188 1751 1205 :
1763 1185 1812 1205 nec
1824 1178 1878 1204 sci-

1087 1233 1148 1252 mus.
1161 1233 1223 1252 num
1239 1224 1307 1252 forte
1318 1224 1343 1251 in
1358 1224 1407 1251 hac
1420 1223 1591 1259 generatione
1599 1224 1687 1251 omnia
1701 1229 1790 1251 nostra
1799 1223 1879 1251 ﬁnem

1089 1271 1209 1301 nabitura
1223 1271 1286 1301 sint,
1309 1276 1336 1297 et
1355 1270 1414 1297 dies
1431 1269 1476 1297 ille
1488 1269 1642 1297 tremendus
1657 1270 1692 1297 sit
1705 1269 1878 1302 adventuros,

1089 1317 1251 1345 horrendum
1267 1316 1343 1349 illud,
1355 1321 1383 1344 et
1396 1316 1494 1343 nullam
1510 1324 1683 1351 personarum
1697 1316 1878 1351 acccptionem

1090 1364 1191 1392 habens
1202 1363 1317 1390 tribunal
1327 1367 1497 1390 ostensurus.
1510 1362 1577 1390 Nam
1598 1362 1727 1398 pleraque
1739 1363 1813 1398 signa
1824 1363 1879 1397 jam

1090 1409 1206 1444 perfecta
1216 1414 1288 1440 sum,
1300 1416 1332 1436 ac
1341 1408 1447 1436 demttm
1456 1408 1623 1444 evangelium
1638 1416 1685 1443 per
1697 1412 1781 1436 totum
1788 1409 1880 1436 orbem

1091 1455 1261 1490 praedicatum
1274 1454 1334 1487 fuit,
1351 1462 1382 1481 ac
1394 1454 1474 1487 bella,
1489 1459 1568 1482 terra:
1578 1458 1668 1481 motus
1683 1458 1709 1481 et
1722 1453 1806 1481 fames
1817 1461 1880 1482 cve-

1091 1507 1198 1535 nerunt,
1211 1509 1261 1529 nec
1276 1509 1401 1537 magnum
1420 1501 1475 1535 jam
1490 1500 1660 1528 intervallum
1674 1504 1725 1528 est.
1739 1500 1792 1528 Sed
1807 1501 1881 1536 signa

1092 1555 1145 1575 non
1156 1547 1247 1575 vides?
1257 1547 1291 1574 Et
1302 1547 1353 1574 hoc
1367 1547 1454 1581 ipsum
1468 1554 1594 1581 maguum
1607 1546 1712 1580 signum
1722 1551 1774 1573 est.
1791 1546 1882 1581 Neque

1091 1595 1162 1623 enim
1178 1595 1221 1629 qui
1238 1594 1294 1621 Noe
1308 1598 1428 1627 tempore
1438 1598 1514 1620 erant
1528 1593 1656 1627 protemia
1668 1593 1801 1628 generalis
1814 1593 1883 1620 inte-

1091 1641 1159 1668 ritus
1173 1639 1310 1672 viderunt,
1325 1638 1371 1666 sed
1388 1639 1494 1666 interim
1509 1637 1643 1671 ludentes,
1654 1637 1776 1670 edentes,
1786 1645 1884 1666 uxores

1092 1685 1231 1719 ducentes,
1247 1689 1429 1719 consuetaque
1447 1684 1538 1711 omnia
1552 1688 1672 1718 agentes,
1688 1683 1728 1710 sic
1740 1691 1756 1710 a
1769 1683 1882 1711 terribili

1093 1732 1138 1759 illa
1151 1732 1251 1759 ultione
1261 1730 1421 1765 deprehensi
1432 1734 1504 1757 sunt.
1516 1729 1697 1763 Similiterque
1708 1731 1733 1756 in
1748 1729 1882 1763 Sodomis,

1092 1777 1194 1805 deliciis
1216 1784 1324 1811 operam
1345 1776 1451 1806 dantes,
1475 1775 1595 1810 nihilque
1608 1782 1701 1802 eorum
1720 1782 1779 1810 qum
1793 1779 1883 1810 postea

1093 1823 1161 1850 facta
1174 1826 1237 1849 sunt
1250 1821 1426 1856 suspicantes,
1443 1820 1476 1848 ab
1491 1819 1617 1847 immissis
1632 1819 1788 1847 fulminibus
1808 1827 1883 1846 com-

1093 1869 1164 1896 busti
1176 1873 1247 1896 sunt.
1263 1867 1328 1901 Quae
1343 1867 1432 1894 omnia
1451 1867 1611 1902 cogitantes,
1633 1866 1667 1894 ad
1690 1865 1882 1901 profectionem

1094 1914 1156 1942 hinc
1169 1912 1316 1948 paraudem
1327 1917 1584 1940 noseonvertamus.
1601 1911 1709 1939 Etiamsi
1735 1912 1886 1939 communis

1095 1959 1140 1985 ille
1154 1956 1393 1985 consummationis
1413 1963 1465 1982 non
1486 1955 1567 1982 instet
1580 1954 1653 1987 dies;
1674 1954 1886 1990 uniuscujusque

1095 2004 1155 2031 ﬁnis
1168 2003 1195 2030 in
1208 2003 1296 2038 janttis
1307 2007 1356 2034 est,
1374 2003 1430 2029 sive
1440 2009 1522 2029 senex
1535 2001 1592 2029 sive
1602 2001 1710 2036 juvenis
1727 2001 1776 2033 sit;
1800 2009 1886 2037 neque

1096 2055 1158 2078 tunc
1171 2050 1258 2077 oleum
1279 2057 1370 2077 emere
1383 2048 1484 2081 licebit,
1506 2055 1594 2083 neque
1607 2052 1727 2083 petentes
1744 2048 1886 2082 impetrare

1094 2096 1210 2128 veniam,
1225 2096 1274 2123 etsi
1291 2094 1422 2122 Abraham
1438 2099 1572 2129 precetur,
1593 2093 1641 2120 etsi
1665 2092 1730 2123 Noe.
1751 2093 1802 2120 etsi
1823 2093 1887 2124 Job,

1094 2142 1143 2169 etsi
1161 2141 1262 2168 Daniel.
1288 2141 1377 2168 Donec
1401 2140 1480 2174 igitur
1505 2144 1609 2174 tempus
1623 2139 1761 2171 habemus,
1776 2139 1887 2166 multam

1095 2188 1172 2214 nobis
1186 2193 1308 2221 paremus
1323 2185 1456 2215 ﬁduciam,
1472 2185 1559 2212 oleum
1573 2184 1650 2211 nobis
1662 2183 1798 2218 copiosum
1813 2191 1889 2211 com-

1094 2240 1230 2268 paremus,
1244 2231 1333 2259 omnia
1351 2230 1542 2258 transferamus
1554 2230 1580 2256 in
1591 2229 1696 2261 eteltun,
1710 2233 1739 2256 ιιι
1751 2230 1776 2256 in
1787 2237 1888 2265 oppor-

1096 2283 1159 2306 tuno
1171 2283 1302 2312 tempore,
1312 2284 1366 2312 quo
1374 2276 1490 2303 maxime
1501 2275 1542 2302 Itis
1551 2283 1671 2310 egemus,
1680 2275 1803 2302 omnibus
1817 2275 1889 2302 frua-

1096 2332 1165 2357 tnur,
1179 2323 1263 2358 gratia
1279 2327 1306 2350 et
1321 2317 1484 2357 benignitate
1498 2320 1601 2348 Domini
1618 2321 1702 2348 nostri
1723 2320 1785 2348 Jcsu
1806 2320 1886 2348 Citri-

1095 2371 1141 2403 sti,
1153 2370 1195 2398 cui
1210 2369 1295 2404 gloria
1308 2373 1335 2396 et
1347 2368 1488 2402 imperium
1501 2374 1572 2394 nunc
1584 2371 1612 2394 et
1625 2374 1742 2402 semper,
1756 2373 1784 2394 et
1797 2368 1823 2394 in
1835 2376 1887 2395 sa:-

1095 2416 1154 2444 cuIa
1165 2415 1336 2443 mulorum.
1351 2414 1447 2441 Amen.

1129 2484 1165 2516 (α)
1180 2482 1318 2515 Suspicatur
1329 2481 1512 2513 Chrysostomus
1522 2480 1594 2505 linem
1606 2479 1686 2505 mundi
1699 2480 1840 2505 adventare.

429 2543 1786 2555 ψ

841 2584 1014 2616 HOMILIA
1030 2586 1121 2618 XXI.
1140 2585 1183 2616 ul.
1205 2584 1310 2614 XXII.

255 2648 319 2678 CAP.
339 2652 364 2679 6.
381 2660 406 2678 ν.
422 2652 467 2679 24.
484 2652 566 2680 Nemo
588 2658 668 2688 potest
684 2654 782 2681 duobus
797 2655 906 2683 dominis
926 2658 1018 2684 servire
1033 2665 1042 2684 :

290 2701 334 2723 aut
348 2697 414 2724 enim
426 2706 504 2724 unum
521 2699 579 2726 odio
601 2699 708 2732 Itabebt't,
723 2705 746 2726 et
758 2701 864 2728 alterutri
878 2701 980 2737 diliget;
1000 2708 1044 2729 aut

291 2751 370 2769 unum
384 2743 523 2775 sustinebit,
535 2749 558 2771 et
569 2745 676 2771 alterum
687 2750 836 2773 contemnet.

291 2789 319 2816 1.
339 2788 439 2816 ερηιὶνε
451 2790 564 2824 pecunia
576 2790 714 2817 maximum
727 2791 839 2823 malum;
853 2800 908 2818 eam
921 2793 1045 2829 negligere

254 2835 398 2862 maximum
413 2835 515 2864 bonum.
530 2835 645 2864 Christus
659 2837 731 2864 utilia
745 2842 828 2872 parat,
844 2837 904 2865 dum
919 2840 1046 2868 contrarie

1097 2656 1171 2683 tollit.
1180 2670 1216 2675 —
1225 2654 1305 2682 Vides
1318 2657 1347 2681 ut
1362 2652 1486 2688 paulatim
1500 2660 1516 2679 a
1527 2653 1703 2688 praesentibus
1716 2654 1797 2681 rebus
1806 2654 1891 2682 abdu-

1096 2706 1150 2735 cat,
1165 2708 1196 2728 ac
1208 2699 1330 2735 pluribus
1344 2699 1377 2726 de
1390 2702 1545 2733 contemptu
1565 2698 1716 2726 divitiarum
1737 2706 1889 2726 sermonem

1098 2749 1227 2779 instituat,
1250 2750 1279 2773 et
1299 2745 1467 2781 tyrannidem
1493 2744 1644 2780 cupiditatis
1663 2744 1786 2780 dejiciat’!
1797 2745 1890 2780 Neque

1098 2793 1171 2821 enim
1183 2795 1326 2820 contentus
1339 2787 1382 2823 iis,
1397 2798 1457 2824 qum
1471 2791 1593 2826 superius
1603 2791 1680 2824 dixit,
1691 2791 1795 2818 etiamsi
1808 2790 1889 2817 multa

1099 2845 1127 2869 et
1142 2835 1270 2877 praeclara
1285 2838 1329 2866 illa
1344 2838 1407 2873 sint,
1419 2838 1472 2866 alia
1485 2837 1575 2874 adjicit
1589 2837 1664 2874 plura
1678 2841 1706 2866 et
1720 2837 1886 2866 terribilium.
