2067 3132
201 98 253 128 295

196 161 264 198 Quid
279 161 351 190 enim
364 160 396 189 iis
410 167 470 197 qua;
484 167 555 188 nunc
567 159 692 187 dicuntur
713 158 866 193 terribilius,
886 157 909 186 si
924 164 990 193 pro-

195 212 256 243 pter
271 207 399 243 pecunias
412 214 427 234 a
439 206 538 234 Christi
550 206 677 234 servitute
689 205 814 233 excidere
824 203 989 231 debeamus?

195 254 259 290 quid
283 253 496 286 desiderabilius,
513 252 535 279 si
550 252 583 279 iis
605 251 764 286 contemptis
788 250 907 277 strictam
927 257 989 284 erga

195 308 257 328 cum
266 299 478 328 benevolentiam
493 302 520 326 et
532 298 670 325 caritatem
684 296 798 324 habituri
807 295 906 322 simus?
915 295 990 328 Quod

196 347 267 374 enim
276 354 383 382 semper
394 346 463 379 dico,
479 345 530 372 hoc
544 349 571 372 et
583 352 653 372 nunc
661 344 757 375 dicam,
768 343 853 378 ipsmn
864 350 910 377 per
919 336 990 369 uira-

195 400 248 427 que
262 392 410 420 auditorem
424 399 520 419 acuere
532 391 565 417 ad
580 389 779 424 obsequendum
792 388 881 421 dictis,
896 391 924 414 et
942 394 990 422 per

196 439 270 467 utilia
281 443 308 467 et
319 446 367 473 per
377 438 472 466 noxia:
488 435 713 472 quemadmodum
728 434 844 470 optimus
858 433 988 466 medicus,

194 490 224 515 et
235 486 360 514 morbum
370 493 403 513 ex
415 483 584 519 negligentia,
601 487 627 510 ct
637 482 777 509 sanitatem
793 488 826 508 ex
839 479 988 507 obedientia

181 537 420 561 'commonstrans.
436 530 503 557 Vide
517 530 604 565 igitur,
618 531 746 563 quantum
759 526 802 553 hic
814 526 916 553 lucrum
928 533 989 552 rur-

187 587 242 607 sus
254 578 387 610 ostendat,
403 582 430 604 et
444 575 579 611 quomodo
593 572 668 601 utilia
682 576 768 608 paret,
782 572 846 599 dum
856 570 988 598 contraria

194 625 274 652 tollit.
292 624 382 658 Neque
393 622 476 654 enim,
491 618 691 654 inquit,divit'tae
704 618 764 645 ideo
779 622 879 644 tantum
893 620 990 644 nocent

195 671 282 706 vobis,
302 670 374 705 quod
388 669 461 696 fures
474 671 568 695 contra
583 673 628 693 vos
641 665 723 692 armis
737 664 879 695 instruant,
903 669 989 697 neque

194 717 266 753 quod
280 721 396 744 tuentem
415 713 525 742 omnino
545 711 662 740 tenebris
675 710 827 742 oflundant;
848 708 896 737 sed
909 709 988 736 etiam

183 750 266 799 ~tguod
280 770 313 790 ex
327 761 454 790 servitute
469 760 515 787 Dei
526 766 574 787 vos
582 759 708 793 dejiciant
719 778 726 790 ,
741 750 892 799 litanignatis
907 762 989 790 pecu-

196 796 247 836 niis
260 816 309 836 vos
322 808 443 843 captivos
458 805 604 836 tradentes,
620 808 647 831 et
669 803 792 838 utrinque
807 796 947 833 nocentes,
961 804 990 828 et

194 855 266 890 quod
277 862 373 882 servos
387 853 502 882 efﬁciant
517 859 610 879 eorum
624 850 719 886 quibus
734 850 865 883 imperare
877 847 989 875 debere-

194 911 264 935 mus,
276 907 304 930 et
316 901 386 936 quod
402 908 450 928 vos
462 908 476 927 a
490 899 617 928 servitute
632 897 677 925 Dei
691 896 827 930 deiiciant,
847 895 889 922 cui
905 893 988 921 maxi-

195 957 239 976 me
257 949 358 976 servire
380 953 491 974 necesse
514 945 589 973 vobis
609 941 902 977 estuQuemadtnodum
916 940 986 968 enim

193 994 250 1022 illic
260 994 340 1021 etiam
350 992 449 1027 duplex
464 998 524 1018 esse
537 987 863 1019 nocumentumostendit,
876 990 904 1014 et
917 981 987 1021 quod

188 1041 229 1069 'ibi
243 1041 421 1076 deponantur,
437 1038 481 1066 ubi
495 1044 585 1071 azrugo
608 1034 736 1067 corrodit,
751 1039 779 1061 et
797 1033 868 1068 quod
882 1032 917 1060 ibi
933 1040 986 1059 non

188 1088 372 1122 deponantur,
386 1085 430 1112 ubi
442 1089 497 1111 tuta
507 1082 644 1110 custodia:
656 1081 694 1108 sic
713 1084 742 1107 et
763 1080 812 1106 hoc
825 1079 883 1106 loco
893 1077 986 1113 dupli-

191 1141 253 1161 cem
264 1140 365 1160 noxam
387 1130 514 1162 ostendit,
535 1133 563 1156 et
583 1127 655 1162 quod
676 1134 691 1154 a
712 1127 766 1154 Deo
781 1125 945 1156 abstrahan’t,
961 1129 988 1152 et

193 1178 265 1213 quod
285 1185 417 1205 ntamona:
432 1175 582 1211 subjiciam.
604 1173 657 1201 Sed
678 1181 731 1200 non
751 1172 839 1199 statim
860 1171 885 1198 id
901 1170 986 1206 ponit,

193 1224 241 1252 sed
256 1223 282 1251 id
297 1223 371 1258 prius
383 1230 415 1250 ex
428 1221 615 1250 communibus
631 1223 706 1254 parat
719 1217 876 1250 ratiociniis,
894 1217 933 1244 sic
944 1216 987 1244 di-

194 1277 274 1298 cens:
288 1269 370 1296 Nemo
386 1272 467 1304 potest
489 1266 586 1294 duobus
606 1265 716 1292 dominis
732 1263 822 1290 servire
834 1271 843 1290 .'
856 1262 924 1290 duos
945 1261 989 1289 hic

194 1316 287 1344 dicens
300 1315 344 1350 qui
359 1314 492 1342 contraria
508 1311 672 1347 pra‘cipiant.
686 1309 752 1337 Nam
765 1309 787 1336 si
801 1309 826 1336 id
838 1316 890 1336 non
904 1312 986 1342 esset,

189 1369 247 1389 non
261 1360 314 1388 duo
326 1359 425 1387 forent.
440 1358 506 1386 Nam
522 1356 696 1384 Multitudinis
711 1355 865 1382 credentium
877 1358 930 1381 erat
944 1361 987 1381 cor

191 1415 273 1435 unum
287 1411 309 1434 et
322 1406 408 1433 anima
419 1413 472 1432 una
488 1404 556 1438 (Act.
573 1403 600 1431 1.
621 1402 666 1437 52)
677 1411 684 1429 ;
695 1401 757 1429 licet
769 1401 840 1428 cnim
854 1405 945 1428 essent
959 1400 987 1427 in

195 1453 270 1486 plura
277 1458 388 1486 corpora
396 1450 485 1483 divisi,
493 1453 610 1477 attamen
616 1447 758 1476 concordia
767 1446 894 1481 plurimos
904 1453 985 1473 unum

190 1498 336 1527 efﬁciebat.
351 1497 451 1525 Deinde
462 1496 506 1524 illa
519 1495 669 1528 cumulans,
680 1494 743 1521 dicit
753 1503 759 1520 :
770 1492 828 1520 Non
842 1493 922 1519 modo
933 1499 985 1519 non

193 1546 301 1577 serviet,
323 1544 369 1572 sed
384 1544 463 1571 etiam
478 1541 540 1569 odio
556 1541 663 1569 habebit
685 1544 712 1567 et
734 1539 899 1567 aversabitur
913 1547 920 1565 :
936 1539 986 1565 Aut

193 1593 260 1619 enim
272 1599 350 1618 unum
364 1590 423 1618 odio
437 1588 545 1620 habebit,
562 1588 658 1623 inquit,
670 1591 694 1614 et
707 1586 814 1614 alterunt
829 1584 986 1620 diliget;aut

192 1646 272 1665 mium
285 1637 427 1669 sustinebit,
439 1640 463 1663 et
475 1635 582 1662 alterum
595 1636 744 1660 contemnet.
761 1633 799 1659 Ac
814 1631 918 1658 videtur
927 1631 985 1666 qui-

191 1684 253 1711 dem
267 1683 308 1711 bis
321 1682 434 1717 idipsum
449 1680 564 1712 dixisse;
580 1679 626 1707 sed
639 1686 691 1706 non
704 1678 762 1705 sine
781 1683 862 1704 causa
875 1676 915 1703 sic
928 1683 983 1702 rem

191 1728 370 1760 concinnavit,
385 1726 432 1754 sed
453 1729 482 1753 ut
502 1724 656 1753 ostenderet
669 1723 772 1750 facilem
788 1729 847 1750 esse
860 1722 985 1748 mutatio-

191 1782 252 1802 nem
268 1775 293 1801 in
307 1773 412 1801 melitts.
423 1771 461 1800 Ne
475 1771 578 1799 diceres
590 1769 672 1801 enim,
691 1768 779 1796 Semel
792 1775 885 1795 servus
899 1767 983 1793 factus

189 1828 261 1854 sum,
277 1819 427 1848 divitiarum
442 1816 581 1853 tyrannide
597 1822 741 1850 opprchus
751 1823 758 1841 :
770 1812 887 1840 ostendit
904 1819 982 1847 posse

190 1867 216 1894 in
229 1866 309 1894 aliam
323 1865 441 1893 converti
464 1869 565 1898 partem
585 1866 633 1889 :et
646 1861 714 1888 sicut
729 1867 760 1887 ex
784 1859 833 1886 ista
854 1859 879 1885 in
896 1858 979 1888 illam,

189 1913 229 1941 sic
247 1920 280 1940 ex
295 1912 338 1939 illa
360 1911 386 1938 in
409 1911 485 1938 istam
499 1909 599 1936 venire.
620 1907 686 1935 Cum
700 1913 764 1941 ergo
777 1905 829 1933 hoc
844 1904 981 1932 indeﬁnite

187 1959 308 1990 dixisset,
323 1965 376 1992 quo
384 1956 497 1983 auditori
508 1953 641 1985 suaderet,
651 1957 680 1979 ut
692 1958 795 1986 (equum
809 1957 839 1978 se
848 1950 978 1977 dictorum

184 2004 300 2039 judicem
317 1999 431 2038 gereret,
453 2006 481 2029 et
500 2008 533 2028 ex
555 2000 611 2034 ipsa
625 2006 714 2026 rerutn
731 2001 824 2024 natura
848 1995 978 2022 calculum

187 2051 278 2082 ferret,
295 2053 433 2084 postquam
443 2048 516 2075 illum
527 2046 577 2073 sibi
586 2044 795 2073 consentientem
806 2041 907 2072 habuit.
916 2045 978 2068 tunc

185 2098 303 2132 seipsum
319 2095 434 2127 revelat;
455 2092 590 2129 sulijunxit
611 2091 700 2119 enim:
715 2089 776 2117 Non
800 2088 901 2123 potestis
922 2087 977 2114 Deo

183 2143 277 2170 servire
292 2147 315 2170 et
336 2148 469 2168 ammonet.
494 2139 722 2167 Exhorrescamus
745 2135 891 2170 cogitantes
913 2133 975 2169 quid

182 2190 319 2218 Christum
332 2188 422 2216 dicere
431 2187 577 2222 coegimus,
594 2185 630 2212 ita
645 2187 675 2212 ut
687 2191 748 2211 cum
760 2182 814 2209 Deo
823 2188 916 2208 aurum
925 2187 975 2215 po-

182 2240 269 2264 neret.
284 2234 360 2268 Quod
382 2234 405 2261 si
424 2233 490 2262 illud
505 2231 642 2263 horribile,
665 2230 743 2264 longe
766 2227 919 2255 horribilius
933 2230 976 2253 est

181 2282 233 2310 hoc
245 2282 332 2316 reipsa
347 2279 414 2312 ﬂeri,
429 2284 457 2306 et
470 2279 517 2306 Dei
532 2277 620 2305 timori
638 2277 694 2304 auri
715 2274 881 2311 tyrannidem
895 2276 972 2299 ante-

181 2328 254 2356 ferri.
269 2326 338 2362 Quid
351 2325 447 2361 igitur?
461 2332 550 2352 annon
572 2322 642 2358 apud
658 2326 762 2349 veteres
785 2320 898 2354 idipsum
915 2317 971 2344 fieri

177 2374 281 2410 potuit?
296 2373 413 2401 Minime.
429 2370 568 2406 Quomodo
588 2376 652 2404 ergo
673 2367 817 2397 Abraham,
838 2365 972 2401 quotundo

176 2422 228 2449 Job
242 2421 341 2448 virtute
359 2418 496 2447 clarucre?
510 2418 548 2445 Ne
565 2417 630 2444 mihi
644 2415 741 2443 divites
764 2421 906 2445 memores,
922 2412 969 2439 sed

176 2467 276 2494 divitiis
290 2465 451 2493 servientes.
473 2464 539 2492 Nam
555 2463 605 2491 Job
620 2463 694 2489 dives
714 2461 820 2495 quidem
836 2464 904 2491 erat,
921 2458 967 2486 sed

176 2521 229 2541 non
244 2512 379 2540 serviebat
392 2519 537 2543 mamonae;
551 2509 658 2537 divitias
671 2507 785 2536 habebat
801 2511 828 2533 et
849 2506 966 2537 tenebat,

175 2567 207 2587 ac
219 2558 354 2591 dominus,
370 2565 422 2584 non
436 2564 528 2584 servus
542 2559 609 2583 erat.
623 2554 726 2582 Etenim
739 2554 807 2580 sicut
820 2552 966 2579 alienarum

177 2604 348 2638 pecuniarum
369 2603 548 2637 dispensator,
571 2601 610 2628 sic
629 2600 672 2627 illa
687 2599 775 2625 omnia
791 2596 943 2632 possidebat
957 2604 964 2622 :

177 2657 230 2676 non
243 2648 321 2676 tuodo
330 2649 418 2676 aliena
429 2657 481 2675 non
493 2649 610 2683 rapiens,
620 2649 668 2676 sed
677 2649 758 2675 etiam
769 2655 817 2675 sua
829 2647 969 2681 egentibus

177 2695 305 2729 largiens.
313 2693 443 2728 Quodque
452 2694 539 2729 majus
548 2699 607 2721 est:
618 2701 667 2720 nec
675 2694 708 2720 de
717 2692 893 2728 praesentibus
903 2700 968 2727 gau-

178 2741 268 2772 debat,
282 2746 312 2768 ttt
327 2741 370 2768 ille
385 2739 504 2767 declarat
519 2740 611 2767 dicens
625 2749 632 2767 :
649 2739 679 2767 Si
696 2740 801 2766 (artatus
816 2747 885 2770 sum,
899 2738 968 2772 quod

179 2788 270 2815 ntulta:
282 2787 346 2814 mihi
359 2790 443 2815 essent
458 2785 556 2813 divitia:
570 2785 642 2820 (Job.
655 2785 700 2813 31.
711 2785 773 2819 ‘25);
789 2785 904 2820 ideoque
918 2783 970 2811 illis

179 2835 288 2864 amissis
302 2842 355 2863 non
369 2833 464 2863 doluit.
477 2833 512 2861 At
527 2839 581 2861 non
596 2833 663 2862 tales
679 2832 758 2861 hodie
773 2831 869 2860 divites
883 2834 947 2859 sunt
961 2837 971 2857 :

551 101 579 130 S.
598 99 737 130 JOANNIS
754 96 995 129 CIIRYSOSTOMI
1013 98 1171 127 ARCHIEP.
1191 99 1457 128 CONSTANTINOP.

1783 101 1834 128 298

1045 156 1093 186 sed
1118 158 1229 192 captivis
1255 158 1417 193 quibuslibet
1438 158 1555 186 deterius
1579 158 1676 189 allecti,
1693 166 1834 191 matuonm,

1043 204 1119 238 quasi
1134 207 1247 239 tyranno
1258 203 1362 230 cuidam
1377 204 1473 230 acerbo
1486 204 1582 231 tributa
1600 204 1756 238 pendentes.
1770 204 1834 231 Nam

1043 250 1117 284 quasi
1131 256 1220 277 arcem
1233 249 1373 284 quamdam
1399 249 1514 284 ipsorum
1535 249 1653 276 animum
1668 257 1744 276 amor
1757 257 1835 284 pecu-

1043 296 1146 322 niarum
1161 295 1267 328 invasit,
1282 299 1308 323 et
1319 295 1442 322 mandata
1455 296 1526 322 omni
1538 296 1615 329 plena
1627 295 1764 330 iniquitate
1775 295 1835 322 inda

1042 341 1107 376 ipsis
1120 342 1201 369 mittit
1210 342 1327 377 quotidie
1339 351 1346 370 :
1359 349 1489 376 nemoque
1499 346 1541 369 est
1550 342 1593 376 qui
1605 342 1654 376 ipsi
1666 349 1717 368 non
1731 342 1834 370 obtem-

1043 392 1127 421 peret.
1144 387 1182 415 Ne
1202 388 1288 422 itaque
1302 388 1327 414 in
1341 395 1439 415 vanum
1455 387 1658 422 philosopheris.
1672 387 1736 414 Nam
1751 387 1835 415 semel

1043 433 1113 460 Deus
1124 434 1282 461 sententiam
1299 434 1369 466 tulit,
1385 433 1504 468 dixitque
1518 440 1570 459 non
1587 440 1666 467 posse
1681 433 1749 459 hanc
1762 437 1789 459 et
1800 433 1834 459 il-

1042 479 1094 506 lam
1104 479 1257 506 serritutcut
1268 487 1319 506 una
1327 486 1497 506 concurrere.
1508 478 1548 506 Ne
1556 478 1629 504 dicas
1637 485 1701 512 ergo
1709 482 1746 508 tu.
1757 485 1835 511 posse

1041 531 1211 552 concurrere.
1226 525 1291 552 Cum
1302 525 1372 552 enim
1388 525 1432 552 ille
1446 532 1549 558 rapere,
1561 523 1604 552 hic
1614 530 1674 552 sese
1685 523 1834 557 exspoliare

1039 569 1145 604 jubeat;
1157 569 1200 597 hic
1213 575 1315 598 castqu
1329 577 1399 602 esse,
1415 569 1459 597 ille
1469 570 1607 602 fornicari;
1621 570 1662 597 hic
1674 569 1797 597 inebriari
1807 575 1833 596 ct

1041 622 1141 642 mensa:
1153 615 1256 644 deliciis
1271 616 1332 647 l'rui,
1350 616 1394 643 ille
1408 621 1526 643 ventrem
1549 615 1696 649 moderari;
1722 616 1765 643 hic
1784 615 1831 642 dc-

1041 661 1144 696 spicere
1159 662 1309 696 pratsentia,
1332 663 1376 690 illc
1398 663 1430 689 iis
1443 662 1558 693 luerere:
1575 662 1618 690 ille
1631 663 1687 696 ipse
1699 669 1832 690 marmora

1041 708 1133 735 mirari
1154 712 1182 736 et
1206 713 1315 736 ornatos
1338 709 1453 744 parietes
1474 713 1554 744 atque
1567 708 1716 743 laquearia;
1732 708 1775 735 hic
1787 708 1831 735 illa

1040 753 1179 789 despicere
1190 759 1217 782 et
1229 754 1424 790 philosophiam
1445 755 1534 782 colere
1552 763 1559 782 :
1575 754 1708 789 quomodo
1722 759 1833 789 possunt

1041 798 1099 827 haec
1112 799 1273 827 convenire?

1075 844 1102 872 2.
1135 845 1219 878 Quare
1240 846 1272 872 de
1295 853 1413 872 mumona
1438 845 1510 879 quasi
1533 845 1564 871 de
1589 845 1690 872 domino
1717 845 1833 880 loquatur

1021 893 1025 897 ⁴
1041 890 1165 918 Christus.
1181 890 1281 917 Daunia
1296 899 1328 918 ea:
1345 891 1439 918 divitiis
1453 896 1536 925 parta.
1547 906 1582 911 —
1592 890 1639 918 llic
1652 899 1732 926 porro
1744 891 1831 919 domi-

1040 945 1104 964 num
1122 941 1272 964 matn'onam
1294 937 1407 970 vocavit,
1428 945 1480 965 non
1503 937 1573 972 quod
1596 942 1688 965 natura
1710 938 1767 965 talis
1785 939 1830 971 sit,

1039 983 1086 1010 sed
1100 983 1135 1010 ob
1149 991 1243 1010 eorum
1262 983 1306 1018 qui
1327 990 1388 1010 sese
1409 983 1446 1010 illi
1462 983 1601 1018 subjccerc
1620 983 1765 1011 miseriam.
1787 983 1831 1011 Sic

1039 1029 1119 1056 etiam
1135 1034 1256 1061 ventrem
1269 1029 1347 1056 deutn
1372 1034 1461 1063 vocat,
1483 1036 1537 1056 non
1560 1036 1574 1056 a
1595 1029 1723 1065 dignitate
1744 1029 1830 1057 domi-

1040 1075 1139 1106 nantis,
1160 1075 1208 1102 sed
1228 1083 1243 1103 a
1263 1075 1435 1103 servientium
1457 1075 1580 1108 miseria;
1601 1075 1671 1111 quod
1684 1077 1756 1104 omni
1770 1084 1831 1111 sup-

1040 1121 1118 1155 plicio
1132 1122 1208 1157 pejus
1221 1127 1271 1153 est,
1294 1127 1321 1149 et
1341 1127 1404 1149 ante
1423 1122 1582 1157 supplicium
1598 1126 1685 1157 potest
1697 1123 1831 1157 captivum

1037 1168 1142 1196 ulcisci.
1156 1168 1257 1202 Quibus
1270 1169 1341 1195 enim
1354 1168 1486 1195 damnatis
1499 1168 1653 1196 miseriores
1667 1177 1719 1196 non
1732 1168 1830 1197 fuerint

1040 1214 1068 1246 ii,
1089 1215 1133 1249 qui
1154 1214 1238 1241 Deum
1259 1213 1396 1241 dominum
1418 1213 1556 1246 habentes,
1576 1221 1591 1240 a
1613 1218 1667 1241 tam
1688 1221 1829 1242 mansueto

1039 1261 1086 1288 illo
1106 1268 1188 1296 rcgno
1207 1260 1241 1288 ad
1265 1261 1448 1295 gravissimam
1471 1268 1500 1288 se
1525 1260 1691 1296 tyrannidem
1715 1262 1829 1290 transle-

1040 1311 1102 1333 runt
1113 1305 1264 1341 subigendi,
1283 1313 1342 1333 cum
1357 1310 1459 1333 tantum
1473 1306 1534 1333 hinc
1548 1306 1736 1333 detrimentum
1749 1307 1829 1334 etiam

1040 1352 1066 1379 in
1083 1355 1153 1379 terra
1173 1352 1324 1387 accipiant?
1336 1351 1402 1379 Nam
1419 1352 1480 1379 hinc
1492 1352 1617 1379 damnum
1631 1353 1734 1387 ingens,
1758 1353 1828 1385 lites,

1039 1397 1179 1430 molestis,
1194 1397 1416 1430 concertationes,
1432 1398 1547 1430 labores,
1561 1398 1656 1425 animae
1671 1399 1787 1431 accitas,
1802 1404 1828 1426 et

1038 1444 1109 1479 quod
1121 1444 1240 1472 omnium
1251 1443 1436 1478 gravissimum
1450 1449 1500 1476 est,
1514 1443 1558 1471 illa
1571 1452 1702 1472 mamona:
1714 1445 1830 1473 servitus

1039 1498 1054 1518 a
1079 1491 1203 1526 supernis
1231 1490 1308 1518 bonis
1334 1496 1384 1518 nos
1409 1489 1530 1525 dejicit‘.
1555 1490 1620 1517 Cum
1643 1490 1722 1526 igitur
1741 1499 1774 1518 cx
1795 1492 1828 1519 iis

1037 1537 1162 1564 omnibus
1180 1536 1340 1564 ostendisset
1365 1541 1462 1571 quanta
1484 1536 1583 1563 utilitas
1602 1544 1634 1564 ex
1657 1538 1826 1571 pecuniarum

1039 1588 1193 1618 contemptu
1207 1583 1360 1617 proveniret
1372 1587 1399 1609 et
1412 1582 1444 1609 ad
1459 1583 1542 1617 ipsam
1556 1583 1726 1618 pecuniarum
1739 1589 1827 1612 custo-

1036 1630 1118 1662 diam,
1135 1633 1162 1656 et
1181 1629 1213 1656 ad
1235 1629 1332 1656 animat
1351 1629 1524 1662 voluptatem,
1546 1633 1573 1656 et
1593 1628 1626 1655 ad
1652 1629 1826 1664 philosophia

1037 1677 1244 1711 possessionem,
1258 1680 1285 1703 et
1296 1675 1328 1702 ad
1343 1675 1448 1710 pietatis
1463 1674 1581 1706 tutelam,
1596 1674 1703 1702 demum
1719 1675 1824 1709 probat,

1036 1723 1120 1756 ipsam
1134 1729 1201 1754 rem,
1217 1721 1251 1749 de
1265 1729 1316 1755 qua
1333 1721 1468 1752 admonet,
1491 1727 1569 1755 p05se
1589 1720 1655 1748 ﬁeri:
1675 1720 1736 1748 llaec
1753 1721 1824 1748 enim

1036 1768 1103 1803 legis
1123 1767 1239 1794 ferendm
1260 1767 1360 1801 optima
1387 1766 1456 1793 ratio
1482 1770 1542 1799 est,
1571 1773 1623 1793 non
1646 1765 1726 1792 modo
1751 1767 1824 1794 utilia

1034 1815 1190 1850 prrccipere,
1205 1813 1251 1841 sed
1266 1813 1345 1840 etiam
1360 1812 1495 1847 possibilia
1510 1811 1639 1843 reddere;
1659 1811 1772 1846 ideoque
1785 1813 1824 1839 sic

1035 1861 1141 1896 pergit:
1163 1860 1209 1887 25.
1231 1858 1319 1886 Nolite
1340 1858 1440 1885 solliciti
1461 1865 1514 1884 esse
1535 1857 1626 1883 anima:
1645 1862 1741 1889 vestrae,
1762 1857 1825 1891 quid

1033 1907 1198 1934 manducetis.
1220 1906 1258 1933 Nc
1272 1905 1342 1933 enim
1365 1904 1494 1936 dicerent,
1507 1903 1575 1937 Quid
1595 1903 1678 1937 ergo?
1691 1903 1712 1930 si
1733 1903 1823 1930 omnia

1033 1953 1213 1988 projiciamus,
1230 1951 1362 1986 quomodo
1378 1951 1469 1977 vivere
1491 1948 1657 1984 poterimus?
1670 1948 1730 1975 huic
1747 1948 1822 1983 obje-

1031 1999 1112 2026 ctioni
1135 2002 1284 2032 opportune
1298 1996 1423 2024 occurrit.
1437 1994 1511 2022 Sicut
1524 1994 1593 2021 enim
1613 1994 1635 2021 si
1655 2001 1669 2020 a
1691 1994 1822 2028 principio

1030 2045 1150 2077 dixisset,
1173 2043 1260 2071 Nolite
1278 2043 1379 2070 solliciti
1401 2050 1464 2074 esse,
1485 2040 1615 2068 molestus
1635 2047 1724 2068 sermo
1747 2040 1823 2067 visus

1030 2098 1100 2119 esset
1115 2101 1121 2118 :
1137 2092 1177 2119 sic
1191 2094 1330 2126 postquam
1343 2088 1460 2116 ostendit
1471 2087 1614 2122 perniciem
1627 2093 1660 2113 ex
1672 2093 1762 2113 amore
1774 2093 1819 2120 pe-

1028 2139 1114 2167 cunias
1141 2142 1260 2172 partam,
1284 2139 1363 2170 captu
1389 2133 1496 2161 facilem
1521 2136 1612 2166 postea
1639 2131 1816 2158 hortationem

1027 2184 1145 2212 adhibet.
1163 2182 1276 2216 Ideoque
1291 2187 1343 2207 non
1357 2179 1435 2206 modo
1450 2178 1525 2210 dixit,
1543 2176 1630 2204 Nolite
1642 2176 1743 2203 solliciti
1753 2184 1816 2208 esse,

1026 2231 1072 2259 sed
1086 2230 1174 2258 addita
1190 2235 1279 2259 causa,
1296 2227 1334 2254 sic
1347 2229 1509 2261 prmccptum
1531 2223 1635 2251 extulit.
1659 2222 1725 2249 Cum
1744 2222 1815 2249 enim

1025 2277 1146 2308 dixisset,
1164 2275 1224 2302 Non
1243 2273 1345 2308 potestis
1365 2271 1421 2298 Deo
1442 2270 1534 2297 servire
1556 2273 1580 2295 et
1601 2274 1734 2299 manwnw,
1753 2266 1815 2293 sub-

1023 2323 1111 2358 junxit
1127 2330 1133 2348 z
1152 2320 1290 2354 Propterea
1305 2318 1361 2344 dico
1372 2316 1450 2348 vobis,
1466 2315 1541 2342 nolite
1553 2313 1654 2340 solliciti
1666 2320 1728 2339 esse.
1745 2311 1814 2337 Pro-

1024 2356 1119 2404 pterea,
1134 2366 1235 2402 quare?
1251 2365 1361 2398 Propter
1376 2363 1468 2397 ingens
1481 2360 1618 2387 damnum.
1632 2357 1723 2392 Neque
1742 2356 1812 2384 enim

1023 2417 1048 2443 iu
1064 2414 1183 2450 pecuniis
1197 2415 1298 2438 tantum
1314 2415 1382 2436 noxa
1395 2411 1446 2439 est.
1467 2405 1514 2434 sed
1533 2405 1613 2432 etiam
1630 2404 1656 2431 in
1671 2403 1814 2438 praecipuis

1022 2463 1097 2498 plaga
1114 2459 1250 2493 inﬂigitur,
1266 2456 1346 2483 etiam
1361 2462 1394 2481 cx
1406 2453 1500 2480 salutis
1517 2451 1670 2478 amissione.
1685 2449 1750 2477 Nam
1763 2456 1812 2476 vos

1020 2494 1035 2535 ξι
1058 2494 1113 2534 Deo
1132 2508 1262 2535 creatore,
1281 2505 1413 2531 Curatorc,
1436 2503 1554 2525 amatore
1575 2495 1713 2529 uejiciunt.
1745 2494 1810 2521 Pro-

1022 2558 1104 2588 pterea
1117 2551 1174 2578 dico
1186 2550 1264 2582 vobis,
1287 2547 1374 2574 Nolite
1388 2545 1489 2573 solliciti
1510 2553 1572 2571 esse.
1589 2543 1719 2576 Quoniam
1738 2542 1808 2568 cnim

1020 2599 1112 2633 ingens
1132 2599 1318 2623 nocumentum
1336 2591 1464 2623 ostendit,
1487 2593 1648 2625 prmceptum
1675 2587 1805 2615 extendit.

1018 2645 1075 2673 Non
1089 2643 1168 2671 modo
1181 2642 1251 2670 cnim
1263 2641 1331 2667 bona
1345 2639 1443 2674 ejicere
1455 2637 1540 2672 jubet,
1557 2635 1603 2663 sed
1624 2635 1704 2663 etiam
1717 2634 1751 2661 de
1766 2641 1807 2660 ne-

1017 2691 1133 2719 cessario
1154 2690 1213 2717 cibo
1235 2687 1364 2715 sollicitos
1385 2692 1445 2712 esse
1467 2688 1553 2715 vetat,
1574 2683 1665 2709 dicens
1689 2691 1695 2708 ε
1721 2680 1807 2707 Nolite

1016 2737 1117 2764 solliciti
1129 2743 1182 2762 esse
1197 2734 1288 2760 animle
1302 2737 1399 2764 vestrm,
1413 2731 1473 2766 quid
1487 2728 1653 2756 manducetis.
1668 2727 1724 2754 Non
1735 2725 1805 2761 quod

1048 2790 1055 2805 ¹
1069 2788 1112 2813 Ed.
1126 2788 1250 2816 Cautabr.,
1267 2786 1337 2816 cujus
1351 2785 1433 2816 Graeca
1445 2779 1618 2816 expressimus
1632 2786 1638 2802 :
1650 2780 1805 2816 simple:

1019 2807 1453 2851 (q..i'f§fc'r{ii}I{-J{xién;3"212ma
1473 2807 1583 2843 supernis
1602 2807 1721 2840 bom'sfid
1733 2807 1809 2839 eam:

1018 2848 1118 2876 iéroitio
1130 2848 1184 2874 Dei.
