2067 3132
216 118 273 148 397

220 176 307 202 anima
322 175 383 203 cibo
396 178 480 210 egeat,
494 173 649 207 incorporea
666 170 735 197 enim
746 174 804 202 est;
818 169 864 197 sed
875 168 1009 196 communi

220 219 346 255 loquendi
369 227 444 247 more
472 225 536 246 usus
557 221 608 245 est.
636 215 747 243 Etiamsi
775 215 845 242 enim
871 213 932 242 cibo
956 221 1009 240 non

220 271 308 302 egeat,
322 273 374 293 non
386 269 472 300 potest
485 264 512 291 in
526 270 638 298 corpore
652 268 771 294 manere,
792 260 843 288 nisi
858 259 945 294 ipsum
959 267 1010 286 nu-

220 314 327 341 triatur.
342 312 485 346 Postquam
496 309 548 338 hoc
558 309 634 341 dixit,
649 315 701 336 non
715 307 871 342 simpliciter
883 306 1010 341 loquitur,

220 359 268 386 sed
282 358 326 385 hic
346 357 427 386 etiam
442 358 523 384 utitur
543 354 706 387 ratiociniis;
726 361 839 389 quorum
861 353 912 380 alia
930 360 964 379 ex
979 352 1011 378 iis

220 412 280 439 quae
292 403 361 438 apud
377 410 425 430 n05
443 405 514 433 sunt,
529 400 581 429 alia
594 408 626 429 ex
640 399 698 427 aliis
711 398 841 433 exemplis
859 401 1010 425 sumuntur.

223 450 261 476 Ex
277 449 309 476 iis
326 456 384 484 quae
397 447 466 483 apud
480 454 530 480 nos
545 451 606 474 sunt
625 446 663 473 sic
681 445 736 472 ait:
750 443 843 471 Nonne
857 443 943 471 anima
954 443 1012 478 plus

221 499 259 521 est
277 502 352 529 quant
369 501 435 526 esca,
451 497 474 520 et
487 500 577 527 corpus
593 492 650 526 plus
664 499 740 526 quam
752 489 945 517 vestimentum?
961 489 1012 522 Qui

223 541 302 576 igitur
317 540 342 568 id
355 540 424 574 quod
442 539 526 574 majus
540 543 580 566 est
593 538 676 571 dedit,
691 536 826 572 quomodo
839 536 911 571 quod
924 535 1012 563 minus

222 592 266 614 est
288 594 341 613 non
364 585 458 613 dabit?
476 585 521 620 qui
545 591 652 611 carnem
675 590 734 618 qua:
753 582 834 609 alitur
852 581 1011 614 efformavit,

223 631 357 668 quomodo
371 631 421 666 ipsi
440 638 528 658 eseam
541 637 594 657 non
611 628 756 664 prmbebit?
768 627 831 655 lde’o
845 634 897 654 non
911 626 1014 661 simpli-

223 679 292 706 citer
311 678 378 704 dixit
392 687 399 705 :
412 676 500 704 Nolite
517 675 618 703 solliciti
632 682 695 706 esse,
708 673 770 709 quid
787 672 953 704 manducetis,
969 675 1014 697 aut

224 733 273 760 quo
291 723 450 755 induamini;
469 722 516 750 sed
537 721 625 754 addit,
641 719 758 755 Corpori,
772 723 808 752 et,
824 718 937 750 Animw;
951 717 1013 752 quia

224 778 258 797 ex
269 769 333 804 ipsis
346 772 404 796 erat
415 767 534 801 exempla
548 771 713 800 sumpturus,
729 771 776 799 per
788 762 1012 797 comparationem

225 815 383 850 procedens.
397 813 449 841 Sed
463 812 579 840 animam
599 810 706 845 quidem
720 809 803 844 semel
815 808 898 847 dedit,
914 812 941 835 et
955 815 1013 834 ma-

187 859 200 870 "
227 865 272 886 net
281 859 325 886 illa
334 863 362 886 ut
370 858 430 885 data
439 864 490 891 est;
498 865 597 893 corpus
603 866 666 886 vero
676 862 790 893 augetur
797 858 929 893 quotidie.
939 857 1015 890 Quod

227 910 288 932 ntru
294 913 373 939 mque
380 909 409 931 ut
418 904 544 937 ostendit,
553 910 579 931 et
586 904 660 932 illius
667 904 909 937 immortalitatem,
919 903 1016 938 hujus—

226 958 280 984 que
289 950 387 977 ﬂuxam
396 955 520 976 naturam
529 949 746 982 declaravit,htcc
752 948 942 985 subjungitﬂi
950 948 1014 980 Quis

227 999 307 1026 potest
319 1002 349 1020 ea;
361 993 429 1020 vobis
447 993 557 1028 adjicere
572 996 675 1019 statura:
681 999 735 1018 suae
742 991 851 1017 cubitum
864 990 963 1017 unum?
978 989 1016 1017 De

226 1041 313 1066 anima
328 1044 427 1072 taeens,
448 1047 507 1074 qua:
521 1039 682 1065 incrementa
701 1045 754 1064 non
769 1040 885 1072 caperet,
907 1036 940 1063 de
957 1043 1017 1063 cor-

227 1094 292 1121 pore
306 1090 406 1112 tantum
419 1084 544 1111 disseruit
557 1093 565 1111 :
578 1091 611 1111 ex
630 1091 683 1118 quo
698 1083 761 1110 illud
776 1082 902 1115 ostendit,
921 1090 1017 1117 nempe

226 1138 278 1159 non
291 1131 350 1158 cibo
362 1129 424 1157 illud
434 1130 534 1165 augeri,
549 1129 596 1157 sed
608 1129 652 1156 Dei
664 1128 837 1163 providentia.
848 1128 924 1162 Quod
937 1128 1016 1156 etiam

226 1185 274 1212 per
284 1177 334 1204 alia
348 1177 444 1204 Paulus
456 1177 643 1204 demonstrans
653 1175 774 1203 dicebat:
788 1174 870 1210 Igitur
883 1183 962 1210 neque
974 1175 1017 1210 qui

226 1224 335 1258 plantat,
359 1231 437 1258 neque
458 1222 502 1257 qui
522 1222 598 1257 rigat,
619 1226 655 1248 eat
678 1221 784 1256 aliquid,
806 1221 850 1247 sed
868 1221 910 1256 qui
933 1221 1017 1247 incre-

226 1274 338 1297 mentum
351 1269 406 1301 dat,
420 1268 488 1295 Deus
503 1268 541 1302 (l.
561 1267 619 1294 Cor.
635 1267 662 1295 5.
674 1267 712 1301 7).
727 1266 769 1293 Ab
783 1266 814 1293 iis
827 1266 905 1301 igitur
917 1273 977 1301 qua:
992 1268 1019 1296 in

226 1318 303 1344 nobis
316 1322 378 1344 sunt
389 1316 423 1343 ita
436 1315 589 1343 cohortatus
602 1318 662 1342 est:
676 1314 710 1341 ab
722 1313 782 1340 aliis
793 1320 856 1340 vero
869 1312 1016 1347 exemplis:

225 1363 271 1390 26.
298 1362 407 1397 Aspicite
428 1361 540 1388 volatilia
563 1360 635 1393 caeli,
660 1359 754 1394 inquit.
771 1358 808 1386 Ne
822 1358 882 1394 quis
898 1358 1015 1392 diceret,

226 1409 292 1436 utile
317 1408 392 1435 nobis
411 1415 471 1435 esse
492 1407 514 1434 si
538 1406 644 1434 solliciti
661 1406 754 1438 simus,
770 1409 797 1433 et
813 1413 828 1432 a
846 1405 940 1440 majori
957 1409 983 1432 et
1001 1412 1016 1431 a

227 1454 324 1481 minori
337 1454 409 1488 ipsos
422 1453 598 1485 dehortatur;
611 1460 626 1479 a
647 1451 742 1486 majori
757 1458 863 1486 nempe,
879 1451 912 1478 ab
928 1450 1017 1478 anima

226 1505 253 1527 et
275 1507 402 1534 corpore;
427 1507 441 1526 a
463 1499 570 1531 minori,
583 1498 616 1526 ab
631 1498 733 1525 avibus.
752 1498 780 1525 Si
801 1498 873 1525 enim
888 1499 967 1525 etiam
983 1498 1017 1526 de

228 1547 305 1581 longe
313 1545 484 1573 inferioribus
497 1550 594 1572 tantam
603 1545 672 1580 gerit
683 1552 784 1575 curam,
797 1544 930 1579 quomodo
942 1544 1017 1572 vobis

227 1603 281 1622 non
296 1595 409 1630 idipsum
423 1594 575 1629 praestabit;
591 1593 685 1628 inquit.
699 1593 732 1620 Et
746 1592 803 1619 inec
820 1592 927 1627 quidem
943 1592 995 1618 illis
1008 1600 1015 1624 ;

227 1647 286 1669 erat
299 1642 396 1677 quippe
410 1641 485 1668 turba
504 1640 611 1675 populi;
629 1639 735 1667 diabolo
750 1643 839 1666 autem
851 1646 903 1665 non
916 1638 955 1666 sic
971 1646 1016 1666 rc-

227 1687 344 1722 spondit,
359 1687 406 1715 sed
420 1686 571 1722 quomodo?
585 1685 647 1712 Non
662 1686 687 1712 in
702 1686 756 1712 solo
770 1693 835 1719 pane
854 1686 916 1712 vivet
930 1685 1015 1717 homo,

227 1733 273 1760 sed
291 1734 317 1759 in
330 1733 398 1759 omni
413 1733 485 1759 verbo
497 1732 567 1767 quod
579 1732 690 1767 procedit
704 1731 735 1758 de
751 1740 793 1758 ore
806 1730 854 1757 Dei
868 1730 974 1767 (Matt/1.
989 1732 1015 1759 4.

227 1779 267 1813 4).
283 1779 331 1806 llic
343 1783 432 1806 autem
445 1779 561 1805 volatilia
573 1783 711 1810 memorat,
724 1777 771 1805 sed
784 1778 864 1805 modo
875 1778 908 1805 ad
921 1778 1017 1805 cohor-

228 1825 338 1852 tandum
354 1825 464 1860 optimo,
487 1825 531 1860 qui
551 1825 578 1851 in
601 1824 780 1851 admonitione
803 1824 945 1851 maximam
964 1824 1016 1851 vim

222 1871 333 1899 habeat.
351 1870 402 1898 Sed
418 1870 443 1897 in
457 1874 559 1897 tantum
574 1869 732 1904 insipientia;
751 1869 856 1904 quidam
878 1869 951 1904 impii
969 1877 1018 1896 ve-
1049 1877 1053 1881 ”

229 1916 332 1948 nerant,
359 1921 387 1943 ut
406 1916 557 1950 exemplum
580 1915 816 1950 reprehenderent.
838 1914 928 1950 Neque
946 1915 1017 1942 enim

228 1962 356 1997 oportuit,
369 1961 531 1996 inquiebant,
544 1969 603 1988 eum
612 1961 656 1995 qui
670 1960 819 1987 voluntates
831 1961 968 1994 excitaret,
984 1969 1017 1988 ex

229 2007 389 2035 naturalium
405 2015 492 2034 rerum
514 2007 642 2041 exemplis
663 2006 687 2033 id
701 2013 789 2041 agere,
802 2006 900 2041 quippe
918 2014 977 2042 qua:
991 2006 1018 2034 id

229 2055 345 2082 habeant
356 2062 389 2081 ex
404 2059 507 2080 natura.

266 2101 292 2128 5.
313 2100 380 2134 Quid
396 2100 475 2135 igitur
487 2099 520 2126 ad
534 2099 590 2125 haec
601 2098 740 2126 dicamus?
753 2099 863 2126 Etiamsi
883 2098 908 2126 id
922 2106 954 2126 ex
968 2106 1017 2126 na-

230 2152 288 2175 tura
301 2147 362 2174 insit
376 2147 439 2179 illis,
453 2153 532 2181 posse
547 2145 574 2172 id
585 2145 665 2172 etiam
681 2144 757 2172 nobis
777 2152 809 2171 ex
826 2145 914 2172 studio
927 2145 1018 2172 volun-

230 2195 292 2222 tatis
310 2192 448 2221 accedere.
475 2192 533 2219 Non
556 2191 627 2219 enim
652 2191 728 2225 dixit,
742 2190 876 2226 Respicite
898 2191 1017 2218 volatilia

230 2240 365 2276 quomodo
377 2239 476 2271 volent,
499 2238 570 2273 quod
587 2246 639 2264 non
656 2241 744 2272 potest
763 2237 854 2271 homo,
877 2237 924 2265 sed
947 2237 1017 2272 quod

229 2287 289 2313 sine
303 2285 482 2313 sollicitudine
493 2284 616 2310 alantur:
630 2283 699 2317 quod
720 2283 796 2310 nobis
815 2283 895 2310 etiatn
910 2283 981 2315 licet,
996 2283 1018 2309 si

230 2333 363 2359 volumus.
377 2331 460 2366 quue
482 2329 688 2364 comprobarunt
707 2329 724 2355 ii
745 2329 788 2363 qui
803 2328 828 2355 id
841 2336 923 2363 opere
942 2328 1018 2356 exhi-

232 2379 355 2407 bueruttt.
371 2373 538 2412 Quaprop’ter
553 2382 657 2402 summe
670 2374 825 2401 admiranda
847 2374 1018 2409 est'Legisla-

232 2423 297 2452 toris
310 2421 460 2457 prudentia,
477 2421 520 2455 qui
535 2428 594 2447 cum
609 2428 641 2447 ex
658 2419 810 2446 hominibus
825 2419 942 2453 proferre
958 2427 1020 2454 pos-

230 2473 272 2496 set
281 2468 445 2502 exemplum,
459 2466 521 2493 etin
535 2465 650 2492 medium
665 2464 797 2492 adducere
813 2464 925 2497 Heliam,
946 2464 1020 2500 Moy-

231 2523 299 2548 setn,
329 2514 472 2546 Joannem,
494 2512 613 2546 aliosque
633 2510 735 2538 similes
756 2511 800 2544 qui
819 2510 853 2537 de
879 2511 939 2538 cibo
965 2519 1019 2539 non

231 2561 338 2589 solliciti
353 2560 477 2592 fuerant;
497 2563 527 2586 ut
541 2558 601 2585 illos
623 2557 707 2592 magis
729 2557 930 2592 perstringeret,
951 2558 1019 2585 irra-

232 2607 368 2636 tionabilia
386 2605 511 2633 animalia
532 2604 697 2632 memoravit.
719 2604 745 2632 Si
768 2604 838 2631 enim
854 2604 941 2639 jnstos
959 2605 1021 2632 illos

231 2654 381 2688 allegasset,
396 2652 485 2679 dicere
497 2651 652 2686 potuissent.
664 2650 785 2678 Nondum
799 2651 831 2677 ad
845 2649 950 2678 illorum
964 2651 1020 2678 vir-

234 2704 316 2727 tutem
331 2698 495 2734 pcrtigimus.
520 2697 597 2724 Nunc
619 2700 706 2723 autem
731 2704 790 2723 cum
813 2695 874 2723 illos
888 2696 978 2731 tacuit,
994 2702 1021 2725 et

232 2745 349 2779 volatilia
363 2744 421 2771 θειλιὶ
434 2743 544 2775 induxit,
560 2749 666 2769 omnem
681 2741 733 2768 illis
752 2742 918 2769 occasionem
934 2743 1020 2770 succi-

232 2793 281 2822 dit,
303 2790 394 2817 hacin
415 2798 444 2817 re
458 2793 573 2816 veterem
596 2788 681 2822 legem
702 2787 829 2814 imitatus.
851 2787 916 2815 Nam
939 2788 1021 2816 Vetus

191 2871 194 2874 ἢ
232 2837 436 2865 Testamentqu
448 2833 481 2860 ad
495 2840 571 2868 apem
591 2834 681 2868 mittit,
698 2833 729 2861 ad
739 2833 886 2868 formicam,
909 2834 941 2862 ad
962 2839 1018 2863 tur-

715 113 745 140 IN
765 110 964 140 MATTHJEUM
986 109 1097 138 IlUlllL.
1119 109 1190 138 XXI.
1210 110 1244 138 al.
1266 109 1348 138 XXII.

1801 112 1854 141 298

1065 170 1162 200 turem,
1178 166 1210 194 ad
1226 166 1405 195 hirundinem.
1425 167 1479 195 Nec
1495 175 1606 203 parvum
1629 168 1679 196 hoc
1695 173 1735 196 est
1754 170 1854 197 homini

1064 212 1174 240 honoris
1187 217 1382 248 argumentum,
1395 213 1502 249 quando
1515 222 1574 249 quae
1587 214 1631 242 illa
1648 221 1680 242 ex
1700 219 1792 243 natura
1807 217 1854 243 ha-

1065 259 1138 293 bent,
1161 267 1210 287 nos
1232 267 1373 294 possumus
1393 267 1425 287 ex
1440 259 1586 288 voluntatis
1599 259 1711 288 arbitrio
1725 261 1854 289 nancisci.

1065 305 1093 333 Si
1106 306 1184 341 igitur
1195 305 1300 333 illorum
1313 313 1372 340 qum
1386 310 1496 340 propter
1506 313 1554 333 nos
1568 310 1656 334 creata
1671 311 1742 340 sunt,
1756 311 1855 334 tantam

1065 352 1133 387 gerit
1147 352 1353 386 providentiam,
1367 356 1467 387 quanto
1482 352 1565 387 magis
1579 354 1716 380 nostrum?
1726 353 1750 381 si
1764 361 1857 381 servn-

1064 405 1135 431 rum,
1149 403 1249 433 quanto
1261 399 1345 434 magis
1361 398 1507 426 berorum?
1519 398 1580 426 ldeo
1590 398 1696 426 dicebat
1708 408 1715 426 :
1730 399 1858 435 Respicite

1065 444 1178 471 volatilia
1191 451 1201 471 :
1214 451 1263 471 nec
1277 443 1388 478 addidit,
1405 443 1476 479 quod
1490 451 1543 471 nan
1557 448 1740 479 cauponentur
1751 445 1792 472 vel
1807 453 1858 472 ne-

1065 489 1220 524 gotientur:
1238 489 1294 517 haec
1314 490 1411 525 quippe
1430 489 1574 517 admodum
1598 490 1738 525 reprobata
1759 496 1856 524 erant;

1066 535 1112 563 sed
1130 536 1200 571 quod
1214 544 1265 563 non
1280 542 1380 569 serant,
1397 544 1483 572 neque
1497 541 1605 564 metant.
1621 537 1689 570 Quid
1705 537 1804 573 igitur?
1818 538 1859 565 in-

1066 581 1247 616 quies,annon
1258 581 1399 609 serendum
1411 582 1543 609 erit‘tNon
1554 582 1631 615 dixit,
1639 590 1691 610 non
1701 590 1760 610 esse
1770 591 1859 611 seren-

1066 628 1139 668 dum,
1147 627 1193 655 sed
1203 636 1256 655 non
1265 628 1404 656 sollicitum
1412 636 1471 656 esse
1479 633 1603 662 Oportere
1612 638 1618 656 :
1627 629 1794 664 ncquedixit,
1804 637 1857 656 non

1067 673 1240 708 operandum,
1249 674 1296 702 sed
1303 682 1355 701 non
1366 674 1563 709 pusillanimum
1570 682 1640 707 esse,
1649 682 1735 710 neque
1743 682 1802 703 sese
1809 676 1858 702 sol-

1067 719 1248 747 licitudinibus
1258 727 1402 748 macerare.
1409 720 1475 748 Nam
1482 721 1606 748 alimenta
1615 729 1721 750 sumere
1728 722 1858 756 praecipit,

1067 765 1114 793 sed
1127 766 1226 800 absque
1246 766 1432 794 Sollicitudine.
1455 766 1531 794 Hunc
1544 774 1624 801 porro
1642 774 1793 795 sermonem
1802 767 1858 803 jam

1068 812 1203 847 praemittit
1223 813 1315 843 David.
1332 813 1371 841 sic
1388 813 1552 848 mnigmatice
1573 813 1684 848 loquens
1700 823 1707 842 :
1721 814 1810 848 Aperis
1831 819 1858 841 tu

1067 866 1170 885 manum
1195 863 1264 885 tuam
1278 879 1287 890 ,
1312 864 1334 886 et
1356 859 1446 894 imples
1474 867 1547 886 omne
1572 860 1667 886 animal
1689 859 1860 887 benedictione

1071 903 1155 939 (Psai.
1174 904 1235 931 1M.
1254 903 1298 939 l6)
1311 913 1318 931 :
1333 908 1361 932 et
1371 911 1483 948 |rursus,
1511 904 1561 937 Qui
1580 905 1623 931 dat
1634 906 1757 940 jumentis
1778 914 1859 933 escam

1068 950 1192 984 ipsorum,
1201 954 1225 977 et
1233 950 1309 985 pullis
1320 959 1450 978 corvorum
1458 951 1630 978 invocantibus
1635 959 1692 978 eum
1701 951 1786 987 (Psal.
1797 953 1857 980 “6.

1069 996 1109 1032 9).
1131 996 1165 1023 Et
1177 997 1286 1031 quinam
1301 1001 1373 1030 sunt,
1396 997 1508 1032 inquies,
1534 998 1579 1033 qui
1601 1005 1654 1025 non
1677 999 1783 1026 solliciti
1801 1000 1858 1027 fue-

1069 1043 1151 1070 runt?
1163 1043 1220 1070 Non
1234 1043 1330 1070 audisti
1349 1049 1413 1078 quot
1426 1044 1496 1070 viros
1509 1044 1684 1079 protulerint?
1698 1052 1785 1072 annon
1798 1053 1858 1072 cum

1069 1089 1121 1116 illis
1131 1089 1185 1123 jam
1201 1089 1354 1116 memoratis
1378 1088 1465 1116 vidisti
1486 1089 1615 1116 Jacobum
1637 1089 1737 1116 nudum
1757 1098 1789 1118 ex
1815 1098 1860 1125 pa-

1070 1140 1144 1162 tcrna
1160 1136 1240 1163 domo
1255 1136 1420 1170 profectum?
1434 1143 1486 1162 non
1498 1135 1574 1164 audis
1587 1143 1648 1163 eum
1663 1141 1813 1170 precantem
1829 1144 1861 1165 ac

1069 1182 1201 1209 dicentem
1217 1191 1224 1208 :
1238 1181 1269 1209 Si
1282 1181 1378 1208 dederit
1391 1181 1453 1208 mihi
1467 1181 1536 1209 Deus
1551 1189 1641 1215 panem
1656 1181 1690 1208 ad
1704 1182 1860 1209 manducan-

1069 1227 1139 1258 dum,
1163 1232 1186 1254 et
1207 1227 1378 1254 vestimentum
1400 1235 1448 1261 quo
1472 1227 1572 1260 operiar
1586 1226 1663 1261 (Gen.
1686 1226 1732 1254 28.
1752 1227 1818 1262 ‘20)?
1833 1228 1860 1256 Id

1069 1272 1139 1307 quod
1155 1280 1208 1300 non
1222 1272 1340 1305 solliciti,
1363 1272 1409 1300 sed
1429 1280 1444 1299 a
1462 1273 1517 1300 Deo
1531 1277 1615 1300 totum
1627 1274 1773 1308 quaerentis
1791 1277 1858 1301 erat.

1071 1317 1127 1345 Hoc
1147 1321 1174 1345 et
1195 1318 1310 1353 apostoli
1339 1317 1442 1345 fortiter
1466 1323 1587 1353 egerunt,
1610 1318 1734 1346 omnibus
1761 1319 1861 1346 relictis

1070 1364 1136 1392 nihil
1151 1364 1257 1392 solliciti
1274 1373 1281 1392 :
1296 1364 1334 1392 sic
1355 1364 1399 1392 illa
1413 1364 1531 1399 quinque
1550 1364 1642 1397 millia,
1665 1364 1704 1392 sic
1717 1365 1765 1392 tria
1780 1365 1861 1392 millia

1070 1410 1207 1438 hominum
1221 1410 1270 1447 (ιι).
1285 1410 1313 1438 Si
1328 1418 1391 1438 vero
1404 1410 1445 1437 his
1457 1410 1563 1443 auditis,
1579 1418 1631 1438 non
1647 1412 1762 1438 sustines
1773 1411 1861 1439 adhuc

1071 1457 1128 1484 haec
1142 1457 1208 1484 dura
1218 1457 1322 1485 vincula
1338 1457 1451 1489 solvere,
1466 1457 1571 1492 cognita
1585 1457 1679 1484 saltem
1694 1465 1765 1484 cura:
1779 1458 1860 1485 inuti-

1071 1503 1155 1536 lilate,
1171 1503 1246 1529 solve
1265 1502 1470 1530 sollicitudinem
1488 1511 1495 1529 :
1510 1502 1556 1529 27.
1572 1502 1634 1535 Quis
1647 1503 1714 1529 enim
1732 1511 1763 1530 ca:
1781 1503 1876 1536 volux“,

1071 1548 1165 1583 inquit,
1191 1548 1296 1575 sollicite
1312 1549 1426 1584 cogitans
1450 1552 1528 1583 potest
1551 1549 1662 1581 adiicere
1683 1549 1722 1576 ad.
1739 1555 1862 1577 staturam

1070 1602 1142 1620 suam
1156 1593 1263 1621 cubitum
1275 1594 1373 1620 unum?
1387 1593 1452 1621 Vide
1465 1594 1598 1629 quomodo
1607 1602 1638 1621 ex
1651 1603 1684 1622 eo
1694 1596 1764 1630 quod
1775 1597 1861 1623 mani-

1071 1640 1186 1673 festum,
1216 1639 1242 1667 id
1268 1640 1338 1674 quod
1363 1640 1496 1667 occultum
1524 1644 1582 1667 erat
1603 1640 1704 1668 clarum
1732 1641 1859 1670 effecerit.

1071 1685 1299 1718 Quemadmodum
1320 1686 1390 1714 enim
1410 1686 1526 1720 corpori,
1547 1686 1642 1721 inquit,
1669 1695 1703 1714 ne
1721 1687 1860 1716 minimutn

1070 1731 1177 1765 quidem
1202 1734 1310 1758 statura:
1334 1731 1449 1766 adjicere
1469 1731 1587 1766 cogitans
1608 1733 1707 1767 poteris
1725 1742 1731 1759 :
1747 1734 1786 1761 sic
1813 1742 1863 1762 nec

1070 1779 1193 1806 alimenta
1220 1785 1396 1813 congregare,
1427 1778 1532 1817 etiamsi
1556 1783 1582 1806 te
1609 1786 1689 1814 posse
1713 1780 1860 1809 existimes.

1071 1825 1138 1852 Hinc
1159 1830 1247 1852 autem
1264 1825 1370 1859 planum
1392 1830 1443 1856 est,
1468 1832 1521 1852 non
1540 1833 1632 1852 curam
1661 1831 1790 1858 nostram,
1813 1827 1861 1854 sed

1071 1871 1119 1898 Dei
1139 1863 1332 1906 providentiam
1348 1870 1375 1897 in
1390 1871 1421 1897 iis
1432 1871 1511 1897 etiam
1525 1878 1583 1906 qua:
1595 1879 1675 1905 opera
1696 1877 1786 1899 nostra
1804 1873 1862 1900 ﬁeri

1071 1923 1204 1951 putamus,
1219 1921 1302 1944 totum
1318 1916 1447 1952 perlicere
1461 1925 1467 1943 :
1484 1917 1517 1943 ita
1534 1922 1561 1944 ut
1574 1917 1595 1943 si
1609 1925 1658 1944 nos
1672 1917 1717 1945 ille
1728 1918 1862 1953 relinque-

1071 1966 1121 1994 ret,
1138 1970 1188 1990 nec
1200 1970 1276 1995 cura,
1292 1970 1342 1989 nec
1363 1962 1525 1995 sollicitudo,
1546 1970 1595 1989 nec
1608 1962 1693 1995 labor,
1718 1971 1768 1990 nec
1788 1963 1861 1991 aliud

1070 2008 1205 2044 quidpiam
1225 2009 1312 2036 simile
1327 2015 1511 2036 successurqu
1519 2013 1608 2047 lesset,
1629 2009 1675 2036 scd
1696 2010 1786 2037 omnia
1801 2017 1863 2045 pes-

1070 2061 1128 2081 sum
1144 2054 1257 2081 abirent.

1106 2099 1133 2126 4.
1153 2098 1287 2134 Prwcepta
1301 2099 1348 2126 Dei
1360 2099 1460 2134 impleri
1473 2104 1588 2133 possunt.
1599 2114 1634 2132 έ-
1649 2099 1691 2128 Ne
1703 2101 1790 2135 itaque
1811 2109 1861 2136 pu-

1071 2149 1159 2171 temus
1173 2150 1305 2180 praecepta
1320 2144 1423 2179 impleri
1442 2152 1494 2172 nou
1510 2152 1604 2179 posse:
1617 2145 1692 2172 multi
1705 2146 1777 2173 enim
1791 2154 1863 2175 nunc

1071 2190 1152 2218 etiam
1167 2195 1238 2224 sunt,
1252 2191 1297 2225 qui
1311 2190 1355 2217 illa
1366 2195 1523 2225 sequuntur.
1540 2190 1569 2217 Si
1583 2195 1610 2218 tu
1624 2190 1673 2218 hoc
1689 2191 1808 2226 ignoras,
1819 2193 1861 2219 ni-

1073 2235 1109 2263 hil
1123 2236 1231 2269 mirum,
1254 2235 1386 2270 siquidem
1402 2235 1492 2263 Helias
1506 2243 1536 2263 se
1556 2236 1641 2264 solum
1662 2244 1722 2264 esse
1736 2238 1861 2271 putabat;

1071 2281 1117 2309 sed
1131 2281 1246 2309 audivit:
1257 2281 1358 2316 Reliqui
1370 2282 1430 2308 mihi
1437 2286 1529 2317 septem
1538 2282 1618 2309 millia
1626 2283 1736 2309 virorum
1750 2283 1787 2317 (5.
1797 2283 1860 2320 Reg,

1073 2327 1116 2354 l9.
1131 2327 1185 2364 l8).
1210 2327 1286 2355 Unde
1300 2328 1406 2362 planum
1423 2333 1472 2359 est,
1488 2328 1567 2355 etiam
1583 2335 1653 2355 nunc
1664 2335 1724 2356 esse
1735 2329 1781 2364 qui
1795 2337 1860 2364 apo-

1071 2373 1192 2400 stolicam
1216 2373 1314 2400 ducant
1339 2373 1430 2406 vitam,
1455 2373 1678 2408 quemadmodum
1701 2379 1728 2401 et
1744 2380 1806 2401 tunc
1823 2379 1866 2404 ter

1072 2420 1145 2447 mille
1157 2424 1185 2447 et
1198 2420 1336 2455 quinquies
1351 2420 1423 2448 mille
1437 2420 1566 2448 homines.
1583 2420 1612 2448 Si
1630 2425 1718 2448 autem
1734 2429 1787 2448 non
1806 2429 1864 2450 cre-

1073 2466 1170 2498 dimus,
1192 2473 1244 2492 non
1269 2466 1331 2501 quia
1350 2466 1446 2493 desunt
1466 2467 1511 2501 qui
1534 2471 1607 2502 recte
1626 2467 1728 2500 vivant,
1742 2467 1788 2494 sed
1803 2468 1864 2502 quia

1074 2512 1153 2547 longe
1165 2512 1199 2539 ab
1214 2512 1266 2540 illis
1281 2512 1417 2545 absumus,
1433 2513 1467 2539 ita
1481 2512 1567 2540 affecti
1582 2520 1685 2540 sumus.
1700 2512 1775 2540 Sicut
1788 2512 1810 2540 is
1820 2513 1866 2547 qui

1073 2559 1163 2586 ebrius
1180 2564 1230 2591 est,
1253 2567 1305 2586 non
1326 2559 1403 2586 facile
1417 2559 1511 2586 credat
1532 2567 1592 2586 esse
1608 2559 1742 2586 hominem
1767 2560 1812 2594 qui
1832 2567 1866 2586 ne

1074 2614 1168 2642 aquam
1184 2606 1289 2641 quidem
1304 2606 1442 2641 degustet:
1457 2607 1562 2634 etiamsi
1576 2607 1626 2634 hoc
1641 2611 1732 2634 nostro
1747 2612 1867 2642 tempore

1075 2651 1151 2680 multi
1174 2652 1366 2679 monachorum
1386 2652 1512 2685 fecerint;
1536 2657 1562 2679 et
1583 2653 1628 2688 qui
1641 2660 1701 2680 cutn
1721 2653 1868 2679 innumeris

1074 2698 1129 2725 coit
1143 2698 1308 2730 mulieribus,
1325 2706 1377 2725 non
1392 2698 1487 2726 credet
1508 2698 1584 2735 facile
1607 2706 1667 2727 esse
1690 2698 1866 2734 virginitatem

1107 2776 1153 2814 (τι)¹
1161 2777 1318 2814 Illa‘quinque
1328 2777 1404 2814 millia
1414 2780 1441 2802 et
1452 2777 1502 2814 tria
1509 2777 1583 2814 millia
1593 2777 1768 2814 botttinum,de
1779 2784 1799 2809 qi
1807 2777 1869 2803 illius

1076 2808 1260 2865 :nggrllqltltluitur,
1273 2808 1438 2835 memorantur
1449 2809 1495 2834 sub
1511 2808 1607 2835 initium
1626 2808 1802 2835 librLActquu
1813 2815 1868 2840 apo~
