2067 3132
179 99 231 128 299

175 165 286 185 servare
298 164 305 187 ;
316 162 367 184 nec
379 155 424 190 qui
438 154 524 182 aliena
540 155 619 190 rapit,
634 154 728 182 credet
740 161 800 182 esse
818 152 969 188 quempiam

177 203 226 235 qui
237 209 286 230 Sua
300 201 377 229 facile
391 201 534 236 largiatur:
548 201 586 229 sic
600 209 687 236 neque
707 201 724 228 ii
746 201 790 235 qui
810 207 840 227 se
852 198 971 233 qu0tidie

178 246 251 273 mille
261 245 484 274 sollicitudinibus
496 250 641 277 macerant,
656 245 734 273 facile
746 245 815 272 hanc
826 244 971 278 suscipient

180 291 340 320 doctrinam.
355 292 431 325 Quod
446 297 534 319 autem
551 292 625 319 mttlti
639 292 692 319 sint
705 291 751 325 qui
769 291 803 318 ad
818 291 888 318 hanc
910 298 971 326 per-

178 336 319 364 fectionem
335 337 502 369 devenerint,
518 337 552 364 ah
566 337 618 365 illis
632 337 696 372 ipsis
710 337 896 364 demonstrare
909 343 971 371 pos-

177 391 279 416 sumus,
293 383 338 418 qui
351 388 429 411 :etate
444 388 534 411 nostra
549 383 618 411 hanc
631 388 693 410 sunt
707 382 900 418 philosophiam
910 389 970 416 pro-

176 430 250 459 fessi.
271 429 323 458 Sed
338 429 414 458 vobis
427 430 531 458 interim
547 430 610 457 satis
624 429 675 456 erit
688 429 710 457 si
724 429 832 466 d‘iseatis
843 435 895 455 non
908 435 971 455 ava-

178 476 245 503 ritia:
256 476 371 508 studere,
387 475 536 510 bonamque
550 482 610 503 esse
622 475 833 509 eleemosynam;
849 473 870 500 si
883 473 970 500 disea-

177 523 212 550 tis
232 529 264 549 ex
286 522 363 548 bonis
378 521 476 548 nostris
496 520 659 556 erogandum
682 527 752 548 esse.
775 519 838 547 Haec
859 519 929 546 enim
945 518 969 546 si

176 567 342 602 exaequatis,
365 567 471 599 dilecte,
494 566 547 594 cito
568 566 601 593 ad
623 566 665 593 illa
684 565 835 601 pervenies.
858 564 967 592 Interim

176 621 241 648 ergo
254 612 415 648 superfluam
437 612 510 640 iHam
531 619 654 647 pompam
674 612 848 646 deponamus,
864 610 968 638 medio-

176 659 271 686 critate
283 657 401 686 contenti
415 657 509 690 simus,
524 661 551 685 et
564 657 698 684 discamus
718 663 749 684 ex
769 656 848 690 iustis
869 654 968 683 labori-

176 704 227 732 bus
246 703 346 735 omnia,
363 711 421 738 qua:
436 702 551 730 habituri
573 710 676 734 sumus,
703 701 863 736 acquirenda
887 708 967 729 esse:

175 751 389 786 quandoquidem
405 751 497 778 beatus
511 750 638 782 Joannes.
649 758 709 778 cum
720 757 766 778 eos
776 750 820 785 qui
832 750 860 777 in
869 749 969 777 telonio

175 798 304 825 sedebant
317 801 343 824 et
354 796 452 824 milites
472 796 665 832 alloquebatur,
684 796 736 823 illis
750 795 903 823 utcontenti
912 794 968 823 suis

175 843 316 879 stipendiis
325 848 415 870 essent
424 843 592 878 przecipiebat
602 842 675 879 (Luc.
685 842 725 877 3).
738 842 849 869 Volebat
861 841 967 876 quidem

176 889 236 916 illos
249 889 282 916 ad
295 889 422 924 majorem
436 889 513 915 aliam
528 888 722 924 philosophiam
742 888 893 921 deducere;
907 888 967 923 quia

176 941 240 961 vero
254 935 370 961 nondtnn
382 934 414 962 ad
427 934 452 961 id
463 938 540 961 erant
553 934 651 964 idonei.
667 933 770 961 minora
784 934 858 965 dicit,
872 934 932 968 quia
945 934 967 961 si

176 979 331 1007 sublimiora
341 979 520 1011 disseruisset,
530 988 582 1007 non
593 979 644 1007 illis
653 979 839 1011 attendissent,
849 984 876 1007 et
885 987 916 1007 ex
927 979 968 1007 his

176 1025 502 1053 minoribusexcidissent.
515 1024 616 1052 Idcirco
628 1026 708 1053 etiam
721 1032 769 1052 nos
780 1025 806 1052 in
819 1024 969 1053 hisceinfe-

175 1071 292 1099 tioribus
300 1079 346 1098 vos
354 1078 521 1099 exercemus.
532 1071 693 1106 loterimque
706 1071 804 1098 scimtts
814 1070 966 1098 facultatum

176 1117 392 1152 deponendarum
409 1124 477 1144 onus
493 1117 588 1144 fortius
606 1124 677 1149 esse,
689 1124 768 1152 quam
788 1121 818 1144 ut
837 1123 886 1144 VOS
898 1116 968 1144 ferre

177 1163 298 1198 possitis;
311 1168 338 1190 et
348 1168 475 1198 quantum
485 1162 564 1190 dietat
574 1163 669 1190 caelum
680 1169 696 1190 a
708 1167 788 1195 terra,
803 1166 904 1189 tantum
921 1169 968 1189 vos

524 97 546 126 ε
571 96 711 126 .IOANNIS
727 95 961 125 CIIBYSOSTOMI
982 94 1137 124 ARCH‘IEP.
1157 93 1424 122 CONSTANTINOP.

1764 93 1819 122 300

1025 151 1125 179 distare
1138 150 1172 178 ab
1185 150 1228 177 illa
1240 150 1420 186 philosophia.
1432 149 1523 185 Itaque
1535 149 1628 177 ultima
1640 149 1734 177 saltem
1748 157 1816 185 pra:-

1023 201 1101 232 cepla
1119 203 1273 228 servemus;
1292 203 1378 231 neque
1397 197 1467 224 enim
1488 196 1546 224 hate
1570 203 1649 231 parva
1669 195 1817 225 consolatio

1022 248 1065 271 est
1077 252 1083 269 :
1094 242 1198 270 etiamsi
1209 242 1278 277 apud
1286 241 1394 270 Graecos
1405 242 1512 277 quidam
1524 242 1600 275 illud,
1609 242 1679 277 quod
1688 242 1814 276 diximus,

1022 289 1162 324 exsequuti
1177 292 1251 322 sunt,
1267 287 1409 322 omniaque
1427 288 1602 323 reliquerunt,
1618 288 1680 315 licet
1700 296 1752 315 non
1768 296 1812 321 eo,

1022 342 1076 370 qtto
1097 342 1145 370 par
1166 339 1233 368 erat,
1257 333 1405 369 proposito.
1427 335 1550 361 Attamen
1573 338 1613 361 sat
1629 334 1707 362 nobis
1721 335 1774 362 erit
1792 335 1815 363 si

1022 380 1222 417 eleemosynam
1245 379 1318 415 large
1334 379 1466 415 spargatis
1482 387 1489 406 :
1505 379 1558 407 cito
1577 380 1647 408 enim
1669 385 1758 415 postea
1781 381 1817 408 ad

1023 427 1068 454 illa
1084 427 1282 462 perveniemus,
1297 427 1319 453 si
1334 427 1368 453 ita
1383 426 1574 461 procedamus.
1584 427 1629 454 Sin
1643 434 1677 454 ne
1693 427 1744 454 hoc
1756 427 1816 462 qui-

1021 473 1082 500 dem
1107 471 1246 505 faciamus,
1270 479 1322 507 qua
1345 472 1445 499 erimus
1468 472 1543 499 venia
1567 471 1653 507 digni,
1681 474 1725 507 qtti
1746 472 1814 507 jussi

1021 524 1129 548 sanctos
1151 520 1251 547 veteris
1274 519 1340 554 legis
1359 527 1500 554 superare,
1525 518 1626 547 Grmcis
1647 519 1814 554 philosophis

1011 568 1139 594 tminores
1153 566 1311 594 videamur?
1325 565 1393 600 Quid
1407 565 1564 597 dixerimus,
1579 566 1600 592 si
1613 573 1674 592 cum
1687 565 1772 601 angeli
1787 569 1816 593 et

1023 613 1068 640 lilii
1083 613 1129 640 Dei
1143 619 1204 640 esse
1217 611 1374 644 debeamus,
1390 619 1424 638 ne
1441 611 1562 638 homines
1576 611 1684 646 quidem
1700 619 1759 639 esse
1772 611 1813 638 vi-

1021 658 1152 686 deamur?
1168 658 1233 686 Nam
1248 665 1342 692 rapere
1357 662 1384 685 et
1396 657 1483 684 aliena
1497 661 1624 692 expetere
1639 664 1691 684 non
1713 656 1745 683 ad
1764 657 1813 683 bo-

1021 704 1121 731 minum
1142 703 1384 735 mansuetudinem,
1402 702 1448 730 sed
1471 702 1503 730 ad
1525 702 1639 730 terarum
1662 702 1813 729 immanita-

1021 755 1074 778 tem
1087 750 1218 785 pertinet;
1236 749 1289 776 imo
1304 748 1367 776 feris
1380 748 1527 776 deteriores
1540 748 1659 783 suntqui
1674 748 1759 776 aliena
1773 748 1814 775 in-

1022 795 1132 823 vadunt.
1148 794 1222 823 Feris
1237 801 1352 829 namque
1365 794 1391 821 id
1404 802 1418 821 a
1434 798 1525 821 natura
1544 793 1656 821 inditum
1675 799 1739 821 est:
1763 801 1813 822 nos

1020 847 1108 870 autent
1124 841 1168 876 qui
1182 841 1286 868 ratione
1296 840 1382 867 ornati
1396 847 1497 871 sumus.
1509 844 1537 867 et
1547 844 1644 874 printer
1655 844 1774 866 naturam
1787 841 1813 866 in

1020 887 1213 923 ignobilitatem
1228 885 1393 919 delabimur,
1404 893 1454 921 qua
1474 885 1593 913 fruemur
1606 886 1683 913 venia
1694 885 1706 906 9
1718 884 1814 914 Consi-

1019 934 1147 962 derantes
1160 933 1239 968 igitur
1254 932 1396 967 proposita:
1416 931 1494 958 nobis
1513 931 1688 966 philosophiae
1702 938 1812 958 mensu—

1019 986 1081 1011 ras,
1098 979 1194 1006 saltem
1208 978 1241 1005 ad
1258 977 1345 1005 media
1370 977 1568 1012 perveniamus,
1591 981 1619 1004 ut
1638 981 1666 1004 et
1687 984 1701 1003 a
1723 976 1814 1004 futuro

1019 1025 1149 1061 supplicio
1160 1025 1316 1058 liberemur,
1330 1028 1358 1052 et
1375 1024 1509 1059 progressi
1529 1023 1562 1051 ad
1582 1031 1667 1058 ipsum
1682 1024 1812 1051 bonorum

1019 1071 1124 1099 culmen
1135 1070 1311 1098 ascendamus
1325 1080 1332 1097 :
1344 1077 1404 1105 quae
1416 1069 1504 1097 omnia
1515 1069 1615 1096 utinam
1627 1077 1810 1105 assequamur,

1019 1117 1104 1152 gratia
1120 1121 1148 1144 et
1162 1115 1324 1151 benignitate
1345 1115 1449 1143 Domini
1469 1115 1553 1142 nostri
1568 1114 1631 1143 Jesu
1644 1115 1754 1149 Christi,
1769 1115 1815 1143 cui

1019 1161 1105 1198 gloria
1120 1166 1147 1189 et
1160 1161 1298 1196 imperium
1313 1161 1339 1188 in
1355 1160 1454 1188 saecula
1466 1160 1636 1188 smculorum.
1650 1161 1746 1188 Amen.

1724 1215 1812 1224 ,__

738 1245 911 1276 HOMILIA
933 1245 1038 1276 XXII.
1056 1244 1099 1276 al.
1125 1244 1246 1274 XXIII.

179 1310 240 1338 ΞΜ».
266 1309 293 1337 6.
310 1317 335 1336 v.
349 1308 395 1337 28.
423 1308 584 1336 Considerate
603 1308 657 1335 lilia
673 1308 729 1344 agri
744 1329 753 1341 ,
768 1308 893 1343 quomoda
919 1316 969 1335 ere.

211 1360 304 1387 scunt;
324 1363 375 1381 non
387 1354 502 1381 laborant
517 1375 524 1387 ,
539 1361 618 1388 neque
637 1358 705 1380 neut.
721 1353 785 1380 Dico
798 1357 880 1380 autent
899 1354 968 1380 vobis

211 1401 330 1437 quoniam
343 1407 387 1427 nec
400 1399 521 1426 Salomon
534 1399 560 1425 in
575 1399 643 1426 omni
655 1399 737 1434 gloria
749 1407 795 1426 sua
805 1399 905 1426 vestitus
914 1404 967 1426 erat

213 1447 278 1474 situt
290 1455 367 1473 unum
379 1454 409 1473 ea:
422 1446 484 1473 istis.

212 1493 238 1520 Ι.
253 1491 304 1520 Cur
320 1491 433 1519 Christus
459 1491 548 1518 moluit
562 1491 643 1518 lilium
669 1491 698 1517 in
715 1490 858 1522 exemplum
873 1490 966 1524 afferre

176 1547 251 1574 quam
263 1538 393 1565 animalia.
406 1537 444 1564 De
457 1538 519 1565 luam
529 1538 633 1564 vestium
644 1537 771 1572 superbire
781 1545 856 1572 quam
864 1545 965 1564 vanum.

176 1585 356 1611 Creaturarttm
368 1583 529 1618 pulchritudo
543 1583 692 1618 sapientiam
714 1582 763 1610 Dei
784 1583 918 1618 pradicat.
931 1598 967 1603 —

176 1629 319 1664 Postquam
339 1628 372 1656 de
392 1627 545 1656 necessario
560 1627 619 1655 cibo
635 1627 719 1660 dixit,
740 1632 768 1655 et
780 1628 900 1656 ostendit
913 1636 965 1656 non

175 1679 302 1709 oportere
313 1674 345 1701 de
359 1674 403 1701 illo
413 1674 541 1700 sollicitos
555 1680 624 1706 esse,
638 1673 671 1700 ad
684 1673 783 1701 leviora
797 1674 900 1701 transit.
912 1673 966 1702 Ne-

175 1727 227 1754 que
240 1719 311 1748 enim
325 1719 359 1746 ita
376 1719 523 1746 necessaria
537 1719 618 1746 vestis
626 1723 677 1750 est,
691 1724 720 1746 ut
732 1719 899 1747 alimentum.
913 1720 967 1748 Cur

175 1765 265 1801 itaque
279 1765 322 1792 hic
336 1773 388 1792 non
400 1765 493 1792 eodetn
510 1765 591 1792 utitur
601 1765 724 1799 exemplo
739 1765 876 1793 volucrum
893 1786 900 1798 ,
916 1773 964 1794 ne-

175 1818 228 1846 que
242 1810 317 1838 allert
331 1810 408 1837 nobis
423 1817 552 1845 pavonem
568 1831 576 1842 ,
591 1815 637 1837 aut
649 1817 762 1845 cycnum
780 1830 788 1842 ,
804 1815 849 1837 aut
863 1818 940 1838 ovem
954 1811 966 1838 ?

177 1856 241 1883 Nam
264 1856 375 1890 plurima
405 1855 465 1883 hinc
490 1855 613 1890 exempla
636 1855 749 1882 mutuari
773 1855 876 1883 licebat.
899 1856 965 1889 Quia

176 1903 300 1938 utrinqtte
310 1903 347 1930 rei
361 1903 568 1938 magnitudinem
584 1903 639 1929 vult
651 1903 794 1930 ostendere
805 1923 813 1935 ,
829 1907 883 1930 tum
897 1911 911 1930 a
927 1903 967 1929 vi-

176 1949 249 1976 litate
263 1955 354 1975 eorum
369 1956 428 1983 qore
444 1952 516 1974 tanto
530 1949 626 1975 decore
639 1947 748 1983 fulgent,
765 1952 818 1974 tum
833 1948 868 1975 ab
879 1947 967 1975 excel-

177 1993 257 2021 lentia
273 1997 382 2021 ornatus
397 1993 458 2020 liliis
472 1993 574 2021 tributi.
591 1993 653 2020 Ideo
675 1998 813 2028 postquam
833 1993 902 2021 hanc
915 1993 964 2021 de-

177 2039 348 2075 scriptionem
361 2039 542 2072 concinnavit,
551 2046 603 2066 non
614 2039 726 2074 amplius
739 2039 793 2066 lilia
805 2043 884 2066 vocat
896 2039 964 2074 ipsa,

176 2085 223 2112 sed
241 2085 284 2112 50.
302 2084 408 2111 Fet-num
428 2085 492 2120 agri.
514 2084 606 2119 Neque
629 2084 679 2111 ltoc
699 2085 807 2112 nomine
824 2089 964 2112 contentus

176 2136 227 2162 est,
241 2130 286 2157 sed
301 2130 378 2156 aliam
389 2130 478 2163 adjicit
488 2130 625 2160 vilitatem.
637 2129 737 2161 dicens,
749 2130 824 2162 Quod
836 2131 910 2157 hodie
917 2136 963 2158 est.

176 2175 266 2210 Neque
280 2175 362 2207 addit,
378 2175 444 2202 Cras
457 2183 509 2202 non
520 2179 569 2205 est,
583 2175 629 2202 sed
644 2175 712 2210 quod
723 2175 801 2210 longe
815 2175 892 2203 vilius
909 2196 915 2208 ,
930 2175 964 2203 1η

174 2223 300 2250 clibanum
315 2222 430 2248 mittitur.
444 2222 534 2257 Neque
547 2222 701 2256 simpliciter
711 2222 786 2254 dixit,
799 2222 893 2256 Vestit,
906 2223 963 2256 sed,

177 2268 222 2295 Sic
230 2268 308 2294 vestit.
324 2267 405 2294 Vides
415 2267 513 2302 ultique
527 2267 623 2294 multos
638 2267 670 2294 ad
683 2267 808 2294 ulteriora
821 2272 848 2295 et
862 2267 962 2301 majora

177 2321 332 2349 progressus
346 2314 358 2340 ?
371 2313 398 2340 Id
414 2321 493 2348 porro
508 2312 561 2348 agit
581 2317 610 2340 ut
623 2313 682 2340 illos
695 2313 854 2348 perstringat
871 2323 876 2340 τ
892 2314 966 2341 ideo-

176 2367 228 2393 que
243 2359 389 2394 subjunxit,
405 2359 505 2392 Quanto
520 2360 600 2394 magis
613 2366 656 2385 vos
671 2359 684 2386 ?
707 2358 772 2386 Illud
788 2360 884 2394 quippe
907 2367 962 2387 ma-

175 2413 253 2440 gnam
265 2405 410 2440 emphasim
426 2405 552 2432 continet.
562 2405 636 2437 Nam,
645 2404 703 2437 Vos,
713 2405 778 2432 nihil
792 2405 861 2432 aliud
872 2406 964 2433 subin-

181 2454 262 2486 licat,
278 2461 359 2487 quam
374 2454 459 2487 ipstttn
473 2461 557 2487 genus
572 2454 718 2480 humanum
734 2462 831 2490 magno
846 2455 967 2489 honore,

176 2506 272 2533 )tiagua
291 2506 354 2525 citra
372 2499 510 2534 tlignatnm
531 2499 614 2526 fuisse
631 2508 638 2526 :
657 2507 688 2526 ae
704 2500 726 2526 si
745 2499 849 2527 diceret
869 2509 876 2527 :
896 2499 964 2532 Vos.

175 2546 274 2578 quibus
291 2545 407 2571 animam
424 2545 512 2578 dedit,
527 2545 624 2579 quibus
641 2553 739 2580 eorptts
754 2545 918 2580 elIortnavit,
933 2548 965 2573 ad

175 2598 289 2624 quorum
307 2598 384 2617 usum
402 2591 516 2618 visibilia
533 2593 623 2619 omnia
641 2592 758 2626 creavit,
775 2596 884 2627 propter
898 2600 967 2627 qttos

175 2637 321 2671 prophetas
340 2637 413 2664 misit
430 2641 457 2663 et
475 2637 559 2672 legem
576 2637 663 2671 dedit,
682 2638 878 2673 iuuutneraque
897 2639 968 2666 bona

175 2683 307 2716 contulit;
321 2689 428 2718 propter
440 2691 508 2719 quos
520 2685 685 2720 unigenitum
698 2684 794 2712 Filium
807 2686 926 2718 tradidit,
939 2691 967 2712 et

175 2730 259 2757 millia
274 2737 322 2765 per
336 2730 422 2764 ipsum
439 2739 549 2758 mttuera
566 2731 676 2767 largitus
690 2731 761 2759 est‘.
778 2731 810 2758 Et
825 2735 964 2766 postquam

206 2799 275 2835 1llic
291 2799 412 2824 articulus
431 2800 542 2835 phrasis,
561 2802 584 2825 et
599 2799 729 2826 millia.....
751 2799 855 2832 largitus
872 2802 908 2824 est
940 2800 965 2824 in

175 2830 272 2856 duobus
289 2834 384 2856 lautum
398 2830 468 2857 codd.
487 2830 590 2862 tegitur.

1022 1308 1079 1335 Ιιειιε
1093 1308 1165 1336 clare
1180 1307 1352 1339 ostenderat,
1375 1311 1437 1335 tunc
1457 1307 1516 1335 illos
1544 1307 1682 1342 increpat,
1698 1306 1788 1335 dicens
1803 1316 1811 1334 :

1023 1351 1132 1381 Modica
1143 1354 1213 1389 ﬁdei.
1227 1354 1298 1382 Talis
1313 1354 1412 1389 quippe
1424 1354 1520 1390 estqui
1535 1353 1645 1386 consilia
1661 1361 1708 1381 sua
1723 1353 1815 1382 otl‘ert:

1021 1405 1160 1436 postquam
1171 1408 1227 1428 rem
1240 1400 1312 1428 clare
1320 1400 1520 1429 demonstravit,
1528 1408 1579 1426 non
1589 1399 1668 1427 tnodo
1680 1399 1809 1433 hortatur,

1020 1446 1066 1474 sed
1079 1447 1158 1473 etiam
1174 1447 1275 1481 pungit,
1290 1452 1317 1473 ut
1331 1447 1414 1480 magis
1434 1446 1467 1473 ad
1483 1446 1628 1481 parendum
1645 1445 1722 1473 dictis
1735 1446 1811 1474 exci-

1020 1497 1066 1520 tet.
1085 1492 1132 1520 IIis
1145 1498 1233 1520 atttcm
1250 1500 1298 1520 nos
1313 1492 1391 1519 docet
1405 1499 1457 1520 non
1471 1492 1551 1520 modo
1562 1497 1589 1519 ut
1604 1499 1638 1519 ne
1650 1491 1756 1519 solliciti
1770 1493 1809 1520 si-

1019 1546 1087 1570 mus,
1100 1539 1145 1566 sed
1161 1543 1187 1566 ut
1201 1546 1235 1566 tte
1247 1538 1422 1566 admiratione
1444 1538 1580 1573 capiamur
1594 1545 1654 1565 cum
1669 1537 1812 1573 magniﬁca

1020 1583 1178 1611 vestimenta
1198 1583 1391 1618 conspicimus.
1409 1582 1474 1610 Nam
1488 1583 1531 1610 hic
1545 1582 1625 1610 decor
1637 1582 1731 1610 ﬂorum
1746 1587 1788 1610 est
1800 1603 1809 1615 ,

1021 1629 1217 1664 herbarumque
1229 1628 1396 1664 pulchritudo
1410 1637 1418 1661 ;
1432 1629 1485 1655 into
1504 1629 1644 1663 pretiosius
1660 1628 1758 1656 foenum
1768 1633 1811 1656 est

1021 1676 1071 1702 hoc
1086 1675 1257 1703 vestimento.
1265 1675 1334 1709 Quid
1351 1675 1432 1710 igitur
1443 1683 1567 1710 maguum
1581 1675 1654 1712 sapis
1668 1675 1701 1702 de
1716 1683 1744 1702 re
1756 1695 1764 1708 ,
1781 1675 1808 1702 in

1019 1728 1070 1755 qtta
1083 1721 1116 1748 ab
1131 1720 1214 1748 herba
1237 1720 1316 1755 longe
1333 1721 1468 1756 superaris
1480 1721 1493 1747 Ἰ
1508 1721 1540 1748 Et
1560 1720 1620 1747 vide
1641 1720 1774 1756 quomodo
1793 1728 1813 1748 δ

1019 1767 1149 1802 principio
1164 1771 1324 1802 praeceptum
1350 1767 1408 1794 leve
1429 1766 1559 1802 facileque
1580 1774 1639 1794 esse
1662 1766 1785 1794 ostendat
1799 1787 1808 1800 ,

1019 1813 1081 1839 dum
1099 1812 1158 1840 illos
1171 1819 1277 1840 rursum
1297 1820 1312 1839 a
1325 1812 1466 1840 contrariis
1487 1816 1514 1840 et
1528 1812 1562 1839 ab
1576 1811 1609 1839 iis
1621 1820 1680 1847 qnze
1694 1812 1810 1839 maxime

1021 1859 1125 1892 timent,
1138 1858 1254 1886 deducit.
1269 1858 1334 1885 Cum
1345 1858 1416 1886 enim
1431 1858 1559 1891 dixisset,
1579 1857 1740 1886 Considerate
1754 1858 1809 1884 lilia

1019 1905 1074 1940 agri
1088 1925 1098 1938 ,
1115 1903 1252 1939 subjunin
1269 1913 1274 1931 :
1293 1903 1353 1931 Non
1369 1904 1495 1933 laborant.
1511 1904 1602 1939 Itaque
1618 1911 1666 1931 nos
1678 1912 1691 1930 a
1707 1904 1807 1931 labori-

1019 1950 1068 1977 bus
1078 1950 1182 1984 eripere
1202 1950 1312 1983 volens,
1328 1950 1385 1977 haec
1407 1950 1543 1985 prarcepit.
1564 1949 1620 1977 Non
1642 1957 1706 1985 ergo
1734 1949 1809 1976 labor

1019 1995 1067 2023 has
1078 2003 1120 2022 res
1132 2004 1184 2022 non
1198 2003 1292 2023 curare
1305 2017 1313 2029 ,
1327 1995 1373 2023 sed
1389 2003 1481 2023 curare
1494 2000 1521 2023 et
1534 1995 1676 2023 Sollicitum
1689 2003 1758 2023 esse.
1770 1996 1809 2024 Ae

1018 2041 1240 2076 quemadmodum
1253 2049 1312 2069 cum
1323 2041 1400 2073 dixit,
1414 2041 1474 2068 Non
1487 2047 1583 2074 serunt,
1592 2049 1644 2068 tton
1661 2046 1806 2069 sementem

1017 2087 1132 2119 sustulit,
1147 2087 1193 2114 sed
1208 2094 1298 2114 curam
1314 2087 1420 2114 nimiam
1437 2095 1444 2114 :
1459 2087 1496 2114 sic
1508 2094 1568 2114 cum
1591 2088 1645 2119 ait,
1663 2086 1723 2113 Νοιι
1739 2087 1807 2113 tubo-

1017 2138 1085 2164 rant,
1095 2141 1172 2168 neque
1185 2137 1253 2164 neut,
1264 2140 1315 2160 non
1329 2140 1394 2168 opus
1405 2133 1521 2166 sustulit,
1533 2133 1579 2160 sed
1591 2133 1805 2160 sollicitudinem.

1017 2179 1044 2207 Si
1059 2184 1147 2206 atttem
1162 2179 1288 2206 Salomon
1305 2179 1409 2206 illorum
1425 2179 1522 2206 decore
1535 2185 1676 2214 superatus
1687 2184 1728 2206 est
1739 2200 1746 2212 ,
1760 2187 1805 2207 ne-

1018 2233 1070 2259 que
1083 2224 1164 2252 semel
1181 2229 1226 2252 aut
1247 2224 1287 2252 bis
1301 2246 1308 2257 ,
1335 2225 1381 2252 sed
1399 2233 1447 2260 per
1464 2229 1547 2251 tottttn
1563 2225 1637 2261 regni
1649 2226 1689 2252 sui
1702 2219 1806 2260 tempus

1018 2271 1117 2306 (neque
1130 2271 1199 2298 enim
1214 2275 1300 2306 potest
1313 2271 1372 2306 quis
1384 2271 1471 2298 dicere
1487 2273 1571 2305 ipsum
1588 2278 1658 2298 nunc
1672 2272 1720 2302 sic.
1737 2278 1807 2298 nunc

1017 2316 1069 2343 alio
1087 2316 1166 2343 modo
1184 2316 1303 2343 indutum
1318 2316 1400 2344 fuisse
1415 2325 1422 2348 ;
1438 2316 1485 2344 sed
1505 2325 1592 2351 neque
1606 2324 1660 2344 uno
1674 2317 1718 2344 die
1733 2321 1807 2344 tanto

1017 2363 1113 2390 decore
1126 2363 1198 2390 fulsit
1215 2372 1222 2390 :
1237 2362 1262 2390 id
1273 2363 1343 2390 enim
1361 2363 1486 2390 indicavit
1498 2363 1589 2390 dicens
1601 2384 1609 2397 ,
1619 2362 1652 2390 ιη
1664 2368 1715 2390 ιοιο
1729 2372 1806 2399 regno

1016 2408 1086 2443 suo),
1102 2415 1186 2443 neque
1201 2407 1244 2435 uni
1259 2412 1359 2435 tantunt
1372 2407 1429 2435 ﬂori
1441 2408 1533 2441 cessit,
1547 2407 1659 2435 alterum
1670 2415 1733 2436 vero
1748 2408 1804 2435 imi-

1016 2458 1087 2481 tatus
1097 2459 1149 2486 est,
1164 2454 1210 2481 sed
1224 2454 1347 2481 omnibus
1357 2454 1434 2481 simul
1450 2454 1530 2482 cessit
1542 2455 1714 2490 (quapropter
1727 2454 1803 2488 dixit,

1017 2498 1088 2526 Sicut
1102 2507 1179 2525 unum
1193 2507 1225 2526 ea:
1244 2500 1299 2526 istis
1312 2507 1320 2526 :
1334 2504 1460 2534 quantum
1485 2500 1555 2527 enim
1573 2499 1654 2526 distat
1676 2500 1776 2527 veritas
1790 2508 1805 2526 a

1015 2544 1164 2578 mendacio,
1178 2548 1277 2571 tantum
1288 2549 1329 2572 est.
1341 2545 1410 2572 inter
1421 2545 1576 2572 vestimenta
1593 2544 1637 2572 illa
1655 2549 1682 2572 et
1695 2545 1744 2572 hos
1757 2544 1805 2571 thr

1016 2597 1060 2617 res
1073 2590 1249 2625 intervallum)
1263 2599 1269 2617 :
1280 2590 1301 2617 si
1315 2597 1379 2625 ergo
1392 2590 1437 2618 ille
1448 2597 1477 2618 se
1489 2591 1587 2618 victum
1600 2590 1738 2618 confessus
1751 2593 1803 2623 est,

1016 2635 1134 2662 omnium
1152 2635 1196 2669 qui
1212 2643 1337 2671 umquam
1349 2636 1424 2663 fuere
1437 2643 1529 2671 regum
1547 2634 1780 2671 splendidissimus
1794 2655 1802 2667 ,

1016 2681 1183 2717 qttandonam
1197 2686 1223 2708 ιιι
1233 2682 1338 2709 vincere
1351 2681 1450 2716 poteris
1462 2701 1470 2714 ,
1484 2685 1530 2708 aut
1543 2681 1576 2708 ad
1593 2680 1666 2708 illum
1678 2680 1805 2708 decorem

1019 2726 1060 2752 vel
1073 2727 1203 2754 tantillum
1218 2727 1345 2755 accedere
1359 2727 1371 2752 'l
1385 2727 1452 2754 [line
1469 2735 1518 2754 nos
1538 2727 1651 2754 instituit
1663 2731 1692 2754 ut
1706 2734 1740 2754 ne
1755 2726 1803 2754 hu-

1014 2771 1130 2807 jusmodi
1151 2776 1276 2800 decorem
1295 2780 1420 2808 umquam
1434 2773 1593 2800 ambiamus.
1609 2772 1676 2800 Vide
1697 2768 1803 2807 crgofi-

1015 2825 1077 2845 ncm
1088 2817 1146 2852 eius
1159 2825 1167 2844 :
1181 2823 1242 2853 post
1251 2818 1398 2852 victoriam,
1411 2818 1437 2846 in
1449 2818 1583 2846 clibanum
1592 2818 1715 2845 mittitur.
1725 2816 1800 2852 Quod
