2067 3132
142 197 190 226 SOI

143 259 165 286 si
178 263 240 291 erga
252 253 348 282 lsthme
361 257 390 280 et
402 250 435 279 ad
449 249 546 277 nullius
558 246 685 274 momenti
700 251 775 270 usum
796 242 865 268 Deus
879 245 937 266 lan—

145 309 198 331 tam
212 301 323 330 exhibet
335 296 546 334 providentiam,
562 291 696 328 quomodo
712 296 738 318 te
752 283 868 324 negligat
880 294 938 314 om-

145 350 217 377 nium
240 346 361 374 maxime
375 342 555 371 necessarium
569 337 689 366 animal?
702 335 790 369 Quare
808 340 871 367 ergo
884 336 936 358 tam

146 395 257 431 puichra
271 391 335 419 fecit
347 390 390 418 illa
403 389 415 416 ?
426 388 461 416 Ut
473 394 548 414 suam
561 383 715 411 ostenderet
727 379 895 415 sapientiam,
911 380 938 403 et

146 444 200 470 vim
213 439 342 476 potentiae
355 444 411 464 suae
425 456 432 467 ,
447 441 499 469 quo
512 432 628 466 undique
641 430 698 464 ejus
711 427 820 463 gloriam
835 424 939 452 edisca-

145 495 218 517 mus.
233 486 325 520 Neque
340 483 411 511 enim
425 480 486 508 ϐεειὶ
509 482 610 505 tantum
628 478 747 503 enarrant
769 471 877 508 gloriam
891 468 940 496 Dei

149 536 158 571 (
175 533 248 561 Psal.
265 516 311 559 1-8.
326 529 374 565 2),
397 527 443 555 sed
471 526 551 553 etiam
575 528 644 550 terra
661 531 667 548 :
682 520 761 554 idque
788 516 939 552 signiﬁcans

148 562 230 608 iiavid
245 562 368 605 dicebat':
384 572 499 600 Laudate
512 569 660 599 Dominum,
678 566 746 600 ligna
760 562 900 598 fructifera,
916 565 940 586 et

147 634 234 654 omnes
246 621 336 658 θεώ-ί(
351 619 423 647 Psal.
438 618 500 645 H8.
515 616 532 643 9
547 616 566 650 ).
582 613 639 642 Alia
650 611 721 639 enim
745 617 791 644 per
805 609 917 634 fructum
930 625 939 638 ,

148 673 199 700 alia
211 679 259 706 per
269 665 489 703 magnitudinem.
501 662 551 688 alia
563 667 611 695 per
625 655 846 693 pulchritudinem
860 651 940 679 Crea-

150 718 200 745 tori
212 697 468 742 Iauderdemittuut.
482 707 582 740 Magnae
600 710 706 739 quoque
725 700 789 728 illud
803 697 940 733 sapientia;

151 768 191 791 est
204 767 230 789 et
247 757 384 796 potestatis
397 757 511 790 signum.
527 758 587 779 cum
600 750 680 777 etiam
694 755 725 775 ea
740 755 799 781 qua:
813 743 940 771 vilissima

151 814 214 839 sunt
229 807 304 844 (quid
320 805 390 833 enim
402 803 480 830 vilius
495 800 541 827 illo
550 797 620 833 quod
631 795 710 823 hodie
723 800 774 825 est,
791 795 850 819 cras
861 789 942 817 mini-

152 867 195 887 me
207 858 219 884 '.'
233 857 242 892 )
258 860 328 882 tanta
341 853 450 880 decorat
472 844 676 883 pulchritudine.
702 842 730 869 Si
753 840 832 875 igitur
851 837 922 865 fmno
934 856 941 868 ,

586 890 592 892 .
621 889 667 892 ..
710 886 716 892 .
755 885 778 892 ..
886 881 929 892 η,

153 881 339 939 ἔξοδιηίιιιὶιιε
358 904 423 924 usus
437 881 481 922 cst
491 914 499 924 .
528 891 554 919 id
578 889 691 920 dederit,
707 885 781 922 (quid
795 884 867 911 enim
886 881 944 917 pul-

154 928 223 939 ,_-,

154 948 282 978 chritudo
289 946 347 980 ejus
361 943 393 969 ad
405 941 472 977 ignis
485 939 640 966 alimentum
651 933 756 962 confert
771 931 796 966 ?)
809 928 944 965 quomodo

155 995 215 1027 tibi,
225 993 268 1028 qui
284 975 351 1026 opus
366 975 459 1019 habes,
472 993 523 1012 non
535 983 607 1011 dabit
618 982 629 1008 ?
642 981 669 1008 Si
684 979 754 1014 quod
769 977 887 1005 omnium
903 975 943 1001 vi-

153 1041 288 1069 tissimunt
303 1041 343 1064 est
356 1033 522 1062 abundanter
535 1028 638 1055 ornavit
648 1047 655 1058 ,
679 1030 705 1053 ct
718 1025 769 1051 hoc
782 1029 834 1050 non
849 1021 881 1048 ad
894 1020 943 1047 ali-

155 1094 236 1122 quem
256 1091 331 1111 usutn
342 1103 350 1115 ,
364 1080 410 1108 sed
423 1078 455 1105 ad
469 1073 691 1110 magniﬁcentiam
707 1091 714 1103 ,
728 1069 812 1096 multo
825 1067 908 1101 magis
920 1070 945 1092 te

156 1111 234 1122 'I"""
344 1111 349 1115 .

156 1133 277 1161 omnium
291 1126 513 1165 pretiosissimum
529 1122 556 1149 in
569 1120 600 1147 iis
617 1139 625 1152 ,
641 1125 699 1153 qua:
719 1116 751 1143 ad
773 1121 850 1142 usum
866 1111 947 1147 perti-

157 1185 234 1213 nent,
249 1174 402 1205 honorabit.

192 1204 368 1260 {Quoniam
385 1220 465 1255 igitur
481 1215 591 1244 multam
607 1210 722 1240 ostendit
739 1208 786 1236 Dei
804 1204 948 1242 providen-

160 1252 277 1304 tiam-et
289 1270 426 1302 increpare
448 1263 508 1291 illos
521 1264 612 1297 postea
627 1255 768 1292 oportebat
780 1274 788 1287 ,
802 1252 846 1279 hic
858 1255 946 1278 tamen

159 1319 270 1347 lenitate
282 1316 364 1343 utitur
374 1334 381 1347 ,
398 1320 450 1340 n'on
465 1306 676 1337 incredulitatem
689 1324 696 1336 ,
712 1301 758 1330 sed
773 1299 903 1328 modicam
916 1296 948 1323 ﬁ-

157 1364 283 1394 dentillis
296 1363 440 1396 impulans.
457 1357 488 1385 Si
501 1355 566 1383 enim
580 1353 675 1388 [mnum
686 1349 760 1385 agri,
774 1346 867 1381 inquit.
882 1344 949 1370 Deus

159 1414 196 1440 sic
213 1410 295 1441 vestit,
314 1390 394 1435 niulto
409 1403 488 1440 magis
513 1409 567 1433 vos,
588 1397 693 1426 modicae
716 1394 785 1430 ﬁdei.
798 1391 877 1426 Atqui
892 1390 949 1417 hazc

160 1454 248 1486 omnia
263 1457 320 1491 ipse
330 1457 463 1488 operatur;
474 1455 534 1476 nam
547 1445 639 1473 Omnia
652 1451 696 1478 per
707 1442 790 1476 ipsum
802 1441 868 1474 facta
881 1441 949 1465 sunt.

667 1489 673 1491 _
703 1488 727 1491 _.
784 1489 788 1491 ,
886 1481 949 1491 ηεη,

161 1510 184 1533 ct
197 1504 252 1531 sine
264 1481 320 1537 ipso
334 1481 427 1535 factum
438 1493 547 1523 estnihil
557 1491 648 1527 (Joan.
663 1489 688 1516 1.
703 1488 731 1520 5)
741 1489 869 1513 :altamen
885 1481 950 1508 nihil

162 1526 184 1533 ν.
197 1526 251 1531 -...-
266 1526 315 1537 ,Γν
334 1526 339 1535 ,

162 1557 274 1586 nsquam
285 1548 318 1575 de
325 1554 354 1574 se
360 1543 559 1573 commemorat.
569 1534 721 1565 Sul’ﬁciebat
728 1532 797 1560 enirn
805 1528 911 1557 interim
918 1526 951 1553 ad

758 1585 764 1586 κ
776 1577 785 1586 x
801 1575 900 1586 At-.._,_.
918 1572 950 1586 ,ηι

162 1572 397 1624 demonstrandam
408 1586 592 1616 auctoritatem
607 1588 681 1610 suam
695 1601 702 1612 ,
717 1577 787 1613 quod
798 1575 903 1603 diceret
917 1572 951 1599 ad

162 1641 269 1677 singula
287 1641 418 1674 praecepta
432 1643 438 1661 :
453 1631 565 1660 Audistis
584 1627 642 1664 quia
656 1626 749 1652 dictum
767 1626 803 1649 est
823 1618 951 1654 antiquis:

613 1675 627 1677 “
654 1673 682 1677 ⁸·
711 1669 745 1677 θ’*
804 1675 814 1677 μ
828 1667 835 1677 \
858 1663 939 1677 λῐηῖιιι

164 1663 381 1725 :93:th
395 1680 463 1708 vobis
485 1677 592 1713 (Matth.
612 1675 638 1702 5.
652 1673 698 1699 ‘21.
710 1669 755 1698 22.
771 1667 836 1702 sqq.)
857 1663 954 1693 Naita-

574 1722 590 1725 ”
783 1718 801 1725 u.
825 1719 831 1725 ι
847 1715 890 1725 ,ιι-ο
905 1710 954 1725 1η...

165 1710 209 1725 ιυ*
230 1710 311 1714 ----ν---
489 1710 494 1713 .

165 1743 218 1771 que
230 1732 334 1760 mireris
343 1736 404 1759 cum
418 1728 444 1755 in
457 1722 635 1758 sequentibus
644 1727 704 1749 sese
715 1715 893 1748 occultat,aut
905 1710 954 1737 Iut-

167 1757 232 1809 htile
393 1777 426 1803 de
439 1782 467 1801 se
481 1757 608 1806 loquitur.
626 1766 712 1794 Unum
728 1763 827 1798 quippe
847 1757 955 1786 interim

167 1809 290 1859 curabat,
306 1809 334 1853 ut
343 1826 467 1857 acceptus
480 1824 507 1847 et
516 1813 658 1853 probabilis
671 1812 724 1839 illis
737 1815 825 1836 sermo
835 1809 916 1837 esset,
925 1809 957 1830 ac

170 1885 220 1913 per
234 1874 323 1903 omnia
336 1869 498 1899 ostenderet,
515 1872 544 1892 se
557 1870 609 1890 non
624 1867 683 1888 esse
695 1858 749 1885 Deo
763 1852 956 1883 adversarium,

531 1911 536 1913 '
670 1910 675 1913 -
703 1901 857 1913 ηη-μηιηηι
882 1895 956 1913 n..m|

171 1895 215 1913 γι.
234 1895 323 1903 ........_
338 1895 410 1899 -__,,,
492 1895 497 1899 _

169 1923 218 1952 sed
237 1928 298 1949 cum
320 1919 400 1946 Patre
416 1911 629 1943 consentientem
652 1910 680 1933 ct
698 1901 868 1931 concordem.
882 1895 958 1930 Quod

171 1970 251 1997 etiam
276 1966 319 1993 hic
341 1963 413 1990 facit.
428 1961 491 1988 Post
505 1961 543 1984 tot
556 1955 627 1982 enim
649 1955 788 1979 sermones
807 1945 960 1978 frequenter

172 2016 247 2043 illum
261 2013 287 2040 in
299 2010 415 2038 medium
428 2003 546 2034 adducit.
559 1999 692 2028 admirans
707 1995 764 2030 ejus
777 1990 933 2027 sapientiam
950 2007 957 2019 ,

174 2057 370 2097 providentiam
382 2055 407 2080 in
422 2050 545 2080 omnibus
557 2069 565 2080 ,
577 2047 603 2074 in
614 2042 759 2078 majoribus
772 2043 799 2067 et
812 2038 837 2064 in
850 2034 960 2063 minori-

538 2095 543 2097 ·
632 2091 648 2097 --
703 2092 722 2097 Δι
764 2085 894 2097 anna-nm
907 2087 960 2097 ,ηει-

174 2085 235 2136 ltus.
250 2105 315 2133 Nam
325 2109 385 2130 cum
397 2101 430 2127 de
442 2095 609 2130 Jerosolyma
624 2091 740 2120 diceret,
761 2085 895 2113 civitatem
907 2087 964 2106 ma-

174 2154 220 2189 gni
232 2151 390 2186 regisipsatn
406 2143 508 2172 vocavit
524 2150 531 2168 :
546 2144 573 2167 et
584 2144 644 2165 cum
657 2134 751 2162 cmlum
769 2133 963 2157 commemora-

504 2187 521 2189 "
560 2185 565 2189 ι
634 2186 639 2189 -
697 2187 712 2189 α
734 2178 762 2189 1-
777 2174 867 2189 .........t:
882 2170 963 2189 ιιιιηιί,

176 2170 220 2227 :et
231 2170 354 2231 ,tolid’m
377 2191 422 2220 Dei
436 2185 580 2224 appellavit
593 2193 600 2210 :
616 2186 716 2210 etcum
731 2178 763 2205 de
777 2174 868 2203 mundi
882 2170 966 2198 admi-

604 2229 609 2231 ‘
807 2222 826 2231 Ἀ
841 2228 851 2231 Α
865 2217 963 2231 1η,...ἶ1.;ι

177 2217 238 2231 lca,
259 2217 354 2224 σιμ-υ...
377 2217 388 2220 ,,
403 2217 422 2218 η
455 2217 480 2224 '-

177 2244 335 2274 nistratione
346 2238 426 2267 verba
441 2237 548 2264 iaceret,
561 2229 610 2265 ipsi
623 2233 727 2255 rursum
742 2222 829 2250 omnia
839 2217 966 2247 adscribit

179 2293 271 2320 dicens
283 2298 289 2315 :
303 2287 352 2321 Qui
363 2285 441 2312 solem
450 2288 523 2309 suum
533 2277 593 2305 oriri
605 2274 663 2311 facit
674 2279 748 2306 super
758 2268 837 2296 malos
847 2272 870 2293 et
877 2265 965 2296 bonos,

180 2346 203 2368 et
226 2339 290 2375 pluit
305 2311 384 2370 :uper
393 2334 478 2368 justos
490 2333 513 2355 et
532 2327 639 2362 injustas
653 2321 662 2358 (
678 2319 747 2348 Ibid.
762 2326 787 2344 υ.
803 2316 836 2343 ιῦ
852 2314 873 2349 ).
892 2313 926 2339 Et
939 2311 967 2337 in

545 2373 549 2375 .
608 2370 624 2375 ..
648 2369 652 2373 .
700 2367 704 2372 .
729 2374 733 2375 ν
805 2367 907 2375 “mum
946 2361 967 2375 ρ,

181 2361 355 2414 οῐδῗίοηενεὶο
366 2379 456 2407 dicere
475 2373 565 2402 docuit
579 2380 585 2398 ε
604 2369 669 2403 Quia
683 2367 736 2401 ejus
755 2367 790 2391 est
805 2367 908 2395 regnum
922 2377 930 2389 ,
945 2361 969 2382 et

681 2413 685 2414 ν
809 2407 815 2413 .
826 2407 832 2414 .
872 2405 903 2414 ,.,
918 2403 956 2414 μη

183 2403 207 2414 u-
214 2403 302 2412 αιιιιιιν
316 2403 354 2409 ν-ν
368 2403 423 2407 ν-νή
430 2403 433 2404 ν
448 2403 451 2404 ν

183 2430 303 2468 potentia,
312 2431 335 2454 et
346 2425 437 2461 gloria.
446 2421 495 2449 Hic
503 2424 606 2454 quoque
616 2415 650 2442 de
661 2413 730 2440 illius
742 2405 906 2445 providentia
916 2403 972 2430 dis-

499 2466 503 2468 “
623 2461 630 2468 “
643 2461 647 2466 ”
683 2456 768 2468 -Α--ἶι-
780 2454 906 2468 Anii-uuln
916 2448 972 2468 nni-

201 2448 303 2459 υιι......,
312 2448 335 2454 ν,
346 2448 393 2461 π.-.
449 2448 456 2449 ,
513 2448 518 2454 _
565 2448 572 2452 _

183 2448 275 2507 gerens
285 2495 291 2506 ,
303 2478 330 2501 et
342 2468 486 2499 ostendens
496 2466 582 2500 ipsum
590 2461 632 2488 vel
643 2461 669 2487 in
683 2456 769 2493 parvis
779 2454 906 2488 optimum
916 2448 972 2482 opi-

184 2525 261 2551 ﬁcem
272 2528 342 2551 esse,
350 2518 398 2550 ait,
410 2515 517 2542 Faenum
529 2510 583 2546 agri
594 2507 674 2536 vestit.
684 2508 720 2533 Ac
730 2507 857 2537 nusquam
869 2502 971 2533 patrem

185 2577 262 2598 suum
269 2569 355 2596 vocat,
363 2562 539 2591 sedillorum:
551 2560 612 2584 utet
620 2555 670 2581 hoc
684 2552 783 2579 honore
794 2547 972 2583 permoveret,

184 2621 211 2643 et
230 2620 290 2641 cum
312 2615 414 2646 patrem
434 2612 510 2633 sumn
531 2606 622 2638 postea
636 2599 754 2628 diceret,
779 2601 831 2621 non
852 2591 974 2624 indigna-

186 2664 286 2688 rentur.
299 2657 327 2684 Si
342 2662 407 2683 vero
420 2653 454 2680 de
468 2650 562 2677 vilibus
573 2652 599 2674 et
609 2642 764 2673 necessariis
771 2638 910 2667 sollicitum
917 2642 976 2662 esse

188 2714 239 2733 non
253 2706 385 2739 oporteat,
392 2706 442 2734 qua
451 2694 620 2724 excusatione
628 2690 698 2725 digni
707 2691 768 2715 sunt
778 2685 822 2721 qui
833 2684 867 2711 de
877 2680 977 2715 magni-

824 2730 839 2739 -'
847 2738 854 2739 κ
861 2737 875 2739 .-
882 2736 892 2739 -
909 2725 977 2739 ΔΕΑ-..ζ

188 2725 239 2733 ...ιη
253 2725 385 2739 ..,,...--__,
396 2725 408 2734 Ἰ

174 2751 245 2779 'ﬁcis
259 2756 350 2778 curam
369 2743 483 2773 habent“!
499 2742 551 2768 imo
564 2739 649 2774 potius
660 2743 710 2770 qua
725 2730 894 2761 excusatione
906 2725 978 2761 digni

189 2803 261 2831 sunt,
276 2796 321 2832 qui
334 2800 388 2820 non
407 2789 551 2818 dormiunt.
562 2789 592 2813 ut
601 2784 684 2811 aliena
705 2782 772 2807 bona
783 2777 887 2813 rapiant
903 2774 914 2800 ?
934 2773 978 2800 5i.

682 2827 696 2832 Α
721 2827 726 2832 ι
739 2826 744 2832 ι
827 2824 832 2832 ι
845 2820 961 2832 ,x_l.£.....-

191 2820 276 2870 Nolile
284 2820 343 2876 Iergo
356 2837 456 2866 solliciti
465 2843 527 2867 esse,
536 2832 646 2859 dicentes
657 2836 666 2855 .'
677 2826 744 2860 Quid
757 2820 962 2851 ntanducabimus
971 2838 979 2850 ,

187 2887 300 2922 autquid
312 2885 435 2915 bibemus,
446 2887 488 2908 aut
498 2888 547 2915 qua
557 2874 715 2912 aperientur?
724 2872 766 2900 59..
781 2870 842 2897 Ha’c
854 2868 918 2895 enim
928 2873 981 2892 ont-

787 2915 793 2922 .
864 2919 901 2922 ,_
910 2919 916 2922 ,
924 2912 949 2922 ..,
961 2920 981 2922 ,_

185 2937 230 2963 nia
240 2933 329 2960 mundi
340 2936 424 2965 qentel
439 2912 575 2962 inquirunt.
586 2915 813 2954 Vidcn‘quomodo
823 2912 982 2943 rursusilios

634 185 667 214 IN
686 182 888 214 MATTHEUM
909 181 1014 209 HOMIL
1033 180 1116 208 XXII.
1139 179 1174 206 al.
1194 177 1287 206 XXIII.

1725 169 1779 200 302

991 243 1018 267 et
1031 238 1113 273 magis
1127 236 1302 272 increpaverit
1314 257 1321 266 .
1346 239 1374 262 et
1386 234 1560 262 declaravcrit
1569 254 1578 267 ,
1594 241 1622 261 se
1633 233 1698 261 nihil
1711 241 1773 260 tme-

990 292 1080 312 rosum
1093 284 1134 311 vel
1146 284 1241 310 durum
1257 281 1416 317 praecepisse
1432 281 1443 307 '.7
1455 280 1529 308 Sicut
1541 280 1620 315 igitur
1632 287 1691 306 cutn
1706 278 1773 306 dico

990 335 1030 358 ret
1041 350 1049 363 ,
1061 329 1092 357 Si
1109 329 1213 364 diligitis
1233 328 1365 363 diliy'entes
1390 335 1442 359 vos,
1457 326 1522 353 nihil
1544 333 1662 361 magnum
1675 325 1773 360 fmilia,

990 386 1050 404 nam
1064 383 1086 404 et
1095 377 1186 404 ethnici
1200 376 1246 403 hoc
1256 377 1353 412 faciunt
1366 374 1471 411 (Matth.
1486 374 1511 402 5.
1523 374 1569 401 46.
1582 374 1641 410 Π),
1650 373 1683 400 ab
1690 372 1779 400 ethni-

990 429 1083 451 corum
1096 421 1351 450 commemoratione
1364 421 1436 454 ipsos
1451 419 1484 448 ad
1503 419 1613 447 meliora
1633 418 1778 446 excitavit:

990 469 1029 496 sic
1051 473 1077 496 ct
1092 476 1162 496 nunc
1181 468 1241 494 illos
1263 468 1288 495 in
1313 466 1429 494 medium
1453 465 1581 498 adducit,
1597 464 1779 499 perstringens

991 522 1037 542 eos
1048 536 1055 547 ,
1072 519 1097 541 et
1111 513 1254 541 ostendens
1265 533 1272 544 ,
1298 519 1327 539 se
1342 512 1520 546 necessarium
1534 519 1549 538 a
1564 510 1640 538 nobis
1661 509 1780 538 debitum

991 561 1106 595 exigere.
1121 559 1149 587 Si
1160 560 1230 586 enim
1246 559 1303 593 plus
1316 566 1394 593 qualn
1409 558 1551 584 scribas-et
1568 555 1715 583 Pharisaaos
1734 562 1782 582 ex-

992 607 1083 635 hibere
1095 610 1216 641 oporteat
1231 625 1238 637 ,
1261 613 1312 639 qua
1329 611 1407 639 paena
1429 603 1500 638 digni
1523 603 1622 630 erimus
1638 622 1645 634 ,
1659 602 1703 637 qui
1727 609 1781 629 non

993 653 1072 680 modo
1087 653 1148 680 illos
1162 660 1214 679 non
1229 659 1396 685 superamus,
1412 650 1457 677 sed
1469 655 1496 676 et
1509 649 1535 676 in
1546 649 1711 676 ethnicorum
1724 647 1783 674 vili—

993 702 1047 726 tate
1061 705 1208 728 manemus,
1220 701 1247 724 et
1260 697 1364 724 illorntn
1373 696 1614 731 pusillunimilalem
1629 693 1783 722 imitamur?

992 744 1046 772 Nec
1063 743 1128 771 satis
1143 743 1234 770 habuit
1248 744 1400 776 increpasse
1413 763 1421 774 ,
1444 741 1489 769 sed
1505 749 1564 768 cum
1581 740 1782 776 pcrstrinxissct

994 790 1063 822 illos,
1073 789 1214 816 excitasset
1221 795 1252 815 ac
1266 787 1366 822 pudore
1381 786 1511 815 aﬂ'ecisset
1525 794 1586 814 cum
1600 786 1779 818 vehementia,

995 834 1101 863 aliunde
1122 834 1183 861 illos
1197 833 1350 860 consolatur
1362 832 1454 859 dicens
1470 841 1477 859 :
1491 824 1546 858 Scit
1559 832 1625 858 enim
1647 831 1724 858 Pater
1738 839 1781 857 ve-

995 887 1044 910 ster
1059 883 1163 909 ctrlestis
1173 903 1181 915 ,
1195 881 1253 914 quia
1277 881 1316 907 his
1339 879 1454 906 omnibus
1467 878 1593 914 indigetis.
1618 877 1674 904 Non
1690 877 1756 904 dixit
1771 899 1779 907 ,

995 929 1050 956 Scit
1062 928 1142 959 Deus.
1156 927 1214 958 sed,
1227 926 1282 953 Scit
1296 925 1385 957 Pater,
1402 930 1428 951 ut
1441 924 1500 951 illos
1515 924 1548 950 ad
1563 923 1691 958 majorem
1706 930 1781 957 spem

996 974 1089 1009 erigat.
1102 973 1128 1000 Si
1139 973 1210 1000 enim
1225 977 1300 1007 pater
1313 977 1354 998 est
1368 991 1376 1004 ,
1391 976 1418 998 et
1432 974 1506 1004 pater
1520 969 1581 997 talis
1595 990 1603 1002 ,
1620 977 1671 996 non
1686 969 1786 1004 poterit

997 1020 1136 1055 despicere
1152 1019 1220 1045 lilios
1232 1018 1257 1044 in
1274 1017 1401 1045 extremis
1416 1016 1491 1043 malis
1505 1019 1642 1043 versantes
1657 1024 1663 1042 :
1679 1014 1787 1050 quando

998 1073 1032 1093 ne
1053 1065 1174 1092 homines
1195 1064 1301 1099 quidem
1323 1067 1411 1097 patres
1432 1063 1482 1089 hoc
1497 1062 1642 1096 patiuntur.
1656 1061 1787 1095 Aliudque

999 1117 1089 1147 poswa
1104 1111 1205 1138 inducit
1220 1109 1398 1137 ratiocinium.
1414 1108 1550 1141 Quodnam
1567 1107 1629 1134 illud
1645 1107 1656 1133 ?
1671 1107 1735 1139 Quia
1748 1107 1787 1134 his

999 1157 1113 1184 euntibus
1133 1155 1260 1191 indigetis.
1277 1154 1332 1181 Hoc
1355 1158 1443 1180 autem
1458 1153 1516 1179 vult
1537 1152 1697 1187 signiﬁcare.
1718 1151 1786 1179 Num

999 1203 1131 1238 superﬂua
1143 1205 1205 1229 sunt
1218 1201 1274 1227 haec
1289 1220 1296 1232 ,
1315 1204 1342 1226 ut
1354 1199 1502 1234 despiciat?
1516 1198 1596 1233 Atqui
1607 1205 1640 1224 ne
1652 1198 1678 1224 in
1692 1205 1787 1231 super-
1832 1190 1837 1195 ’

999 1249 1060 1276 ﬂuis
1075 1248 1180 1283 quidem
1194 1246 1324 1281 despexit,
1339 1250 1367 1272 ut
1383 1246 1409 1272 in
1421 1245 1508 1272 lieno:
1521 1251 1590 1271 nunc
1603 1248 1725 1270 autemet
1742 1251 1788 1270 ue-

1000 1295 1116 1322 cessaria
1132 1297 1204 1321 sunt.
1221 1293 1311 1328 Itaque
1323 1291 1394 1327 quod
1410 1297 1485 1326 putas
1498 1297 1605 1317 causam
1617 1296 1676 1316 esse
1691 1288 1788 1315 sollici-

1002 1340 1111 1372 tudinis,
1125 1339 1149 1366 id
1161 1339 1220 1366 dico
1233 1338 1356 1365 idoneum
1370 1344 1428 1364 esse
1440 1337 1472 1363 ad
1487 1335 1643 1371 abigendam
1663 1334 1708 1361 tibi
1722 1328 1789 1360 hanc

1001 1385 1214 1414 Sollicitudinem.
1229 1384 1304 1418 Quod
1315 1384 1336 1411 si
1350 1383 1432 1416 dicas,
1445 1382 1506 1409 Idco
1521 1390 1563 1409 me
1577 1380 1716 1408 sollicitutn
1730 1379 1790 1407 esse

1002 1438 1117 1467 oportet,
1131 1433 1192 1467 quia
1206 1431 1356 1458 necessaria
1368 1434 1430 1456 sunt
1441 1438 1448 1455 :
1460 1436 1509 1463 ego
1521 1433 1613 1455 contra
1630 1426 1788 1461 respondeo:

1003 1479 1063 1506 ideo
1078 1486 1111 1505 ne
1124 1477 1254 1505 Sollicitus
1267 1476 1315 1509 sis,
1329 1476 1390 1510 quia
1413 1473 1562 1502 necessaria
1578 1476 1649 1499 sunt.
1666 1472 1695 1500 Si
1717 1471 1790 1499 enim

1003 1525 1136 1559 superﬂua
1159 1528 1247 1551 essent
1257 1544 1264 1556 ,
1281 1529 1368 1557 neque
1381 1521 1420 1548 sic
1430 1519 1624 1554 desperandum
1639 1522 1728 1550 esset,
1743 1516 1790 1544 sed

1003 1570 1188 1598 conﬁdendum
1204 1576 1234 1596 ea
1251 1568 1296 1596 tibi
1310 1566 1471 1602 suppeditari
1488 1572 1564 1599 posse
1577 1573 1583 1590 :
1595 1571 1655 1598 quta
1669 1570 1732 1590 vero
1748 1570 1793 1588 ne-

1003 1617 1119 1645 cessaria
1135 1620 1206 1646 sunt,
1220 1622 1271 1643 non
1293 1612 1363 1639 ultra
1372 1610 1509 1644 ambigere
1521 1610 1637 1643 oportet.
1646 1605 1714 1638 Quis
1723 1602 1798 1632 enim

1005 1667 1082 1700 pater
1090 1661 1207 1697 negligat
1217 1658 1280 1687 ﬁliis
1294 1657 1350 1683 suis
1365 1653 1514 1681 necessaria
1526 1651 1644 1686 praebere
1657 1650 1668 1675 ’ἶ
1681 1649 1794 1681 Ideoque

1006 1709 1114 1736 omnino
1127 1708 1195 1732 Deus
1207 1705 1231 1731 id
1247 1704 1358 1731 daturus
1369 1705 1419 1727 est.
1432 1699 1498 1727 Nam
1513 1698 1569 1732 ipse
1580 1701 1680 1723 naturae
1691 1698 1796 1722 creator

1007 1761 1058 1785 est.
1067 1757 1093 1781 et
1103 1752 1164 1787 quid
1177 1751 1227 1786 ipsi
1242 1748 1420 1777 necessarium
1432 1746 1467 1773 sit
1478 1748 1601 1772 accurate
1613 1742 1696 1770 novit.
1707 1740 1796 1775 Neque

1007 1800 1077 1827 enim
1091 1799 1181 1826 dicere
1195 1796 1282 1832 possis
1298 1816 1305 1828 ,
1320 1796 1408 1829 ipsum
1427 1791 1535 1827 quidem
1556 1796 1615 1817 esse
1629 1793 1730 1822 patrem
1747 1807 1754 1819 ,
1770 1790 1798 1813 et

1009 1845 1159 1874 necessaria
1182 1850 1242 1871 esse
1257 1849 1288 1869 ea
1310 1848 1369 1876 qum
1393 1838 1567 1873 requiruntur
1583 1856 1590 1868 ,
1610 1834 1656 1862 sed
1677 1833 1799 1868 ignorare

1010 1900 1071 1920 cum
1081 1889 1199 1925 nosipsis
1210 1895 1328 1924 egemus.
1340 1885 1404 1913 Nam
1420 1883 1464 1919 qui
1478 1881 1700 1922 naturam'ipsam
1714 1877 1798 1909 novit,

1011 1944 1038 1966 et
1048 1943 1152 1966 creator
1165 1936 1222 1970 ejus
1237 1939 1288 1966 est,
1304 1933 1428 1966 illamque
1441 1930 1491 1957 hoc
1503 1928 1581 1955 modo
1593 1925 1715 1954 formavit
1728 1945 1736 1957 ,
1752 1930 1800 1950 ne-

1012 1985 1166 2013 cessitatem
1180 1981 1248 2016 ejus,
1263 1984 1294 2007 ut
1308 1979 1393 2014 palam
1405 1981 1458 2008 est,
1470 1975 1566 2002 melius
1580 1972 1654 2000 novit
1665 1978 1744 2006 quam
1759 1973 1798 2001 tu,

1013 2031 1059 2067 qui
1073 2030 1099 2057 in
1115 2027 1272 2055 necessitate
1283 2024 1442 2052 constitutus
1450 2029 1488 2048 es.
1499 2019 1565 2048 Nam
1577 2018 1627 2053 ipsi
1643 2017 1681 2044 sic
1694 2015 1802 2051 placuit,

1015 2081 1043 2104 ut
1064 2076 1090 2102 in
1111 2071 1263 2108 hujusmodi
1277 2070 1436 2098 necessitate
1449 2073 1532 2094 esses.
1545 2065 1602 2092 Non
1620 2070 1683 2098 ergo
1695 2065 1803 2088 contra-

1015 2125 1071 2152 rius
1083 2123 1134 2150 erit
1147 2122 1178 2148 iis
1193 2127 1252 2155 quae
1268 2117 1353 2147 voluit
1365 2138 1372 2150 ,
1387 2116 1423 2143 ita
1438 2119 1467 2142 ut
1481 2118 1507 2141 te
1520 2113 1546 2140 in
1562 2111 1722 2139 necessitate
1737 2115 1804 2135 con-

1017 2170 1120 2200 stituat,
1136 2172 1187 2194 eta
1204 2163 1362 2193 necessariis
1372 2161 1467 2197 privet.

1054 2217 1082 2244 5.
1106 2199 1227 2242 Anxietas
1239 2210 1304 2238 nihil
1316 2209 1427 2245 prodest.
1451 2203 1621 2233 Providentia:
1635 2201 1692 2233 Dei,
1707 2199 1807 2228 Christo

1019 2267 1141 2294 monente,
1163 2259 1301 2295 ﬁdendum.
1318 2256 1363 2282 Dei
1377 2254 1472 2281 auxilio
1485 2254 1549 2278 bona
1567 2250 1665 2284 agimus
1679 2246 1808 2273 omnia.—

1021 2309 1058 2337 Nc
1079 2309 1167 2342 itaque
1188 2303 1291 2332 solliciti
1308 2302 1406 2330 simus;
1421 2305 1506 2333 neque
1529 2296 1601 2324 enim
1616 2292 1680 2328 quid
1698 2290 1810 2324 amplius

1021 2360 1236 2389 consequemur,
1259 2356 1338 2384 quam
1364 2345 1434 2382 quod
1459 2351 1509 2372 nos
1527 2342 1598 2370 curis
1619 2338 1811 2367 distendanms.

1023 2403 1090 2430 Cum
1115 2400 1186 2428 enim
1213 2396 1289 2425 nobis
1309 2396 1365 2422 sive
1384 2391 1516 2423 sollicitis,
1532 2389 1587 2416 sive
1607 2393 1659 2414 non
1680 2382 1812 2412 sollicitis,

1025 2450 1078 2477 imo
1095 2447 1180 2482 potius
1195 2451 1246 2472 non
1262 2440 1382 2469 sollicitis
1393 2458 1401 2472 ,
1420 2437 1446 2465 id
1459 2438 1576 2471 praestet,
1599 2431 1660 2467 quid
1683 2429 1728 2456 tibi
1748 2435 1813 2454 am-

1026 2495 1095 2530 plius
1111 2500 1144 2519 ex
1162 2488 1338 2519 sollicitudine
1351 2483 1480 2513 manebit.
1491 2487 1569 2516 quam
1594 2477 1663 2512 quod
1688 2481 1779 2510 pinnas
1800 2480 1814 2499 a

1028 2541 1112 2574 leipso
1121 2535 1268 2572 superﬂuas
1275 2530 1409 2566 exegeris?
1419 2528 1509 2562 Neque
1519 2524 1589 2552 enim
1603 2523 1661 2557 quis
1671 2521 1703 2548 ad
1715 2521 1815 2546 lautum

1029 2565 1106 2574 αντη
1155 2565 1161 2572 .
1331 2565 1339 2566 ,

1027 2585 1176 2614 convivium
1199 2585 1371 2609 accessurus,
1396 2576 1429 2603 de
1449 2573 1515 2601 cibis
1539 2576 1664 2604 umquam
1684 2565 1816 2594 sollicitus

1029 2633 1090 2664 erit;
1103 2637 1190 2665 neque
1200 2628 1222 2654 is
1234 2627 1278 2662 qui
1293 2624 1326 2652 ad
1342 2624 1441 2650 fontem
1456 2618 1568 2648 accedit,
1584 2616 1616 2642 de
1629 2618 1691 2649 potu
1705 2612 1755 2640 erit
1770 2619 1817 2637 an-

1030 2680 1100 2706 xins.
1116 2677 1153 2704 Nc
1169 2676 1255 2709 itaque
1273 2678 1333 2703 nos,
1347 2669 1442 2704 quibus
1455 2664 1603 2692 afﬂuentior
1629 2660 1705 2688 adest
1729 2664 1816 2685 rerum

1032 2725 1108 2759 copia
1119 2744 1127 2755 ,
1150 2728 1229 2756 quam
1243 2719 1268 2746 in
1283 2717 1355 2745 mille
1373 2714 1490 2742 fontibus
1507 2715 1535 2738 et
1547 2707 1679 2737 conviviis
1690 2726 1699 2739 ,
1724 2710 1820 2738 nempe

1038 2772 1086 2800 Dei
1101 2763 1364 2806 providentia,quasi
1378 2767 1510 2797 pauperes
1524 2756 1711 2793 pusillanimes
1722 2752 1818 2779 simus.

1601 2802 1606 2806 .
1662 2800 1668 2806 .
1723 2798 1737 2806 ,.
1749 2797 1788 2806 ._
1797 2795 1818 2806 J,

1036 2795 1283 2849 Cumrsupradictis
1301 2795 1456 2836 enimalind
1479 2805 1506 2832 in
1519 2802 1623 2831 ctutctis
1632 2800 1713 2827 rebus
1723 2795 1821 2824 ﬁdendi

1035 2846 1224 2896 argumentum
1233 2852 1459 2890 suggerit,dicens
1468 2859 1474 2876 :
1483 2849 1527 2875 55.
1538 2846 1654 2879 Qurcrite
1661 2849 1767 2877 regnum
1776 2846 1823 2865 ue-

1035 2879 1313 2896 ...Su...e........__w.
1356 2879 1362 2885 ,

1035 2904 1131 2935 larunt,
1143 2908 1167 2931 et
1176 2902 1229 2929 lucc
1235 2899 1324 2929 omnia
1332 2891 1489 2932 adjiciantur
1497 2892 1578 2921 vobis.
1594 2889 1740 2924 Postquam
1750 2879 1824 2907 enim
