2067 3132
278 144 330 171 505

275 200 393 228 animum
407 209 421 228 a
435 202 506 231 curis
520 203 628 238 levavit,
645 209 708 234 tunc
719 208 799 234 eielos
813 209 891 235 etiam
903 216 1065 237 commemo-

275 246 352 273 ravit.
368 246 446 275 Venit
458 250 555 284 quippe
574 256 661 279 vetera
678 253 824 286 soluturus,
840 259 866 282 et
879 255 912 282 ad
927 257 1065 284 meliorem

274 297 415 321 vocaturus
429 296 550 329 patriam.
564 296 710 332 Propterea
724 299 788 339 ni'gil
801 308 853 327 non
867 301 921 336 agit
933 323 940 334 ,
963 307 992 329 ut
1015 311 1064 331 nos

271 345 287 364 a
300 342 503 373 supervacaneis
517 347 542 369 el
557 351 571 369 a
588 348 752 372 terrenarum
776 354 864 373 rerum
882 347 976 376 affectu
999 349 1062 377 libe-

271 388 322 411 ret.
341 383 441 414 Idcirco
454 387 576 416 ethnicos
596 391 752 418 memoravit
767 412 774 424 ,
795 400 856 419 cum
869 393 906 420 ait
923 399 1016 428 gentes
1030 403 1060 423 ea

270 428 413 464 inquirere,
430 439 540 466 quarum
552 435 637 461 omnis
647 435 722 463 labor
734 441 760 463 et
773 438 888 465 studium
904 439 972 467 circa
993 448 1060 475 prae-

269 481 372 503 sentem
396 477 475 505 vitam
497 485 629 513 versatur,
650 482 745 516 quibus
767 483 837 510 nulla
853 484 1001 513 futurorum
1017 488 1059 514 vel

268 522 393 550 malorum
408 525 486 552 ratio.
503 525 586 554 Vobis
598 532 686 554 autem
702 537 752 556 non
765 529 823 557 lucc
837 536 899 558 sunt
913 533 1055 568 praecipua,

266 568 312 595 sed
326 569 375 596 alia
392 570 412 596 ¹.
428 571 520 607 Neque
534 573 605 600 enim
620 574 679 602 ideo
692 576 774 603 creati
787 584 878 604 sumus
892 584 921 605 ut
934 580 1056 607 comeda-

265 622 336 648 utus,
348 616 468 645 bibamus
476 624 501 645 et
509 620 626 647 vestibus
640 622 801 656 operiamur;
811 623 857 651 sed
870 630 894 651 ut
906 625 1055 659 placeamus

265 658 329 691 Deo,
345 665 371 688 ct
385 661 472 690 futura
496 672 693 701 consequamur
717 668 795 695 bona.
812 668 886 697 Sicut
906 671 984 705 igitur
997 672 1054 700 lucc

263 705 442 738 perfunctorie
462 710 600 743 curanda,
627 711 662 739 ita
683 717 708 740 ct
734 714 913 748 perfunctorie
937 718 1052 751 petenda

261 755 332 778 sunt.
348 752 462 789 Ideoque
479 755 583 784 diccbat
597 767 604 784 ε
619 758 729 792 Quwrite
750 769 854 795 regnum
867 763 985 790 calorum
999 785 1006 797 ,
1029 771 1053 791 et

260 795 313 822 lucc
323 799 407 824 omnia
420 799 570 834 adjicientur
580 802 657 830 vobis.
673 803 730 831 Non
743 805 820 840 dixit,
831 806 978 842 Dabuntur,
990 810 1048 843 sed,

258 838 433 874 Adjicienlur,
442 844 576 878 utdiscas,
587 847 685 875 horum
696 858 755 884 qua:
764 851 791 878 in
813 855 938 887 praesenti
947 856 1046 884 dantur

257 885 324 912 nihil
332 893 392 914 esse
399 889 510 917 omnino
517 899 644 927 magnum
654 895 675 922 si
683 903 744 923 cum
752 899 935 933 magnitudine
945 901 1046 930 futuro-

257 937 317 957 rum
326 939 527 968 comparentur.
541 937 601 965 ldeo
611 948 663 967 non
672 941 715 968 illa
722 948 822 977 petere,
835 946 883 973 sed
891 947 942 974 alia
950 953 1044 982 postu-

256 976 312 1004 lare
324 978 412 1013 jubet,
427 983 597 1011 etconfidcre
614 985 671 1013 haec
688 988 824 1021 prioribus
838 998 900 1019 esse
910 976 1042 1022 addenda.

255 1022 352 1056 Quaere
359 1024 440 1059 igitur
447 1026 550 1062 futura,
560 1034 586 1056 et
595 1033 738 1065 praesentia
747 1035 865 1071 accipies
877 1046 884 1071 ;
897 1046 1042 1073 nequmras

254 1068 383 1102 visibilia,
394 1077 420 1099 et
431 1080 544 1106 prorsus
558 1075 603 1103 illa
619 1081 808 1114 consequeris.
822 1081 890 1110 Nam
900 1084 1040 1120 indignum

261 1121 288 1144 le
297 1122 340 1145 est
351 1118 496 1148 Dominum
506 1123 582 1151 adire
597 1133 646 1160 pro
654 1127 734 1155 rebus
750 1128 917 1164 ltujusmodi.
934 1133 1040 1162 Etenim

253 1163 299 1196 qui
309 1171 390 1193 omne
398 1167 529 1200 studium,
539 1177 647 1198 omnem
655 1180 747 1201 curam
757 1176 887 1205 adhibere
898 1178 980 1208 debes
989 1189 1038 1216 pro

253 1207 432 1238 inell‘abilibus
443 1212 496 1240 illis
507 1214 717 1252 bonis,teipsum
725 1220 950 1256 dedecoras,dum
961 1226 986 1253 in
992 1234 1040 1255 cu-

253 1253 363 1287 piditate
378 1255 510 1285 ﬁuxarum
528 1268 617 1288 rerum
633 1263 707 1290 illam
726 1265 870 1300 impendis.
887 1269 942 1297 Cur
960 1279 1036 1305 ergo,

254 1301 372 1335 inquies,
380 1303 463 1336 jllSail
480 1313 576 1339 panem
589 1311 700 1342 petere?
711 1310 763 1339 Sed
771 1313 884 1345 addidit.
895 1317 1036 1348 Quotidia-

247 1351 317 1376 imm,
330 1350 357 1372 et
372 1345 422 1374 hoc
436 1356 540 1377 rursum
554 1351 638 1387 addit,
658 1353 741 1382 Ilodie
755 1356 828 1391 (Luc.
845 1360 887 1387 il.
898 1345 948 1396 ’ἑῆς
964 1364 1034 1398 quod

245 1390 330 1420 ipsum
344 1392 385 1420 hic
393 1394 471 1422 etiam
481 1397 612 1426 observat.
624 1400 680 1428 Non
691 1403 762 1430 enim
776 1405 861 1433 solum
870 1407 946 1442 dixit,
962 1410 1034 1438 Noli-

244 1440 270 1461 te
284 1437 388 1466 solliciti
406 1447 483 1474 esse;
500 1443 546 1470 sed
557 1465 564 1476 ,
580 1444 624 1472 54.
648 1445 736 1475 Nolite
748 1449 850 1477 solliciti
863 1461 916 1480 esse
933 1454 959 1480 in
974 1463 1032 1482 cra-

241 1481 335 1508 stinum
351 1491 360 1509 :
374 1484 452 1512 simul
467 1487 543 1515 nobis
563 1489 710 1519 libertatem
733 1493 846 1529 donans,
865 1502 891 1525 et
915 1500 1030 1529 animam

241 1531 359 1556 nostram
373 1531 452 1559 rebus
472 1535 555 1568 magis
568 1539 726 1566 necessariis
742 1541 876 1570 addicens.
903 1545 970 1574 Nam
986 1548 1030 1576 illa

241 1576 331 1605 petere
346 1574 405 1602 ideo
415 1576 503 1611 jussit,
515 1588 566 1607 non
580 1583 649 1616 quod
663 1584 733 1612 Dens
741 1586 877 1617 admonitu
886 1590 1026 1628 indigeret,

241 1617 284 1628 ..,».l
300 1623 326 1628 μ..
350 1619 366 1628 Ι¹
576 1626 581 1628 ⁴

918 1617 928 1618 η
941 1617 1026 1628 υη--ν

239 1617 284 1644 sed
300 1623 327 1646 ut
341 1619 483 1655 discamus,
497 1632 545 1652 nos
558 1626 615 1661 ejus
629 1629 728 1657 auxilio
742 1631 810 1660 bona
826 1642 906 1670 agere
918 1639 1006 1665 omnia
1019 1660 1026 1672 ,

238 1667 264 1689 ct
280 1668 308 1690 ut
322 1665 479 1696 assiduitate
491 1672 594 1704 petendi
616 1681 664 1701 nos
678 1676 702 1702 ei
719 1676 861 1707 familiares
871 1682 1025 1712 reddamus.

238 1707 330 1737 Viden‘
343 1713 476 1746 quomodo
498 1723 545 1750 per
560 1717 616 1746 hate
629 1721 759 1756 suadeat,
787 1707 1026 1764 doceatque—“ipsos

235 1757 376 1788 praesentia
392 1767 497 1794 quoque
513 1769 667 1798 accepturos
678 1769 758 1795 esse?
772 1769 821 1803 Qui
835 1772 904 1799 enim
921 1775 1023 1810 majora

235 1801 336 1834 pnebet
346 1823 353 1835 ,
377 1805 461 1833 multo
473 1809 557 1843 magis
569 1810 669 1838 minora
683 1813 765 1841 dabit.
779 1801 835 1844 Non
852 1818 911 1847 ideo
931 1801 1001 1848 enim
1013 1843 1022 1856 ,

235 1847 336 1883 inquit,
353 1853 466 1887 przceepi
483 1861 516 1881 ne
538 1856 642 1884 solliciti
657 1859 731 1892 sitis,
753 1862 792 1889 vel
809 1871 841 1890 ne
865 1867 960 1899 petatis
972 1889 979 1901 ,
995 1874 1023 1896 nt

233 1893 323 1921 miseri
347 1897 404 1923 suis
418 1902 446 1924 et
460 1899 522 1926 nudi
537 1901 678 1930 ambulctis
690 1925 698 1937 ,
723 1907 770 1933 scd
793 1913 821 1935 ut
846 1893 901 1938 haec
916 1919 1022 1948 quoque

232 1939 398 1969 abundanter
410 1950 570 1978 suppetant:
583 1948 607 1974 id
619 1950 689 1983 quod
702 1957 774 1979 certe
787 1956 900 1983 maxime
912 1939 1021 1987 iilosat-

232 1985 338 2014 trahere
353 1993 464 2022 poterat.
481 1991 554 2019 Sient
570 2001 633 2029 ergo
647 1995 671 2022 in
685 1997 854 2035 eleemosyna
867 2005 997 2039 eroganda
1010 2028 1018 2040 ,

230 2037 322 2059 vetans
334 2041 394 2061 sese
410 2036 560 2066 hominibus
574 2045 710 2069 ostentare
721 2065 728 2075 ,
747 2045 795 2072 hac
809 2047 911 2076 ratione
931 2052 1016 2078 maxi-

229 2085 272 2103 me
284 2079 410 2106 suadebat
421 2081 473 2108 illis
485 2103 492 2114 ,
513 2083 569 2111 lucc
582 2086 631 2113 sibi
648 2095 708 2114 cum
725 2090 819 2124 majori
830 2094 904 2127 copia
921 2100 947 2122 et
959 2104 1017 2123 ma—

228 2122 377 2156 gniﬁcentia
387 2126 520 2155 reddenda
532 2137 591 2157 esse
605 2132 677 2166 (nam
693 2134 737 2167 ait,
753 2136 832 2164 Pater
846 2143 911 2173 tuus,
925 2142 968 2175 qui
979 2143 1017 2169 vi-

227 2169 268 2194 det
280 2169 306 2196 in
318 2171 463 2199 abscondito
477 2194 484 2206 ,
499 2176 584 2202 reddet
597 2178 641 2204 tibi
651 2179 677 2206 in
693 2182 836 2218 manifesto)
855 2194 861 2211 :
877 2187 915 2214 sic
925 2193 952 2215 et
966 2188 1016 2217 hoc

228 2214 288 2242 loco
316 2216 474 2246 abstrahens
498 2229 544 2249 eos
567 2230 582 2250 a
611 2227 799 2260 perquisitione
825 2236 1012 2270 praesentium,

226 2261 291 2289 illud
306 2264 421 2291 maxime
435 2267 538 2300 suadet,
557 2267 614 2297 hinc
627 2279 679 2298 non
693 2277 873 2308 qumrentibus
884 2287 942 2306 cum
958 2290 1014 2309 ma-

223 2307 282 2340 jore
303 2309 462 2338 abundantia
486 2315 612 2347 promitti.
629 2316 708 2351 ldeo,
733 2320 838 2356 inquit,
863 2326 945 2358 jubeo
960 2336 1011 2356 non

224 2361 355 2388 quan-ere,
371 2363 423 2383 non
442 2365 476 2385 ne
492 2360 606 2395 accipias
619 2383 626 2395 ,
651 2364 697 2390 St‘d
720 2371 745 2392 ut
764 2367 931 2399 abundanter
944 2375 1012 2401 acci-

224 2401 302 2434 pias;
337 2407 365 2430 nt
389 2404 505 2438 accipias
537 2407 617 2436 modo
646 2410 691 2438 tibi
729 2417 913 2449 competenti,
950 2428 1010 2448 cum

222 2446 335 2474 utilitate
360 2453 514 2485 congruenti
533 2462 538 2479 :
554 2462 587 2481 ne
608 2456 736 2485 sollicitus
762 2464 789 2486 et
807 2461 934 2491 discissus
961 2467 1010 2494 ha-

222 2501 314 2521 rumce
325 2502 412 2523 rerum
426 2498 506 2531 curis,
522 2504 548 2527 et
562 2501 592 2528 iis
606 2502 670 2537 ipsis
683 2505 762 2532 rebus
781 2512 807 2533 et
829 2509 1010 2543 spiritualihus

222 2543 247 2565 te
261 2539 394 2575 indignum
406 2545 560 2579 constituas;
575 2555 607 2575 ne
621 2550 781 2584 superﬂuam
790 2555 899 2587 patiaris
910 2565 1009 2585 aerum-

221 2592 280 2611 nam
296 2605 304 2618 ,
326 2590 353 2613 et
365 2594 379 2613 a
395 2595 424 2615 re
437 2594 571 2625 proposita
590 2595 707 2623 excidas.
732 2597 819 2625 Nolite
832 2609 892 2636 ergo
909 2604 1009 2632 solliciti

218 2637 272 2655 esse
284 2630 308 2656 in
326 2633 470 2660 crastinum.
486 2635 583 2671 Su/ficit
597 2639 663 2666 enim
683 2641 732 2668 diei
745 2644 842 2671 malitia
855 2647 909 2681 ejus
929 2648 1006 2682 (Gen.

220 2673 235 2682 .-
268 2674 307 2682 .ω
334 2676 340 2681 .
352 2675 358 2682 .
489 2680 494 2682 -

219 2673 246 2701 5.
264 2674 320 2709 l9),
333 2675 358 2703 id
374 2681 433 2711 est,
460 2680 565 2708 miseria
587 2688 666 2718 atque
676 2688 812 2716 contritio.
835 2673 890 2718 Non
909 2673 1007 2722 suiflicit

218 2720 263 2748 tibi
280 2721 305 2748 in
320 2722 417 2751 sudore
429 2725 518 2754 vultus
532 2728 568 2755 tui
581 2731 724 2760 comedere
736 2741 832 2769 panem
848 2739 943 2766 tuum?
958 2748 1006 2768 cur

216 2766 294 2793 aliam
309 2768 403 2803 adjicis
417 2778 452 2797 ex
467 2772 645 2804 sollicitudine
659 2778 809 2815 miseriam,
823 2783 868 2818 qui
883 2791 897 2811 ιι
909 2785 1005 2820 priori-

214 2810 266 2839 bus
275 2820 306 2840 es
316 2814 449 2844 laboribus
462 2818 636 2849 liberandus?

240 2879 246 2894 ‘
266 2876 313 2905 Ha‘
325 2887 406 2914 voces.
417 2883 461 2910 sed
468 2885 526 2918 alia,
539 2887 627 2916 desunt
637 2891 661 2916 in
674 2893 757 2918 Morel.

613 148 642 176 S.
661 149 798 179 JOANNIS
811 151 1049 180 CllliYSOSTOMl
1068 154 1224 184 AllCHlEP.
1245 157 1508 192 CONSTANTINOP.
1713 155 1716 158 ~
1857 180 1909 210 δαί

1157 214 1183 241 4.
1200 214 1300 244 Malitia
1311 219 1446 255 aliquando
1459 232 1506 258 pro
1521 233 1634 256 mumna
1655 233 1786 267 accipitur.
1800 251 1838 256 -—
1850 239 1906 266 Ma-

1120 258 1202 287 litiam
1217 266 1304 290 autem
1317 263 1360 292 hic
1373 272 1449 295 vocat
1470 277 1522 298 non
1536 271 1743 312 improbitatem,
1757 281 1836 316 absit,
1857 286 1907 313 sed

1573 305 1581 308 _
1735 305 1743 312 ,
1758 305 1836 316 -_-..,
1857 305 1906 313 νυ.

1117 305 1261 340 miseriam,
1287 309 1414 344 laborem,
1436 322 1566 345 :erumnas
1579 327 1586 351 ;
1601 321 1670 349 sicut
1684 328 1711 351 et
1724 325 1787 354 alibi
1801 327 1837 355 ait
1851 339 1858 356 :
1873 331 1906 359 Si

1116 355 1152 376 est
1164 353 1260 380 malitia
1274 355 1299 382 in
1314 357 1421 391 civitate,
1432 368 1506 394 quam
1520 362 1644 393 Dominus
1656 376 1706 396 non
1718 370 1804 405 fecerit
1815 373 1904 410 (Amos

1116 395 1132 410 -ι
1157 397 1184 410 ιιι
1199 408 1205 410 .
1218 408 1268 410 υμς
1285 409 1288 410 ν
1334 403 1339 408 ”
1422 407 1427 410 ·
1467 408 1471 410 “
1480 409 1484 410 ⁷

1700 395 1703 396 ν
1718 395 1804 405 ,νηη-
1827 395 1903 404 ...,.υ.

1115 395 1141 422 5.
1157 397 1185 433 6)
1199 408 1205 424 :
1218 408 1270 428 non
1285 403 1390 437 rapinas
1406 407 1545 444 significat,
1562 419 1615 440 non
1630 417 1766 446 avaritiam
1781 421 1801 453 ι’
1815 395 1903 461 Reque

1115 444 1247 461 mmini...“
1264 449 1348 461 ..:...:i-
1379 459 1399 461 η
1415 453 1420 461 Ι
1463 454 1469 461 .
1565 458 1581 461 ,ν
1606 460 1609 461 ,

1114 444 1247 479 quidpiam
1264 449 1360 483 simile,
1374 453 1421 480 sed
1444 454 1534 491 plagas
1555 458 1683 490 divinitus
1705 444 1902 500 inimissas.1Ae

1113 497 1227 526 rursum,
1242 493 1308 530 Ego,
1325 497 1417 533 inquit,
1432 502 1527 536 faciens
1550 513 1645 540 pacem,
1669 515 1693 536 et
1705 520 1792 541 aream
1804 517 1901 545 malum

1115 535 1138 545 ,,
1173 538 1178 544 .
1207 539 1228 545 ..
1259 541 1281 545 _.
1322 543 1343 545 η

1113 535 1187 570 (Ιδιιί.
1199 539 1242 566 45.
1259 541 1294 574 7).
1320 543 1411 579 Neque
1424 549 1495 575 enim
1510 535 1555 578 hie
1566 535 1691 582 malitiam

1111 591 1179 612 mem
1195 607 1202 618 ,
1227 589 1391 621 pestilentias
1404 613 1411 625 ,
1431 602 1490 629 quae
1510 598 1579 625 mala
1600 607 1659 628 esse
1682 604 1897 638 existimantura

1109 631 1196 666 vulgo.
1212 633 1267 661 Mos
1281 636 1378 671 quippe
1389 643 1448 671 est,
1465 646 1492 669 ut
1508 644 1582 671 multi
1595 653 1625 673 ea
1640 655 1700 676 esse
1709 649 1799 680 dicant
1814 655 1893 683 mala.

1106 676 1150 704 Sic
1160 680 1230 706 enim
1241 681 1278 708 illi
1291 685 1407 719 quinque
1420 686 1598 723 Satrapiarum
1608 695 1761 724 sacerdotes
1771 703 1797 726 et
1808 705 1891 735 vates,

1105 731 1166 751 cum
1182 733 1276 754 vaccas
1295 736 1364 757 artae
1374 731 1480 765 junctas
1502 735 1560 763 sine
1575 738 1664 766 vitulis
1677 749 1729 777 quo
1742 745 1839 773 vellent
1853 747 1893 776 ire

1104 773 1291 807 permiserunt.
1308 776 1434 806 divinitus
1450 780 1583 810 immissas
1604 785 1694 820 plagas
1716 788 1776 817 illas
1789 799 1890 821 mer-

1103 824 1212 853 retnque
1226 827 1257 847 ac
1271 820 1390 850 dolorem
1407 824 1469 853 inde
1482 832 1585 861 partum
1599 831 1727 861 malitiam
1747 837 1888 867 vocabant.

1101 863 1216 899 ldipsutn
1233 867 1320 903 itaque
1334 869 1466 904 signiﬁcat
1479 873 1571 903 dicens
1586 877 1702 913 :Suﬁicit
1717 881 1767 909 diei

1099 918 1156 937 sua.
1182 911 1251 940 Nihil
1264 915 1334 942 enim
1347 917 1457 950 perinde
1469 920 1586 948 animum
1600 925 1715 959 cruciat,
1729 932 1808 962 atque
1822 937 1887 959 cura

1098 959 1126 982 et
1138 957 1300 986 sollicitudo.
1316 960 1360 988 Sic
1376 967 1402 989 et
1416 963 1513 992 Paulus
1525 966 1558 993 ad
1573 957 1749 1003 virginitatem
1764 957 1886 1011 hortans,

1098 1003 1238 1031 consilium
1255 1005 1290 1032 ita
1304 1006 1432 1035 efTerebat
1446 1019 1451 1035 :
1475 1010 1537 1039 Volo
1549 1019 1630 1041 autent
1643 1024 1685 1043 vos
1695 1018 1750 1045 sine
1761 1020 1885 1049 sollicitu-

1096 1049 1154 1076 dine
1173 1052 1246 1086 ωδε(
1261 1053 1286 1080 l.
1299 1053 1358 1082 Cor.
1375 1055 1400 1083 7.
1415 1056 1551 1091 52)..Cum
1567 1069 1645 1095 porro
1659 1063 1722 1091 dicit
1736 1066 1806 1094 diem
1822 1076 1883 1096 cra-

1095 1097 1190 1124 stinam
1207 1099 1255 1127 sibi
1272 1102 1411 1131 sollicitam
1424 1104 1492 1140 fore,
1509 1115 1561 1135 non
1577 1109 1602 1136 id
1618 1111 1663 1142 ait,
1675 1114 1745 1147 quod
1757 1114 1815 1144 dies
1826 1117 1885 1152 ipsa

1684 1141 1691 1147 ι
1777 1141 1813 1144 "'
1826 1141 1879 1152 'l’“

1094 1141 1127 1169 de
1137 1150 1166 1170 se
1178 1145 1290 1173 sollicita
1303 1148 1346 1181 sit,
1361 1150 1406 1177 sed
1423 1152 1483 1186 quia
1493 1153 1525 1180 ad
1540 1155 1688 1189 imperitam
1703 1160 1805 1193 plebem
1820 1170 1879 1190 ser-

1093 1196 1138 1215 mo
1155 1195 1222 1224 erat,
1244 1199 1304 1220 cum
1331 1195 1410 1223 vellet
1433 1197 1490 1226 luet:
1515 1207 1575 1228 cuni
1596 1204 1715 1238 emphasi
1741 1207 1881 1243 proferre,

1092 1239 1195 1270 tempus
1215 1246 1334 1272 personre
1348 1250 1422 1270 more
1437 1252 1619 1282 repraesentat,
1634 1252 1780 1280 secundum
1795 1256 1879 1290 pluri-

1090 1289 1193 1310 morum
1210 1292 1310 1314 morem
1325 1287 1396 1322 ipsos
1409 1291 1555 1326 alloquens.
1572 1294 1603 1322 Et
1617 1295 1659 1324 hic
1671 1299 1777 1332 quidem
1791 1303 1879 1330 consi-

1088 1328 1151 1356 lium
1177 1332 1287 1365 profert,
1311 1342 1468 1369 progressns
1489 1345 1577 1368 autem
1605 1342 1718 1378 idipsum
1741 1351 1770 1374 ut
1792 1347 1877 1383 legem

1087 1377 1178 1404 statuit
1191 1378 1282 1407 dicens
1297 1389 1303 1406 :
1320 1381 1407 1409 Nolite
1421 1385 1549 1418 possidere
1567 1396 1668 1422 aurum,
1690 1399 1768 1426 neque
1786 1402 1876 1430 argen-

1086 1426 1149 1456 tum,
1166 1432 1243 1457 neque
1254 1435 1340 1459 peram
1351 1428 1377 1454 in
1388 1429 1427 1456 via
1441 1430 1548 1464 (Matt/1.
1564 1434 1605 1461 10.
1620 1434 1645 1462 9.
1664 1435 1717 1471 10).
1732 1426 1874 1475 Postquam

1084 1468 1154 1495 enim
1167 1467 1223 1495 haec
1232 1469 1291 1504 ipsa
1301 1472 1427 1506 operibus
1437 1476 1601 1512 exhibuerat,
1617 1486 1679 1509 tunc
1693 1482 1800 1512 dentum
1811 1494 1874 1514 ver-

1083 1513 1124 1540 bis
1137 1515 1222 1550 lcgem
1237 1519 1330 1547 statuit
1347 1520 1501 1556 firmiorem,
1518 1525 1587 1553 unde
1601 1532 1628 1554 et
1642 1536 1730 1558 sermo
1747 1537 1872 1566 acceptus

1081 1565 1108 1586 et
1116 1563 1301 1596 comprobatus
1311 1571 1377 1599 erat,
1390 1567 1471 1601 ipsius
1481 1577 1576 1605 nempe
1585 1574 1707 1607 operibus
1715 1576 1769 1610 jam
1781 1577 1870 1605 ﬁrma-

1083 1610 1132 1632 tus.
1146 1607 1257 1636 Ubinam
1269 1611 1345 1645 igitur
1355 1614 1478 1648 operibus
1489 1617 1694 1648 demonstravit?
1702 1607 1769 1651 A'udi
1783 1625 1868 1659 ipsum

1080 1653 1211 1682 dicentem
1228 1665 1235 1683 :
1249 1656 1273 1683 F
1273 1658 1332 1685 ilius
1343 1660 1450 1688 hominis
1464 1670 1514 1690 non
1527 1664 1600 1692 habet
1613 1667 1655 1694 ubi
1673 1675 1748 1704 caput
1767 1671 1868 1699 reclinet

1080 1699 1185 1734 (Matth.
1200 1703 1226 1730 8.
1241 1704 1298 1740 20).
1319 1705 1410 1741 Neque
1428 1708 1477 1736 hoc
1491 1714 1578 1739 tamen
1599 1699 1865 1752 dixisse'contentus.

1078 1745 1104 1772 in
1118 1746 1254 1781 discipulis
1276 1751 1330 1778 suis
1351 1752 1443 1780 horum
1465 1759 1614 1792 exemplum
1629 1762 1789 1797 suppeditat,
1804 1771 1864 1792 cum

1078 1791 1149 1826 ipsos
1164 1793 1195 1820 ad
1211 1795 1278 1821 hanc
1292 1796 1401 1825 formam
1418 1800 1529 1836 redegit.
1544 1808 1572 1831 et
1586 1805 1657 1832 nullo
1671 1814 1749 1841 egere
1765 1811 1864 1843 permi-

1076 1838 1119 1865 sit.
1138 1839 1272 1874 Pcrpende
1285 1848 1372 1871 autem
1393 1846 1450 1880 ejus
1467 1849 1671 1885 providentiam,
1685 1861 1743 1888 qua:
1756 1863 1865 1885 omnem

1076 1885 1157 1918 patris
1172 1887 1288 1921 cujusvis
1303 1890 1425 1919 affectum
1443 1900 1559 1927 superat.
1583 1896 1638 1925 lloc
1655 1899 1745 1933 jubeo,
1766 1902 1862 1938 inquit,

1074 1937 1127 1957 non
1142 1931 1220 1959 aliam
1235 1933 1269 1960 ob
1281 1942 1398 1969 causam,
1414 1946 1492 1972 quam
1509 1945 1537 1967 ut
1549 1950 1595 1969 vos
1608 1944 1641 1970 ab
1651 1945 1723 1972 onmi
1735 1955 1863 1982 superva-

1073 1983 1120 2001 cua
1134 1977 1310 2008 sollicitudine
1323 1983 1470 2016 expediam.
1483 1985 1548 2014 Nam
1559 1989 1581 2015 si
1596 1988 1673 2018 hodie
1686 1993 1813 2022 sollicitus
1823 1995 1862 2023 sis

1072 2022 1105 2050 de
1127 2026 1252 2057 crastino,
1268 2035 1326 2054 eras
1347 2037 1450 2058 rursum
1470 2033 1598 2063 sollicitus
1614 2037 1676 2064 eris.
1692 2038 1761 2072 Quid
1781 2048 1812 2068 ea
1832 2042 1858 2069 in

1072 2076 1101 2096 re
1114 2074 1357 2104 supervacaneum?
1369 2074 1421 2102 Cur
1434 2078 1505 2112 cogis
1515 2079 1586 2107 diem
1597 2082 1700 2117 majori,
1712 2092 1790 2119 quam
1802 2087 1859 2121 ipse

1071 2116 1181 2142 sortitus
1194 2117 1237 2149 sit,
1260 2119 1365 2147 miseria
1384 2121 1480 2157 afﬂigi;
1495 2129 1521 2151 et
1537 2133 1595 2153 eum
1616 2116 1728 2163 propriis
1748 2130 1798 2158 sibi
1819 2131 1858 2160 la-

1070 2161 1178 2190 boribus
1190 2164 1268 2191 etiam
1284 2168 1419 2200 sequentis
1439 2169 1491 2197 diei
1516 2179 1582 2199 onus
1603 2173 1725 2208 imponis,
1748 2181 1776 2204 et
1793 2177 1856 2213 hoc,

1069 2214 1127 2233 cum
1143 2215 1189 2242 per
1202 2209 1409 2239 additamentum
1426 2213 1574 2249 hnjnstuodi
1587 2221 1722 2253 sequentis
1735 2221 1786 2249 diei
1799 2230 1857 2250 sar-

1068 2253 1154 2280 cinam
1178 2263 1230 2282 non
1257 2257 1369 2288 minuas.
1400 2260 1446 2287 sed
1471 2261 1575 2290 labores
1601 2268 1701 2293 tantum
1722 2267 1855 2297 laboribus

1067 2300 1204 2334 adjicias'.
1220 2302 1254 2330 Ut
1266 2304 1336 2331 enim
1360 2306 1418 2333 illos
1434 2308 1516 2342 magis
1531 2312 1730 2346 perstringeret,
1752 2318 1855 2350 tempus

1068 2346 1152 2380 ipsum
1166 2350 1240 2382 quasi
1254 2350 1396 2378 animalum
1408 2357 1435 2379 et
1445 2353 1538 2381 latsum
1552 2355 1664 2390 induxit,
1677 2363 1770 2386 contra
1782 2360 1855 2394 ipsos

1065 2392 1182 2420 clamans
1197 2395 1231 2422 ob
1245 2396 1405 2430 superfluam
1420 2400 1577 2428 molestiam.
1598 2402 1663 2430 Nam
1685 2403 1754 2432 diem
1775 2413 1853 2434 acce-

1066 2438 1136 2472 pisti,
1152 2444 1179 2466 ut
1193 2448 1252 2474 qum
1266 2442 1298 2469 ad
1313 2442 1398 2476 ipsum
1413 2446 1544 2478 pertinent
1556 2455 1643 2476 cures.
1655 2449 1708 2477 Cur
1719 2453 1854 2486 sequentis

1063 2483 1115 2510 diei
1131 2492 1209 2513 curas
1224 2486 1273 2520 ipsi
1287 2488 1396 2523 adjicis'!
1409 2498 1496 2518 annon
1511 2493 1644 2521 sufﬁciens
1663 2495 1712 2531 ipsi
1731 2501 1772 2524 est
1786 2505 1854 2525 onus

1063 2531 1212 2559 sollicitudo
1232 2534 1292 2560 sui?
1311 2542 1359 2562 cur
1377 2543 1441 2570 ergo
1464 2538 1499 2564 illi
1526 2539 1610 2573 majus
1630 2540 1744 2576 imponis
1765 2544 1853 2570 onus?

1062 2575 1127 2603 Cum
1148 2583 1235 2605 autem
1250 2579 1397 2614 Legislator
1411 2584 1444 2609 sit
1459 2584 1482 2610 is
1495 2585 1538 2618 qni
1555 2586 1593 2612 sic
1612 2586 1738 2622 loquitur,
1753 2594 1780 2616 et
1796 2590 1853 2624 ipse

1062 2621 1095 2648 de
1116 2622 1192 2650 nobis
1202 2624 1368 2658 jndiealurns
1383 2628 1426 2660 sit,
1450 2629 1534 2663 cogita
1557 2638 1636 2665 quam
1658 2632 1754 2661 bonam
1774 2635 1852 2662 nobis

1060 2675 1135 2702 spem
1150 2676 1287 2704 proponat,
1300 2679 1359 2698 cum
1374 2673 1429 2707 ipse
1442 2675 1606 2710 testificetur,
1621 2677 1688 2706 hanc
1700 2679 1778 2706 vitam
1791 2688 1850 2707 esse

1060 2714 1184 2742 miseram
1199 2721 1227 2743 et
1247 2717 1416 2751 laboriosam,
1435 2720 1470 2747 ita
1485 2726 1513 2748 ut
1528 2723 1605 2750 unius
1626 2723 1678 2751 diei
1697 2725 1849 2754 sollicitndo

1059 2759 1174 2788 sufﬁciat
1183 2762 1215 2789 ad
1226 2762 1397 2792 afflictioncm
1408 2766 1647 2804 contritionetnque
1660 2775 1788 2798 nostram.
1800 2773 1848 2799 Atr-

1090 2869 1100 2914 :
1114 2868 1173 2914 Alii;
1181 2877 1227 2895 non
1239 2872 1336 2914 rapinas
1347 2873 1466 2914 signiﬁcat
1477 2881 1551 2914 neque
1563 2877 1731 2914 pnncipatns,_

1116 2902 1157 2914 (hu;
1177 2908 1213 2914 σιιιι
1231 2909 1255 2914 μη
1285 2910 1381 2914 -.η-μμ-..
1397 2910 1483 2914 A.,A..,,.
1503 2910 1516 2914 .,

1089 2900 1100 2916 ¹
1115 2901 1221 2933 Quidam,
1230 2903 1274 2928 scd
1285 2900 1381 2936 insuch
1392 2900 1529 2937 cupiditatis
1540 2900 1766 2947 laborat-tradimus.

2065 2443 2067 2455 l
