2067 3132
193 135 246 162 302i

191 197 279 219 tamen
290 197 352 218 eum
366 193 405 217 tot
422 194 546 225 tantaque
557 190 628 218 dicta
641 191 704 223 sint,
719 199 769 219 nos
782 191 815 219 de
826 192 867 218 his
880 193 985 219 solliciti

189 244 294 269 sumus,
309 235 426 263 caelestia
440 241 530 263 autem
541 243 593 263 non
604 243 739 270 curamus,
754 237 801 264 sed
814 237 934 264 ordinem
947 238 987 264 in-

189 282 335 315 vertimus,
365 281 491 316 utrinque
512 285 604 309 contra
627 289 705 317 supra
732 282 803 309 dicta
828 288 985 318 pugnantes.

189 328 328 363 Perpende
341 335 455 363 namque
476 337 483 354 :
503 327 567 355 dicit
581 328 626 355 ille
640 337 646 354 :
670 327 709 356 Ne
722 329 831 357 omnino
846 330 986 363 pratsentia

189 374 333 410 quaeratis;
350 381 399 401 nos
410 378 499 402 autem
514 374 557 401 illa
578 374 686 402 assidue
700 375 853 409 qumrimns.
870 375 986 409 Quaerite

189 421 318 454 caelestia,
339 420 440 457 inquit;
463 427 512 447 nos
532 424 620 447 autent
642 428 675 448 ne
691 428 772 455 parvo
786 421 892 456 quidem
913 421 985 449 hora:

189 464 268 493 t’tnius
280 466 368 501 spatio
379 456 424 492 illa
439 466 602 501 qua-rimus;
620 466 668 493 sed
682 471 808 501 quantam
827 467 861 495 de
875 468 986 495 sarcula-

190 512 266 539 rihus
278 512 484 540 sollicitudinem
500 511 666 544 exhibemus,
683 517 782 540 tantam
800 514 824 540 in
841 514 984 549 spirituali-

190 559 240 586 bus
260 559 446 594 negligentiam
461 558 637 592 ostendimus,
653 559 708 586 imo
728 559 812 586 multo
832 561 960 595 majorem
975 570 983 588 :

190 604 238 632 sed
252 611 305 631 non
319 611 426 639 semper
440 604 497 631 luce
511 604 588 632 nobis
609 612 737 639 prospere
752 606 914 640 procedent;
936 614 984 634 ne-

190 658 242 684 que
255 658 361 685 semper
376 650 410 677 ita
426 655 537 685 possunt
551 651 670 678 evenire.
693 651 761 678 Ecce
775 651 868 679 decem
891 652 984 680 diebus

191 696 395 728 contemnimus.
412 703 474 723 ecce
489 695 669 736 vigintitecce
683 701 799 724 centum.
819 697 916 724 Annon
938 705 985 725 ne-

190 751 266 770 cesse
280 750 389 777 prorsus
404 747 444 770 est
458 743 542 774 obire,
565 748 591 770 et
607 743 632 770 in
645 743 788 778 judicantis
801 752 895 771 manus
915 746 983 772 inci-

191 788 273 815 dere?
286 788 338 815 Sed
353 788 443 815 dilatio
455 789 663 816 consolationem
678 789 764 817 affert.
779 790 811 816 Et
821 798 880 825 qua:
893 798 984 817 conso-

190 833 265 866 latio,
281 841 341 861 cum
357 833 474 868 quotidie
495 838 665 869 exspectatur
679 835 838 869 supplicium
855 840 882 863 et
902 836 983 864 ultio?

171 875 216 906 ’Si
232 880 298 912 velis
312 880 382 906 enim
393 887 425 906 ex
437 879 486 907 hac
499 879 626 907 dilatione
640 881 850 908 consolationem
866 882 982 916 aliquam

189 921 320 959 accipere,
336 926 427 959 accipe
448 932 518 958 cam,
542 933 600 960 qua:
621 926 783 960 paenitentiae
808 926 909 954 fructus
931 933 982 961 est,

189 970 413 998 emendationem.
429 970 494 998 Nam
517 971 538 998 si
561 979 594 998 ex
609 979 642 998 eo
658 971 726 1006 quod
747 973 812 999 ultio
835 972 981 1004 differatur,

149 1030 153 1033 ί
188 1016 303 1051 aliquam
327 1016 434 1050 prodire
459 1021 536 1050 putas
555 1017 775 1051 consolationem,
792 1018 876 1045 multo
898 1019 983 1054 majus

189 1063 292 1090 lucrum
307 1067 348 1090 est
371 1070 423 1090 non
443 1063 561 1091 incidere
581 1063 606 1090 in
628 1063 768 1091 ultionem.
790 1064 900 1092 Utamur
919 1073 983 1100 ergo

188 1108 239 1135 hac
253 1109 391 1142 dilatione,
414 1113 442 1136 ut
461 1109 570 1136 omnino
583 1109 617 1136 ab
633 1109 831 1138 imminentibus
847 1112 931 1145 poenis
951 1112 983 1138 li-

188 1154 324 1182 beremur.
345 1155 384 1181 Ex
401 1154 433 1182 iis
445 1155 516 1182 enim
536 1163 595 1190 qua:
616 1160 746 1190 praecepta
768 1160 829 1182 sunt
850 1156 916 1183 nihil
939 1157 983 1184 vel

187 1209 332 1228 onerosum
346 1201 389 1228 vel
402 1201 545 1228 molestum
561 1206 615 1233 est;
630 1201 677 1228 sed
692 1202 780 1228 omnia
796 1202 831 1228 ita
852 1203 940 1236 pervia
955 1207 982 1229 et

187 1246 287 1280 facilia,
308 1251 337 1274 ut
350 1247 371 1274 si
387 1251 536 1282 promptam
554 1247 639 1274 solum
652 1247 814 1274 voluntatem
828 1247 980 1281 affet-anius,

187 1293 278 1320 omnia
299 1292 436 1319 valeamus
460 1291 604 1326 perficere,
628 1293 733 1320 etiamsi
757 1293 873 1320 millibus
899 1294 982 1321 simus

188 1337 306 1372 peccatis
318 1337 437 1365 obnoxii.
451 1337 586 1364 Manasses
599 1338 671 1364 enim
685 1338 848 1365 exsecranda
865 1338 982 1367 facinora

187 1390 280 1416 ausus,
309 1382 354 1417 qui
381 1382 508 1410 adversus
532 1387 623 1410 sancta
649 1390 743 1410 manus
767 1383 932 1417 extenderat,
955 1388 983 1412 et

187 1429 400 1456 abominationes
413 1428 439 1455 in
453 1428 582 1464 templum
598 1428 747 1461 induxerat,
760 1429 930 1465 credibusque
941 1438 982 1458 ur-

187 1474 249 1502 bem
265 1475 424 1509 repleverat,
446 1474 582 1508 multaque
601 1474 654 1507 alia
677 1473 776 1502 fecerat
798 1483 858 1510 qua:
877 1476 981 1504 veniam

187 1529 242 1548 non
258 1521 427 1548 merebantur
449 1520 486 1556 (4.
508 1520 573 1556 Reg.
596 1521 644 1556 21)
660 1531 667 1548 :
683 1526 801 1549 attamen
823 1527 882 1557 post
902 1523 980 1550 talem

187 1571 343 1602 tantamque
367 1567 553 1602 iniquitatem,
579 1568 669 1594 omnia
695 1568 738 1595 illa
764 1569 865 1596 scelera
887 1570 978 1598 abluit.

186 1612 328 1647 Quomodo
339 1616 367 1640 et
375 1620 426 1648 qua
441 1611 563 1640 ratione?
576 1612 627 1640 Per
642 1613 824 1647 paenitentiam
836 1622 868 1642 ac
882 1615 980 1643 bonum

186 1658 362 1694 propositum.

224 1705 252 1732 5.
264 1704 291 1731 Ν
293 1713 325 1731 οη
335 1708 370 1731 est
385 1709 513 1738 peccatum
521 1704 589 1739 quod
598 1704 748 1739 paenitentia:
756 1713 807 1732 non
816 1706 900 1734 cedat.
911 1706 981 1735 Deus

187 1747 240 1777 non
260 1750 350 1777 invitos
369 1750 458 1777 salvat.
474 1749 607 1782 Quomodo
624 1759 697 1777 orare
711 1751 844 1778 debeamus
859 1757 886 1779 ut
899 1761 980 1780 exau-

187 1798 301 1825 diamur.
316 1797 457 1824 Assidm'las
469 1802 589 1831 quantum
603 1797 704 1825 bonum.
717 1813 754 1817 —
766 1797 823 1825 Non
842 1803 883 1826 est
897 1799 979 1831 enim,

189 1850 244 1870 non
257 1846 298 1870 est.
309 1847 382 1870 certe
399 1846 545 1877 peccatum.
562 1842 634 1878 quod
654 1850 706 1870 non
719 1843 796 1871 cedat
807 1844 832 1871 vi
850 1845 981 1879 poeniten-

189 1888 250 1921 tiae;
265 1888 318 1915 imo
331 1888 418 1922 potius
430 1888 522 1923 gratia:
531 1887 640 1915 Christi.
656 1888 721 1916 Nam
736 1889 758 1916 si
772 1889 852 1917 modo
866 1897 981 1918 conver-

190 1938 286 1966 tamur,
302 1934 346 1961 ille
361 1933 438 1961 nobis
454 1933 531 1961 adest
546 1934 691 1969 opitulator
707 1943 714 1961 :
729 1942 761 1962 ac
774 1935 798 1963 si
812 1935 877 1963 velis
896 1936 982 1964 bonus

189 1986 260 2010 esse.
276 1986 354 2006 nemo
366 1979 491 2014 impedit;
508 1979 561 2007 imo
577 1980 664 2014 potius
684 1985 725 2008 est
738 1981 783 2016 qui
796 1981 926 2017 impedire
936 1990 982 2011 co-

189 2029 270 2053 netur
279 2025 410 2058 diabolus,
424 2033 511 2060 neque
523 2030 620 2060 potest,
635 2030 661 2053 te
673 2027 774 2061 optima
786 2027 911 2063 eligente,
926 2029 980 2056 sic-

190 2079 244 2106 que
259 2072 341 2099 Deum
350 2071 383 2099 ad
394 2072 569 2106 patrocinium
581 2071 740 2100 attrahente.
755 2073 801 2100 Sin
813 2078 840 2101 tu
851 2075 978 2109 nolueris,

191 2117 239 2145 sed
259 2117 396 2151 resilieris,
417 2117 551 2152 quomodo
572 2118 618 2145 tibi
644 2119 867 2152 patrocinabitur?
890 2121 981 2156 Neque

191 2165 265 2191 enim
279 2164 304 2191 vi
319 2169 363 2191 aut
376 2164 543 2197 necessitate,
559 2163 606 2191 sed
621 2164 747 2191 libentem
759 2169 785 2192 te
799 2165 854 2193 vult
868 2166 981 2194 salutem

191 2210 328 2245 consequi.
343 2209 409 2236 Nam
430 2209 453 2236 si
471 2214 496 2237 tu
510 2217 616 2237 servum
631 2209 744 2237 haberes
767 2215 793 2238 te
806 2211 868 2238 odio
883 2212 983 2239 haben-

192 2259 246 2283 tem
261 2259 288 2282 et
306 2259 482 2288 aversantem,
505 2262 630 2290 saepeque
651 2255 819 2283 recedentem
834 2263 865 2284 ac
880 2256 983 2292 fugien—

192 2306 258 2333 tem,
272 2301 359 2329 nolles
380 2306 454 2329 certe
473 2301 599 2335 retinere,
614 2301 665 2329 etsi
679 2301 737 2336 ejus
752 2302 900 2331 ministerio
914 2311 982 2338 opus

191 2347 305 2374 haberes
320 2356 327 2374 ε
342 2347 425 2374 multo
445 2347 529 2382 magis
548 2347 628 2378 Deus,
645 2347 688 2381 qui
704 2355 757 2374 non
779 2347 814 2374 ob
833 2355 908 2375 suam
929 2349 981 2376 ali-

191 2401 270 2428 quam
282 2393 479 2426 nccessitatem,
491 2393 537 2420 sed
551 2393 586 2420 ob
596 2393 707 2420 salutem
723 2398 793 2421 tuam
807 2395 894 2422 omnia
907 2395 980 2429 facit,

191 2440 274 2467 nollet
285 2444 311 2466 te
329 2439 354 2466 vi
376 2439 501 2480 retinere.
515 2438 580 2466 Cum
594 2445 686 2466 contra
701 2439 724 2466 si
738 2443 900 2467 voluntatem
922 2447 980 2469 tan-

191 2489 248 2512 tum
261 2484 398 2517 exhibeas,
412 2492 556 2519 numquam
571 2489 595 2512 te
606 2485 651 2512 ille
662 2484 777 2518 deseret,
789 2487 982 2520 quantumlibet

190 2529 313 2558 diabolus
324 2530 465 2558 adversum
478 2531 586 2558 nitatur.
603 2530 692 2565 Itaque
705 2538 753 2558 nos
764 2538 842 2559 causa
855 2533 982 2566 perniciei

191 2580 289 2603 nostrae
303 2584 404 2603 sumus.
419 2575 511 2611 Neque
529 2576 599 2603 enim
619 2575 652 2603 ad
672 2576 744 2603 illum
758 2577 918 2611 accedimus,
935 2587 982 2606 ne-

191 2630 244 2657 que
257 2622 391 2657 supplices
405 2622 520 2655 adimus,
536 2629 621 2656 neque
643 2629 766 2657 rogamus
783 2627 813 2651 ut
826 2631 875 2658 par
887 2630 958 2656 esset
973 2635 980 2653 :

192 2668 240 2696 sed
260 2668 364 2695 etiamsi
380 2667 548 2700 accedamus,
569 2667 621 2695 hoc
644 2667 679 2694 ita
702 2667 813 2696 facimus
832 2670 907 2704 quasi
927 2679 980 2698 non

192 2714 369 2751 impetraturi,
392 2721 441 2741 nec
460 2722 520 2741 cum
536 2713 588 2741 fide
611 2715 778 2748 congruenti,
801 2723 888 2750 neque
905 2718 981 2751 quasi

191 2761 350 2796 exigentes;
372 2759 419 2787 sed
438 2756 582 2788 oscitantes
607 2767 639 2787 ac
659 2764 794 2794 torpentes
815 2761 903 2789 omnia
916 2761 981 2790 faci-

193 2816 261 2837 mus.
277 2809 357 2843 Atqui
372 2808 443 2836 Dens
460 2808 516 2835 vult
529 2815 578 2836 nos
590 2809 665 2843 quasi
678 2808 814 2844 exigentes
829 2809 941 2844 precari,
954 2813 982 2837 et

191 2859 255 2881 tunc
270 2854 367 2888 gratias
380 2854 426 2882 tibi
442 2861 550 2889 magnas
561 2853 651 2882 habet.
666 2853 715 2882 llic
728 2855 826 2890 quippe
840 2855 913 2883 solus
930 2855 978 2883 de-

706 134 738 162 IN
758 111 964 163 hiATTHAEUM
983 135 1096 164 HOMlL.
1118 138 1200 167 XXII.
1221 141 1257 168 al.
1279 141 1372 170 XXIII.

1484 181 1493 189 .
1686 166 1689 170 λ
1774 145 1826 173 506

1039 195 1117 229 hitor,
1132 199 1239 233 quando
1251 200 1389 235 exigimus,
1410 201 1507 236 gratias
1518 201 1608 237 habet,
1621 208 1649 231 et
1660 211 1690 231 ca
1701 212 1760 239 quae
1773 213 1826 232 non

1038 248 1130 270 mutuo
1143 244 1264 272 dedimus
1279 246 1374 274 reddit.
1390 239 1425 274 Et
1439 247 1462 275 si
1479 248 1556 277 valde
1577 249 1719 278 instantem
1730 251 1826 278 viderit

1037 295 1098 315 eum
1111 290 1156 323 qui
1172 291 1264 326 exigit,
1280 292 1359 319 etiam
1372 300 1414 325 ea,
1437 301 1498 328 quae
1520 303 1571 322 non
1586 297 1690 330 accepit
1708 303 1723 322 a
1739 297 1825 329 nobis,

1039 334 1137 365 solvit;
1153 337 1174 362 si
1190 343 1253 362 vero
1274 337 1391 372 segnius,
1414 336 1459 366 ille
1477 338 1585 373 differt,
1602 347 1654 368 non
1677 341 1747 375 quod
1762 341 1826 369 dare

1038 380 1114 413 nolit,
1136 381 1183 408 sed
1206 382 1267 417 quia
1290 384 1404 412 libenter
1420 386 1493 413 videt
1506 394 1556 414 nos
1577 387 1611 414 ab
1629 388 1686 423 ipso
1707 389 1825 424 exigere.

1037 426 1151 461 Ideoque
1163 427 1207 454 tibi
1219 430 1368 464 exemplum
1384 432 1472 459 attulit
1486 433 1565 460 amici
1577 433 1648 461 illius
1660 439 1738 462 noctu
1750 443 1827 462 acce-

1037 472 1134 506 dentis,
1156 479 1183 501 ct
1206 482 1301 508 panem
1326 478 1449 511 petentis,
1473 486 1577 506 necnon
1598 479 1695 515 judicis
1714 481 1758 515 qui
1777 489 1826 509 nec

1039 517 1122 545 Deum
1139 520 1257 553 timebat,
1274 529 1324 549 nec
1346 522 1468 551 homines
1487 526 1667 553 reverebatur.
1688 526 1780 561 Neque
1798 527 1825 554 in

1036 566 1166 599 exemplis
1181 566 1308 600 substitit,
1321 569 1367 596 sed
1381 570 1407 597 id
1422 570 1479 604 ipse
1492 578 1598 606 quoque
1610 573 1735 606 operibus
1748 572 1825 600 exhi-

1036 609 1103 644 buit,
1119 613 1225 647 quando
1239 615 1403 644 Phtenissam
1418 617 1490 645 illam
1511 619 1650 646 mulierem
1666 627 1762 654 magno
1775 619 1826 646 ho-

1036 662 1156 685 noratam
1170 659 1240 686 dono
1252 661 1362 688 remisit.
1378 663 1405 689 In
1421 662 1471 691 hac
1481 671 1546 691 vero
1567 665 1692 698 ostendit,
1706 673 1735 693 se
1745 665 1824 693 etiam

1036 704 1092 738 illa,
1107 713 1165 739 qua:
1181 713 1233 733 non
1246 714 1392 742 congruere
1405 709 1537 741 videntur,
1561 711 1692 738 instanter
1712 711 1825 745 petenti-

1035 750 1086 778 bus
1099 751 1197 787 largiri.
1212 753 1273 780 Non
1288 759 1332 786 est,
1349 755 1452 790 inquit,
1476 757 1569 784 bonum
1589 757 1677 784 tollere
1690 766 1780 792 panem
1793 759 1825 792 ﬁ-

1035 797 1137 830 liorum,
1153 803 1175 825 et
1189 800 1311 834 projicere
1323 801 1426 828 canibus
1448 801 1553 837 (Matth.
1571 803 1613 830 15.
1629 803 1685 838 26).
1700 804 1824 831 Attamen

1035 842 1108 870 dedit
1121 844 1181 878 quia
1199 845 1241 872 illa
1262 845 1434 874 vehementer
1453 849 1569 882 petebat.
1588 849 1638 876 Per
1657 849 1763 877 Judaeos
1774 857 1824 877 au-

1035 893 1089 916 tem
1108 889 1281 925 significavit,
1305 899 1334 919 se
1348 892 1488 920 desidiosis
1509 902 1543 921 ne
1562 894 1605 921 illa
1619 895 1725 929 quidem
1747 895 1822 929 dare,

1034 942 1094 970 qua:
1113 937 1146 963 ad
1167 937 1238 971 ipsos
1256 939 1432 972 pertinebant.
1456 939 1547 974 itaque
1571 941 1608 967 illi
1626 932 1697 968 'niltil
1712 949 1824 976 accepe-

1034 985 1105 1013 runt,
1121 982 1168 1009 sed
1186 983 1265 1010 etiam
1279 991 1326 1011 sua
1341 985 1521 1019 perdiderunt.
1542 987 1575 1013 Et
1595 987 1619 1013 hi
1633 987 1751 1022 quidem,
1762 988 1823 1022 quia

1035 1034 1087 1054 non
1110 1028 1242 1062 petierunt
1257 1029 1278 1062 ¹,
1301 1038 1334 1057 ne
1347 1037 1393 1057 sua
1413 1031 1519 1065 quidem
1538 1040 1686 1067 accepere:
1704 1034 1745 1061 illa
1760 1041 1824 1061 vero

1034 1073 1095 1107 quia
1111 1074 1283 1102 vehementer
1296 1076 1400 1109 institit,
1413 1077 1498 1104 aliena
1511 1079 1596 1112 potuit
1611 1079 1661 1106 sibi
1677 1079 1822 1112 vindicare,

1033 1123 1060 1145 et
1073 1127 1133 1154 qua:
1148 1120 1261 1151 filiorum
1272 1128 1347 1150 erant
1356 1123 1466 1150 catellus
1474 1125 1584 1158 accepit.
1596 1124 1709 1152 Tantum
1724 1125 1822 1152 bonum

1034 1169 1075 1192 est
1087 1166 1237 1194 assiduitas.
1255 1167 1312 1196 Etsi
1331 1169 1402 1195 enim
1415 1170 1488 1196 canis
1507 1169 1600 1203 fueris,
1625 1170 1647 1197 si
1672 1170 1824 1207 frequenter

1032 1211 1126 1245 instes,
1148 1212 1203 1239 ﬁlio
1218 1213 1302 1241 desidi
1324 1216 1494 1249 anteponeris
1509 1225 1516 1243 :
1532 1224 1591 1251 qua).
1606 1217 1677 1244 enim
1693 1225 1745 1245 non
1761 1225 1823 1252 pcr-

1034 1256 1096 1284 fecit
1121 1258 1247 1292 amicitia,
1273 1259 1298 1286 id
1322 1261 1433 1294 perfecit
1458 1262 1599 1289 assiduitas
1624 1263 1760 1297 precandi.
1785 1263 1824 1290 Ne

1034 1303 1106 1330 dicas
1124 1303 1212 1338 igitur,
1238 1303 1362 1333 Inimicus
1382 1306 1446 1333 mihi
1469 1312 1510 1334 est
1522 1307 1602 1341 Deus,
1628 1300 1677 1335 nec
1700 1309 1824 1336 exaudiet

1034 1357 1086 1377 me.
1104 1350 1163 1378 Cito
1182 1351 1228 1378 tibi
1244 1352 1424 1387 reSpondebit,
1446 1353 1467 1380 si
1483 1353 1634 1389 frequenter
1651 1355 1724 1382 illum
1741 1355 1824 1383 inter-

1034 1388 1117 1430 pelles
1138 1400 1165 1424 et
1180 1405 1291 1432 urgeas;
1308 1402 1334 1425 et
1349 1399 1371 1425 si
1390 1406 1443 1426 non
1464 1399 1497 1426 ob
1519 1388 1672 1433 amicitiam,
1697 1406 1770 1429 certe
1789 1402 1824 1429 ob

1033 1443 1215 1471 assiduitatem
1231 1453 1238 1471 :
1253 1453 1285 1472 ae
1299 1453 1384 1480 neque
1395 1445 1543 1480 inimicitia,
1560 1454 1647 1481 neque
1664 1447 1823 1482 importuni—

1033 1494 1084 1523 tas,
1099 1498 1186 1525 neque
1196 1491 1265 1518 aliud
1279 1492 1413 1526 quidpiam
1435 1493 1624 1528 impedimento
1637 1501 1698 1521 esse
1715 1493 1821 1528 poterit.

1032 1535 1072 1563 Ne
1085 1536 1170 1569 dicas,
1189 1537 1246 1564 Non
1269 1545 1327 1564 sum
1344 1538 1455 1573 dignus,
1479 1539 1539 1567 ideo
1558 1547 1610 1566 non
1630 1547 1724 1574 precor
1739 1548 1746 1569 :
1762 1547 1823 1567 nam

1034 1581 1093 1609 talis
1107 1587 1165 1610 erat
1176 1583 1389 1618 Syrophueuissa.
1410 1584 1450 1619 Ne
1463 1585 1546 1618 dicas,
1561 1585 1672 1613 Multum
1694 1586 1822 1621 peccavi,

1033 1636 1083 1655 nec
1099 1636 1205 1663 possum
1227 1631 1322 1657 iratum
1344 1638 1439 1666 rogare
1465 1641 1471 1658 :
1495 1639 1547 1658 non
1576 1632 1646 1660 enim
1668 1632 1822 1667 dignitatem

1034 1675 1104 1702 Deus
1122 1680 1233 1710 spectat,
1251 1677 1298 1704 sed
1316 1677 1489 1705 voluntatem.
1505 1678 1570 1705 Nam
1586 1679 1608 1706 si
1628 1679 1773 1714 principem
1792 1680 1824 1706 il-

1033 1721 1087 1748 lum
1099 1722 1144 1756 qui
1159 1730 1208 1750 nec
1221 1723 1304 1750 Deum
1317 1723 1435 1757 timebat,
1447 1731 1497 1751 nec
1508 1725 1628 1752 homines
1642 1725 1823 1758 reverebatur.

1033 1767 1110 1794 vidua
1122 1767 1223 1795 inﬂexit
1233 1777 1239 1795 :
1249 1769 1331 1796 multo
1339 1769 1421 1804 magis
1429 1769 1528 1797 bonum
1536 1770 1585 1797 sibi
1595 1770 1710 1798 attrahet
1718 1771 1822 1799 assidua

1033 1815 1200 1850 supplicatio.
1212 1815 1250 1842 Ita
1266 1821 1295 1842 ut
1304 1815 1408 1843 etiamsi
1417 1823 1469 1842 non
1485 1816 1588 1843 amicus
1596 1817 1643 1850 sis,
1655 1818 1758 1844 etiamsi
1771 1825 1823 1845 non

1033 1861 1122 1888 debita
1132 1861 1232 1896 exigas,
1244 1855 1346 1889 etiamsi
1355 1865 1463 1896 paterna
1475 1862 1543 1889 bona
1553 1862 1743 1896 absumpseris,
1756 1863 1824 1890 mul-

1034 1911 1114 1942 toque
1128 1912 1247 1942 tempore
1270 1908 1368 1935 absens
1391 1908 1482 1940 fueris,
1508 1908 1611 1935 etiamsi
1629 1908 1745 1943 degener
1767 1916 1824 1936 om-

1033 1954 1159 1988 niumque
1170 1958 1338 1989 postremus,
1355 1954 1459 1982 etiamsi
1477 1955 1575 1982 iratum
1589 1955 1823 1991 indignantemque

1033 1999 1176 2026 convenias
1189 2007 1196 2032 ;
1213 1999 1238 2026 in
1254 2000 1372 2026 animum
1391 1999 1500 2028 inducas
1514 2005 1613 2028 tantum
1628 2002 1730 2036 precari
1744 2007 1822 2037 atque

1033 2045 1066 2072 ad
1081 2045 1155 2072 illum
1168 2045 1266 2078 redire,
1285 2049 1313 2073 et
1325 2046 1413 2073 omnia
1433 2047 1559 2081 accipies.
1573 2052 1653 2082 atque
1667 2049 1732 2075 iram
1747 2048 1824 2076 dam-

1033 2091 1220 2126 nationemqtte
1232 2092 1320 2118 statim
1333 2092 1494 2127 exstingues.
1503 2093 1582 2128 Atqui
1594 2101 1697 2128 precor,
1707 2094 1821 2129 inquies,

1034 2141 1061 2164 et
1075 2137 1141 2164 nihil
1155 2137 1273 2171 proficio.
1290 2137 1342 2164 Sed
1364 2145 1417 2164 non
1440 2138 1557 2172 precaris
1576 2143 1605 2165 ut
1629 2139 1680 2172 illi,
1701 2144 1729 2166 ut
1742 2140 1823 2174 Syro-

1034 2182 1179 2217 phmnissa,
1195 2183 1265 2216 dico,
1283 2187 1309 2209 ut
1321 2184 1421 2210 amicus
1441 2184 1597 2219 intempesta
1610 2190 1687 2213 nocte
1701 2186 1821 2219 veniens,

1034 2234 1060 2256 ut
1077 2229 1154 2256 vidua
1173 2237 1232 2264 qua:
1252 2229 1404 2264 frequenter
1421 2230 1537 2264 iudicem
1561 2232 1681 2267 urgebat,
1704 2239 1732 2259 ut
1753 2233 1822 2261 filius

1033 2275 1077 2310 qui
1094 2280 1203 2310 paterna
1216 2275 1283 2302 bona
1292 2276 1487 2311 absumpserat.
1499 2277 1565 2304 Nam
1573 2278 1594 2304 si
1607 2278 1644 2305 sic
1657 2285 1758 2310 orares,
1770 2280 1823 2306 cito

1034 2321 1200 2356 impetrares.
1216 2321 1320 2349 Etenim
1340 2323 1443 2349 etiamsi
1457 2323 1617 2350 contumelia
1638 2323 1748 2351 affectus
1763 2324 1798 2351 sit
1814 2333 1821 2356 ς

1033 2370 1060 2393 at
1073 2371 1147 2401 pater
1164 2371 1224 2394 est:
1240 2367 1343 2394 etiamsi
1364 2367 1447 2395 iratus
1463 2374 1514 2402 est,
1537 2372 1565 2395 at
1589 2369 1657 2396 ﬁlios
1676 2375 1747 2396 amat
1760 2380 1766 2397 :
1780 2375 1822 2397 at-

1033 2420 1085 2448 que
1107 2421 1188 2440 unum
1204 2418 1305 2440 tantum
1321 2415 1430 2449 qumrit,
1453 2422 1505 2442 non
1524 2415 1557 2442 de
1577 2416 1745 2444 contumeliis
1765 2424 1821 2450 pm-

1033 2466 1082 2485 nas
1090 2459 1206 2493 exigere,
1220 2460 1267 2486 sed
1277 2463 1302 2486 te
1310 2467 1467 2487 conversum
1483 2465 1509 2487 et
1521 2461 1711 2496 supplicantem
1721 2462 1821 2489 videre.

1069 2504 1095 2531 6.
1115 2504 1230 2531 Charitas
1246 2504 1293 2531 Dei
1314 2514 1372 2541 erga
1387 2514 1443 2533 nos.
1464 2505 1503 2533 Ad
1519 2507 1602 2541 ipsum
1613 2507 1757 2534 accedentes
1772 2509 1822 2534 im-

1034 2550 1136 2584 portuni
1149 2558 1285 2584 numquam
1294 2556 1361 2577 sunt.
1377 2565 1413 2570 —-
1424 2551 1528 2578 Utinam
1544 2559 1592 2579 nos
1607 2552 1642 2579 ita
1656 2553 1821 2586 arderemus,

1034 2600 1063 2623 ut
1075 2597 1176 2624 viscera
1189 2597 1233 2624 illa
1247 2597 1279 2624 ad
1293 2597 1461 2625 dilectionem
1475 2606 1537 2633 erga
1553 2606 1602 2626 nos
1615 2599 1821 2627 inflammantur.

1033 2641 1085 2669 Sed
1096 2642 1163 2676 ignis
1173 2641 1217 2669 ille
1229 2643 1395 2669 occasionem
1406 2643 1492 2670 solum
1504 2644 1629 2678 requirit:
1640 2649 1667 2672 et
1679 2645 1700 2671 si
1713 2653 1821 2680 parvam

1034 2688 1070 2715 illi
1084 2688 1224 2715 scintillam
1241 2688 1359 2723 prmbeas
1369 2709 1377 2721 ,
1392 2689 1524 2724 ingentem
1545 2689 1734 2718 beneficiorum
1748 2690 1823 2718 flam-

1033 2742 1105 2762 mam
1118 2735 1250 2762 accendis.
1266 2734 1357 2769 Neque
1370 2735 1441 2762 enim
1457 2736 1527 2771 quod
1540 2737 1700 2764 contumelia
1713 2737 1822 2765 aﬂ'ectus

1033 2781 1078 2811 sit.
1096 2780 1247 2815 indignatur
1259 2800 1266 2812 ,
1281 2779 1327 2807 sed
1341 2781 1403 2815 quia
1424 2785 1451 2808 tu
1465 2782 1672 2810 contumeliosus
1694 2789 1722 2810 es
1735 2803 1743 2816 ,
1755 2787 1782 2810 et
1795 2788 1822 2810 ut

1068 2861 1075 2875 ι
1092 2858 1172 2889 savil.,
1183 2858 1239 2890 quia
1249 2858 1394 2891 negligenter
1405 2859 1530 2891 petierunt.
