2067 3132
249 129 302 159 ΞΟἸ

244 188 339 216 ebrius
351 187 424 215 furis.
436 186 463 214 Si
474 187 543 214 enim
554 193 602 213 nos
615 187 676 213 mali
687 194 748 213 cum
760 186 854 219 simus,
867 185 887 212 si
898 189 1039 212 contume-

259 233 310 261 iosi
323 233 376 261 sint
390 233 446 263 lilii,
461 240 508 267 pro
521 232 573 259 illis
588 231 711 259 dolemus
727 240 733 258 ε
748 235 847 266 quanto
860 230 943 265 magis
958 229 1037 262 Deus,

249 280 295 315 qui
312 279 405 313 injuria
420 279 488 305 allici
501 279 601 313 nequit,
617 285 664 313 pro
682 278 766 312 teipso
783 276 977 304 contumelioso
997 276 1040 303 in-

249 326 394 361 dignatur!
410 325 436 352 Si
453 333 511 358 nos,
527 325 570 359 qui
586 329 677 352 natura
693 324 826 359 diligimus
840 332 846 349 :
860 324 941 350 multo
956 323 1039 357 magis

250 372 304 405 ille,
321 372 362 407 qui
381 371 448 398 ultra
464 376 583 398 naturam
599 370 693 405 diligit.
707 370 784 402 Nam,
800 369 855 396 Etsi
869 369 1036 400 obliviscatur,

245 418 343 452 inquit,
361 418 450 444 mulier
472 418 597 452 infantum
620 417 683 443 uteri
702 417 750 448 sui,
766 416 809 442 sed
823 424 868 451 ego
886 424 936 442 non
949 415 1038 441 oblivi-

248 472 305 490 scar
316 464 362 495 tui,
379 464 439 490 dicit
450 464 572 490 Dominus
589 463 662 498 (Isai.
680 463 723 490 49.
741 462 796 497 15).
807 462 972 489 Accedamns
988 462 1037 496 igi-

250 514 292 536 tur
303 509 335 536 ad
350 518 411 536 eum
425 514 450 536 et
463 510 581 536 dicamus
595 518 600 535 :
617 508 701 535 Etiam
714 529 721 541 ,
734 507 861 539 Domine;
877 516 936 533 nam
951 512 974 534 et
996 515 1038 533 ca-

249 556 302 583 telli
319 556 394 582 edttnt
407 555 437 581 de
451 556 536 587 micis,
553 563 608 589 quo:
622 555 713 581 cadunt
727 555 757 581 de
773 562 858 581 mensa
880 554 1038 580 dominorum

247 611 350 630 suorum
365 602 467 637 (Matth.
481 602 524 629 15.
538 601 595 637 ‘27).
610 601 775 628 Accedamus
789 601 876 635 itaque
890 603 1038 634 opportune

247 655 275 677 et
286 650 454 684 importune;
468 649 520 675 imo
528 656 591 675 vero
605 655 746 682 numquam
757 654 896 682 possumus
911 647 1038 680 importu-

248 703 283 723 ne
308 695 434 722 accedere
451 703 457 720 :
474 696 652 729 importunum
671 694 768 728 quippe
792 698 832 720 est
856 700 907 719 non
932 692 1037 719 assidue

246 742 330 770 adire.
351 741 416 769 Nam
438 749 498 768 eum
512 762 518 772 ,
532 741 576 775 qui
593 741 656 767 dare
677 741 774 775 gestit,
793 744 971 773 opportunum
996 743 1038 765 est

246 796 353 823 semper
364 796 466 823 rogare.
484 787 711 821 Quemadmodum
727 786 797 812 enim
811 786 942 819 respirare
958 792 1035 811 num-

245 842 327 870 quam
344 834 523 869 importttnum
539 838 597 866 est,
613 833 650 860 sic
666 838 692 859 et
707 836 796 867 petere
812 839 953 865 numqumi
967 852 973 862 ,
989 831 1036 858 sed

247 890 299 909 non
313 886 402 916 petere
417 886 456 908 est
475 885 665 915 importunum.
689 879 794 906 Etenim
810 878 877 904 sicut
889 879 937 904 hac
950 877 1035 911 respi-

246 929 348 956 ratione
362 935 428 962 opus
440 927 566 954 habemus
577 948 584 959 ,
599 928 636 953 sic
647 930 673 953 et
684 926 741 959 ejus
755 925 852 951 auxilio
867 932 874 951 :
891 932 921 951 ac
937 924 958 950 si
971 924 1036 950 veli-

244 980 315 1006 mus,
331 974 405 1001 facile
422 974 506 1007 ipsum
520 972 551 999 ad
563 979 611 998 nos
620 971 793 998 attrahemus.
809 970 839 996 Et
851 969 901 996 hoc
916 969 1035 996 indicans

245 1021 385 1056 propheta,
400 1020 589 1053 declaransquc
606 1019 687 1045 Deum
702 1017 734 1043 ad
746 1016 874 1044 beneﬁcia
887 1015 1035 1049 prarstanda

245 1074 353 1101 semper
366 1071 497 1100 paratum,
515 1065 617 1091 dicebat
636 1073 641 1090 ς
659 1062 729 1090 Sicut
752 1063 892 1089 diluculum
918 1066 1034 1096 paratum

244 1112 397 1138 inveniemus
416 1119 473 1138 eum
500 1110 576 1144 (Osee
591 1110 617 1137 6.
637 1110 676 1143 5).
698 1109 806 1142 Quoties
825 1109 894 1135 enim
918 1107 950 1134 ad
973 1115 1033 1134 eum

244 1157 435 1184 accesserimus
445 1177 451 1187 ,
470 1160 559 1182 nostra
574 1159 769 1189 ex5pectantcm
785 1153 943 1180 videbimus.
958 1152 1034 1186 Quod

243 1203 266 1230 si
282 1203 386 1229 nihilex
397 1202 454 1236 ejus
466 1202 562 1228 virtute
573 1209 620 1228 ceu
632 1201 690 1227 fons
699 1200 860 1227 scaturientc
869 1199 1032 1231 hauriamus,

245 1254 333 1276 nostra
347 1250 423 1283 culpa
439 1253 479 1275 est
493 1248 610 1274 omnino.
627 1248 683 1274 lloc
697 1248 767 1274 enim
784 1246 890 1273 Iudaeos
909 1246 1034 1274 incusans

243 1293 348 1321 dicebat
363 1302 368 1320 ε
384 1294 560 1320 Misericordia
580 1298 664 1319 autem
686 1301 741 1318 mea
759 1297 785 1318 ut
809 1291 885 1318 nubes
899 1291 1032 1324 matutina,

242 1343 266 1366 et
278 1339 341 1366 sicut
353 1347 395 1365 ros
404 1347 476 1364 mane
490 1338 655 1372 pertransicns
673 1337 751 1372 (Ibid.
768 1345 791 1363 υ.
806 1337 843 1370 4).
858 1335 932 1369 Quod
943 1341 1031 1363 autem

603 128 633 157 S.
652 127 790 156 JOANNIS
807 125 1044 155 CHRYSOSTOMI
1063 125 1222 155 ARCIIIEP.
1242 125 1509 156 CONSTANTINOP.

1833 127 1886 155 508

1094 184 1173 217 dicit,
1190 185 1341 221 hujusmodi
1361 192 1403 214 est
1417 195 1423 213 :
1437 187 1492 221 Ego
1515 186 1622 221 quidem
1648 194 1706 221 qua:
1729 194 1788 214 mea
1810 192 1887 214 erant

1093 232 1181 258 omnia
1196 232 1306 266 prmstiti
1318 241 1325 265 ;
1342 240 1389 260 vos
1403 240 1466 260 vero
1478 253 1485 265 ,
1499 232 1723 268 quemadmodum
1736 233 1776 260 sol
1789 233 1887 261 ardens

1093 281 1284 315 superveniens
1298 285 1324 308 et
1338 281 1435 308 nubem
1451 286 1478 308 et
1492 288 1580 308 rorem
1596 280 1705 315 dissipat
1719 285 1746 307 et
1758 280 1885 313 occultat,

1094 326 1132 353 sic
1147 326 1181 353 ob
1194 326 1303 353 nmltam
1318 327 1461 362 nequitiam
1475 326 1635 354 ineﬁ'abilem
1659 326 1803 361 reprimitis
1819 326 1886 353 libe-

1093 372 1233 399 ralitatem.
1250 373 1276 400 Id
1290 373 1359 408 quod
1380 378 1466 400 tamen
1485 372 1656 408 providentia:
1668 377 1719 399 est.
1743 371 1808 399 Nam
1823 379 1885 398 cum

1093 419 1215 455 indignos
1228 420 1299 447 videt
1312 427 1359 446 nos
1371 420 1415 455 qui
1432 420 1507 447 bonis
1523 419 1680 451 afﬁciamur,
1695 419 1823 446 beneﬁcia
1839 427 1886 446 re-

1093 465 1170 497 tinet,
1187 473 1219 491 ne
1247 473 1296 492 nos
1320 466 1425 492 desides
1444 465 1551 492 efﬁciat.
1567 465 1596 493 Si
1618 470 1705 491 autem
1726 465 1767 491 vel
1791 472 1884 498 parum

1092 516 1288 545 convertamur,
1304 517 1404 539 tantum
1430 512 1552 538 videlicet
1573 516 1700 546 quantum
1723 517 1789 545 opus
1802 514 1842 537 est
1855 515 1885 536 ut

1092 564 1282 591 cognoscamus
1294 566 1341 584 nos
1353 565 1485 592 peccasse,
1499 557 1556 592 plus
1569 564 1647 592 quam
1663 556 1748 583 fontes
1761 556 1882 588 scaturit,

1093 602 1152 636 plus
1164 610 1242 637 quam
1254 603 1362 637 pelagus
1377 602 1473 629 difﬂuit
1488 611 1494 628 :
1511 607 1537 629 ct
1550 606 1648 634 quanto
1662 602 1761 635 majora
1771 608 1882 634 accepe—

1092 647 1139 680 ris,
1156 652 1228 675 tanto
1243 648 1326 683 magis
1346 648 1443 682 gaudet
1458 657 1464 674 :
1482 648 1595 682 hincque
1610 647 1643 674 ad
1659 647 1732 681 plura
1751 646 1837 673 danda
1853 653 1883 673 se

1092 698 1239 728 comparat.
1251 694 1317 720 Nam
1335 694 1442 721 divitias
1460 702 1521 720 suas
1542 698 1658 720 nostram
1672 697 1745 728 putat
1764 700 1823 720 esse
1837 700 1881 719 sa-

1092 741 1184 771 lutem,
1208 745 1234 767 et
1255 741 1338 774 ipsam
1361 740 1439 767 dandi
1455 741 1604 774 petentibus
1626 740 1772 774 largitatem
1790 748 1796 765 :
1811 739 1882 774 quod

1091 786 1171 812 etiam
1187 785 1285 813 Paulus
1300 786 1338 813 sic
1348 786 1499 812 declarabat
1515 794 1520 811 :
1538 784 1614 811 Dives
1626 788 1755 815 inomnes,
1770 789 1793 811 et
1806 792 1882 818 super

1091 839 1177 857 omnes
1190 831 1232 865 qui
1246 832 1362 857 invocant
1383 832 1454 857 illum
1481 831 1567 866 (Rom.
1583 830 1626 858 IO.
1645 829 1698 864 12).
1722 830 1787 857 Cum
1809 830 1881 860 enim

1091 885 1143 903 non
1159 877 1284 912 petimus,
1299 882 1361 904 tunc
1376 877 1514 908 irascitur;
1530 883 1589 903 cum
1605 884 1657 902 non
1682 876 1805 910 petimus,
1819 880 1882 902 tunc

1091 928 1238 949 a-'ersatur.
1255 922 1317 949 Ideo
1330 930 1429 957 pauper
1448 922 1507 954 fuit,
1524 927 1551 949 ut
1567 931 1615 949 nos
1630 923 1728 949 divites
1742 929 1880 954 essemus;

1091 969 1150 995 ideo
1166 969 1208 995 illa
1222 969 1310 995 omnia
1327 969 1444 1003 pertulit,
1461 974 1488 995 ut
1501 977 1549 995 nos
1564 968 1596 995 ad
1610 968 1750 1003 petendum
1762 972 1878 995 vocaret.

1090 1013 1128 1040 Ne
1144 1014 1231 1048 itaque
1246 1014 1436 1048 desperemus:
1449 1014 1495 1041 sed
1517 1014 1564 1040 has
1577 1013 1731 1041 occasiones
1745 1018 1771 1040 et
1783 1013 1880 1040 bonam

1090 1067 1164 1093 spem
1184 1059 1310 1086 habentes
1322 1081 1329 1093 ,
1342 1060 1444 1086 etiamsi
1462 1067 1507 1093 per
1522 1060 1640 1094 singulos
1652 1059 1709 1086 dies
1723 1065 1879 1094 peccamus,

1090 1104 1248 1131 accedamus
1263 1110 1397 1139 rogantes,
1412 1106 1593 1137 obsecrantes,
1605 1108 1771 1139 peccatorum
1783 1103 1880 1131 remis-

1090 1151 1192 1179 sionem
1209 1156 1337 1185 petentes.
1352 1152 1396 1179 Sic
1409 1152 1479 1178 enim
1494 1156 1519 1178 et
1529 1151 1562 1178 ad
1575 1150 1736 1186 peccandum
1749 1150 1879 1177 tardiores

1090 1197 1250 1230 efﬁciemur,
1267 1203 1293 1225 et
1308 1198 1444 1225 diabolum
1469 1197 1650 1232 depellemus,
1671 1205 1701 1224 ac
1716 1196 1761 1224 Dei
1777 1197 1880 1223 miseri-

1090 1243 1206 1269 cordiam
1223 1243 1434 1278 provocabimus,
1447 1243 1586 1277 futuraque
1595 1249 1787 1277 consequemur
1798 1242 1877 1274 bona,

1089 1289 1172 1323 gratia
1186 1294 1212 1316 et
1226 1290 1387 1324 benignitate
1405 1289 1509 1316 Domini
1523 1289 1605 1316 nestri
1625 1288 1688 1315 Jesu
1703 1287 1818 1320 Christi,
1835 1287 1878 1314 cui

1088 1336 1174 1369 gloria
1190 1341 1216 1363 et
1232 1337 1409 1372 imperiumin
1424 1337 1520 1364 saecula
1536 1336 1704 1364 saeculorum.
1719 1337 1813 1363 Amen.

796 1437 970 1468 HOMILIA
991 1435 1112 1467 XXIII.
1133 1436 1177 1467 al.
1200 1437 1319 1468 XXIV.

313 1499 378 1529 CAP.
397 1501 425 1529 ’1.
444 1508 470 1528 v.
486 1501 511 1528 Ι.
527 1499 614 1527 Nolite
620 1499 747 1535 judicare,
762 1507 793 1526 ne
804 1498 959 1533 iudicemini.

277 1548 304 1575 I.
315 1547 401 1580 Illius,
412 1546 500 1574 Nolite
512 1545 641 1581 judicare,
652 1545 845 1579 explanatio.-—-
854 1543 921 1577 Quid
935 1542 1034 1578 igitur?

241 1601 295 1620 non
312 1596 419 1628 oportet
436 1596 577 1627 peccantes
587 1591 733 1618 accusare?
743 1589 809 1617 Nam
822 1594 850 1617 et
861 1589 959 1617 Paulus
982 1588 1034 1616 hoc

243 1640 329 1673 ipsum
346 1638 429 1670 dicit;
442 1639 496 1665 imo
512 1643 539 1666 et
550 1637 672 1665 Christus
687 1644 733 1672 per
745 1636 866 1668 Paulum,
877 1636 918 1664 bis
927 1635 1032 1663 verbis:

241 1685 291 1715 Tu,
297 1685 358 1720 quid
363 1685 464 1720 judicas
472 1687 576 1721 fratrem
587 1689 655 1711 tuum
664 1684 676 1711 .9
684 1688 707 1711 et
716 1684 815 1719 tu,quid
823 1683 919 1719 spernis
929 1683 1034 1717 fratrem

240 1736 314 1758 tuum
330 1730 417 1766 (Rom.
439 1730 483 1757 N.
498 1730 563 1763 10)?
577 1729 619 1762 Et,
636 1729 657 1756 Τ
659 1738 685 1762 u,
696 1729 751 1764 quis
758 1737 795 1762 es,
808 1729 851 1764 qui
860 1729 962 1763 judicas
970 1729 1034 1756 alie-

240 1785 305 1804 num
319 1784 415 1803 servum
430 1775 510 1812 (Ibid.
522 1783 545 1802 υ.
560 1775 652 1811 4)ῩΕι
664 1775 759 1802 iterum
771 1783 778 1801 :
796 1774 884 1802 Nolite
896 1779 955 1802 ante
973 1779 1034 1802 tem-

240 1829 290 1858 pus
306 1822 434 1857 judicare,
454 1821 618 1856 quoadusque
633 1821 715 1848 veniat
733 1821 857 1848 Dominus
879 1821 918 1856 μ.
931 1820 990 1847 Cor.
1005 1820 1033 1848 4.

241 1868 281 1901 5).
298 1861 351 1895 Cur
363 1871 452 1895 autem
469 1867 530 1894 alibi
544 1866 609 1901 dicit
621 1876 627 1892 :
638 1867 731 1902 Argue,
744 1866 855 1899 obsecra,
866 1866 969 1901 increpa
985 1865 1032 1902 (2.

241 1913 309 1941 Tim.
320 1914 347 1941 4.
359 1913 406 1949 2)?
419 1917 446 1940 et
456 1913 527 1945 alibi,
542 1912 678 1939 Peccantes
691 1920 775 1940 coram
786 1912 900 1939 omnibus
910 1912 1032 1947 argue“.

243 1959 309 1986 Tim.
323 1957 351 1987 5.
367 1959 414 1994 20)
425 1959 437 1985 ‘l
449 1963 476 1985 et
489 1958 613 1986 Christus
625 1958 706 1986 Petro
723 1967 729 1985 :
748 1957 835 1991 Vade,
850 1958 949 1993 corripe
961 1958 1035 1985 illum

241 2006 306 2032 inter
319 2010 342 2032 te
355 2010 378 2032 et
395 1999 478 2040 ipsum
492 2005 573 2032 solum
589 2013 599 2032 :
610 2005 633 2031 si
655 2013 706 2032 non
722 2005 840 2037 audierit,
861 2005 941 2032 alium
954 2010 1034 2032 tecum

240 2050 362 2086 adjunge;
370 2052 391 2077 si
401 2058 458 2077 vero
467 2059 544 2086 neque
549 2049 584 2077 sic
591 2050 824 2082 ccsserit,Echesice
832 2051 920 2078 nuntia
927 2051 936 2087 (
941 2051 1032 2078 Matth.

242 2096 285 2123 IS.
294 2095 403 2131 15-17)?
411 2100 439 2123 et
447 2100 499 2122 tam
509 2096 605 2123 multos
613 2096 750 2123 constituit
757 2097 987 2131 increpantes,nec
995 2105 1035 2125 so-

241 2142 298 2170 lum
314 2142 490 2176 increpantes,
507 2141 553 2169 sed
567 2142 645 2169 etiam
660 2142 819 2176 punientes?
833 2142 900 2169 Nam
915 2150 975 2170 eum
989 2143 1035 2178 qui

245 2188 347 2216 nullum
364 2188 459 2215 borum
474 2187 601 2221 audisset,
612 2188 691 2223 jussit
705 2188 796 2216 haberi
810 2190 886 2224 quasi
899 2189 1035 2217 ethnicum

241 2239 269 2262 et
290 2234 469 2269 publicanum.
495 2234 550 2261 Cur
576 2239 663 2262 autem
687 2235 738 2262 illis
761 2235 850 2263 claves
864 2234 1035 2264 dedit?Nam

242 2281 264 2308 si
281 2279 425 2315 judicaturi
438 2287 490 2307 non
498 2284 569 2314 sunt,
579 2281 677 2308 nullam
691 2280 827 2308 habebunt
837 2283 1033 2316 auctoritatem,

244 2330 272 2353 et.
292 2326 390 2353 frustra
412 2325 510 2360 ligandi
534 2331 614 2360 atque
624 2326 746 2353 solvendi
757 2327 942 2355 auctoritatem
956 2335 1033 2355 acce-

243 2376 351 2406 perunt.
373 2371 407 2398 Et
426 2371 541 2406 alioquin
552 2392 560 2405 ,
578 2372 600 2399 si
616 2372 667 2399 hoc
681 2372 809 2405 obtineat,
825 2373 914 2400 omnia
928 2380 1035 2408 pessum

243 2419 330 2452 ibunt,
341 2423 369 2445 et
380 2418 405 2445 in
422 2418 553 2451 ecclesiis,
569 2424 596 2445 et
609 2418 636 2445 in
648 2419 809 2452 civitatibus,
821 2424 849 2446 et
859 2419 885 2446 in
899 2419 1034 2447 domibus.

243 2464 310 2491 Nam
336 2465 459 2492 dominus
481 2472 587 2492 servum
610 2469 638 2492 et
659 2465 765 2492 domina
790 2466 912 2494 ancillam
927 2488 935 2499 ,
960 2471 1036 2501 pater

244 2509 339 2543 ﬁlium,
353 2510 454 2537 amicus
468 2503 582 2537 amicum
596 2510 646 2549 nisi
656 2510 845 2545 judicaverint,
858 2512 974 2547 nequitia
988 2520 1036 2539 att-

243 2555 356 2590 gebitur.
368 2555 404 2582 Et
425 2556 487 2590 quid
509 2556 579 2589 dico,
594 2556 696 2583 amicus
718 2556 990 2585 amicunt?lnimicos
1013 2557 1036 2584 si

243 2611 296 2630 non
310 2602 470 2637 judicemus,
487 2610 629 2638 numquam
646 2603 792 2638 poterimus
811 2604 963 2631 inimicitias
979 2603 1036 2631 sol-

244 2656 317 2680 vere,
333 2647 381 2675 sed
394 2655 439 2675 sus
459 2648 545 2683 deque
563 2649 653 2676 omnia
668 2654 814 2677 vertentur.
834 2649 904 2683 Quid
918 2657 983 2684 ergo
1002 2649 1037 2676 sit

244 2694 296 2721 hoc
315 2693 386 2729 quod
406 2693 502 2721 dicitur
515 2694 656 2730 diligenter
670 2694 840 2722 attendamus
851 2715 859 2727 ,
873 2702 906 2722 ne
920 2694 1037 2722 remedia

244 2739 338 2767 salutis
347 2744 375 2766 et
383 2737 454 2774 leges
468 2740 539 2774 pacis
550 2743 621 2774 putet
635 2740 765 2775 quispiam
775 2748 834 2768 esse
844 2740 915 2776 leges
926 2740 1037 2767 subver-

245 2785 328 2812 sionis
341 2788 368 2812 et
381 2784 553 2812 confusionis.
568 2785 634 2812 Nam
649 2785 681 2812 iis
694 2786 739 2820 qui
753 2786 925 2821 intelligentia
937 2784 1036 2818 valent,

226 2871 230 2878 ‘
242 2830 270 2857 in
288 2831 460 2868 sequentibus
474 2830 590 2860 maxime
599 2831 711 2867 hujusce
723 2832 790 2868 legis
803 2832 929 2860 virtutem
944 2835 1037 2859 osten-

1086 1496 1126 1524 dit
1139 1496 1232 1525 dicens
1246 1507 1252 1523 :
1266 1498 1335 1532 Quid
1353 1499 1422 1526 uides
1443 1498 1565 1534 festucam
1583 1499 1610 1526 in
1631 1499 1704 1526 acula
1721 1497 1808 1534 fratris
1828 1497 1876 1532 tui,

1086 1543 1182 1570 trabem
1189 1548 1273 1571 autem
1282 1552 1339 1580 qua:
1347 1550 1383 1572 est
1391 1545 1417 1571 in
1427 1545 1500 1572 oculo
1508 1549 1549 1571 tuo
1557 1553 1607 1571 non
1614 1545 1758 1572 consideras
1769 1544 1778 1579 (
1782 1543 1875 1571 Matth.

1087 1588 1114 1616 7.
1130 1587 1168 1625 5).
1186 1589 1262 1623 Quod
1284 1591 1305 1617 si
1319 1590 1410 1617 multis
1426 1590 1571 1617 tardiorum
1585 1590 1593 1605 ¹
1607 1590 1707 1617 dictum
1720 1589 1808 1617 adhuc
1829 1589 1877 1616 ob-

1085 1635 1190 1662 scurius
1198 1643 1257 1663 esse
1263 1635 1395 1667 videatur,
1406 1643 1483 1664 rema
1494 1636 1624 1671 principio
1636 1635 1742 1664 solvere
1758 1635 1876 1663 tentabo.

1088 1681 1135 1708 llic
1146 1686 1230 1714 certe,
1244 1686 1273 1709 ut
1284 1683 1347 1709 mihi
1360 1682 1466 1717 quidem
1479 1682 1599 1714 videtur,
1614 1690 1666 1709 non
1679 1683 1768 1709 omnia
1784 1689 1878 1717 pecca-

1086 1731 1111 1754 ta
1122 1727 1199 1762 jubet
1213 1735 1266 1755 non
1277 1728 1397 1763 judicare
1407 1750 1414 1763 ,
1432 1736 1518 1764 neque
1532 1729 1641 1757 omnino
1654 1733 1725 1756 vetat
1736 1728 1799 1756 illud
1814 1734 1876 1764 age-

1086 1781 1126 1806 re,
1142 1773 1189 1801 sed
1203 1773 1264 1801 illos
1275 1775 1384 1810 respicit
1399 1775 1445 1810 qui
1458 1775 1604 1803 innumeris
1618 1776 1706 1803 onusti
1719 1775 1799 1806 vitiis,
1817 1775 1876 1802 aliis

1085 1820 1121 1847 ob
1133 1820 1198 1847 levia
1217 1828 1328 1856 qumque
1341 1821 1477 1849 insultant.
1494 1821 1605 1849 Videtur
1614 1825 1701 1849 autem
1714 1821 1757 1849 bic
1770 1821 1876 1849 JUdifOS

1085 1867 1263 1901 subindicare,
1278 1868 1395 1903 quicum
1408 1868 1497 1896 acerbi
1513 1873 1602 1896 essent
1616 1867 1649 1895 de
1662 1868 1741 1895 rebus
1759 1864 1875 1895 minimis

1086 1914 1238 1949 nulliusque
1250 1915 1376 1942 momenti
1392 1915 1506 1950 proximi
1521 1915 1562 1942 sui
1586 1912 1768 1947 accusatores,
1781 1921 1874 1949 magna

1086 1959 1123 1987 illi
1142 1960 1200 1988 sine
1216 1960 1272 1987 ullo
1284 1968 1364 1988 sensu
1378 1961 1489 1988 crimina
1501 1953 1675 1987 admittebant
1691 1969 1698 1987 :
1714 1958 1784 1994 quod
1794 1960 1874 1987 etiam

1086 2006 1112 2033 in
1124 2006 1177 2034 ﬁne
1189 2007 1353 2042 exprobrans
1366 2007 1419 2034 illis
1433 2004 1540 2035 dicebat
1554 2016 1561 2034 :
1577 2006 1693 2042 Alligatis
1703 2014 1779 2033 onera
1789 2005 1876 2040 gravia

1085 2056 1109 2079 et
1119 2052 1290 2087 importaln'lia
1303 2061 1312 2079 :
1326 2060 1369 2080 vos
1381 2058 1465 2079 autem
1480 2061 1530 2079 non
1542 2053 1615 2079 vultis
1634 2061 1663 2079 ea
1682 2052 1760 2087 digito
1780 2059 1876 2078 movere

1086 2098 1193 2133 (Matth.
1205 2099 1250 2126 25.
1264 2099 1293 2134 Δ)
1305 2108 1312 2132 ;
1334 2105 1371 2132 et,
1382 2098 1520 2127 Decimatis
1533 2099 1660 2126 ment/tam
1673 2104 1696 2126 et
1710 2098 1838 2130 anethum,
1852 2101 1876 2123 et

1086 2145 1252 2179 dereliquistis
1267 2154 1295 2172 ea
1303 2153 1359 2180 quae
1369 2146 1486 2180 graviora
1497 2150 1555 2172 sunt
1568 2145 1639 2180 legis,
1647 2144 1788 2180 judicium,
1803 2144 1877 2170 mise-

1086 2192 1222 2218 ricordiam
1237 2197 1260 2218 et
1274 2191 1351 2225 ﬁdem
1363 2191 1442 2226 (Ibid.
1458 2200 1482 2218 υ.
1498 2191 1553 2226 25).
1565 2190 1670 2218 ,Ιυᾱίιιοε
1682 2190 1761 2225 igitur
1773 2190 1877 2216 videtur

1087 2237 1113 2264 in
1128 2238 1217 2264 animo
1230 2238 1339 2270 habere,
1351 2237 1405 2272 jam
1420 2241 1482 2264 ante
1503 2237 1564 2264 illos
1578 2237 1726 2271 reprimens
1747 2236 1781 2263 ob
1800 2243 1830 2262 ea
1842 2235 1876 2262 de

1087 2284 1181 2319 quibus
1194 2284 1338 2319 discipulos
1352 2283 1500 2311 accusaturi
1513 2287 1598 2311 erant.
1610 2283 1665 2310 Etsi
1676 2283 1746 2310 enim
1759 2282 1797 2309 illi
1811 2281 1876 2308 nihil

1088 2331 1140 2358 tale
1150 2334 1344 2366 peccaverant,
1359 2330 1479 2365 quadam
1493 2334 1584 2357 tamen
1598 2329 1661 2364 ipsis
1675 2333 1781 2364 peccata
1803 2328 1876 2355 vide-

1089 2378 1185 2405 bantur
1194 2385 1265 2411 esse,
1281 2382 1319 2411 ut,
1332 2377 1471 2405 sabbatum
1482 2384 1535 2405 non
1548 2376 1693 2405 observare
1702 2396 1709 2408 ,
1725 2375 1806 2403 illotis
1820 2382 1877 2402 ma-

1088 2424 1166 2451 nibus
1189 2423 1361 2457 manducare,
1376 2431 1436 2451 cum
1457 2423 1605 2459 publicanis
1619 2422 1792 2453 recumbere;
1806 2420 1876 2456 quod

1088 2474 1115 2496 et
1128 2469 1190 2496 alibi
1205 2469 1242 2496 ait
1255 2476 1262 2494 :
1279 2468 1433 2496 Eacolantes
1448 2468 1565 2501 culicem,
1577 2473 1601 2495 et
1614 2467 1776 2504 deglutientes
1800 2474 1879 2494 came-

1088 2515 1140 2542 tum
1155 2514 1235 2551 (Ibid.
1251 2523 1274 2542 υ.
1289 2515 1348 2550 24).
1361 2515 1491 2543 Caeterum
1505 2521 1673 2542 communem
1692 2514 1726 2541 de
1739 2513 1780 2540 his
1793 2513 1877 2547 legem

1087 2561 1235 2588 constituit.
1250 2559 1398 2588 Corinthiis
1412 2567 1475 2588 vero
1489 2560 1608 2588 scribens
1624 2559 1731 2592 Paulus,
1746 2566 1799 2585 non
1812 2558 1878 2584 sim-

1087 2603 1193 2645 pliciter
1226 2607 1353 2643 prohibet
1388 2606 1532 2641 judicare,
1575 2605 1623 2633 sed
1658 2613 1705 2633 eos
1735 2605 1780 2640 qui
1806 2604 1874 2639 ipsis

1087 2660 1222 2690 praeerant
1243 2653 1365 2688 iudicare
1382 2657 1465 2685 vetat,
1488 2658 1517 2679 et
1544 2652 1571 2679 in
1594 2658 1678 2679 causa
1706 2658 1759 2677 non
1790 2657 1876 2676 mam—

1087 2700 1175 2732 festa,
1206 2706 1255 2726 nec
1290 2697 1450 2733 simpliciter
1489 2702 1562 2725 vetat
1599 2701 1745 2732 peccantes
1781 2703 1875 2723 omen--

1087 2745 1162 2773 dare.
1187 2744 1280 2779 Neque
1302 2747 1368 2771 tunc
1400 2750 1494 2770 omnes
1519 2742 1578 2770 sine
1601 2742 1760 2770 discrimine
1787 2740 1875 2768 incre-

1089 2789 1187 2825 pabat;
1201 2788 1249 2816 sed
1263 2787 1409 2822 discipulos
1426 2787 1472 2821 qui
1487 2787 1627 2820 magistros
1647 2788 1789 2819 arguerent
1802 2790 1878 2811 coer-

1124 2835 1134 2851 ι
1151 2833 1215 2865 Vox,
1226 2831 1370 2864 tardiorum,
1381 2832 1454 2858 deest
1464 2832 1489 2857 in
1498 2830 1705 2863 quibusdamuss.
