2067 3132
174 132 234 166 τοι)

179 194 266 222 ἁπασι
288 193 349 220 τότε
373 192 500 228 ἐπετίμα,
527 191 595 219 ἀλλὰ
613 191 747 228 μαθηταῖς
764 191 828 226 περί¹
848 190 1016 217 διδασκάλων

178 238 257 264 τοῦτο
282 236 405 264 ποιοῦσιν
435 236 605 272 ἐπέπληττε,
627 236 675 262 καὶ
698 237 754 268 τοῖς
786 235 892 271 μυρίων
923 235 1016 262 κακῶν

178 282 341 314 ὑπευθύνοις
374 280 454 314 οῦσι,
485 281 550 313 τοὺς
572 282 594 297 ⁶¹
625 281 787 312 ἀνευθύνους
814 279 1014 307 διαϐάλλουσιν.

179 328 268 363 Ὅπερ
292 324 339 353 οῦν
367 326 414 354 καὶ
432 326 448 352 ό
476 324 594 361 Χριστὸς
613 324 730 352 ἐνταῦθα
750 319 876 360 ᾐνίξατο·
894 323 942 350 καὶ
967 323 1016 359 οὐχ

178 371 271 403 ἁπλῶς
295 370 422 407 ᾐνίξατο,
444 369 512 396 ἀλλὰ
537 369 584 396 καὶ
604 369 687 395 πολὺν
705 368 840 403 ἐπέστησε
856 367 902 394 τὸν
915 367 1014 402 φόϐον.

179 415 226 441 καὶ
251 415 301 450 τὴν
326 414 437 441 κόλασιν
462 413 659 448 ἀπαραίτητον.
686 412 738 439 Ἐν
765 408 789 445 ᾧ
815 411 872 446 γὰρ
897 411 1015 446 κρίματι

179 459 311 494 κρίνετε,
338 459 423 494 φησί,
446 457 636 492 κριθήσεσθε.
657 456 695 483 Οὐ
724 456 779 491 7&9
802 456 904 482 ἐκεῖνον
929 465 1014 483 κατα-

177 502 296 535 δικάζεις
308 522 316 535 ,
338 502 430 538 φησὶν,
455 501 524 528 ἀλλά
548 501 656 532 σαυτὸν,
674 500 721 528 καὶ
734 500 848 535 φοϐερόν
869 508 910 526 σοι
928 502 1014 533 ποιεῖς

177 545 208 572 τὸ
232 545 427 582 δικαστήριον,
458 546 506 572 καὶ
530 544 654 580 ἀκριϐεῖς
676 544 727 576 τὰς
757 543 881 576 εὐθύνας.
910 545 1014 580 ’Ὠσπερ

177 587 224 616 οὖν
249 591 279 616 ἐν
299 591 332 625 τῇ
358 589 413 616 τῶν
435 589 640 625 ἁμαρτημάτων
664 588 761 623 ἀφέσει
789 589 853 624 παρ’
881 588 961 624 ήμῶν
985 589 1014 616 αι

177 634 277 668 ἀρχαὶ,
298 633 370 660 οὕτω
396 633 443 660 καὶ
466 633 496 660 ὲν
522 633 608 668 ταύτῃ
629 633 663 668 τῇ
685 631 775 668 κρίσει
795 632 861 668 παρ’
884 632 964 668 ἡμῶν
980 632 1014 659 τὰ

179 678 266 713 μέτρα
292 678 342 713 τῆς
377 677 526 712 καταδίκης
552 677 666 703 τίθεται.
698 676 765 703 Οὐδὲ
793 677 848 711 γὰρ
876 676 1014 709 ὀνειδίζειν

175 719 235 752 δεῖ,
269 720 330 747 οὐδὲ
359 720 556 756 ἐπεμϐαίνειν,
586 719 654 747 ἀλλὰ
679 719 832 746 νουθετεῖν·
864 720 894 746 οὐ
925 728 1011 755 κακη-

176 765 308 800 γορεῖν⁸’,
323 764 390 792 ἀλλά
417 765 627 801 συμϐουλεύειν·
644 765 703 792 οὐδὲ
720 765 789 801 μετά
804 765 934 798 ἀπονοίας
951 765 1012 792 ἐπι-

175 808 317 841 τίθεσθαι,
343 809 412 836 άλλὰ
433 811 502 845 μετὰ
526 809 716 846 φιλοστοργίας
740 809 873 845 διορθοῦν.
894 810 931 836 Οὐ
957 809 1011 846 7&9

175 853 289 884 ἐκεῖνον,
305 853 372 880 ἀλλὰ
386 853 483 881 σαυτὸν
496 854 596 889 ἐσχάτῃ
615 853 769 888 παραδίδως
782 853 806 870 ⁸³
818 854 939 890 τιμωρίᾳ
949 873 956 885 ,
973 854 1011 889 μὴ

175 896 331 933 φειδόμενος
344 897 437 931 αὐτοῦ,
457 897 538 933 ἡνίκα
552 897 584 925 ἂν
597 897 681 934 δεήσῃ
697 897 864 934 ψηφίζεσθαι
879 897 943 934 περὶ
956 897 1012 924 τῶν

174 941 452 977 πεπλημμελημένων
465 941 549 977 αὐτῷ.

210 984 243 1019 β’.
267 985 348 1021 Ὁρᾷς
365 986 424 1018 πῶς
439 982 521 1013 αὗται
534 986 562 1013 αί
585 986 633 1014 δύο
648 987 754 1014 ἐντολαὶ
777 986 824 1013 καὶ
851 985 950 1021 κοῦφαι
965 986 1012 1013 καὶ

175 1029 301 1063 μεγάλων
321 1029 407 1056 αἴτιαι
432 1029 543 1064 ἀγαθῶν
558 1031 614 1062 τοῖς
638 1031 828 1066 πειθομένοις,
846 1029 941 1064 ὥσπερ
965 1028 1011 1057 οῦν

174 1073 331 1100 καὶηκακῶν
347 1075 403 1106 τοῖς
424 1074 461 1110 μὴ
481 1075 678 1110 προσέχουσιν;
694 1075 729 1102 Ὅ
744 1083 773 1102 τε
798 1074 853 1110 7&9
867 1075 959 1109 ἀφιεὶς
971 1074 1011 1110 τῷ

173 1117 296 1152 πλησίον,
314 1118 410 1145 ἑαυτὸν
425 1119 479 1154 πρὸ
491 1119 596 1146 ἐκείνου
612 1118 667 1145 τῶν
680 1119 861 1154 ἐγκλημάτων
884 1118 1010 1154 ἀπήλλαο

174 1161 229 1194 ξεν,
241 1161 318 1188 οὐδὲν
330 1162 427 1198 καμὼν
439 1170 446 1178 ο
463 1163 478 1189 ὃ
487 1171 517 1189 τε
533 1162 602 1198 μετὰ
615 1162 722 1197 φειδοῦς
736 1163 783 1189 καὶ
797 1162 963 1198 συγγνώμης
977 1162 1011 1190 τὰ

172 1205 430 1241 πεπλημμελημένα
445 1207 549 1242 ἑτέροις
571 1206 719 1239 ἐξετάσας,
740 1206 828 1234 πολὺν
856 1207 944 1243 ἑαυτῷ
959 1207 1010 1242 τῆς

173 1248 340 1285 συγγνώμης
359 1250 405 1277 τὸν
424 1250 521 1286 ἔρανον
541 1250 595 1277 ἀπὸ
610 1250 660 1286 τῆς
674 1250 765 1286 ψήφου
780 1250 960 1286 προαπέθετο.
977 1251 1010 1277 Τί

172 1289 239 1326 οῦν;
257 1292 290 1320 ἂν
304 1294 439 1329 πορνεύῃ,
460 1294 537 1329 φησὶ,
556 1294 594 1329 μὴ
608 1294 677 1320 εἴπω
692 1295 733 1321 ὅτι
753 1294 839 1321 κακὸν
853 1295 870 1330 ἡ
888 1295 1010 1330 πορνεία,

174 1337 242 1372 μηδὲ
256 1336 446 1373 διορθώσωμαι
460 1337 483 1353 ⁵⁸
494 1337 540 1364 τὸν
553 1337 763 1372 ἀσελγαίνοντα;
779 1338 930 1373 Διόρθωσον
949 1338 1009 1374 μὲν,

171 1380 241 1408 ἀλλὰ
260 1381 298 1417 μὴ
316 1381 355 1413 ὡς
371 1381 514 1417 πολέμιος,
532 1382 600 1418 μηδὲ
615 1382 654 1414 ὡς
671 1382 766 1418 ἐχθρὸς
779 1382 903 1410 ἀπαιτῶν
918 1382 1009 1418 δίκην,

169 1424 230 1451 ἀλλ’
242 1424 280 1457 ὡς
297 1425 388 1461 ίατρδς
405 1426 539 1461 φάρμακα
550 1426 774 1458 κατασκευάζων.
789 1426 856 1453 Οὐδὲ
871 1426 925 1463 γὰρ
937 1424 1009 1460 εἷπε,

169 1469 213 1504 μὴ
230 1468 335 1505 παύσῃς
355 1470 561 1505 ἁμαρτάνοντα,
580 1470 663 1503 ἀλλὰ,
689 1471 726 1506 μὴ
740 1471 854 1507 κρίνῃς’
873 1471 1008 1503 τουτέστι,

174 1512 213 1549 μὴ
227 1512 323 1548 πικρὸς
336 1513 411 1547 γίνου
430 1513 570 1549 δικαστής.
588 1514 692 1546 Ἄλλως
713 1514 742 1541 δὲ
760 1514 820 1541 οὐδὲ
833 1515 856 1530 ⁸⁸
872 1515 937 1550 περὶ
956 1516 1010 1542 τῶν

174 1555 300 1591 μεγάλων
314 1556 361 1582 καὶ
377 1556 620 1592 ἀπηγορευμένων,
635 1557 703 1593 ὅπερ
717 1557 802 1592 ἔφθην
820 1558 921 1590 εἰπὼν,
940 1558 1009 1585 ἀλλὰ

172 1599 238 1635 περὶ
256 1600 311 1626 τῶν
333 1600 393 1627 οὐδὲ
412 1600 563 1628 δοκούντων
584 1599 654 1628 εἴναι
671 1601 915 1637 πλημμελημάτων
930 1602 1009 1629 τοῦτο

172 1643 290 1678 εἴρηται.
304 1644 350 1670 Διὺ
363 1644 411 1671 κα¹ι
425 1644 516 1678 έλεγεο
538 1645 568 1672 Τι
586 1645 715 1678 βλέπεις
739 1645 772 1671 τὸ
789 1645 904 1680 κάρφος
924 1644 958 1672 τὸ
975 1645 1010 1672 ἐν

172 1686 213 1719 τῷ
227 1687 371 1722 ὀφθαλμῷ
384 1687 437 1715 τοῦ
456 1688 592 1722 ἀδελφοῦ
614 1697 689 1721 σου;
706 1688 762 1715 Καὶ
782 1688 837 1724 γὰρ
854 1689 946 1716 πολλοὶ
963 1689 1010 1716 νῦν

172 1731 253 1758 τοῦτο
275 1731 397 1758 ποιοῦσι·
427 1732 480 1758 κᾶν
509 1732 583 1759 ἴδωσι
614 1732 730 1767 μοναχὸν
748 1733 883 1768 περιττὸν⁸
903 1733 1010 1768 ἱμάτιον

173 1775 283 1810 ἔχοντα,
296 1775 343 1802 τὸν
357 1775 438 1811 νόμον
457 1775 532 1811 αὺτῴ
560 1775 758 1812 προϐάλλονται
778 1776 824 1802 τὸν
839 1776 1009 1810 δεσποτικὸν,

173 1819 250 1846 αὐτοὶ
265 1819 350 1855 μυρία
366 1820 532 1856 ἁρπάζοντες
545 1820 592 1847 καὶ
611 1820 671 1846 καθ’
685 1819 760 1856 [286]
774 1820 893 1856 ἑκάστην
900 1821 1010 1848 πλεονε-

172 1865 302 1897 κτοῦντες
327 1864 377 1900 τὴν
402 1864 509 1901 ἡμέραν
525 1874 532 1881 ·
549 1866 601 1892 κᾶν
613 1865 689 1892 ίδωσι
700 1865 895 1901 δαψιλεστέρας
907 1867 1009 1901 τροφῆς

173 1910 354 1942 ἀπολαύοντα,
362 1911 456 1946 πικροὶ
464 1911 584 1945 γίνονται
592 1911 739 1946 κατήγοροι
746 1910 808 1937 καθ’
818 1910 925 1947 ἡμέραν
933 1911 1009 1938 αὐτοὶ

174 1954 319 1989 μεθύοντες
335 1955 382 1983 καὶ
395 1953 601 1990 κραιπαλῶντες
611 1975 618 1986 ,
630 1954 680 1980 οὐκ
695 1954 796 1986 εἰδότες
810 1954 851 1980 δτι
864 1954 935 1989 μετὰ
953 1954 1008 1980 τῶν

171 1998 281 2025 οἰκείων
305 1998 512 2033 ἁμαρτημάτων
539 1998 631 2033 μεῖζον
654 1998 762 2029 ἑαυτοῖς
795 1997 920 2024 ἐντεῦθεν
948 2006 1009 2025 συν-

172 2041 268 2076 άγουσι
278 2042 308 2068 τὸ
323 2041 444 2078 πῦρ,καὶ
459 2042 549 2077 πάσης
568 2042 681 2074 ἑαυτοὺς
693 2041 891 2077 ἀποστεροῦσιν
908 2041 1005 2069 ἀπολο-

171 2085 235 2120 γίας
249 2085 282 2114 ⁸⁷.
296 2086 357 2113 Ὅτι
378 2085 428 2121 μὲν
442 2085 496 2121 γὰρ
519 2085 560 2112 δεῖ
573 2086 642 2121 μετὰ
656 2085 798 2120 ἀκριϐείας
812 2085 949 2118 ἐξετάζειν
974 2086 1007 2113 τὰ

172 2129 207 2156 σὰ
220 2149 228 2163 ,
255 2131 287 2157 σὺ
310 2130 419 2166 πρῶτος
442 2130 524 2165 νόμον
538 2130 654 2166 ἔθηκας,
668 2129 740 2156 οὕτω
754 2131 810 2161 τοῖς
830 2130 877 2156 τοῦ
893 2130 1007 2165 πλησίον

170 2173 294 2206 δικάσας.
310 2173 356 2209 Μὴ
380 2174 469 2201 τοίνυν
487 2173 555 2210 βαρὺ
579 2174 671 2209 νόμιζε
698 2171 784 2205 εἶναι,
802 2174 827 2200 εἰ
856 2174 903 2204 καὶ
926 2174 1007 2206 αὐτὸς

172 2217 279 2253 μέλλεις
292 2217 418 2250 τοιαύτας
435 2218 546 2253 ὑπέχειν
565 2217 690 2249 εὐθύνας.
714 2218 877 2251 Ὑποκριτὰ,
898 2217 1007 2245 ἐκϐαλε-

170 2261 288 2295 ειρῶτον
305 2261 363 2296 τὴν
385 2261 477 2288 δοκὸν
489 2261 524 2288 ὲκ
541 2261 594 2288 τοῦ
612 2261 766 2296 ὀφθαλμοῦ
784 2269 852 2288 σου.
874 2261 1005 2288 Ἐνταῦθα

170 2306 218 2341 τὴν
238 2305 322 2341 ὀργὴν
346 2304 514 2337 ἐνδείξασθαι
537 2304 660 2340 βούλεται
679 2305 728 2341 τὴν
747 2305 867 2340 πολλὴν,
891 2305 925 2341 ἣν
949 2305 1005 2340 ἔχει

170 2349 238 2385 πρὸς
252 2350 316 2381 τοὺς
334 2349 368 2377 τὰ
387 2348 500 2376 τοιαῦτα
523 2348 676 2381 ποιοῦντας.
691 2349 746 2376 Καὶ
765 2349 819 2385 γὰρ
833 2350 955 2385 ὅπουπερ
972 2349 1004 2375 ἂν

170 2393 286 2430 βουληθῇ
299 2393 383 2425 δεῖξαι
399 2392 429 2420 τὸ
452 2393 604 2428 ἁμάρτημα
620 2392 691 2428 μέγα
705 2391 749 2424 ὃν,
774 2391 821 2418 καὶ
841 2392 941 2427 πολλὴν
955 2391 1004 2427 τὴν

168 2437 212 2463 ἐπ’
232 2436 306 2472 αὺτῷ
335 2437 445 2464 κόλασιν
463 2437 509 2464 καὶ
534 2436 618 2472 ὀργὴν
633 2455 641 2468 ,
666 2436 721 2462 ἀπὸ
751 2435 856 2471 ὕϐρεως
878 2436 1002 2471 ἄρχεται.

169 2480 275 2516 Ὠσπερ
292 2478 338 2507 οὗν
361 2480 409 2507 καὶ
430 2481 498 2517 πρὸς
525 2481 628 2507 ἐκεῖνον
650 2480 695 2507 τὸν
717 2479 752 2507 τὰ
771 2480 867 2507 ἑκατὸν
888 2479 1002 2516 δηνάρια

167 2523 335 2551 ἀπαιτοῦντα
349 2524 509 2559 ἀγανακτῶν
533 2524 621 2558 ἔλεγε·
640 2524 758 2558 Πονηρὲ
776 2524 882 2556 δοῦλε,
900 2523 1003 2551 πᾶσαν

167 2567 225 2601 τὴν
239 2567 366 2602 ὀφειλὴν
384 2568 505 2601 ἐκείνην
523 2567 624 2602 ἀφῆκά
641 2575 691 2594 σοι
703 2576 711 2584 ν
726 2567 797 2594 οῦτω
813 2568 859 2594 καὶ
873 2567 1000 2601 ἐνταῦθα,

172 2610 335 2646 ’Υποκριτά
357 2611 394 2637 Οὐ
406 2611 461 2646 7&9
478 2611 637 2647 κηδεμονίας
652 2613 668 2647 ὴ
682 2611 793 2647 τοιαύτη
808 2611 898 2646 ψῆφος
910 2633 917 2644 ,
934 2611 1002 2639 ἀλλὰ

166 2654 374 2690 μισανθρωπίας
392 2654 450 2682 ἐστί
462 2663 469 2671 ·
486 2655 532 2682 καὶ
548 2656 718 2691 προσωπεῖον
735 2655 784 2690 μὲν
797 2655 1001 2691 φιλανθρωπίας

166 2696 357 2732 προϐάλλεται,
376 2696 456 2732 ἔργον
469 2697 498 2724 δὲ
515 2697 632 2733 ἐσχάτης
642 2697 774 2732 πονηρίας
789 2697 897 2733 πληροῖ,
911 2697 999 2733 ὀνείδη

164 2741 278 2776 περιττὰ
287 2741 334 2768 καὶ
344 2741 504 2776 ἐγκλήματα
512 2741 740 2778 προστριϐόμενος
751 2743 807 2773 τοῖς
819 2742 943 2776 πλησίον,
952 2742 1000 2768 καὶ

200 2806 312 2843 ’ἦτοὺςΙ
320 2807 443 2843 καὶτοὺς
456 2807 486 2834 F.
525 2807 547 2823 "
560 2809 720 2843 κατηγορεῖν
730 2808 760 2834 Β.
771 2807 802 2835 Ι).
815 2807 845 2834 F.

560 134 588 161 S.
609 133 751 161 JOANNIS
770 131 1014 161 CHRYSOSTOMI
1033 131 1192 162 ARCHIEP.
1210 133 1485 164 CONSTANTINOP.

1851 136 1904 165 suo

1065 191 1225 219 διδασκάλου
1236 192 1312 225 τάξιν
1322 193 1465 229 ἁρπάζων,
1474 193 1534 220 οὐδέ
1548 193 1672 230 μαθητὴς
1681 192 1757 227 ἄξιος
1767 193 1805 221 ὢν
1815 192 1885 221 εῐναι
1895 201 1904 210 ³

1064 235 1110 262 διὰ
1123 235 1202 262 τοῦτο
1218 237 1240 252 ⁵⁸
1252 237 1403 272 ὑποκριτὴν
1416 238 1498 264 αὑτὸν
1513 237 1653 264 ἐκάλεσεν.
1673 238 1702 265 '0
1721 238 1777 274 7&9
1800 239 1830 265 ὲν
1848 239 1905 270 τοῖς

1066 279 1168 315 ἐτέρων
1178 279 1264 312 οὕτως
1281 280 1319 307 ὣν
1335 280 1448 316 πικρὸς,
1468 281 1506 312 ὡς
1520 281 1568 308 καὶ
1582 281 1616 308 τὰ
1633 282 1720 317 μικρὰ
1741 282 1805 308 ἰδεῖν
1815 301 1823 314 ,
1844 281 1905 312 πῶς

1065 323 1095 349 ἐν
1109 325 1166 355 τοῖς
1182 324 1239 355 σοῖς
1250 323 1321 350 οὕτω
1334 324 1448 359 γέγονας
1465 324 1588 360 ῥᾴθυμος
1599 344 1606 354 .
1626 325 1663 357 ὡς
1684 325 1731 352 καὶ
1744 326 1777 352 τὰ
1797 325 1905 361 μεγάλα

1065 367 1252 403 παραδραμεῖν
1269 376 1277 400 ;
1295 369 1424 395 Ἔκϐαλε
1450 368 1568 401 πρῶτον
1594 369 1652 402 τὴν
1675 368 1768 396 δοκὸν
1785 369 1819 396 ἐκ
1849 369 1905 396 τοῦ

1064 411 1221 446 ὀφθαλμοῦ
1233 419 1302 440 σου.
1321 412 1403 447 Ὀρᾷς
1415 432 1423 444 ,
1441 412 1482 438 δτι
1496 412 1526 438 οὐ
1538 411 1635 439 κωλύει
1651 413 1681 439 τὸ
1696 412 1799 448 κρίνειν
1809 434 1817 445 ,
1835 413 1905 440 ἀλλά

1065 456 1169 484 κελεύει
1184 457 1325 484 ἐκϐάλλειν
1338 458 1360 474 θ’
1374 456 1483 492 πρῶτον
1493 457 1542 492 τὴν
1556 457 1634 484 δοκὸν
1648 457 1680 483 ἐκ
1692 457 1739 484 τοῦ
1751 457 1904 493 ὀφθαλμοῦ,

1065 500 1111 527 καὶ
1129 501 1188 527 τότε
1203 500 1238 527 τὰ
1254 501 1308 528 τῶν
1332 500 1421 528 ἄλλων
1445 500 1568 536 διορθοῦν
1582 510 1588 533 ;
1607 501 1663 527 Καὶ
1687 501 1739 536 7&9
1755 501 1789 528 τὰ
1804 501 1904 528 ἑαυτοῦ

1063 553 1105 576 τις
1121 545 1220 580 μᾶλλον
1232 542 1313 576 οίδεν,
1333 545 1350 580 ἢ
1365 544 1399 571 τὰ
1414 545 1516 580 ἐτέρων
1529 553 1536 560 ·
1553 547 1600 572 καὶ
1616 545 1651 572 τὰ
1671 545 1782 580 μείζονα
1803 544 1904 580 μᾶλλον

1063 589 1134 624 ὁρᾷ,
1155 588 1221 624 ἢτὰ
1238 589 1357 616 ἐλάττω·
1379 589 1427 616 καὶ
1451 589 1545 615 ἐαυτὸν
1571 588 1671 624 μᾶλλον
1697 588 1788 623 φιλεῖ,
1816 588 1833 624 ἢ
1855 588 1904 615 τὸν

1064 632 1188 668 πλησίον.
1209 633 1289 659 Ὥστε
1319 633 1344 659 ει
1371 633 1522 668 κηδόμενος
1550 633 1637 664 ποιεῖς
1653 653 1660 664 ,
1693 631 1792 659 σαυτοῦ
1818 632 1903 667 κήδου

1064 676 1195 712 πρότερον
1207 696 1214 708 ,
1231 676 1295 703 ἔνθα
1323 676 1371 703 καὶ
1394 676 1560 713 σαφέστερον
1576 677 1622 703 καὶ
1650 677 1741 712 μεῖζον
1757 676 1788 703 τὸ
1812 677 1904 712 ἁμάρ-

1062 711 1194 755 Εἰ
1213 719 1242 746 δέ
1263 719 1361 746 σαυτοῦ
1386 711 1568 755 καιᾶφρονεῖς
1581 740 1588 751 ,
1604 711 1715 755 εὔδηλον
1729 720 1770 747 ὃτι
1790 720 1838 747 καὶ
1857 719 1903 747 τδν

1063 762 1176 797 ἀδελφὺν
1193 763 1216 779 ⁷⁰
1241 763 1272 789 οὐ
1289 763 1437 798 κηδόμενος
1462 763 1583 799 κρίνεις,
1601 763 1670 790 ἀλλὰ
1688 762 1774 798 μισῶν
1794 763 1843 790 καὶ
1856 763 1904 789 ὲκ-

1063 807 1221 843 πομπεῦσαι
1237 807 1407 843 βουλόμενος.
1427 808 1459 834 Εἰ
1483 809 1537 844 γὰρ
1554 808 1602 835 καὶ
1627 808 1682 834 δέοι
1706 807 1800 834 τοῦτον
1814 807 1904 842 κρίνε-

1063 851 1136 884 σθαι,
1153 852 1228 887 παρὰ
1242 851 1290 878 τοῦ
1311 851 1394 887 μηδὲν
1407 851 1528 878 τοιοῦτον
1544 852 1762 888 ἁμαρτάνοντος,
1777 851 1807 877 οὐ
1825 850 1902 886 παρὰ

1063 896 1120 923 σοῦ.
1138 895 1246 932 Ἐπειδὴ
1261 896 1316 931 7&9
1332 896 1438 931 μεγάλα
1451 896 1498 923 καὶ
1511 895 1602 931 ὑψηλὰ
1615 895 1773 930 φιλοσοφίας
1788 894 1901 928 ἐνέθηκε

1061 939 1183 975 δόγματα
1193 961 1199 972 ,
1214 939 1258 966 ἵνα
1274 940 1311 975 μή
1330 949 1372 971 τις
1396 939 1461 975 λέγῃ
1472 960 1479 972 ,
1501 940 1542 967 ὅτι
1558 939 1593 966 τὰ
1609 939 1721 966 τοιαῦτα
1745 939 1901 973 φιλοσοφεῖν

1061 983 1150 1018 λόγοις
1164 983 1273 1011 εῠκολον
1287 1005 1294 1017 ,
1312 983 1396 1016 δεῖξαι
1417 984 1578 1020 βουλόμενος
1596 984 1646 1020 τὴν
1661 983 1820 1019 παρρησίαν
1830 1002 1838 1014 ,
1852 983 1901 1010 καὶ

1061 1028 1091 1054 τὸ
1107 1028 1202 1064 μηδενὶ
1219 1027 1272 1054 τῶν
1291 1029 1443 1064 εἰρημένων
1454 1028 1605 1055 ὑπεύθυνον
1617 1025 1688 1054 εῖναι
1701 1048 1709 1059 ,
1723 1027 1793 1054 ἀλλὰ
1809 1026 1901 1054 πάντα

1061 1071 1266 1107 κατορθωκέναι
1278 1093 1286 1105 ,
1306 1071 1410 1108 ταύτην
1427 1069 1488 1098 εἷπε
1512 1071 1563 1107 τὴν
1587 1071 1754 1106 παραϐολήν.
1766 1070 1822 1098 Καὶ
1841 1070 1898 1105 γὰρ

1061 1116 1108 1142 καὶ
1121 1115 1206 1147 αὐτὸς
1215 1116 1310 1151 ἔμελλε
1333 1116 1435 1152 κρίνειν
1448 1115 1516 1152 μετά
1531 1115 1626 1148 ταῦτα,
1635 1115 1707 1142 Οὐαὶ
1721 1114 1901 1149 ὑμῖνιτιοαμ-

1058 1159 1162 1194 ματεῒς
1176 1159 1226 1186 καὶ
1250 1160 1401 1194 Φαρισαῖοι
1420 1160 1586 1194 ὑποκριταὶ,
1601 1159 1687 1194 λέγων
1698 1167 1706 1174 ·
1731 1158 1790 1185 ἀλλ’
1802 1158 1852 1185 οὐκ
1864 1156 1900 1194 ἦν

1061 1205 1210 1237 ὑπεύθυνος
1223 1207 1279 1237 τοῖς
1299 1206 1453 1241 εἰρημένοις
1464 1213 1470 1220 ·
1485 1204 1545 1232 οὔτε
1566 1204 1621 1240 γὰρ
1636 1204 1742 1240 κάρφος
1760 1202 1898 1236 ἐξέϐαλεν,

1061 1249 1122 1276 οὔτε
1136 1250 1213 1276 δοκὸν
1225 1247 1297 1285 εἶχεν
1310 1251 1356 1276 ἐπὶ
1368 1250 1422 1276 τῶν
1437 1250 1578 1285 ὀμμάτων.
1594 1248 1661 1275 ἀλλά
1675 1249 1783 1276 πάντων
1796 1248 1900 1275 τούτων

1061 1294 1099 1320 ὢν
1115 1293 1251 1329 καθαρὸς,
1266 1293 1338 1321 οὕτω
1353 1293 1386 1321 τὰ
1404 1294 1514 1321 πάντων
1529 1293 1644 1329 διώρθου
1661 1292 1898 1328 πλημμελήματα.

1061 1337 1128 1364 Οὐδὲ
1142 1337 1196 1374 γὰρ
1217 1338 1268 1370 δεῖ,
1286 1337 1364 1373 φησὶ,
1381 1338 1483 1374 κρίνειν
1498 1338 1624 1373 ἐτέρους,
1641 1337 1705 1364 ὅταν
1722 1345 1765 1368 τις
1780 1336 1834 1364 τῶν
1850 1337 1901 1364 αὑ-

1060 1378 1114 1408 τῶν
1131 1381 1282 1412 ὑπεύθυνος
1345 1381 1400 1407 Καὶ
1416 1381 1443 1407 τί
1456 1381 1606 1416 θαυμάζεις
1619 1400 1628 1412 ,
1649 1381 1674 1407 εἰ
1688 1380 1733 1407 τὸν
1747 1380 1828 1416 νόμον
1840 1380 1901 1407 τοῦ·

1060 1433 1106 1451 τον
1122 1424 1203 1456 αὐτὸς
1229 1424 1327 1460 έθηκεν
1337 1445 1345 1458 ,
1360 1425 1427 1451 ὃπου
1442 1433 1474 1459 γε
1488 1425 1535 1451 καὶ
1557 1425 1570 1450 ό
1584 1424 1687 1460 λῃστής
1701 1423 1784 1450 αὑτὸν
1802 1423 1900 1458 ἐγίνω-

1061 1477 1127 1495 σκεν
1150 1469 1196 1495 ἐπὶ
1211 1469 1257 1495 τοῦ
1274 1468 1391 1506 σταυροῦ
1402 1489 1409 1501 ,
1438 1468 1513 1505 [287]
1530 1468 1569 1504 τῷ
1584 1468 1670 1503 έτέρῳ
1685 1468 1769 1504 λῃστῇ
1784 1467 1872 1502 λέγων
1888 1475 1897 1484 ⁸

1057 1512 1134 1539 Οὐδὲ
1155 1512 1233 1547 φοϐῇ
1260 1513 1300 1540 σὺ
1319 1513 1372 1540 τὸν
1387 1513 1470 1545 Θεὸν,
1493 1513 1539 1540 ὅτι
1557 1513 1592 1539 ἐν
1616 1511 1656 1545 τῷ
1673 1511 1754 1545 αὐτῷ
1780 1512 1900 1547 κρίματι

1060 1557 1153 1591 ἐσμεν
1163 1558 1202 1589 ⁷¹;
1216 1557 1250 1584 τὰ
1265 1557 1334 1584 αὐτὰ
1347 1557 1386 1593 τῷ
1396 1557 1505 1593 Χριστῷ
1513 1559 1634 1592 νοήματα
1645 1556 1740 1591 λέγων.
1753 1556 1789 1583 Σὺ
1805 1556 1833 1582 δὲ
1847 1555 1898 1591 τὴν

1063 1601 1110 1636 μέν
1129 1601 1228 1628 σαυτοῦ
1253 1603 1330 1629 δοκὸν
1350 1603 1379 1628 οὐ
1399 1602 1478 1637 μόνον
1502 1602 1552 1628 οὒκ
1577 1601 1720 1633 ἐκϐάλλεις
1733 1621 1740 1633 ,
1763 1600 1821 1627 ἀλλ’
1835 1600 1896 1627 οὐδὲ

1060 1647 1126 1682 ὁρᾷς
1137 1654 1144 1661 ·
1159 1646 1189 1672 τὸ
1215 1646 1242 1673 δὲ
1259 1646 1353 1682 ἐτέρου
1378 1647 1484 1682 κάρφος
1499 1646 1529 1672 οὺ
1559 1646 1637 1681 μόνον
1655 1646 1722 1682 ὁρᾷς
1733 1666 1740 1677 ,
1760 1645 1827 1672 ἀλλά
1850 1646 1898 1672 καὶ

1060 1689 1180 1725 κρίνεις,
1195 1690 1241 1717 καὶ
1254 1689 1396 1717 ἐκϐάλλειν
1414 1690 1563 1725 ἐπιχειρεῖς
1573 1697 1579 1704 ·
1596 1689 1689 1725 ὥσπερ
1704 1689 1731 1716 εί
1745 1697 1788 1720 τις
1810 1688 1898 1724 ὑδέρῳ

1061 1734 1238 1769 συνεχόμενος
1270 1733 1380 1769 χαλεπῷ
1394 1753 1401 1765 ,
1430 1734 1446 1769 ἢ
1473 1734 1519 1760 καὶ
1532 1735 1555 1750 ⁷³
1579 1734 1665 1769 ἑτέρῳ
1688 1732 1742 1760 τινὶ
1761 1733 1896 1768 νοσήματι

1059 1777 1162 1812 άνιάτῳ
1172 1797 1179 1808 ,
1195 1776 1290 1803 τούτου
1312 1777 1360 1813 μὲν
1374 1777 1488 1813 ἀμελοίη
1502 1797 1509 1810 ,
1528 1776 1656 1813 ἐγκαλοίη
1670 1777 1698 1803 δὲ
1715 1776 1800 1812 ἐτέρῳ
1811 1776 1834 1792 ⁷⁸
1848 1784 1897 1810 φυ-

1061 1821 1180 1856 σήματος
1194 1820 1340 1855 ἀμελοῦντι
1356 1821 1464 1857 μικροῦ.
1482 1821 1512 1848 Εί
1532 1821 1559 1848 δὲ
1575 1821 1659 1848 κακὸν
1680 1820 1711 1848 τὸ
1731 1821 1769 1856 μὴ
1782 1821 1848 1856 όρᾷν
1861 1820 1896 1846 τὰ

1060 1864 1158 1891 ἑαυτοῦ
1178 1865 1365 1900 ἁμαρτήματα
1377 1886 1384 1899 ,
1408 1865 1517 1892 διπλοῦν
1544 1866 1591 1892 καὶ
1611 1865 1743 1901 τριπλοῦν
1763 1865 1847 1892 κακὸν
1865 1865 1896 1892 τὸ

1060 1910 1108 1936 καὶ
1124 1909 1228 1944 ἑτέροις
1251 1910 1275 1925 ⁷⁸
1302 1910 1440 1942 δικάζειν,
1466 1910 1565 1941 αὐτοὺς
1588 1909 1750 1945 ἀναλγήτως
1770 1909 1818 1936 ἐπὶ
1840 1909 1895 1936 τῶν

1059 1953 1207 1988 ὀφθαλμῶν
1226 1954 1424 1990 περιφέροντας
1437 1955 1485 1986 τὰς
1501 1953 1604 1986 δοκούς.
1620 1954 1674 1980 Καὶ
1688 1953 1743 1989 γὰρ
1760 1953 1838 1980 δοκοῦ
1852 1953 1895 1988 βα-

1060 1995 1173 2032 ρύτερον
1187 1998 1320 2033 ἁμαρτία.

1094 2045 1130 2076 γ’.
1151 2040 1185 2069 ¹¹Ο
1196 2042 1285 2068 τοίνυν
1299 2041 1425 2068 ἐκέλευσε
1438 2041 1482 2069 διὰ
1495 2042 1550 2069 τῶν
1563 2042 1724 2078 εἰρημένων,
1735 2042 1815 2070 τοῦτό
1824 2044 1893 2077 ἐστι,

1059 2085 1105 2112 τὸν
1118 2086 1265 2113 ὑπεύθυνον
1274 2086 1339 2112 ὅντα
1350 2086 1456 2122 μυρίοις
1468 2088 1563 2119 κακοῖς
1574 2087 1612 2123 μὴ
1625 2088 1723 2123 πικρὸν
1734 2085 1802 2114 εἶναι
1817 2089 1893 2116 δικαι-

1059 2130 1123 2164 στὴν
1150 2130 1204 2156 τῶν
1221 2130 1325 2165 ἑτέροις
1352 2130 1614 2166 πλημμελουμένων,
1634 2131 1682 2158 καὶ
1698 2131 1815 2166 μάλιστα
1828 2132 1893 2160 ὅταν

1059 2173 1145 2209 μικρὰ
1157 2171 1286 2211 ταῦτα·
1299 2174 1329 2200 οὐ
1340 2174 1370 2200 τὸ
1383 2174 1517 2210 ἐλέγχειν,
1532 2175 1592 2201 οὑδέ
1604 2174 1635 2201 τὸ
1647 2174 1769 2211 διορθοῦν
1777 2176 1892 2212 ἀνατρέ-

1057 2225 1125 2249 πων,
1136 2217 1203 2245 ἀλλὰ
1218 2217 1248 2244 τὸ
1262 2218 1317 2245 τῶν
1333 2218 1440 2245 οἰκείων
1464 2219 1575 2254 ἀμελεῖν
1587 2218 1710 2250 κωλύων,
1737 2219 1782 2246 καὶ
1795 2219 1825 2246 τὺ
1835 2221 1891 2252 τοῖς

1055 2260 1206 2296 ἀλλοτρίοις
1220 2261 1388 2289 ἐνάλλεσθαι.
1407 2262 1463 2289 Καὶ
1481 2262 1535 2298 γὰρ
1548 2263 1587 2294 εἰς
1603 2262 1726 2298 μεγάλην
1745 2263 1890 2291 ἐπιδιδόναι

1055 2305 1154 2331 κακίαν
1164 2305 1250 2331 ἐποίει
1268 2305 1358 2337 τοῦτο,
1372 2305 1469 2341 διπλῆν
1484 2306 1616 2341 πονηρίαν
1629 2307 1738 2341 εἰσάγον
1749 2307 1782 2334 ⁷⁸.
1800 2307 1828 2334 '0
1837 2307 1891 2343 γὰρ

1055 2348 1208 2385 μελετήσας
1223 2349 1335 2385 ἀμελεῖν
1350 2350 1399 2385 μὲν
1410 2350 1465 2377 τῶν
1480 2349 1575 2377 ἐαυτοῦ
1589 2350 1715 2385 μεγάλων
1729 2350 1823 2382 δντων,
1832 2351 1890 2384 ἐξε-

1055 2392 1146 2425 τάζειν
1157 2393 1186 2419 δὲ
1208 2393 1242 2420 τὰ
1257 2393 1358 2429 ἐτέρων
1369 2393 1476 2429 πικρῶς
1488 2394 1573 2431 μικρὰ
1591 2394 1655 2421 δντα
1667 2394 1714 2421 καὶ
1732 2395 1839 2430 εὐτελῆ,
1850 2395 1890 2422 δι-

1054 2436 1107 2472 πλῇ
1124 2437 1305 2473 διεφθείρετο·
1319 2437 1358 2472 τῷ
1369 2446 1399 2464 τε
1411 2437 1465 2465 τῶν
1476 2439 1584 2465 οἰκείων
1598 2440 1788 2474 καταφρονεῖν,
1804 2439 1844 2475 τῷ
1857 2447 1888 2466 τε

1053 2479 1153 2516 ἔχθρας
1172 2481 1219 2507 καὶ
1231 2481 1378 2516 ἀπεχθείας
1392 2482 1461 2517 πρὸς
1477 2482 1600 2514 ἅπαντας
1623 2482 1818 2518 ἀναδέχεσθαι,
1841 2483 1887 2510 καὶ

1053 2525 1092 2555 εἰς
1109 2523 1226 2559 ἐσχάτην
1242 2524 1373 2560 ὠμότητα
1395 2525 1444 2552 καὶ
1465 2525 1497 2552 τδ
1509 2526 1672 2561 ἀσυμπαθὲς
1685 2526 1747 2553 καθ’
1769 2526 1887 2562 ἑκάστην

1052 2565 1209 2601 ἀλείφεσθαι
1221 2568 1271 2602 τὴν
1285 2568 1401 2604 ἡμέραν.
1418 2569 1502 2596 Ταῦτ’
1524 2567 1571 2597 οὖν
1585 2569 1694 2597 ἀπάντα
1717 2569 1820 2597 ἀνελὼν
1842 2570 1887 2597 διὰ

1051 2611 1101 2646 τῆς
1117 2611 1203 2647 καλῆς
1218 2612 1319 2648 ταύτης
1341 2613 1501 2649 νομοθεσίας
1515 2634 1522 2646 ,
1542 2615 1666 2650 ἐπήγαγε
1687 2613 1768 2641 πάλιν
1792 2613 1885 2650 ἕτερον

1051 2655 1245 2691 παράγγελμα,
1273 2656 1359 2690 λέγων
1371 2665 1378 2673 ·
1397 2657 1446 2692 Μὴ
1476 2657 1550 2685 δῶτε
1567 2658 1602 2685 τὰ
1625 2658 1694 2693 ἅγια
1713 2659 1774 2691 τοῖς
1795 2657 1885 2691 κυσὶ,

1048 2698 1240 2733 μηὸὲρίψητε
1251 2700 1322 2733 τοὺς
1330 2701 1513 2737 μαργαρίτας
1524 2702 1547 2718 ⁷⁸
1557 2703 1727 2736 ἔμπροσθεν
1743 2701 1803 2728 τῶν
1821 2701 1884 2736 χοί-

1048 2751 1120 2776 ρων.
1135 2743 1266 2778 Καίτοιγε
1280 2744 1393 2779 προῖὼν,
1413 2745 1495 2781 φησὶν
1511 2746 1544 2780 ⁷⁷,
1563 2746 1705 2773 ἐκέλευσεν
1718 2753 1725 2760 ·
1745 2747 1781 2772 Ὃ
1795 2745 1885 2779 ἠκού-

985 2807 1105 2852 ιιετεειτι.
1133 2809 1432 2852 ⁶³τῑαραί⁵είκξειίεέἀ-,
1455 2811 1478 2852 tt
1490 2811 1676 2852 .E-."I'89
1692 2811 1883 2852 διορθιὲςομι·

164 2841 188 2857 η
200 2815 367 2850 ἰ’τουςιὶκαι
379 2815 443 2838 τους
525 2815 547 2847 ’ξ
560 2815 720 2878 κατηγορεῖν
730 2815 760 2834 υ.
771 2815 802 2835 υ.
815 2815 845 2834 ιι.
941 2816 970 2834 ου
985 2815 1053 2841 μετα
1065 2815 1094 2835 r'.
1133 2815 1156 2825 η
1166 2815 1337 2850 παραδώσεις
1347 2815 1414 2838 Edd.
1455 2815 1478 2854 ’ξ
1490 2815 1535 2839 Sic
1552 2815 1584 2838 Ε.
1597 2815 1676 2847 vulgo
1692 2815 1881 2852 διορθώσομαι.

164 2877 186 2891 ,τ
200 2842 324 2891 ’Ζέῗὲίέἃ
330 2842 501 2891 ἑηὲὲλρὲἰζδέ
514 2844 658 2891 ιτεξεεὶ
673 2842 859 2891 ρξεέὲλυξλδ
869 2843 914 2891 2-.
928 2862 955 2891 -..
973 2842 996 2858 ’⁸
1005 2843 1199 2891 mm;
1205 2845 1404 2891 “1.913.219.
1413 2845 1487 2891 0;}:-
1501 2847 1555 2891 Καὶ
1564 2847 1620 2891 ειεξιτ
1633 2847 1738 2891 mm”
1748 2846 1881 2891 15°99}:-

200 2877 249 2918 τῆς
259 2876 485 2918 ἀπολογίας-ΕΜ.
518 2878 546 2918 ³⁸⁸
553 2876 659 2918 καὶ-διά
670 2876 750 2918 τοῦτο
760 2877 790 2905 C.
807 2878 847 2918 διὸ
859 2876 921 2918 ,καὶ
936 2878 989 2918 E.“
1005 2879 1009 2892 '

1060 2876 1224 2918 n6aX:_§v_._
1247 2881 1270 2918 '_°
1281 2880 1486 2918 déekcpbvjﬁdq.
1502 2890 1557 2918 cog
1564 2876 1632 2918 Εᾴξί.
1670 2883 1692 2918 τ’
1705 2879 1840 2918 ωμένλεῐ

163 2912 186 2927 "
200 2912 246 2938 καὶ
255 2920 310 2939 om.
325 2912 356 2939 E.
372 2914 425 2939 τινὶ
443 2921 499 2940 om.
511 2912 543 2940 Α.
556 2913 587 2940 F.
608 2913 630 2928 ⁷³
643 2913 729 2948 ἑτέρῳ
744 2920 799 2940 om.
811 2914 842 2941 Δ,
858 2912 888 2939 Ι).
901 2913 932 2940 F.
969 2913 992 2928 ⁷³
1007 2924 1009 2938 Α

164 2951 192 2974 ει
210 2955 251 2976 Dr.
269 2947 299 2975 Β.
315 2947 438 2976 Correin
454 2948 567 2976 Μοιιιοί.
599 2948 623 2965 ⁷⁸
636 2947 819 2976 μαργαρίτας]
835 2947 897 2976 add.
913 2947 990 2976 ὑμῶν

1060 2922 1116 2944 »ους
1131 2913 1200 2941 Edd.
1215 2915 1325 2951 ἐτέρους
1336 2912 1526 2948 καταδικάζειν
1538 2917 1569 2944 Ε.
1588 2917 1612 2933 ⁷⁸
1626 2912 1745 2952 εἰσάγων
1756 2912 1833 2944 (ΖῘῙ).
1849 2917 1880 2944 F.

1060 2949 1078 2976 Ε.
1095 2948 1197 2976 Mosaa.
1235 2950 1257 2966 "
1273 2950 1353 2976 φησὶν
1367 2959 1420 2976 om.
1433 2951 1465 2976 A.
1478 2953 1579 2976 προῖὼν
1595 2953 1733 2976 ἐκέλευσε-
1745 2952 1833 2976 λέγων
1849 2951 1876 2976 E

164 2951 192 2974 el.
209 2955 251 2982 pr.
269 2947 299 2975 Β.
315 2947 438 2977 Correin
454 2948 567 2977 Moxnef.
599 2948 623 2965 ⁷⁸
636 2947 820 2984 μαργαρίτας]
835 2947 897 2976 add.
913 2947 990 2984 ὑμῶν
1008 2947 1029 2976 Β

1072 2967 1078 2976 .
1095 2948 1197 2985 Mosqq.
1235 2948 1353 2986 τ”φησὶν
1367 2959 1420 2979 om.
1433 2951 1465 2980 A.
1478 2953 1579 2990 προῖὼν
1595 2948 1734 2986 ἐκέλευσε,
1745 2952 1833 2988 λέγων
1848 2951 1876 2980 Ε
