2067 3132
187 149 238 177 309

188 206 264 234 cebat
274 225 282 238 ,
303 211 353 232 nec
365 211 419 231 non
432 211 482 231 eos
495 203 538 238 qui
562 203 760 230 innumerorum
773 202 813 231 rel
827 203 957 230 malorum
969 222 979 237 ,

189 251 311 279 innoxios
327 249 538 277 criminabantur
553 257 560 276 :
577 249 604 276 id
623 249 694 284 quod
707 249 788 276 etiam
803 249 846 276 hic
859 248 981 276 Christus

188 296 380 330 subindicavit,
397 303 448 323 nec
472 295 552 323 modo
565 295 752 328 subindicavit,
767 295 816 323 sed
829 299 857 323 et
868 295 980 322 multum

185 343 300 371 incussit
317 343 454 375 timorem,
468 341 615 376 indixitque
629 341 789 376 supplicium
815 340 978 368 inevitabile.

187 388 215 415 Ξ.
229 388 264 416 In
275 396 324 424 quo
338 388 405 416 enim
415 387 524 424 judicio,
539 387 640 422 inquit,
653 387 837 423 judicaveritis,
849 387 981 422 judicabi—

188 440 230 462 tur
241 435 272 462 de
284 435 363 463 vobis.
387 434 444 461 Non
458 434 528 461 enim
545 434 620 461 illum
640 433 812 467 condemnas,
825 432 919 468 inquit,
932 432 980 461 sed

187 481 313 516 tcipsum,
329 485 355 508 et
371 479 566 507 formidandum
578 479 625 506 tibi
640 486 718 514 paras
727 477 854 511 tribunal,
870 484 980 505 accura-

188 527 337 561 tioremque
372 525 535 553 reddendam
573 524 715 552 rationem.
750 523 979 558 Quemadmodum

187 572 258 600 enim
284 572 311 599 in
336 571 496 599 remissione
520 574 704 606 peccatorum,
718 569 851 606 principia
874 577 888 595 a
903 569 980 597 nobis

187 622 325 653 petuntur,
341 617 379 645 sic
389 617 451 645 etin
465 616 517 644 hoc
529 615 639 651 judicio,
655 615 834 643 damnationis
848 621 980 642 mensurae

188 670 323 701 portantur
337 672 352 692 a
367 664 454 692 nobis.
479 663 537 691 Non
560 663 631 691 enim
644 661 806 697 exprobrare
820 665 925 696 oportet
938 661 980 689 vel

187 711 328 744 insultare,
339 710 387 738 sed
397 710 542 738 admonere
555 718 561 735 :
577 717 630 737 non
645 708 813 740 maledicere,
828 707 873 736 sed
885 707 979 736 consi-

187 757 253 785 lium
276 758 341 785 dare
355 766 361 784 :
376 764 426 785 nec
444 759 602 791 arroganter
612 755 749 790 insurgere
762 775 769 789 ,
786 753 832 782 sed
843 762 905 782 cum
914 754 981 781 dile-

187 804 279 832 ctione
303 803 448 839 corrigere.
472 802 530 830 Non
553 802 625 830 enim
649 801 734 834 illum,
758 801 805 829 sed
821 805 980 829 teextremo

187 850 277 878 trades
291 849 431 884 supplicio,
445 848 509 876 dum
522 856 575 876 non
586 847 674 883 parcis
685 847 724 875 illi
734 846 842 882 quando
856 845 976 881 oportuit

185 895 221 924 de
232 896 303 923 illius
315 895 419 923 delictis
431 894 501 922 terre
510 894 680 922 sententiam.

221 942 249 969 2.
263 941 356 969 Viden'
365 940 498 976 quomodo
512 940 569 967 haec
582 939 636 967 duo
647 943 778 974 praecepta
790 943 817 966 et
832 938 899 966 levia
914 937 976 970 sint,

185 995 214 1018 et
228 996 384 1025 magnorum
407 987 616 1026 obsequentibus
629 993 718 1014 causae
740 986 881 1017 bonorum,
908 988 980 1012 utet

187 1035 319 1063 malorum
341 1041 395 1062 non
416 1032 640 1061 attendentibus?
659 1031 725 1060 Nam
745 1036 773 1059 et
792 1032 837 1067 qui
857 1030 979 1066 proximo

185 1081 307 1114 dimittit,
320 1088 350 1108 se
365 1080 449 1115 magis
468 1087 547 1114 quam
561 1079 636 1106 illum
650 1079 709 1106 sine
721 1078 775 1105 ullo
789 1077 879 1105 labore
899 1077 978 1104 reati-

185 1127 237 1155 bus
250 1127 365 1159 liberat;
381 1131 408 1153 et
420 1125 467 1161 qui
482 1125 650 1160 indulgenter
665 1128 773 1158 peccata
786 1123 898 1151 aliorum
916 1129 979 1150 exa-

186 1175 272 1203 minat
286 1194 294 1206 ,
318 1181 441 1208 magnum
467 1172 517 1200 sibi
541 1172 629 1200 venia:
655 1171 763 1199 fmnns‘
779 1179 812 1198 ex
835 1170 879 1198 tali
898 1170 979 1197 allato

185 1221 293 1249 calculo
307 1224 391 1255 parat.
407 1218 476 1253 Quid
492 1218 580 1253 igitur,
596 1218 711 1252 inquies,
724 1218 748 1245 si
763 1217 906 1244 fornicatus
920 1216 978 1243 tue-

186 1268 222 1296 rit
234 1267 245 1294 ?
259 1275 311 1294 non
323 1266 409 1294 dicam
421 1265 518 1293 malam
529 1272 584 1292 rem
596 1272 656 1292 esse
669 1264 879 1295 fornicationem,
892 1269 979 1298 neque

186 1313 331 1348 corripiam
353 1311 560 1340 lascivientem?
578 1310 690 1346 Corripe
713 1310 832 1346 quidem,
855 1309 902 1338 sed
926 1317 978 1336 non

187 1365 217 1387 ut
239 1358 324 1386 hostis
345 1358 386 1386 vel
406 1357 530 1385 inimicus
554 1357 684 1384 ultionem
706 1363 864 1391 exposcens,
888 1354 935 1383 sed
951 1359 979 1382 ut

187 1405 308 1433 medicus
325 1403 444 1432 remedia
465 1409 608 1438 apparens.
632 1401 725 1436 Neque
747 1402 817 1430 enim
841 1401 917 1434 dixit,
940 1399 979 1428 Ne

186 1451 315 1480 cohibeas
339 1454 505 1485 peccantem,
530 1448 589 1481 sed,
614 1447 653 1475 Ne
674 1447 778 1483 iudices
794 1455 801 1475 :
816 1447 842 1475 id
861 1452 912 1480 est,
940 1446 980 1475 Ne

187 1498 301 1525 acerbus
311 1496 348 1524 sis
359 1495 452 1531 iudex.
466 1495 591 1530 Alioquin
605 1499 694 1522 autem
705 1502 758 1522 non
773 1494 807 1522 de
819 1493 921 1529 magnis
933 1501 978 1521 re-

188 1543 239 1571 bus
250 1548 296 1571 aut
307 1542 460 1578 prohibitis,
475 1541 578 1574 utdixi,
593 1540 640 1569 sed
651 1541 685 1569 de
700 1541 731 1568 iis
745 1548 805 1576 quae
819 1548 872 1567 non
888 1539 980 1567 viden-

189 1595 233 1617 tur
243 1597 304 1617 esse
313 1589 437 1622 crimina,
453 1587 504 1615 hoc
517 1587 617 1615 dictum
633 1586 691 1614 fuit.
708 1586 885 1621 Quamobrem
904 1585 979 1613 dice-

188 1636 234 1664 bat
247 1645 255 1663 :
269 1636 296 1663 5.
308 1634 376 1669 Quid
383 1634 452 1662 vides
461 1636 582 1669 festucam
589 1633 616 1661 in
624 1633 696 1661 oculo
706 1633 792 1669 fratris
808 1633 844 1660 tui
854 1633 867 1660 ?
876 1632 979 1660 Etenim

188 1681 266 1709 multi
290 1688 362 1709 nunc
383 1680 410 1708 id
432 1679 549 1713 faciunt,
575 1679 621 1714 qui
643 1679 666 1707 si
683 1679 798 1707 viderint
819 1678 979 1707 monachum

188 1726 325 1761 superﬂuo
351 1726 448 1754 vestitu
477 1725 597 1753 indutum
613 1745 621 1758 ,
645 1725 731 1760 legem
759 1725 796 1753 illi
820 1724 979 1753 dominicam

189 1772 335 1807 objiciunt,
349 1772 412 1800 licet
425 1771 474 1806 ipsi
487 1770 567 1799 millia
581 1771 730 1806 abripiant,
756 1778 788 1799 ac
807 1770 927 1805 quotidie
940 1770 982 1798 di-

187 1819 268 1847 vitias
287 1818 479 1846 accumulent:
499 1822 526 1845 et
547 1817 570 1845 si
590 1816 704 1845 viderint
716 1817 830 1852 largiore
851 1817 889 1844 uti
903 1816 979 1850 cibo,

188 1864 279 1892 acerbi
292 1864 393 1891 instant
404 1867 584 1896 accusatores,
600 1863 663 1891 licet
672 1863 790 1898 quotidie
802 1862 851 1898 ipsi
864 1862 981 1898 crapula:

187 1914 215 1937 et
227 1909 350 1938 ebrietati
365 1908 429 1936 dent
438 1916 556 1944 operam,
571 1908 724 1944 ignorantes
740 1916 770 1936 se
787 1909 901 1944 propriis
911 1916 980 1936 onu-

188 1960 246 1983 stus
260 1954 386 1991 peccatis,
404 1954 532 1989 majorem
552 1953 614 1981 hinc
626 1954 676 1982 sibi
687 1954 774 1990 ignem
791 1954 916 1990 colligere
927 1975 935 1988 ,
949 1962 981 1982 ac

188 2009 250 2030 sese
264 2001 337 2029 omni
353 2001 524 2030 excusatione
536 2001 651 2036 privare.
667 2001 742 2035 Quod
762 2001 833 2029 enim
845 2006 889 2029 tua
903 2008 982 2029 accu-

189 2055 248 2077 rate
261 2049 315 2077 sint
334 2048 525 2081 examinanda,
541 2052 570 2075 tu
582 2048 656 2083 prius
671 2048 739 2076 hanc
752 2048 836 2083 legem
851 2048 961 2083 posuisti
971 2068 980 2080 ,

188 2102 250 2122 cum
265 2095 300 2122 ita
308 2094 342 2122 de
352 2093 473 2129 proximo
484 2098 529 2121 tuo
536 2093 669 2129 iudicasti.
680 2093 719 2121 Ne
730 2094 819 2128 itaque
828 2093 891 2121 illud
901 2101 982 2129 grave

189 2147 254 2168 esse
273 2140 430 2173 existimes,
451 2140 474 2167 si
497 2139 566 2167 tales
580 2144 607 2167 et
628 2138 686 2174 ipse
705 2147 797 2175 poenas
809 2140 920 2168 daturus
932 2140 980 2168 sis.

190 2187 217 2214 5.
238 2186 397 2222 Hypanim,
420 2185 483 2221 ejice
506 2186 588 2221 primo
603 2185 698 2213 trabem
711 2193 744 2213 ea:
765 2185 839 2213 oculo
853 2190 907 2213 tuo.
932 2186 981 2214 Hic

191 2234 259 2261 iram
278 2233 336 2260 vult
357 2232 484 2261 exhibere
503 2232 661 2268 plurimam,
684 2240 763 2268 quam
782 2233 899 2268 concipit
916 2241 982 2269 erga

189 2279 249 2306 illos
268 2279 313 2314 qui
338 2278 383 2305 tali
406 2285 436 2306 se
455 2282 551 2313 gerunt
570 2277 661 2306 modo.
676 2277 742 2305 Nam
764 2279 982 2314 quotieswmque

189 2325 246 2352 vult
264 2324 406 2352 ostendere
425 2331 548 2359 magnum
571 2331 632 2351 esse
647 2327 783 2358 peccatum
794 2344 802 2357 ,
818 2323 981 2359 multamque

190 2377 296 2405 poenam
310 2374 338 2397 et
351 2369 479 2397 ultionem
494 2369 544 2404 ipsi
558 2373 687 2404 paratam,
703 2377 718 2396 a
732 2369 853 2397 convicio
865 2369 979 2397 orditur.

191 2414 422 2449 Quemadmodum
440 2418 469 2442 et
480 2418 572 2442 contra
585 2414 660 2442 illum
673 2414 718 2449 qui
734 2419 843 2443 centum
857 2414 982 2444 denarios

191 2461 330 2496 exigebat,
348 2461 491 2496 indignans
513 2460 618 2488 dicebat
641 2469 648 2487 :
669 2459 748 2488 Serve
770 2468 885 2495 nequam,
909 2468 983 2488 omne

191 2506 301 2533 debitum
311 2506 378 2533 illud
397 2506 483 2533 dimisi
503 2506 547 2533 tibi
561 2506 571 2541 (
580 2506 671 2533 Matth.
688 2506 731 2534 18.
745 2506 801 2542 52)
815 2516 823 2534 :
839 2508 878 2535 sic
891 2511 918 2535 et
930 2507 982 2536 hoc

192 2553 252 2580 loco
275 2553 353 2585 dicit,
379 2552 529 2588 Hypocrila.
554 2552 610 2580 Non
632 2553 703 2581 enim
725 2561 815 2581 curam
834 2555 901 2589 ωηυί
924 2554 982 2583 haec

192 2594 323 2626 sententia
348 2600 472 2631 exhibet,
497 2599 543 2627 sed
567 2599 806 2633 inliumanitatem;
832 2605 860 2628 et
880 2601 980 2629 larvam

192 2645 298 2680 quidem
314 2644 488 2672 humanitatis
501 2653 556 2676 prze
570 2653 600 2673 se
611 2645 672 2679 fert,
688 2650 835 2674 extremam
851 2655 915 2675 vero
935 2655 982 2675 ne-

192 2691 303 2724 quitiam
322 2695 448 2722 exercet,
471 2691 533 2717 dum
549 2691 681 2725 superflua
703 2691 826 2726 proximo
839 2693 982 2728 opprobria

191 2739 272 2770 atque
290 2735 403 2763 crimina
426 2735 538 2771 afﬁngit,
561 2741 588 2764 et
611 2736 700 2763 locum
721 2737 839 2772 magistri
860 2738 980 2773 invadit,

191 2782 235 2817 qui
267 2789 321 2809 non
343 2782 439 2817 dignus
468 2788 509 2810 est
531 2790 591 2810 esse
615 2783 759 2818 discipulus
778 2792 786 2811 :
806 2785 981 2819 quamobrem

191 2828 359 2864 bypocritam
374 2828 449 2856 illum
459 2828 572 2856 vocavit.
587 2828 652 2856 Nam
663 2829 707 2864 qui
721 2829 747 2857 in
758 2829 851 2859 alienis
861 2830 898 2860 ita
911 2839 982 2861 acer-

223 2884 232 2900 '
249 2883 307 2917 Alii,
317 2890 429 2916 magnam
439 2883 486 2911 sibi
492 2884 566 2911 vertite
576 2883 733 2917 largitionem.

664 140 919 175 lN‘MATTHzEUM
939 144 1054 173 llG’LilL.
1075 145 1158 174 XXII]
1183 147 1218 174 al.
1241 147 1333 174 XXIV.

1778 154 1829 181 5m

1037 202 1086 230 bus
1098 211 1136 233 es,
1160 209 1188 232 ut
1199 205 1281 232 etiam
1301 206 1393 240 exigua
1409 207 1498 235 videas
1509 229 1515 240 ,
1531 211 1664 244 quomodo
1686 212 1710 238 iu
1729 214 1780 239 Itll.‘
1795 215 1828 241 ita

1035 249 1171 284 negligens
1183 250 1267 284 fuisti,
1285 256 1313 279 ut
1325 253 1404 280 etiam
1418 261 1511 289 magna
1521 260 1718 285 transcurreres
1732 258 1742 285 ’ἒ
1757 259 1830 294 Ejus

1036 296 1145 329 primum
1167 296 1262 324 trabem
1277 298 1309 325 de
1323 300 1397 326 oculo
1410 304 1463 327 tuo.
1485 300 1577 329 Vidcn‘
1589 303 1660 337 quod
1683 311 1735 331 non
1757 310 1828 332 vetet

1032 341 1162 376 judicare,
1176 344 1224 370 sed
1236 343 1330 378 jubeat
1343 345 1456 380 primunt
1472 347 1572 381 ejicere
1587 349 1688 376 trabem
1703 358 1737 377 ex
1749 350 1828 378 oculo

1035 392 1090 420 tuo,
1104 392 1132 415 et
1147 393 1210 416 tunc
1230 390 1343 417 aliorum
1355 396 1442 419 errata
1456 393 1600 428 corrigere.
1616 394 1681 422 Nam
1695 403 1741 423 sua
1755 397 1830 431 quis-

1034 440 1086 467 que
1101 434 1186 468 magis
1208 435 1282 462 novit
1297 443 1376 470 quam
1396 437 1483 465 aliena
1494 459 1501 471 ,
1519 443 1546 465 et
1569 439 1669 474 majora
1684 440 1756 468 videt
1769 442 1828 476 plus

1033 486 1112 512 quam
1126 479 1247 513 minora,
1267 488 1349 517 seque
1370 483 1455 518 magis
1478 490 1550 512 amat
1564 492 1644 520 quam
1664 487 1825 521 proximum.

1033 521 1124 559 Itaque
1135 525 1158 552 si
1169 533 1259 553 curam
1271 535 1367 562 gerens
1381 529 1406 556 id
1422 528 1498 565 facis,
1514 531 1549 558 tui
1563 539 1653 559 curam
1665 541 1727 565 gere
1741 535 1824 568 prius,

1033 570 1077 597 ubi
1092 575 1119 598 et
1129 571 1226 599 clarius
1238 577 1265 600 et
1287 573 1372 609 majus
1385 579 1427 602 est
1442 581 1590 610 peccatum.
1605 577 1681 611 Quod
1694 579 1715 606 si
1731 583 1827 607 temet-

1033 618 1119 652 ipsum
1138 619 1287 648 contemnis
1299 641 1306 652 ,
1322 621 1409 655 palam
1434 627 1475 650 est
1502 627 1528 651 te
1550 632 1602 651 non
1618 624 1678 652 ideo
1691 625 1726 653 de
1744 626 1827 654 fratre

1033 668 1078 691 tuo
1089 664 1210 699 judicare
1219 686 1226 698 ,
1248 666 1319 702 quod
1331 667 1389 702 ejus
1404 676 1494 696 curam
1507 675 1585 705 geras
1596 691 1603 702 ,
1619 671 1666 698 sed
1679 673 1749 706 quod
1763 672 1826 699 odio

1033 711 1133 739 habeas
1153 717 1180 740 et
1197 712 1336 741 diﬂ‘amare
1355 715 1430 742 velis.
1450 715 1478 743 Si
1493 717 1565 744 enim
1585 722 1708 752 oporteat
1722 718 1756 745 de
1779 718 1824 746 illo

1029 756 1153 790 iudicari,
1178 757 1212 785 ab
1234 766 1267 786 eo
1281 758 1411 794 judicium
1436 761 1589 797 ferendum,
1616 765 1661 797 qui
1686 763 1751 790 nihil
1773 764 1825 791 tale

1031 804 1184 838 commisit,
1205 812 1258 833 non
1281 813 1297 833 a
1320 811 1355 834 te.
1375 807 1440 841 Quia
1461 808 1532 836 enim
1552 817 1646 845 magna
1661 815 1688 838 et
1701 811 1825 840 sublimia

1032 850 1121 885 posuit
1133 850 1306 887 philosophia:
1326 853 1465 889 dogmata,
1482 863 1515 882 ne
1528 856 1588 891 quis
1602 856 1718 890 diceret,
1733 858 1759 885 in
1773 858 1824 886 illis

1030 904 1156 925 sermone
1176 897 1361 933 philosophari
1377 899 1455 928 facile
1468 908 1528 929 esse
1538 922 1546 935 ,
1561 907 1591 929 ut
1608 901 1720 930 ﬁdenter
1734 909 1825 931 osten—

1031 943 1093 977 dat,
1109 951 1138 972 se
1151 944 1176 971 in
1191 952 1271 980 supra
1284 945 1415 974 dictorum
1431 947 1504 975 nullo
1515 949 1611 976 rationi
1623 949 1764 977 reddendae
1776 950 1825 977 ob-

1032 989 1140 1016 noxium
1151 997 1211 1018 esse
1223 1011 1231 1023 ,
1245 990 1291 1018 sed
1303 992 1392 1019 omnia
1405 992 1551 1028 perfecisse
1568 1003 1575 1020 :
1587 994 1655 1022 hanc
1669 995 1822 1030 parabolam

1030 1032 1109 1062 dixit.
1134 1035 1201 1064 Nam
1226 1037 1284 1071 ipse
1304 1045 1411 1073 quoque
1436 1044 1528 1074 postea
1547 1045 1605 1068 erat
1627 1041 1794 1075 iudicaturus
1815 1052 1822 1069 :

1036 1081 1080 1109 Va:
1088 1083 1164 1115 vobis,
1173 1083 1262 1110 scriba:
1270 1089 1292 1110 et
1305 1084 1430 1112 Pharisari
1441 1085 1578 1122 hypocrin
1590 1087 1698 1122 (.llault.
1709 1088 1754 1116 25.
1765 1089 1823 1124 Η),

1031 1127 1116 1162 inquit
1130 1136 1137 1160 ;
1152 1133 1179 1155 at
1194 1128 1239 1156 ille
1253 1137 1305 1157 non
1316 1135 1375 1158 erat
1393 1130 1456 1164 illis,
1470 1139 1530 1167 quae
1543 1132 1658 1165 dicebat,
1673 1134 1822 1161 obnoxius:

1031 1180 1117 1207 neque
1131 1174 1200 1200 enim
1215 1173 1344 1202 festucam
1358 1175 1481 1210 eiecerat,
1503 1185 1590 1213 neque
1603 1179 1704 1206 trabem
1720 1180 1746 1206 in
1760 1187 1824 1207 ocu-

1030 1218 1064 1246 lis
1080 1219 1195 1248 habebat
1212 1230 1218 1253 ;
1235 1221 1282 1248 sed
1297 1222 1323 1248 in
1339 1222 1380 1249 his
1393 1223 1518 1250 omnibus
1532 1223 1624 1251 insons
1636 1231 1661 1252 et
1677 1233 1770 1259 purus,
1785 1225 1824 1253 sic

1030 1266 1149 1294 omnium
1170 1272 1277 1302 peccata
1297 1268 1456 1304 corrigebat.
1472 1269 1564 1305 Neque
1576 1271 1647 1298 enim
1661 1271 1741 1299 debet
1754 1272 1776 1299 is
1789 1271 1824 1299 de

1030 1312 1134 1339 caeteris
1153 1312 1282 1347 judicare,
1294 1314 1339 1349 qui
1353 1314 1447 1342 iisdem
1461 1315 1545 1351 culpis
1561 1316 1617 1351 ipse
1630 1318 1665 1346 sit
1678 1318 1819 1346 obnoxius.

1032 1359 1066 1386 Et
1079 1358 1143 1394 quid
1157 1359 1272 1392 miraris,
1286 1361 1308 1388 si
1321 1360 1389 1389 hanc
1405 1361 1463 1397 ipse
1473 1362 1558 1398 legem
1573 1363 1701 1398 posuerit,
1717 1365 1824 1400 quando

1031 1405 1100 1432 latro
1114 1405 1140 1432 in
1155 1413 1235 1433 cruce
1258 1405 1343 1441 ipsam
1358 1407 1481 1442 agnovit,
1495 1415 1555 1435 cum
1571 1408 1649 1436 alteri
1666 1410 1761 1437 latroni
1777 1411 1822 1438 di—

1030 1456 1105 1479 ceret
1118 1460 1125 1480 :
1141 1451 1231 1486 Neque
1247 1456 1275 1479 tu
1287 1453 1359 1480 times
1378 1453 1460 1481 Deum
1476 1462 1486 1481 ι
1498 1454 1566 1490 quod
1578 1463 1624 1482 nos
1636 1456 1662 1483 in
1676 1456 1765 1484 eadem
1775 1457 1823 1484 da-

1030 1498 1159 1525 mnatione
1166 1506 1253 1526 sumus
1264 1498 1339 1535 (Luc.
1350 1499 1395 1527 25.
1410 1499 1455 1534 40)
1472 1509 1478 1527 :
1492 1500 1591 1529 Christi
1606 1503 1744 1530 sententia:
1756 1510 1822 1530 con-

1030 1551 1096 1571 sona
1111 1544 1225 1572 dicens?
1246 1545 1285 1572 Tu
1302 1553 1366 1573 vero
1387 1546 1488 1574 trabem
1509 1551 1581 1574 tuam
1601 1555 1654 1575 non
1674 1549 1753 1576 modo
1769 1557 1822 1577 non

1030 1590 1120 1626 eiicis,
1144 1591 1191 1618 sed
1213 1599 1246 1618 ne
1266 1591 1340 1619 vides
1361 1592 1469 1627 quidem
1483 1601 1491 1625 ;
1504 1593 1594 1621 fratris
1617 1601 1681 1621 vero
1696 1594 1822 1623 festucam

1031 1645 1084 1664 non
1100 1637 1180 1665 modo
1194 1637 1284 1670 vides,
1298 1638 1346 1666 sed
1361 1638 1476 1673 iudicas,
1499 1639 1622 1674 illamque
1637 1640 1734 1675 ejicere
1743 1648 1824 1668 cona-

1031 1683 1069 1710 ris
1084 1690 1090 1709 :
1104 1690 1136 1710 ac
1153 1683 1175 1710 si
1191 1683 1251 1719 quis
1265 1688 1310 1711 aut
1322 1684 1469 1720 hydropisi,
1486 1690 1532 1712 aut
1543 1686 1596 1713 alio
1610 1687 1702 1716 morbo
1716 1687 1823 1715 incura-

1032 1728 1078 1755 bili
1089 1728 1232 1756 admodum
1253 1729 1395 1763 laborans,
1410 1730 1435 1758 id
1451 1731 1615 1766 negligerct.
1637 1732 1823 1768 ineusaretque

1031 1774 1111 1802 alium
1125 1775 1170 1810 qui
1186 1775 1271 1804 levem
1288 1776 1405 1812 aliquem
1428 1782 1558 1805 tumorem
1580 1786 1632 1806 tton
1651 1785 1769 1807 curaret.
1794 1780 1822 1807 Si

1032 1829 1097 1850 vero
1114 1823 1214 1851 malum
1234 1827 1276 1851 est
1289 1831 1336 1851 sua
1356 1829 1464 1859 peccata
1479 1832 1531 1851 non
1545 1825 1649 1858 videre,
1664 1825 1760 1861 duplex
1777 1826 1823 1853 tri-

1032 1870 1147 1906 plexque
1158 1871 1255 1899 malum
1270 1875 1312 1898 est
1324 1871 1360 1899 de
1374 1871 1434 1899 aliis
1444 1871 1563 1906 judicare
1573 1879 1630 1905 eos,
1642 1872 1686 1908 qui
1697 1873 1755 1900 sine
1769 1873 1824 1900 ullo

1032 1915 1132 1944 doloris
1145 1924 1225 1945 sensu
1240 1917 1331 1945 trabes
1343 1917 1370 1945 in
1389 1918 1473 1946 oculis
1485 1918 1541 1946 suis
1551 1923 1667 1953 gestant.
1681 1918 1824 1947 Peccatum

1032 1963 1129 1998 quippe
1140 1963 1214 1992 trahe
1225 1963 1333 1999 gravius
1346 1969 1396 1992 est.

1068 2011 1095 2038 5.
1115 2009 1230 2038 Christus
1244 2019 1295 2038 non
1307 2015 1372 2038 vetat
1387 2011 1452 2039 alios
1471 2019 1591 2047 arguere,
1605 2012 1650 2040 sed
1663 2013 1724 2047 quid
1737 2013 1822 2040 uetat?

1034 2056 1191 2092 Explanatia
1215 2057 1294 2089 illius,
1308 2057 1395 2085 Nolite
1421 2057 1486 2085 dare
1510 2062 1601 2085 sancta
1625 2059 1752 2092 canibus,
1772 2065 1820 2086 etc.

1034 2103 1158 2138 Myateria
1177 2110 1223 2130 cur
1236 2103 1326 2138 januis
1344 2103 1438 2130 clausis
1451 2103 1642 2130 celebrarentur.
1660 2119 1693 2124 —
1704 2104 1759 2131 Hoc
1772 2104 1822 2139 igi--

1034 2154 1076 2181 tur
1089 2156 1137 2184 per
1149 2156 1180 2176 ea
1194 2157 1254 2184 qua:
1267 2149 1338 2176 dicta
1352 2153 1415 2176 sunt
1429 2150 1556 2184 praecepit
1566 2170 1573 2182 ,
1592 2158 1690 2185 nempe
1702 2158 1763 2178 eum
1777 2151 1822 2185 qui

1033 2195 1168 2223 sexcentis
1182 2195 1254 2222 vitiis
1268 2195 1303 2222 sit
1315 2194 1457 2228 obnoxius,
1471 2196 1565 2223 aliena:
1580 2196 1665 2231 culpa:
1676 2204 1728 2223 non
1743 2204 1822 2224 seve-

1033 2249 1092 2270 rum
1106 2249 1167 2270 esse
1181 2241 1300 2276 iudicem
1315 2247 1451 2277 oportere,
1466 2243 1488 2269 si
1505 2242 1620 2270 maxime
1632 2243 1746 2270 aliorum
1757 2250 1822 2278 pec-

1032 2293 1090 2316 cata
1104 2288 1232 2316 sintlevia
1249 2298 1256 2315 :
1273 2295 1324 2316 non
1335 2288 1407 2324 quod
1421 2292 1492 2316 vetet
1506 2296 1618 2324 arguere
1626 2293 1653 2317 et
1669 2289 1820 2322 emendare,

1033 2334 1080 2362 sed
1095 2334 1166 2370 quod
1181 2334 1319 2369 prohibeat
1333 2334 1438 2369 propria
1455 2334 1524 2362 mala
1535 2335 1678 2370 negligere,
1692 2339 1719 2362 et
1728 2335 1823 2363 alienis

1033 2382 1169 2410 inSultare.
1183 2381 1288 2410 Etenim
1304 2381 1367 2409 illud
1384 2382 1409 2409 in
1427 2389 1552 2416 magnum
1562 2387 1684 2417 vergeret
1698 2383 1823 2418 nequitiae

1032 2432 1215 2464 augmentum,
1230 2427 1419 2463 duplicemque
1438 2427 1575 2455 inveheret
1598 2428 1736 2455 malitiam.
1756 2428 1822 2456 Nam

1033 2474 1078 2509 qui
1089 2473 1206 2509 peccatis
1215 2473 1281 2506 suis,
1295 2473 1346 2500 etsi
1359 2472 1494 2508 gravibus,
1509 2473 1648 2509 neglectis,
1661 2473 1773 2503 aliorum
1785 2474 1823 2501 vi-

1034 2520 1070 2547 tia
1094 2526 1175 2554 parva
1199 2518 1320 2555 levisque
1342 2519 1465 2547 acerbius
1489 2519 1622 2547 discutere
1646 2520 1781 2554 studeret,
1797 2522 1822 2549 in

1033 2565 1166 2600 duplicem
1187 2565 1336 2592 incurreret
1349 2565 1435 2592 labem
1448 2573 1455 2598 ;
1469 2565 1577 2600 etquod
1595 2566 1701 2601 propria
1715 2573 1822 2601 peccata

1033 2610 1181 2645 negligeret
1204 2614 1440 2645 contemneretque
1452 2630 1460 2642 ,
1476 2614 1503 2638 et
1516 2610 1588 2646 quod
1603 2612 1721 2639 omnium
1736 2612 1823 2640 otl‘eu-

1033 2657 1136 2684 sionem
1164 2656 1382 2691 inimieitiamque
1407 2656 1433 2683 in
1458 2663 1488 2683 se
1511 2657 1673 2691 concitaret,
1695 2662 1775 2694 atque
1798 2659 1823 2687 iu

1034 2706 1180 2729 extremam
1198 2701 1417 2728 inlntmanitatem
1433 2701 1619 2738 feritatemque
1629 2704 1749 2739 quotidie
1762 2713 1824 2740 pro-

1033 2746 1152 2774 cederet.
1175 2746 1222 2774 His
1237 2747 1325 2781 itaque
1344 2746 1468 2774 omnibus
1482 2756 1530 2783 per
1545 2748 1613 2776 hanc
1628 2750 1766 2784 pulchram
1787 2752 1824 2778 le-

1033 2799 1093 2827 gem
1107 2791 1229 2824 sublatis,
1245 2792 1297 2819 hoc
1306 2792 1377 2819 aliud
1389 2793 1524 2829 subiungit
1538 2800 1698 2830 praeceptum
1711 2804 1718 2822 :
1732 2796 1757 2823 6.
1772 2796 1823 2823 Νο-

1035 2841 1078 2865 lite
1097 2843 1184 2865 sancta
1199 2838 1261 2865 dare
1274 2839 1396 2872 canibus,
1416 2847 1494 2874 neque
1516 2841 1658 2877 projiciatis
1671 2843 1823 2878 margaritas

1034 2888 1127 2912 vestras
1138 2888 1197 2912 ante
1208 2891 1299 2921 porcas
1310 2883 1320 2923 (
1331 2883 1424 2913 Matth.
1442 2886 1485 2915 10.
1501 2886 1565 2925 27).
1577 2887 1655 2924 Atqui
1670 2889 1695 2916 in
1708 2896 1825 2923 sequen-
