2067 3132
230 144 279 172 511

227 204 300 230 tibus
313 223 319 234 ,
336 202 440 238 inquies
453 223 461 235 ,
480 203 620 239 prmcipit,
640 203 673 230 Et
686 204 753 238 quod
770 205 798 231 in
819 212 882 231 aure
902 204 996 231 auditis
1008 225 1016 238 ,

228 249 365 283 pradicate
374 257 451 284 super
463 253 537 276 tecta.
555 249 651 276 Verum
665 249 717 276 hoc
733 249 813 284 priori
832 257 885 277 non
900 254 941 277 est
953 257 1020 277 con-

229 295 350 322 trarium.
376 294 466 330 Neque
486 294 539 322 illic
560 295 684 322 omnibus
703 295 780 329 jubet
800 295 955 329 praedicare,
972 296 1019 323 sed

228 341 260 368 iis
279 336 378 376 quibus
390 341 588 376 praedicandum
604 346 660 375 est,
682 350 741 369 cum
756 341 851 370 ﬁducia
873 342 899 370 id
918 341 1018 371 facere.

223 386 313 414 Canes
327 391 414 415 autem
429 387 473 415 hic
483 392 561 416 vocat
571 388 614 423 qui
631 389 655 416 in
671 388 807 423 impietate
821 387 902 416 vitam
918 389 1020 417 ducunt

227 433 374 464 iucurabili.
389 438 417 461 et
434 433 460 461 in
473 434 569 470 quibus
584 441 645 469 spes
663 435 734 462 nulla
747 436 903 463 mutationis
922 438 949 463 in
966 443 1020 464 me-

224 479 287 506 lius.
313 479 413 507 Porcos
431 488 495 507 vero
510 480 569 507 illos
584 481 627 515 qui
645 480 750 508 luxuria
766 481 895 515 perditam
911 489 1018 517 semper

224 525 307 552 vitam
322 532 414 560 agunt,
429 533 497 560 quos
508 533 602 554 omnes
615 526 767 561 hnjusmodi
779 527 898 555 doctrina
913 528 1019 556 dicebat

226 571 358 606 indignos.
375 571 431 599 Hoc
445 572 515 599 enim
531 573 611 600 etiam
632 573 730 600 Paulus
745 574 877 609 signiﬁcat
895 574 937 602 his
955 583 1018 603 ver-

225 617 265 644 bis
281 628 287 644 :
306 617 431 644 Animalis
444 623 529 644 autem
551 618 625 646 Itonia
638 627 688 646 non
707 620 814 655 percipit
835 629 864 648 ea
882 629 939 656 qtae
953 621 1017 656 Spi-

224 663 288 689 ritus
301 668 360 689 sunt
373 671 383 690 :
399 663 506 690 stultitia
520 664 585 690 enim
602 669 638 692 est
650 665 690 692 illi
705 666 744 700 (l.
756 665 815 693 Cor.
829 666 857 694 2.
873 667 930 703 M).
946 667 1016 695 Alibi

223 715 329 742 quoque
349 715 422 742 smpe
442 708 508 736 dicit
530 710 591 737 vita:
611 711 809 746 corruptionem
824 712 851 739 in
864 720 944 740 causa
957 720 1017 741 esse

223 761 271 780 cur
284 754 439 788 perfectiora
449 755 572 790 dogmata
589 763 640 783 non
657 757 827 791 recipiantur.
844 757 932 792 Quare
943 763 1017 786 vetat

223 800 287 835 ipsis
307 801 403 836 januas
420 802 517 836 aperiri
535 803 685 838 :siqnidem
704 808 841 839 postquam
859 804 1015 839 didicerint,

224 846 369 875 ferociores
395 848 522 876 evadunt.
545 849 608 877 Haec
635 850 743 885 quidem
766 851 856 885 probis
875 859 907 879 ac
925 856 1016 880 mente

223 894 373 921 valentibus
386 895 501 922 revelata
512 916 519 928 ,
535 896 686 924 veneranda
700 896 824 925 videntur
840 906 846 924 :
860 898 1015 926 socordibus

224 947 287 967 vero
302 941 385 976 magis
401 942 565 969 honorantur
581 942 710 977 ignorata.
729 942 763 970 lis
783 943 862 978 igitur
879 944 941 979 quia
961 952 1015 971 non

223 991 334 1020 possunt
346 995 380 1014 es
401 992 493 1015 natura
512 988 557 1015 illa
573 988 704 1022 ediscere,
719 989 896 1023 occultentur,
918 990 1014 1025 inquit,

223 1038 251 1060 ut
269 1034 361 1062 saltem
373 1042 407 1061 ex
420 1034 570 1070 ignorantia
584 1035 628 1062 illa
640 1040 822 1063 revereantur.
838 1036 928 1071 Neque
942 1037 1014 1063 enim

222 1087 318 1114 porcus
331 1081 403 1108 novit
424 1081 487 1116 quid
500 1081 535 1109 sit
554 1082 706 1117 margarita.
721 1082 787 1116 Quia
801 1083 880 1118 igitur
899 1090 952 1110 non
964 1091 1012 1110 no-

222 1126 268 1157 vit,
282 1133 315 1153 ne
326 1126 413 1154 videat
423 1126 542 1161 quidem,
558 1135 592 1155 ne
602 1127 741 1155 conculcet
752 1135 784 1156 ea
795 1136 855 1163 quis
868 1136 921 1156 non
930 1128 1013 1156 novit.

221 1170 291 1198 Nihil
305 1172 376 1198 enim
391 1172 493 1199 accedit
506 1173 537 1199 iis
548 1173 593 1207 qui
610 1173 646 1200 ita
664 1180 726 1200 sunt
741 1173 827 1201 aﬁ’ecti
847 1174 869 1201 si
886 1174 1013 1208 audiant,

221 1217 272 1245 nisi
288 1217 374 1253 majus
396 1218 534 1246 damnum.
559 1219 662 1246 Etenim
681 1225 772 1247 sancta
787 1221 821 1248 ab
834 1221 867 1248 iis
881 1225 1014 1249 temeran—

221 1268 277 1296 tur,
297 1268 389 1299 utpote
408 1264 454 1291 illa
468 1264 651 1300 ignorantibus
665 1274 672 1292 :
688 1271 715 1294 et
730 1266 778 1301 ipsi
791 1266 906 1295 ferocius
920 1272 1012 1297 contra

222 1317 271 1337 nos
286 1310 428 1345 insurgunt
440 1311 545 1338 armati.
562 1311 617 1339 Hoc
633 1312 704 1339 enim
721 1312 852 1347 signiﬁcat
866 1313 930 1340 illud
947 1323 954 1341 :
972 1314 1014 1341 Ne

220 1357 366 1384 conculcent
379 1365 431 1389 eas,
444 1362 470 1385 et
481 1360 595 1385 conuersi
608 1359 755 1395 dirumpunt
770 1368 823 1388 vos.
842 1361 894 1388 Sed
909 1361 943 1388 ita
957 1361 1014 1388 for-

222 1405 282 1430 titer
296 1403 400 1432 haerere
411 1404 553 1437 debebant,
567 1409 593 1432 ut
607 1406 689 1434 semel
702 1407 796 1434 tradita
813 1407 908 1435 invicta
919 1415 1014 1435 mane—

221 1454 290 1482 rent,
306 1457 356 1477 nec
365 1458 457 1478 ansam
471 1451 523 1478 illis
536 1455 628 1479 contra
643 1460 691 1480 nos
708 1453 869 1487 prwberent.
881 1454 938 1482 Non
950 1462 1014 1489 pra:-

220 1494 283 1522 bent
293 1499 381 1522 autem
392 1495 435 1522 illa
446 1503 549 1527 ansam.
559 1497 604 1524 sed
617 1497 642 1523 hi
654 1498 698 1532 qui
711 1499 782 1532 porci
794 1504 855 1526 sunt
865 1507 872 1525 :
884 1500 1012 1534 quemad-

220 1540 327 1567 modum
338 1541 478 1576 margarita
488 1541 598 1576 pedibus
606 1542 715 1575 calcata,
726 1551 778 1570 non
787 1544 856 1579 quod
863 1546 1013 1579 spernenda

220 1586 255 1613 sit
275 1587 458 1619 conculcatur,
475 1587 522 1614 sed
537 1588 597 1622 quia
621 1589 648 1615 in
663 1596 758 1623 porcos
773 1590 874 1617 incidit.
891 1591 930 1618 Ac
951 1591 1013 1626 pul-

219 1633 284 1661 chre
295 1633 363 1661 dixit
375 1642 381 1660 :
394 1633 513 1661 Conversi
523 1635 669 1670 dirumpunt
682 1643 734 1663 vos.
748 1636 903 1665 Modestiam
915 1639 1013 1674 quippe

220 1679 363 1713 simulant,
390 1684 419 1707 ut
441 1680 566 1713 discant;
591 1685 730 1716 postquam
755 1689 820 1710 vero
842 1683 1010 1718 didicerunt,

220 1727 264 1754 alii
292 1734 324 1754 ex
351 1727 411 1755 aliis
435 1727 522 1755 eﬁ‘ecti
549 1727 663 1755 illudunt
689 1728 784 1763 nobis,
818 1730 959 1757 traducunt
985 1735 1014 1758 et

220 1772 332 1800 irrident
355 1780 404 1801 nos
425 1774 500 1809 quasi
523 1773 659 1809 deceptos.
675 1775 789 1810 Ideoque
810 1775 906 1803 Paulus
922 1776 1013 1804 Timo-

220 1819 283 1846 then
306 1819 412 1846 dicebat
436 1828 442 1846 :
470 1819 549 1852 Quam
564 1825 587 1847 et
609 1825 638 1847 tu
661 1821 767 1848 devita:
791 1822 865 1849 valde
884 1823 950 1849 enim
969 1831 1012 1850 re-

219 1865 281 1891 stitit
305 1865 387 1892 verbis
414 1866 506 1893 nostris
529 1865 539 1902 (
559 1865 587 1892 2.
615 1865 682 1893 Tim.
712 1867 739 1894 4.
761 1867 794 1895 15
808 1866 836 1903 );
866 1875 1012 1903 rursusque

219 1911 292 1943 alibi,
308 1911 342 1938 Et
354 1911 400 1938 Ito:
412 1911 493 1938 devita
506 1911 545 1946 (2.
561 1911 626 1938 Tim.
645 1912 672 1939 5.
687 1913 732 1948 5);
747 1917 784 1946 et,
801 1912 1012 1941 Hmeticumho-

220 1959 311 1985 minent
327 1964 381 1993 post
395 1967 472 1985 unam
484 1963 507 1986 et
526 1959 633 1986 alterunt
645 1959 840 1987 admonitionem
853 1960 935 1988 devita
945 1960 1010 1996 (Tit.

219 2003 245 2030 5.
262 2004 316 2038 10).
333 1997 390 2030 Non
404 2004 483 2039 igitur
495 2004 530 2032 ab
543 2005 596 2032 illis
606 2010 753 2038 armantur,
770 2006 817 2033 sed
830 2013 922 2033 eorum
934 2014 1012 2034 occa—

219 2050 296 2077 sione
309 2050 381 2077 stulti
401 2050 526 2083 evadunt,
540 2051 636 2086 majori
649 2053 799 2087 arrogantia
816 2053 920 2088 repleti.
934 2053 1011 2081 Ideo-

219 2104 271 2131 que
282 2105 334 2124 non
346 2104 437 2131 parum
452 2097 517 2124 lucri
532 2097 593 2125 inde
603 2098 715 2130 accedit,
729 2099 750 2125 si
763 2099 788 2126 in
801 2106 849 2126 sua
863 2099 1011 2134 ignorantia

220 2148 366 2170 maneant:
389 2144 428 2171 sic
443 2144 514 2170 enim
537 2152 590 2170 non
605 2143 640 2170 ita
656 2144 812 2179 despicient.
837 2145 864 2173 Si
886 2153 949 2172 vero
971 2145 1013 2175 di-

219 2194 305 2221 scant,
326 2189 423 2224 duplex
439 2190 551 2225 emergit
565 2190 700 2217 damnum.
724 2190 765 2218 llli
784 2191 854 2218 enim
871 2191 932 2219 inde
944 2191 1011 2219 nihil

219 2235 321 2263 fructus
335 2235 495 2270 percipient;
512 2237 565 2263 imo
578 2237 662 2271 magis
675 2237 815 2270 lzedentur,
828 2238 927 2273 tibique
938 2238 1011 2266 mille

219 2283 324 2317 negotia
345 2281 523 2310 suscitabnnt.
547 2282 664 2310 Audiam
683 2283 700 2310 ii
714 2284 758 2318 qui
772 2283 941 2319 impudenter
954 2292 1012 2312 om-

218 2328 297 2355 nibus
310 2335 339 2355 se
351 2327 509 2361 admiscent,
532 2333 559 2356 et
572 2329 723 2356 veneranda
737 2337 849 2365 quaeque
861 2330 1010 2364 spernenda

218 2374 343 2402 redduxit.
367 2374 433 2402 Nam
456 2375 581 2411 mysteria
601 2375 661 2402 ideo
675 2375 764 2410 januis
777 2375 874 2403 clausis
891 2375 1011 2403 celebra-

219 2427 289 2454 mus,
301 2424 327 2447 et
342 2427 395 2448 non
416 2419 533 2448 initiatos
551 2420 696 2455 abigimus,
717 2428 771 2448 non
788 2420 858 2456 quod
873 2420 1012 2448 infirmita-

220 2470 272 2492 tem
286 2466 427 2500 quamdam
442 2467 468 2494 in
483 2467 536 2494 illis
550 2466 792 2502 deprehendamus,
805 2467 852 2495 sed
863 2468 922 2502 quia
935 2467 1010 2494 multi

220 2509 429 2545 imperfectiores
451 2516 525 2544 sunt,
541 2519 619 2547 quam
644 2516 672 2539 ut
697 2512 761 2549 ipsis
784 2512 886 2547 possint
904 2513 1010 2541 adesse.

220 2555 282 2583 Ideo
301 2556 345 2583 ille
363 2557 443 2584 multa
463 2557 490 2584 in
512 2558 644 2592 parabolis
658 2558 814 2593 loquebatur
825 2558 933 2590 Judaeis,
949 2559 1010 2594 quia

220 2602 342 2629 videntes
355 2610 407 2630 non
420 2603 554 2631 videbant.
567 2604 733 2639 Quapropter
745 2605 843 2632 Paulus
856 2605 1011 2640 scirejussit

219 2646 354 2680 quomodo
378 2653 500 2681 oporteat
518 2649 658 2685 unicuique
680 2649 854 2684 respondere.
874 2650 889 2676 7
917 2649 1008 2683 Petite,

220 2697 243 2718 et
256 2692 357 2719 dabitur
371 2693 454 2725 vobis;
469 2695 582 2728 quarite,
598 2700 620 2722 et
631 2696 778 2727 invenietis;
792 2696 899 2729 pulsate,
916 2701 939 2723 et
954 2705 1012 2731 ape-

219 2738 298 2765 rietur
308 2738 384 2766 vobis.
400 2739 466 2773 Quia
480 2740 550 2767 enim
562 2748 655 2776 magna
667 2746 694 2769 et
709 2741 863 2769 admiranda
875 2743 1009 2777 praecepit,

221 2783 344 2811 omnibus
361 2784 443 2818 jussit
457 2785 595 2814 affectibus
607 2794 667 2814 esse
692 2787 854 2822 superiores,
869 2787 904 2814 ad
924 2787 1011 2822 ipsum

221 2830 315 2858 ctclum
331 2830 446 2862 adduxit,
460 2837 491 2859 ac
505 2831 612 2860 studere
624 2833 760 2868 praecepit,
784 2840 837 2860 non
857 2836 886 2860 ut
909 2832 1010 2868 angelis

583 144 609 173 S.
628 144 767 173 JOANNIS
785 144 1020 174 CliRYSOSTOMI
1040 144 1199 174 ARCIIIEP.
1219 143 1498 174 CONSTANTlNOP.

1802 146 1856 175 Si!

1064 207 1091 230 et
1105 202 1289 238 archangelis,
1303 202 1349 230 sed
1363 202 1414 238 ipsi
1426 203 1549 230 omnium
1562 199 1706 235 Domino‘,
1722 207 1854 237 quantum

1066 247 1122 274 ﬁeri
1140 247 1214 280 licet,
1235 247 1340 275 similcs
1353 247 1448 275 simus.
1474 247 1627 282 Discipulos
1641 254 1705 274 vero
1722 254 1775 274 non
1803 247 1856 275 hoc

1065 294 1153 322 solum
1178 294 1319 329 perﬁcere,
1335 293 1382 321 sed
1400 298 1429 321 et
1445 294 1514 321 alios
1535 294 1680 321 emendare
1697 294 1790 328 jussit,
1822 301 1856 321 ac

1064 339 1219 368 discernere
1236 339 1306 367 inter
1325 340 1410 368 malos
1425 337 1452 367 et
1467 340 1564 372 bonos,
1579 340 1650 367 inter
1665 346 1747 367 canes
1761 344 1787 367 et
1800 347 1856 367 non

1065 393 1147 413 canes
1161 385 1258 420 (multa
1272 391 1363 413 autem
1375 386 1477 414 suntin
1494 386 1653 414 hominibus
1670 385 1801 420 occulta),
1822 394 1857 414 ne

1064 431 1186 459 dicerent
1205 431 1262 458 haec
1277 431 1344 458 dura
1358 436 1385 459 et
1396 431 1578 459 intolerabilia
1591 439 1662 459 esse.
1690 431 1758 458 Nam
1772 431 1798 458 in
1812 439 1857 459 se-

1064 476 1212 513 quentibus
1231 477 1288 504 haec
1307 477 1405 505 Petrus
1422 477 1557 513 loquitur:
1581 478 1648 510 Quis
1667 482 1752 512 potest
1767 478 1856 504 salvus

1065 524 1142 551 esse?
1164 522 1197 550 Et
1212 531 1322 552 rursus:
1348 523 1379 551 Si
1390 524 1428 551 ita
1442 529 1482 551 est
1492 532 1575 550 causa
1592 523 1717 555 hominis,
1744 531 1795 549 non
1809 531 1857 550 ex-

1064 570 1135 603 pedit
1150 571 1246 598 nubere
1261 569 1371 604 (Matth.
1384 570 1428 598 l9.
1446 569 1483 596 25
1503 569 1557 604 l0).

1106 620 1133 648 4.
1150 620 1282 657 Ρνιεεερια
1297 623 1439 659 evangelica
1457 624 1583 659 precando
1601 626 1711 654 allevare
1731 627 1860 654 debemus.

1071 665 1285 695 Perseverandum
1297 669 1325 695 in
1338 670 1460 697 oratione.
1479 685 1516 690 —
1537 670 1576 698 Ne
1598 671 1679 706 igitur
1704 671 1762 700 haec
1777 673 1857 700 etiam

1070 720 1141 740 nunc
1155 713 1260 745 dicant,
1276 721 1337 742 cum
1358 715 1415 750 jam
1426 714 1455 744 in
1469 716 1682 751 praecedentibus
1701 718 1861 746 ostendisset

1070 758 1113 785 illa
1139 766 1199 787 esse
1219 759 1325 794 facilia,
1347 761 1495 789 ratiociniis
1514 762 1697 798 frequentibus
1719 764 1861 796 adductis.

1069 811 1128 838 qua:
1139 804 1165 832 id
1175 805 1289 833 suadere
1303 811 1421 841 possent,
1437 807 1545 834 demum
1561 808 1693 836 facilitatis
1705 809 1860 837 coronidem

1069 850 1194 884 apponit,
1208 858 1262 878 non
1282 851 1384 887 vulgari
1405 853 1554 888 excogitata
1574 853 1600 881 in
1615 853 1750 882 laboribus
1763 862 1861 882 conso-

1069 896 1188 930 latione,
1219 904 1316 933 nempe
1346 898 1512 926 assiduarum
1536 906 1644 934 precum
1667 900 1775 928 auxilio.
1801 900 1864 928 Non

1067 943 1133 971 satis
1153 943 1226 971 enim
1246 951 1307 971 esse
1327 943 1408 978 dicit,
1428 945 1450 972 si
1469 945 1495 973 id
1511 945 1640 980 perﬁcere
1654 953 1786 979 curemus,
1812 947 1859 974 sed

1068 996 1213 1024 supernum
1228 997 1288 1018 esse
1301 991 1427 1018 auxilium
1443 991 1639 1026 implorandum
1656 1001 1661 1019 :
1677 992 1748 1028 quod
1770 993 1860 1028 utique

1068 1035 1156 1062 veniet
1170 1040 1197 1063 et
1209 1036 1295 1063 aderit
1308 1057 1316 1068 ,
1337 1036 1417 1072 inque
1428 1038 1619 1065 certaminibus
1632 1045 1681 1066 nos
1693 1038 1812 1073 juvabit,
1833 1043 1860 1066 et

1067 1080 1156 1108 omnia
1176 1080 1262 1108 facilia
1280 1081 1383 1109 reddet.
1400 1081 1462 1110 ideo
1475 1087 1565 1117 petere
1579 1083 1673 1117 jussit,
1692 1091 1724 1110 ac
1740 1091 1770 1111 se
1784 1083 1859 1111 datu-

1067 1134 1126 1153 rum
1140 1126 1293 1161 Spopondit.
1307 1127 1406 1155 Verum
1427 1128 1563 1163 postulare
1583 1128 1663 1164 jussit
1686 1136 1739 1156 non
1752 1129 1838 1156 obiter
1849 1149 1858 1162 ,

1067 1171 1114 1198 sed
1129 1179 1189 1199 eum
1204 1172 1359 1200 assiduitate
1371 1178 1397 1200 et
1409 1174 1579 1202 contentione
1602 1182 1706 1209 magna.
1720 1174 1775 1202 lloc
1787 1176 1858 1202 enim

1066 1217 1198 1252 signiﬁcat
1212 1218 1276 1246 illud
1287 1239 1294 1251 ,
1310 1210 1427 1251 Quérite.
1442 1219 1508 1246 Nam
1522 1220 1565 1254 qui
1581 1220 1684 1254 quierit,
1700 1221 1761 1247 aliis
1773 1221 1859 1247 omni-

1067 1263 1116 1291 bus
1135 1272 1167 1292 ex
1191 1269 1281 1292 mente
1303 1265 1462 1298 eliminatis,
1488 1266 1527 1293 rei
1553 1270 1654 1292 tantum
1674 1266 1792 1300 quaasita:
1813 1266 1860 1294 dat

1067 1317 1185 1344 operam,
1200 1310 1352 1344 nullamque
1368 1311 1537 1345 prmsentium
1552 1311 1632 1338 habet
1646 1311 1785 1338 rationem.
1802 1310 1858 1338 No-

1067 1359 1129 1382 runt
1142 1360 1214 1383 certe
1227 1355 1290 1383 illud
1304 1360 1434 1391 quotquot
1447 1356 1489 1383 vel
1500 1363 1566 1384 auro
1576 1356 1616 1384 vel
1632 1357 1716 1384 servis
1734 1357 1856 1389 amissis,

1067 1401 1125 1429 hare
1138 1407 1229 1436 postea
1250 1407 1380 1437 qua-runt.
1398 1402 1462 1430 lllud
1478 1403 1576 1430 indicat
1599 1411 1646 1438 per
1658 1411 1750 1431 vocem
1767 1403 1857 1437 illam,

1067 1447 1177 1480 Quazritc
1189 1457 1198 1481 ;
1211 1456 1269 1475 cum
1284 1456 1348 1476 vero
1362 1448 1437 1481 dicit,
1455 1448 1569 1480 Pulsate,
1585 1449 1758 1477 vehementer
1773 1454 1800 1477 et
1814 1458 1858 1476 ar~

1065 1493 1138 1522 denti
1159 1495 1248 1522 animo
1270 1494 1449 1522 accedendum
1473 1487 1533 1523 esse
1554 1496 1695 1531 significat.
1709 1496 1748 1524 Ne
1769 1497 1857 1532 itaque

1065 1541 1206 1573 concidas.
1223 1542 1258 1568 mi
1279 1541 1359 1569 homo
1370 1562 1377 1575 ,
1392 1550 1480 1577 neque
1501 1543 1632 1571 minorem
1645 1543 1678 1570 de
1692 1544 1788 1571 virtute
1808 1553 1856 1570 cu-

1065 1594 1121 1613 ratn
1135 1583 1279 1620 exhibeas,
1293 1595 1371 1623 quam
1388 1588 1421 1616 de
1445 1589 1573 1623 pecuniis.
1598 1589 1651 1616 llas
1669 1590 1766 1625 quippe
1785 1598 1856 1624 sarpe

1065 1640 1188 1666 quaerens
1202 1640 1253 1660 non
1269 1633 1391 1661 invenisti
1405 1643 1412 1667 ;
1428 1639 1454 1662 et
1469 1639 1556 1663 tamen
1575 1643 1635 1663 cum
1654 1636 1735 1670 probe
1749 1636 1818 1663 scias
1831 1641 1857 1663 te

1064 1677 1133 1705 forte
1161 1685 1214 1706 non
1236 1679 1422 1712 inventurum,
1444 1688 1551 1708 omnem
1577 1681 1699 1716 exploras
1720 1681 1856 1716 quaerendi

1064 1724 1172 1751 modum
1190 1733 1197 1751 :
1212 1723 1255 1752 hic
1268 1732 1331 1752 vero
1343 1726 1514 1760 sponsionem
1533 1726 1633 1754 habens
1646 1731 1673 1754 te
1687 1735 1794 1761 prorsus
1807 1735 1854 1754 ac-

1064 1774 1201 1804 cepturum
1215 1777 1290 1804 esse,
1303 1778 1336 1798 ne
1349 1771 1484 1798 minimam
1499 1771 1606 1806 quidem
1623 1771 1692 1800 illius
1704 1772 1783 1800 studii
1795 1780 1856 1807 par-

1065 1820 1118 1843 tem
1134 1815 1253 1844 exhibes.
1276 1816 1305 1844 Si
1320 1824 1383 1844 vero
1397 1825 1449 1844 non
1463 1817 1550 1844 statim
1563 1818 1677 1852 accipias
1688 1838 1695 1851 ,
1711 1826 1744 1845 ne
1757 1818 1856 1852 despe-

1064 1870 1118 1890 res.
1133 1862 1195 1890 ldeo
1208 1863 1279 1891 enim
1296 1863 1381 1898 dixit,
1397 1863 1516 1897 Pulsate,
1530 1870 1560 1892 ut
1571 1864 1695 1893 ostendat
1706 1886 1714 1898 ,
1734 1867 1855 1899 quamvis

1064 1917 1117 1937 non
1131 1910 1220 1937 statim
1233 1910 1344 1945 aperiat,
1361 1911 1521 1938 manendum
1539 1916 1626 1939 tamen
1641 1919 1712 1939 esse.
1724 1911 1752 1940 Si
1766 1917 1855 1940 autem

1064 1963 1130 1983 mete
1157 1963 1209 1983 non
1233 1956 1328 1984 credas
1352 1957 1507 1991 sponsioni,
1536 1957 1630 1984 saltent
1654 1957 1716 1985 huic
1732 1959 1855 1993 exemplo

1063 2002 1152 2029 crede.
1164 2002 1192 2030 9.
1205 2002 1267 2034 Quis
1281 2011 1312 2029 ex
1325 2002 1394 2029 vobis
1407 2007 1451 2034 est,
1469 2003 1563 2038 inquit,
1582 2007 1653 2038 pater
1663 2004 1684 2036 ',
1700 2004 1740 2030 cui
1752 2004 1775 2031 si
1786 2004 1855 2038 ﬁlius

1064 2052 1131 2082 petat
1143 2056 1242 2081 panem.
1253 2048 1375 2081 numquid
1387 2048 1497 2083 lapidem
1510 2048 1578 2075 dabit
1591 2048 1633 2076 ei?
1643 2048 1718 2083 Apud
1732 2049 1854 2076 homines

1063 2093 1169 2128 quidem
1182 2094 1204 2120 si
1219 2093 1244 2120 id
1261 2093 1414 2128 frequenter
1426 2094 1506 2121 facias
1517 2114 1524 2126 ,
1544 2094 1672 2121 molestus
1686 2099 1713 2122 et
1725 2101 1854 2122 onerosus

1063 2140 1163 2168 videris
1178 2149 1185 2167 :
1200 2140 1269 2175 apud
1283 2140 1365 2168 Deum
1379 2145 1477 2172 autem,
1491 2141 1513 2167 si
1529 2140 1579 2168 hoc
1593 2148 1645 2167 non
1661 2140 1753 2172 facias,
1770 2142 1855 2176 magis

1063 2185 1097 2213 ad
1121 2186 1186 2213 iram
1206 2193 1368 2212 commoves.
1394 2185 1421 2213 Si
1446 2191 1534 2213 autem
1546 2185 1661 2220 petendo
1673 2193 1830 2221 permaneas
1843 2206 1851 2218 ,

1063 2232 1165 2260 etiarnsi
1192 2239 1244 2259 non
1268 2233 1358 2259 statim
1383 2231 1514 2266 accipias,
1538 2231 1652 2267 accipies
1668 2236 1767 2259 tamen.
1792 2232 1854 2260 Ideo

1063 2285 1178 2313 namque
1197 2278 1286 2305 clausa
1301 2278 1440 2313 estjanua,
1455 2282 1486 2305 ut
1510 2283 1536 2305 te
1555 2278 1588 2305 ad
1603 2278 1760 2313 pulsandum
1776 2278 1853 2305 indu-

1062 2330 1114 2352 cat.
1129 2324 1191 2351 ldeo
1205 2331 1257 2351 non
1277 2324 1366 2351 statim
1380 2324 1489 2356 annuit,
1507 2328 1537 2350 nt
1559 2328 1632 2358 petas
1648 2332 1655 2350 :
1672 2331 1750 2351 mane
1774 2323 1853 2358 igitur

1063 2370 1088 2397 id
1100 2377 1191 2404 agens,
1206 2373 1233 2396 et
1252 2370 1344 2404 procul
1370 2368 1451 2396 dubio
1465 2369 1588 2403 accipies.
1611 2368 1648 2396 Ne
1670 2369 1741 2396 enim
1755 2368 1827 2396 dicas
1843 2377 1851 2396 :

1062 2416 1131 2449 Quid
1147 2416 1235 2451 igitur,
1249 2415 1270 2442 si
1285 2419 1383 2450 petam,
1399 2419 1427 2442 et
1441 2421 1492 2441 non
1505 2414 1656 2449 accipiant?
1675 2422 1723 2449 per
1738 2415 1852 2449 parabo-

1062 2461 1115 2488 lam
1129 2465 1154 2488 te
1166 2461 1191 2488 in
1203 2468 1249 2495 spe
1260 2460 1392 2492 ﬁrmavit,
1408 2460 1552 2487 ratiociniis
1565 2467 1670 2486 rursum
1687 2466 1760 2492 usus,
1774 2465 1852 2494 atque

1063 2508 1186 2535 humanis
1199 2507 1327 2542 exemplis
1344 2511 1369 2533 te
1384 2506 1417 2533 ad
1429 2505 1551 2533 ﬁduciam
1567 2513 1598 2533 ea
1610 2506 1635 2532 in
1652 2513 1681 2533 re
1696 2505 1851 2532 sumendam
1869 2528 1872 2531 τ

1063 2554 1201 2587 inducens,
1213 2553 1275 2580 dum
1287 2560 1334 2588 per
1344 2552 1401 2579 bmc
1414 2551 1540 2582 ostendit.
1553 2559 1604 2579 non
1616 2551 1696 2578 modo
1708 2551 1851 2587 petendum

1063 2608 1132 2634 esse,
1160 2600 1207 2628 sed
1232 2607 1290 2634 quae
1304 2598 1415 2634 petenda
1435 2599 1498 2625 sint.
1521 2598 1586 2631 Quis
1598 2598 1664 2624 enim
1678 2605 1710 2624 eo:
1725 2597 1793 2624 vobis
1814 2601 1851 2623 est

1064 2652 1143 2682 pater,
1156 2646 1196 2673 cui
1209 2646 1231 2673 si
1244 2645 1313 2679 ﬁlius
1327 2649 1395 2679 potat
1408 2651 1508 2679 panem,
1523 2643 1646 2677 numquid
1659 2642 1769 2678 lapidem
1782 2641 1852 2668 dabit

1062 2693 1102 2720 illi
1112 2693 1124 2720 Ζ)
1134 2692 1223 2727 Itaque
1238 2691 1261 2719 si
1271 2698 1323 2718 non
1336 2690 1433 2725 accipis
1444 2710 1451 2723 ,
1474 2688 1534 2716 ideo
1548 2696 1600 2715 non
1611 2688 1719 2723 accipis,
1734 2687 1794 2722 quia
1810 2686 1851 2713 la-

1063 2738 1150 2774 pidem
1162 2738 1240 2773 petis.
1250 2736 1360 2764 Etiamsi
1375 2736 1446 2763 enim
1462 2734 1531 2762 ﬁlius
1544 2735 1592 2768 sis,
1603 2733 1629 2760 id
1643 2741 1696 2761 non
1707 2733 1806 2761 sufficit
1817 2731 1851 2760 ad

1091 2818 1104 2852 ,ι
1132 2816 1191 2846 Alii,
1220 2814 1264 2840 sed
1300 2813 1349 2846 ipsi
1406 2812 1515 2838 Domino.
1533 2811 1584 2842 Alli.
1597 2811 1639 2838 sed
1652 2810 1790 2843 angelorum
1805 2814 1850 2835 Do-

1063 2854 1186 2908 mlzwl'ox,
1196 2879 1272 2907 pater,
1286 2875 1356 2901 deest
1367 2875 1393 2899 in
1403 2873 1556 2907 quibusdam.
