2067 3132
220 124 273 153 313

220 182 402 219 accipiendum
419 191 426 211 :
438 182 492 210 imo
502 180 565 211 illud
575 181 661 218 ipsum
672 182 792 218 impedit,
803 181 945 217 quominus
959 187 1005 208 ac-

220 230 303 264 cipias
312 250 320 261 ,
334 228 421 264 quod,
446 228 515 256 lilius
527 236 587 256 cum
600 227 639 256 sis
650 248 658 261 ,
670 227 715 255 illa
729 233 804 263 petas
824 235 885 262 qum
895 234 949 254 non
961 226 1008 254 tibi

219 274 373 309 expediant.
387 274 422 301 Et
443 279 471 301 tu
492 274 581 309 itaque
592 273 657 301 nihil
677 273 841 301 mundanum
853 277 928 308 petas
939 292 948 305 ,
960 271 1008 300 sed

219 320 367 355 spirttualia
380 319 469 347 omnia
481 323 527 352 ;et
539 324 614 347 certo
625 319 750 354 accipies.
763 318 867 346 Etenim
881 317 1008 346 Salomon

220 365 280 399 qttia
301 365 345 392 illa
364 365 440 400 petiit
452 372 512 400 quae
524 369 616 400 petere
625 365 774 400 oportebat,
789 364 849 392 vide
862 372 942 399 quam
955 363 1010 392 cito

219 412 360 446 acceperit.
379 411 435 438 Duo
449 411 528 446 igitur
539 411 684 439 observan
696 414 803 446 oportet
816 415 938 438 orantem
948 429 956 442 ,
981 414 1010 437 ut

219 461 247 483 et
260 456 431 485 vehementer
445 461 526 492 petat,
537 461 565 485 et
577 464 609 485 ea
622 461 695 492 petat
708 465 768 492 quae
780 455 831 485 sibi
843 456 988 491 expediunt
1001 464 1008 482 :

219 502 433 537 quandoquidem
454 507 481 529 et
496 510 558 535 vos,
583 503 683 538 inquit,
705 502 809 530 etiamsi
825 507 913 537 patres
932 501 1008 535 sitis,

222 548 291 575 filios
305 552 410 575 vestros
420 553 510 583 petere
520 547 606 575 sinitis
618 556 626 581 ;
648 553 675 576 et
693 548 715 575 si
727 547 885 576 damnosum
897 547 932 575 sit
945 546 1010 574 illud

221 593 293 628 quod
309 597 416 628 petunt,
433 593 553 628 negatis;
567 593 608 621 sin
621 594 685 621 utile
698 594 742 626 sit,
757 594 872 621 annnitis
889 597 916 620 et
929 593 1008 620 datis.

222 639 260 666 Tu
275 639 353 674 igitur
362 639 419 667 hate
430 640 559 674 cogitans,
571 647 604 666 ne
620 639 733 667 absistas
741 660 748 672 ,
760 639 846 667 donec
856 640 1008 674 acceperis;

221 693 255 712 ne
268 684 392 716 recedas,
405 684 491 712 donec
512 685 646 712 inveneris
659 694 667 718 ;
693 693 727 713 ne
739 685 855 713 studium
871 686 990 713 remittas
1000 706 1008 719 ,

220 730 306 757 donec
316 730 451 764 aperiatur
460 730 551 764 jattua.
566 730 594 758 Si
604 731 675 758 enim
691 731 740 758 hoc
753 732 842 759 animo
853 731 1008 764 accesseris,

221 776 389 811 dixerisquc,
403 775 458 803 Nisi
472 776 596 811 recipiam
607 796 615 806 .
637 784 689 803 non
704 777 771 804 abeo
782 797 789 809 ,
804 784 912 812 prorsus
937 776 1009 804 acci-

221 823 278 858 pies
289 842 297 856 ,
314 823 335 849 si
360 826 448 850 tamen
463 822 507 850 illa
521 827 612 858 petas,
633 830 692 857 quae
706 827 734 850 et
745 822 770 850 ei
783 830 799 850 a
815 830 868 858 quo
890 823 958 858 petis
983 826 1010 850 et

221 869 267 896 tibi
281 868 389 903 expedit
409 874 440 896 ut
453 868 558 896 dentur.
579 868 705 902 Quaenam
719 876 799 904 porro
811 874 874 896 sunt
886 868 943 896 hinc
955 868 966 895 ?
980 868 1009 896 Si

219 914 369 950 spiritualia
385 920 460 950 petas
480 915 584 947 omnia;
604 915 627 942 si
639 919 778 950 postquam
799 914 913 943 offensas
927 914 1010 943 remi-

220 961 290 992 sisti,
308 962 347 988 sic
365 961 477 988 accedas
495 961 679 989 remissionem
695 965 804 996 petens;
820 961 842 988 si
855 960 957 996 absque
971 961 1010 988 ira

220 1012 249 1034 et
278 1006 514 1041 disceptationibus
541 1011 645 1034 sanctas
668 1014 762 1034 manus
783 1006 936 1034 attollamus
959 1007 1008 1042 (Ι.

221 1051 288 1078 Tim.
301 1052 328 1078 ‘2.
343 1051 389 1087 8).
411 1051 440 1080 Si
454 1052 493 1079 sic
509 1056 628 1087 petamus
638 1073 646 1085 ,
656 1052 826 1087 accipiemus.
854 1051 930 1079 Nunc
946 1059 1010 1079 vero

221 1102 311 1126 nostra
327 1098 418 1133 petitio
433 1099 521 1126 irrisio
538 1102 595 1132 est,
613 1099 753 1134 potiusque
772 1098 906 1126 ebriorum
921 1098 1010 1126 homi~

221 1152 296 1178 num,
308 1152 388 1180 quam
399 1144 559 1172 sobriorum.
579 1145 647 1178 Quid
663 1145 756 1180 igitur,
778 1145 898 1180 inquies,
918 1145 940 1172 si
954 1145 1010 1179 spi-

221 1191 326 1219 ritualia
341 1195 446 1226 petam,
467 1198 517 1218 nec
529 1191 677 1226 accipiam?
695 1190 753 1218 Non
766 1191 884 1218 studiose
903 1191 1011 1226 procul-

220 1238 301 1265 dubio
325 1238 479 1273 postulasti,
494 1238 535 1265 vel
561 1238 673 1272 teipsunt
703 1237 839 1273 indignum
861 1237 947 1266 fecisti
965 1237 1010 1273 qui

220 1285 371 1319 acciperes,
394 1289 440 1312 aut
461 1285 540 1312 cititts
559 1293 637 1320 quam
658 1292 705 1320 par
719 1289 776 1312 erat
792 1284 954 1313 abscessisti.
977 1284 1011 1312 Et

219 1339 281 1364 cur,
298 1331 400 1366 inquies
411 1351 419 1364 ,
436 1339 489 1358 non
503 1331 570 1358 dixit
591 1339 650 1366 qua:
666 1335 789 1366 oporteat
807 1331 917 1365 petere?
930 1330 1010 1359 Certe

220 1378 274 1413 jam
297 1378 386 1405 omnia
401 1377 474 1413 prius
486 1377 570 1409 dixit,
586 1381 613 1405 et
627 1377 744 1405 ostendit
762 1385 810 1412 pro
823 1377 919 1412 quibus
931 1384 1009 1405 acce-

219 1424 286 1452 dere
296 1427 428 1459 oporteat.
440 1423 478 1451 Ne
489 1424 576 1459 itaque
585 1423 669 1457 dicas,
682 1424 801 1457 Accessi,
809 1427 836 1451 et
844 1431 896 1451 non
907 1423 1008 1459 accepi.

221 1471 278 1499 Non
297 1472 368 1503 enim
384 1479 432 1506 per
445 1471 528 1499 Deum
548 1471 622 1498 stetit
634 1471 777 1506 quominus
789 1471 941 1506 acceperis,
964 1470 1010 1505 qui

220 1518 288 1545 adeo
308 1517 412 1553 diligit,
436 1523 466 1545 ut
483 1523 571 1552 patres
599 1517 650 1544 ltac
677 1518 702 1544 in
727 1525 756 1545 re
781 1521 881 1545 tantum
899 1517 1009 1550 vincat,

221 1569 347 1598 quantum
361 1565 429 1591 hanc
443 1564 585 1598 nequitiam
602 1563 704 1591 bonitas
719 1567 836 1597 superat.
849 1563 892 1590 11.
901 1563 932 1590 Si
944 1562 1011 1589 enim

220 1618 273 1643 vos,
287 1618 344 1637 cum
355 1610 409 1637 ritis
424 1609 495 1642 mali,
511 1609 588 1637 nostis
601 1609 667 1637 bona
685 1609 745 1636 data
759 1609 820 1635 dare
833 1608 893 1643 filiis
904 1608 991 1635 uestris
1001 1629 1009 1642 ,

218 1661 313 1691 quanto
331 1655 411 1690 magis
424 1655 501 1683 Pater
518 1661 596 1683 vester
609 1654 735 1682 calcatis?
753 1654 815 1682 Haec
830 1662 909 1690 perm
923 1653 1009 1688 dixit,

221 1711 274 1730 non
295 1703 447 1739 vituperans
472 1702 613 1730 humanam
634 1705 754 1729 naturam
767 1721 775 1734 ,
790 1708 840 1729 nec
860 1708 945 1736 genus
963 1708 1011 1728 no-

221 1753 304 1775 strum
319 1749 417 1776 malum
432 1756 492 1776 esse
511 1748 703 1784 pronuntians;
725 1747 811 1775 absit:
826 1747 873 1774 sed
892 1753 1010 1774 amorem

221 1799 371 1829 paternum,
387 1794 409 1822 si
424 1802 483 1822 cum
498 1795 615 1822 bonitate
627 1794 673 1821 Dei
684 1798 870 1828 comparetur,
882 1793 1009 1821 malitiam

220 1841 357 1876 appellans
370 1850 377 1868 :
392 1845 464 1868 tanta
478 1841 579 1869 scilicet
592 1840 661 1868 inest
675 1840 713 1867 illi
726 1840 884 1874 benignitas.

257 1889 284 1916 5.
306 1888 426 1916 Vidistiu'
452 1887 579 1915 invictum
602 1890 807 1922 argumentum,
832 1886 902 1921 quod
927 1887 1011 1921 possit

219 1935 303 1964 etiam
319 1934 505 1970 desperantem
525 1934 552 1961 in
577 1934 673 1961 bonant
694 1940 769 1968 spem
789 1933 938 1962 revocare?
962 1933 1010 1961 llic

220 1980 327 2016 quidem
353 1980 477 2015 exemplo
504 1984 607 2014 patrum
631 1979 775 2007 bonitatem
800 1979 847 2007 Dei
870 1978 1008 2006 ostendit:

221 2028 343 2064 superius
365 2031 453 2055 autem
466 2034 499 2054 ex
512 2026 589 2054 donis
602 2027 657 2053 suis
671 2026 831 2061 majoribus,
847 2033 880 2054 ex
904 2026 990 2053 anima
1000 2046 1008 2058 ,

220 2083 252 2102 ex
265 2081 396 2110 corpore;
412 2078 439 2101 et
458 2080 587 2108 nusquam
600 2077 679 2108 caput
701 2072 832 2100 bonorum
845 2072 937 2106 ali‘ert,
960 2079 1010 2100 ne-

219 2129 272 2156 que
298 2120 379 2156 ipsius
400 2119 543 2147 adventum
564 2119 590 2147 in
605 2119 721 2147 medium
737 2119 865 2146 adducit:
880 2127 940 2146 nam
965 2118 1009 2154 qui

220 2166 305 2193 lilium
315 2165 490 2193 occidendum
508 2165 595 2197 dedit,
611 2164 744 2200 quomodo
758 2164 834 2192 nobis
847 2171 899 2192 non
920 2164 1009 2191 omnia

219 2210 350 2239 donabit?
372 2211 435 2238 Hatc
455 2218 520 2238 vero
534 2210 651 2238 nondum
672 2215 826 2238 evenerant.
841 2209 893 2238 Sed
912 2210 1009 2238 Paulus

220 2257 285 2284 illud
297 2256 376 2285 affert
394 2257 436 2283 his
448 2256 537 2284 verbis
552 2265 559 2283 :
576 2256 626 2288 Qui
638 2256 741 2291 proprio
760 2256 814 2289 ﬁlio
824 2263 874 2282 non
887 2256 1008 2291 pepercit,

218 2302 345 2338 quomodo
355 2311 407 2330 non
415 2303 490 2329 etiam
504 2310 562 2329 cum
572 2310 603 2329 eo
615 2302 700 2329 omnia
712 2302 783 2328 nobis
797 2301 899 2328 donabit
912 2301 1006 2338 (Rom.

218 2349 247 2377 8.
263 2349 333 2384 δεῖν
356 2349 414 2384 Ipse
429 2356 492 2376 vero
504 2349 626 2376 Christus
649 2356 683 2376 ex
706 2348 828 2375 humanis
842 2347 928 2376 adhuc
948 2355 1009 2375 cum

219 2396 276 2423 illis
296 2396 414 2423 disserit.
441 2395 540 2423 Deinde
553 2394 695 2422 ostendens
707 2414 714 2427 ,
729 2402 779 2422 nec
792 2394 904 2421 orationi
924 2393 1009 2422 fiden-

218 2441 283 2469 dum
298 2449 373 2474 esse,
385 2441 408 2468 si
420 2449 451 2468 ea
461 2448 521 2476 quze
534 2441 560 2468 in
574 2440 650 2468 nobis
663 2444 726 2468 sunt
738 2440 911 2475 negligamus,
924 2448 1010 2476 neque

219 2487 242 2514 si
259 2487 302 2514 illa
324 2494 466 2518 curemus,
481 2491 579 2513 nostrae
601 2493 672 2513 cura:
693 2492 724 2513 ac
742 2485 886 2520 diligentiae
908 2490 1010 2513 tantttm

220 2532 355 2560 tidendum
378 2540 439 2560 esse
448 2552 455 2564 ,
468 2532 515 2559 sed
529 2539 673 2566 supernum
686 2539 746 2559 esse
760 2531 947 2566 requirendum
960 2539 1011 2559 au-

219 2579 332 2610 xilium,
347 2582 376 2606 et
398 2583 488 2605 nostra
510 2577 588 2604 simul
612 2577 745 2605 afferenda
770 2585 847 2609 esse,
869 2582 897 2604 et
910 2577 960 2604 ltoc
983 2582 1011 2605 et

219 2624 284 2653 illud
306 2625 459 2660 frequenter
481 2625 599 2659 apponit.
627 2624 693 2652 Nam
721 2629 780 2660 post
806 2624 887 2652 multa
909 2625 1009 2652 monita

219 2671 330 2699 modum
342 2670 436 2698 orandi
448 2671 547 2704 docuit,
563 2674 590 2698 et
604 2675 742 2705 postquam
755 2670 781 2697 id
793 2670 937 2703 docuerat,
951 2677 1011 2697 rur-

219 2723 266 2744 sus
287 2717 320 2744 ad
339 2715 472 2752 agendum
485 2715 637 2743 cohortatus
649 2720 710 2747 est;
731 2715 828 2743 abhinc
842 2716 938 2743 iterum
951 2723 1010 2743 mo-

220 2763 277 2790 nuit
290 2762 420 2790 orandum
435 2769 495 2790 esse
515 2761 686 2797 frequenter,
711 2769 772 2789 cum
796 2762 882 2794 dixit,
909 2761 1009 2794 Petita,

218 2807 332 2842 Mite,
351 2806 466 2843 pulsate;
480 2807 529 2835 sub
543 2807 600 2835 haec
619 2815 737 2841 rursum,
752 2807 856 2834 virtutis
876 2807 1011 2836 studiosos

218 2861 280 2886 esse
290 2858 433 2891 oportere;
457 2862 516 2885 nam
531 2854 587 2889 ait,
603 2854 646 2882 12.
663 2853 755 2883 Omnia
768 2862 827 2889 ergo
849 2861 1009 2891 quacumque

672 123 704 152 IN
723 122 928 152 MATTHIEUM
946 121 1062 151 HOMIL.
1084 121 1178 150 XXIII.
1203 122 1238 150 al.
1259 121 1352 150 XXIV.

1061 179 1137 207 vultis
1151 184 1179 207 ut
1193 180 1288 216 faciant
1312 180 1380 208 vobis
1403 180 1533 217 homines,
1548 185 1571 209 et
1590 189 1635 210 vos
1646 182 1721 217 facit:
1734 182 1804 216 illis;
1828 184 1855 212 in

1061 225 1134 253 brevi
1148 226 1235 260 spatio
1249 231 1345 254 cuncta
1357 234 1498 255 resumens
1511 247 1520 262 ,
1545 227 1741 264 ostendensque
1750 249 1758 262 ,
1779 237 1855 256 com—

1063 271 1232 307 pendiosam,
1244 272 1366 306 facilem,
1385 273 1562 308 omnibusque
1581 278 1673 301 notam
1694 281 1754 302 esse
1770 275 1856 302 virtu-

1063 322 1127 346 tem.
1151 318 1243 354 Neque
1267 318 1424 354 simpliciter
1445 319 1529 353 dixit,
1549 320 1730 356 Quazcumque
1755 320 1853 353 vultis;

1062 364 1121 397 sed,
1136 364 1228 392 Omnia
1238 373 1297 401 ergo
1312 373 1475 401 quwcumque
1494 367 1579 394 vultis.
1599 366 1667 395 Nam
1679 367 1755 401 illud,
1772 367 1853 403 Ergo,

1063 417 1117 437 non
1144 410 1203 438 sine
1227 418 1308 438 causa
1327 411 1441 446 adjecit,
1468 412 1516 440 sed
1531 411 1582 440 hoc
1601 412 1772 440 subindicans
1794 422 1802 440 :
1827 413 1856 441 Si

1063 455 1156 489 vultis,
1183 456 1283 492 inquit,
1295 457 1397 490 audiri,
1411 465 1471 485 cum
1486 458 1557 492 illis,
1578 467 1637 494 quae
1656 458 1726 493 dixi,
1750 464 1778 487 et
1798 459 1856 488 hate

1064 501 1150 529 facite.
1165 501 1294 536 Quaenam
1314 502 1380 530 illa?
1396 502 1565 538 Quacumque
1576 504 1652 531 vultis
1664 508 1691 531 ut
1703 504 1800 540 faciant
1812 512 1856 532 ao-

1063 547 1100 574 bis
1120 547 1242 576 homines.
1269 548 1362 576 Viden‘
1373 548 1508 584 quomodo
1521 549 1686 584 ostenderit,
1710 557 1771 578 eum
1794 558 1857 579 orav-

1064 592 1136 620 tione
1158 593 1240 620 etiam
1262 593 1347 628 probo
1360 594 1421 622 vita:
1442 594 1563 623 instituto
1585 595 1663 623 nobis
1685 603 1753 630 opus
1773 596 1857 624 esset

1063 637 1154 674 Neque
1167 639 1250 673 dixit,
1276 640 1457 676 Quaecumque
1475 641 1592 670 volueris
1607 641 1654 670 tibi
1669 649 1684 669 a
1701 642 1756 670 Deo
1777 642 1834 670 fieri
1846 663 1855 676 ,

1064 683 1122 712 lucc
1135 685 1176 712 fac
1200 689 1228 712 et
1250 686 1392 720 proximo:
1408 693 1443 715 ne
1460 687 1581 720 diceres,
1598 688 1630 715 Et
1651 688 1786 724 quomodo
1805 688 1857 717 hoc

1063 729 1132 757 effici
1146 730 1252 765 potest?
1266 730 1310 758 ille
1325 731 1395 758 Deus
1407 736 1467 766 est,
1482 737 1510 760 et
1522 740 1572 768 ego
1584 733 1665 761 homo
1677 733 1747 767 ;.sed
1756 754 1763 768 ,
1779 734 1858 768 Qum-

1063 781 1178 810 cnmque
1202 775 1318 804 volueris
1342 777 1390 804 tibi
1417 777 1475 805 fieri
1495 785 1511 805 a
1539 785 1689 812 conservo,
1713 778 1772 807 haec
1786 784 1813 807 et
1828 783 1857 807 tu

1063 822 1188 856 proximo
1213 826 1259 850 tuo
1283 823 1421 851 exhibeas.
1448 824 1517 858 Quid
1536 824 1586 853 ltae
1604 833 1635 853 re
1657 826 1765 854 levius?
1792 827 1856 862 quid

1060 868 1180 904 justius?
1193 869 1293 897 Deinde
1306 874 1368 897 ante
1380 871 1488 905 praemia
1501 871 1602 906 grande
1612 872 1773 900 encomium.
1790 871 1854 900 Hm

1063 918 1100 942 est
1113 914 1178 942 enim
1192 914 1235 942 lea:
1247 935 1254 947 ,
1269 920 1292 942 ct
1309 915 1448 951 prophetat.
1463 916 1540 944 Unde
1561 918 1730 946 manifestum
1753 923 1796 946 est
1813 925 1857 946 se-

1063 960 1180 988 cundum
1207 965 1327 989 naturam
1352 962 1429 990 nobis
1453 963 1542 991 inesse
1564 963 1707 999 virtutem,
1721 970 1750 992 et
1769 972 1818 992 nos
1841 972 1855 992 a

1064 1007 1141 1035 nobis
1155 1007 1219 1042 ipsis
1229 1007 1292 1043 quid
1307 1008 1342 1036 sit
1362 1008 1494 1044 agendum
1506 1009 1592 1043 scire,
1612 1017 1699 1045 neque
1722 1018 1801 1046 posse
1822 1011 1855 1038 ad

1063 1053 1220 1088 ignorantiae
1234 1054 1433 1082 excusationem
1452 1062 1577 1090 umquam
1589 1055 1744 1091 confugere.

1098 1099 1176 1126 Arata
1188 1104 1225 1127 est
1237 1099 1278 1126 via
1290 1107 1346 1135 qua:
1366 1100 1436 1127 ducit
1459 1100 1493 1127 ad
1513 1101 1609 1134 vitam;
1631 1102 1756 1137 quomodo
1774 1102 1857 1138 facilis

1064 1145 1161 1173 evadat.
1176 1160 1212 1165 —-
1224 1145 1269 1173 15.
1289 1145 1388 1172 Intrate
1399 1154 1444 1181 per
1457 1151 1591 1182 angustam
1605 1152 1715 1181 portam,
1737 1149 1856 1182 quoniam

1063 1191 1116 1218 lata
1129 1195 1165 1218 est
1180 1197 1253 1226 porta
1263 1212 1270 1224 ,
1285 1196 1308 1218 et
1319 1192 1431 1227 spatiosa
1449 1192 1490 1219 via
1502 1197 1548 1225 est,
1570 1200 1627 1227 qutc
1641 1193 1708 1220 ducit
1720 1193 1754 1221 ad
1772 1194 1857 1230 perdi-

1064 1238 1166 1269 tionem.
1182 1242 1206 1264 et
1229 1238 1303 1265 multi
1315 1242 1383 1271 sunt,
1397 1238 1440 1273 qui
1459 1238 1635 1273 ingrediuntur
1653 1247 1699 1274 per
1718 1248 1773 1266 eam
1787 1247 1797 1266 :
1810 1240 1854 1267 Η.

1063 1289 1087 1311 et
1101 1288 1171 1311 arcta
1185 1289 1221 1312 est
1235 1289 1308 1320 porta
1321 1305 1328 1316 ,
1344 1289 1368 1312 et
1388 1289 1495 1320 angusta
1507 1286 1556 1318 via,
1569 1293 1625 1320 qua:
1638 1286 1706 1313 ducit
1725 1286 1759 1312 ad
1768 1286 1854 1319 vitam,

1064 1335 1087 1357 et
1099 1330 1172 1365 pauci
1186 1335 1255 1364 sunt,
1274 1330 1318 1365 qui
1331 1330 1459 1358 inueniunt
1482 1339 1548 1358 eam.
1567 1332 1646 1364 Atqui
1662 1335 1751 1365 postea
1767 1331 1831 1358 dicit
1847 1340 1855 1358 :

1062 1375 1160 1411 Iugum
1183 1385 1265 1404 meum
1284 1384 1360 1404 suave
1380 1382 1434 1410 est,
1448 1382 1472 1404 et
1490 1385 1554 1404 onus
1574 1386 1656 1404 meum
1672 1378 1722 1405 leve
1739 1377 1854 1414 (Matth.

1065 1423 1109 1450 ll.
1129 1422 1201 1458 50);
1225 1427 1306 1458 atque
1317 1424 1397 1451 etiam
1412 1424 1437 1450 in
1453 1424 1502 1457 iis,
1518 1432 1578 1459 qua:
1601 1425 1679 1459 paulo
1700 1430 1763 1452 ante
1782 1425 1853 1452 dicta

1064 1473 1145 1500 sunt.
1172 1469 1288 1504 idipsum
1308 1469 1486 1497 subindicavit
1511 1479 1517 1496 :
1540 1470 1675 1506 quomodo
1694 1475 1784 1499 autem
1812 1471 1856 1499 hic

1063 1520 1163 1543 arctam
1177 1516 1248 1543 illam
1260 1521 1454 1552 angustamque
1466 1515 1530 1544 dicit
1542 1518 1623 1545 esse?
1637 1518 1716 1546 Certe
1731 1519 1753 1545 si
1766 1523 1854 1546 atten-

1063 1561 1152 1593 deris,
1168 1561 1211 1589 hic
1224 1562 1305 1589 etiam
1320 1562 1438 1590 declarat
1457 1563 1528 1590 illaut
1541 1563 1683 1591 admodum
1696 1570 1757 1591 esse
1769 1563 1855 1591 levem

1063 1612 1090 1635 et
1104 1607 1218 1635 facilem.
1232 1607 1267 1635 Et
1285 1608 1433 1644 quomodo,
1449 1608 1569 1644 inquies,
1586 1609 1630 1636 illa
1641 1630 1648 1642 ,
1669 1617 1729 1644 qua:
1743 1613 1815 1637 arcta
1829 1614 1856 1637 et

1063 1659 1184 1690 angusta,
1199 1654 1283 1683 facilis
1297 1655 1369 1683 erit?
1394 1655 1460 1690 Quia
1474 1656 1517 1683 via
1542 1660 1598 1688 est,
1623 1661 1650 1683 et
1671 1660 1763 1691 porta;
1787 1657 1856 1684 sicut

1063 1702 1144 1730 etiam
1156 1701 1201 1729 illa
1214 1702 1265 1729 alia
1277 1722 1285 1734 ,
1299 1702 1350 1729 etsi
1366 1702 1418 1730 lata
1431 1707 1458 1730 et
1471 1702 1588 1737 spatiosa
1598 1723 1606 1736 ,
1628 1702 1669 1729 via
1683 1707 1725 1730 est
1736 1707 1764 1730 et
1787 1703 1855 1737 ipsa.

1063 1747 1091 1775 ltt
1110 1747 1152 1775 his
1165 1752 1254 1775 autem
1269 1747 1333 1775 nihil
1351 1753 1456 1782 manet,
1477 1748 1524 1776 sed
1548 1753 1686 1776 transeunt
1709 1748 1798 1776 omnia
1820 1748 1855 1776 ad

1064 1793 1132 1822 hanc
1152 1795 1232 1822 vitam
1259 1794 1418 1829 pertinentia
1429 1815 1436 1828 ,
1459 1795 1516 1822 sive
1530 1794 1631 1826 tristia,
1647 1794 1703 1822 sive
1716 1802 1854 1829 prospera.

1063 1841 1117 1869 Nec
1136 1841 1198 1869 ideo
1213 1845 1315 1869 tantum
1337 1841 1421 1869 facilis
1437 1846 1480 1870 est
1491 1841 1590 1874 virtus;
1606 1841 1653 1868 sed
1667 1848 1682 1868 a
1705 1841 1758 1868 ﬁne
1776 1841 1855 1868 etiam

1063 1888 1165 1916 facilior
1188 1888 1318 1916 redditur.
1336 1887 1427 1922 Neque
1446 1887 1518 1915 enim
1540 1891 1640 1914 tantum
1655 1886 1726 1922 quod
1751 1886 1857 1914 labores

1063 1937 1092 1961 et
1103 1933 1215 1962 sudores
1238 1937 1383 1966 transeant,
1399 1933 1445 1961 sed
1458 1934 1537 1960 etiam
1552 1933 1622 1968 quod
1636 1933 1707 1960 bono
1723 1933 1785 1966 fine,
1801 1933 1855 1960 vita

1063 1986 1159 2014 nempe
1169 1999 1177 2013 ,
1192 1979 1377 2011 terminentur,
1394 1978 1419 2006 id
1430 1978 1641 2006 consolationem
1655 1978 1855 2006 decertantibus

1063 2032 1159 2060 parere
1173 2024 1264 2052 debet.
1278 2024 1367 2059 Itaque
1381 2029 1408 2052 et
1417 2024 1533 2052 brevitas
1543 2024 1664 2052 laborum
1678 2027 1706 2051 et
1719 2023 1856 2051 teternitas

1063 2079 1232 2104 coronarum,
1249 2076 1277 2099 et
1289 2071 1359 2106 quod
1375 2070 1432 2099 bare
1441 2072 1496 2098 sint
1508 2071 1596 2106 priora
1608 2091 1615 2103 ,
1632 2071 1676 2098 illa
1691 2078 1753 2098 vero
1765 2076 1855 2105 poste-

1063 2117 1151 2150 riora;
1169 2117 1225 2144 haac
1238 2121 1311 2144 certe
1322 2117 1411 2144 omnia
1435 2117 1577 2144 maximam
1597 2117 1623 2144 in
1645 2116 1781 2143 laboribus
1792 2115 1856 2143 affe-

1062 2168 1123 2191 rant
1135 2163 1354 2190 consolationem.
1368 2163 1536 2198 Quapropter
1553 2162 1650 2190 Paulus
1664 2163 1749 2190 levcm
1772 2162 1856 2189 tribu-

1063 2210 1189 2238 lationem
1222 2210 1348 2243 voeavit,
1377 2217 1429 2237 non
1453 2210 1489 2237 ob
1520 2213 1642 2237 naturam
1676 2208 1854 2236 accidentium

1062 2264 1171 2289 rerum,
1191 2256 1238 2284 sed
1254 2256 1288 2284 ob
1304 2260 1452 2291 promptam
1468 2256 1630 2283 voluntatem
1645 2254 1814 2286 certantium,
1827 2259 1855 2281 et

1062 2309 1137 2337 spent
1160 2301 1320 2329 futurorutn.
1346 2301 1410 2329 Leve
1438 2301 1606 2328 tribulationis
1622 2321 1629 2334 ,
1655 2300 1756 2335 inquit,
1777 2304 1861 2334 supra’

1062 2349 1176 2381 modum,
1201 2353 1322 2376 (sternunt
1334 2347 1423 2384 alariae
1437 2348 1536 2382 pondus
1558 2351 1687 2382 operatur,
1704 2354 1758 2373 non
1771 2346 1855 2373 consi-

1063 2395 1208 2422 derantibus
1233 2394 1305 2422 nobis
1330 2402 1387 2429 qua:
1408 2394 1534 2427 uidentur,
1549 2393 1593 2420 sed
1606 2401 1663 2428 qua:
1678 2401 1728 2420 non
1740 2392 1855 2419 uidentur

1063 2442 1074 2476 (
1085 2441 1112 2468 2.
1127 2441 1185 2469 Cor.
1201 2442 1229 2469 4.
1246 2442 1290 2468 17.
1305 2441 1367 2476 18).
1389 2440 1454 2468 Nam
1469 2440 1492 2467 si
1503 2439 1602 2467 ﬂuctus
1610 2444 1638 2466 et
1650 2439 1733 2466 tuaria
1746 2438 1833 2466 nautis
1845 2458 1853 2470 ,

1062 2496 1094 2516 ac
1119 2488 1208 2516 caedes
1226 2488 1390 2523 vulneraque
1413 2487 1557 2519 militibus,
1579 2485 1665 2513 hiems
1690 2489 1770 2520 atqtte
1795 2484 1854 2519 gelu

1063 2534 1195 2568 agricolis,
1212 2533 1396 2569 pugilibnsque
1409 2532 1561 2567 frequentes
1578 2531 1678 2566 plagae,
1696 2531 1770 2558 leves
1785 2530 1854 2557 tole—

1064 2579 1214 2615 rabilesque
1229 2580 1354 2608 videntur
1364 2600 1372 2612 ,
1388 2579 1423 2606 ob
1438 2586 1512 2614 spem
1536 2577 1715 2612 praemiorum,
1731 2583 1791 2611 quae,
1813 2581 1855 2602 ta-

1063 2633 1124 2653 men
1149 2626 1220 2653 ﬂuxa
1244 2626 1413 2661 perituraque
1440 2629 1521 2651 sunt:
1538 2624 1622 2650 tnulto
1645 2623 1729 2658 magis
1747 2621 1855 2657 quando

1063 2672 1157 2699 caelum
1171 2672 1264 2704 nobis,
1279 2671 1421 2699 inell‘abilia
1435 2670 1521 2703 bona,
1535 2669 1697 2705 praemiaque
1718 2670 1856 2696 immorta~

1063 2718 1099 2745 lia
1122 2721 1306 2753 proponuntur
1318 2737 1326 2749 ,
1349 2716 1450 2744 nullum
1464 2716 1523 2751 quis
1537 2715 1708 2751 prmsentium
1722 2714 1853 2741 malorunt

1063 2770 1171 2790 sensum
1186 2762 1324 2798 percipiat.
1643 2790 1646 2793 ,

1099 2809 1126 2837 6.
1146 2808 1222 2843 Quod
1235 2810 1258 2836 si
1275 2808 1321 2843 qui
1338 2808 1370 2836 iis
1383 2807 1463 2836 etiam
1483 2807 1587 2843 positis,
1607 2806 1677 2834 viam
1693 2806 1763 2833 illam
1778 2804 1849 2831 labo-

1066 2855 1164 2885 riosam
1176 2862 1236 2884 esse
1249 2858 1353 2891 putant,
1367 2861 1400 2884 ex
1414 2854 1521 2884 illorum
1540 2853 1642 2883 desidia
1654 2857 1756 2882 tantum
1769 2851 1852 2879 oritur
