2067 3132
183 102 236 131 515

183 159 242 186 leue
252 156 379 193 suspicio.
395 156 464 185 Vide
473 156 546 185 enim
553 164 637 192 quam
646 157 733 186 levem
745 157 819 185 illam
832 156 886 184 alio
897 155 979 184 modo

183 205 299 236 i-tliciat,
314 211 375 232 eum
385 202 463 238 jubet
484 210 539 230 non
557 202 728 230 commisceri
748 201 876 234 canibus.
893 208 984 236 neque

185 250 275 286 porcis
286 257 318 278 se
330 249 447 280 tradere,
461 253 488 276 ct
499 255 595 276 cavere
607 255 622 275 τι
637 246 888 283 pseudoprophetis,
901 246 981 274 duin-

184 304 236 333 que
253 303 302 324 eos
319 296 437 331 undique
456 295 585 322 sollicitos
599 294 697 322 reddit.
714 294 772 321 Hoc
794 294 881 329 ipsum
903 301 980 326 vero,

184 343 256 378 quod
272 343 343 370 illam
358 347 460 370 arctam
481 341 609 377 appellat,
623 341 746 368 maxime
755 340 861 368 confert
873 339 906 367 ad
920 347 979 367 eam

185 389 290 416 facilem
304 388 476 420 reddendam,
492 388 640 415 admonens
655 387 715 414 illos
730 391 759 414 ut
771 387 891 422 vigilem.
906 386 981 414 Sicut

186 437 258 463 enim
273 435 380 468 Paulus,
395 443 456 463 eum
474 434 551 466 dixit,
568 433 628 461 Non
641 439 677 461 est
692 434 763 461 nobis
776 434 923 460 colluctatio
934 433 982 459 ad-

187 488 271 508 versus
294 481 443 516 sanguinem
462 485 485 506 et
505 487 607 507 carnem
622 479 730 513 (Ep/tes.
754 479 780 507 6.
797 478 857 513 12),
882 486 935 506 non
952 483 980 505 ιιι

187 526 306 561 dejiciat,
326 526 374 554 sed
390 531 418 553 ιιι
439 526 524 560 erigat
545 526 657 552 militum
673 525 790 558 animos,
805 525 830 552 id
845 525 910 552 dicit
924 535 930 553 :
943 525 981 552 sic

184 572 245 607 ipse
264 572 393 600 Dominus
403 576 432 599 ιιι
446 572 563 599 viatores
581 579 596 599 a
618 578 714 599 somno
727 571 836 603 excitet,
858 577 980 606 asperam

188 618 254 645 dicit
275 618 343 645 viam
359 626 365 644 :
379 625 466 652 neque
488 618 538 645 hoe
556 617 742 644 tantummodo
765 617 798 644 ad
818 616 981 652 vigilandum

188 663 298 696 inducit,
311 664 358 691 sed
373 664 454 691 etiam
473 672 532 690 cum
548 663 649 698 adjicit,
666 663 763 691 multos
782 671 842 692 esse
857 664 901 699 qui
917 671 982 699 sup-

188 710 308 744 plantare
326 710 467 743 studeant;
482 710 606 746 quodque
619 711 727 745 gravius
747 715 800 743 est,
817 718 870 738 non
889 716 983 747 aperte

144 777 147 781 .
190 754 354 789 irrumpunt,
373 755 420 783 sed
441 763 501 783 sese
520 756 675 783 occultant:
693 756 844 791 hujusmodi
868 764 982 792 namque

188 804 229 827 est
247 800 539 837 pseudoprophetarum
557 809 652 837 genus.
666 801 718 830 Sed
732 810 766 830 ne
782 803 845 831 illud
861 803 984 831 conside-

189 853 244 878 res,
261 846 442 882 inquit,quod
454 847 489 874 sit
500 855 594 883 aspera
607 853 634 875 et
652 853 735 882 arcta,
750 848 798 876 sed
811 857 866 884 quo
878 849 984 878 desinat

191 891 343 927 perpende;
357 899 444 928 neque
457 893 528 928 quod
542 893 673 920 contraria
694 895 735 922 via
757 895 792 922 sit
806 895 858 922 lata
877 899 905 922 et
923 903 984 929 spn-

190 938 270 971 tiosa,
285 937 335 966 sed
352 945 432 974 quem
447 939 525 966 linem
543 939 648 967 habeat.
664 940 726 967 llaec
739 947 821 975 porro
841 941 930 968 omnia
943 941 985 968 di-

191 983 236 1015 cit,
249 987 279 1010 ut
293 983 371 1011 nobis
383 983 499 1011 animum
511 984 607 1020 erigat,
619 989 649 1012 ut
661 990 688 1013 et
701 986 765 1013 alibi
779 986 884 1014 dicebat
898 995 905 1013 :
922 986 984 1013 Via-

192 1028 253 1056 lenti
274 1029 377 1065 rapiunt
391 1030 456 1057 illud
467 1029 574 1065 (Matth.
594 1031 637 1059 il.
655 1031 710 1068 l2).
731 1031 796 1059 Nam
812 1033 857 1067 qui
877 1032 910 1059 ad
931 1040 985 1060 cer-

193 1079 281 1102 tamen
315 1075 482 1111 ingreditur,
514 1077 559 1105 ubi
587 1077 659 1105 clare
692 1077 765 1105 videt
796 1078 985 1113 agonothetam

193 1121 369 1148 certaminum
386 1121 504 1149 laborem
524 1122 710 1156 admirantem,
731 1123 844 1151 alacrior
860 1123 985 1152 efficitur.

195 1165 234 1193 Ne
247 1165 327 1201 igitur
345 1167 464 1194 animum
483 1168 707 1203 despondeamtts,
727 1176 786 1197 cuin
806 1170 888 1197 multa
909 1170 987 1198 nobis

193 1210 255 1238 hinc
268 1211 352 1239 tristia
369 1212 526 1240 acciderint.
538 1214 618 1241 Arcto
631 1215 703 1242 enim
717 1220 758 1242 est
770 1215 823 1248 via,
838 1220 865 1243 et
875 1222 986 1251 angusta

193 1261 269 1291 porta
283 1265 291 1285 ε
305 1262 333 1285 at
350 1265 403 1285 non
417 1259 511 1286 civitas
525 1259 580 1287 illa.
598 1259 711 1296 ideoque
727 1268 779 1288 non
792 1261 836 1289 hic
854 1262 986 1297 speranda

192 1302 269 1336 quies
281 1307 332 1336 est,
347 1311 432 1339 neque
448 1304 502 1332 illic
515 1305 661 1340 putandum
675 1307 774 1342 aliquid
793 1308 882 1336 inesse
898 1309 985 1336 triste.

193 1347 259 1375 Cum
274 1347 342 1376 dixit
355 1353 456 1382 autem,
473 1350 555 1378 Pauci
568 1356 626 1378 sunt
643 1353 688 1387 qui
699 1354 829 1380 inveniunt
841 1362 908 1387 eam,
925 1363 986 1382 rur-

193 1401 240 1421 sus
261 1395 406 1423 multorum
429 1396 472 1424 hic
494 1397 625 1432 ignaviam
649 1398 777 1433 declarat,
800 1404 828 1427 et
851 1400 987 1428 auditores

194 1440 320 1476 instituit,
333 1450 367 1470 ne
380 1443 523 1471 multorum
534 1445 614 1472 rebus
628 1447 766 1481 prosperis
779 1447 898 1474 animum
912 1447 988 1475 adbi-

193 1488 283 1520 beant,
295 1489 342 1516 sed
357 1497 500 1524 paucorum
514 1491 660 1520 laboribus.
673 1492 782 1520 Plurimi
796 1501 922 1529 namque,
937 1495 986 1528 ait,

193 1541 247 1561 non
268 1534 348 1562 modo
368 1543 416 1570 per
437 1536 508 1564 illam
531 1537 601 1565 viam
626 1546 678 1565 non
702 1539 838 1573 incedunt,
864 1540 912 1568 sed
937 1549 987 1569 nec

194 1580 266 1607 illam
288 1581 390 1616 eligunt
413 1583 540 1617 quidem;
561 1584 630 1618 quod
655 1590 805 1613 extremum
827 1587 987 1622 insipientia:

193 1631 246 1654 est.
262 1627 358 1656 Verum
378 1637 431 1656 non
446 1635 487 1657 est
500 1631 661 1658 multitudini
676 1632 886 1663 attendendum;
901 1641 989 1669 neque

196 1672 258 1700 inde
277 1674 376 1701 turbari
390 1679 507 1710 oportet,
521 1677 569 1704 sed
590 1684 689 1711 paucos
703 1678 762 1706 illos
773 1680 881 1712 imitari,
895 1685 922 1707 et
937 1689 987 1708 un-

195 1718 276 1754 dique
293 1726 353 1747 sese
372 1720 528 1756 colligentes
547 1723 586 1750 sic
608 1731 656 1758 per
679 1732 739 1751 eum
761 1725 897 1753 incedere.
921 1726 988 1754 Nam

197 1770 372 1800 pneterquam
395 1767 466 1801 quod
491 1774 600 1803 angusta
626 1769 670 1797 illa
690 1775 741 1803 est,
762 1772 836 1798 multi
858 1777 919 1799 sunt
944 1774 987 1808 qui

196 1811 367 1846 supplantare
388 1813 514 1846 student,
536 1822 569 1842 ne
589 1815 635 1842 illo
657 1816 789 1849 intretur;
814 1819 987 1852 quamobrem

196 1856 408 1892 subjunxitdii.
431 1858 558 1886 Attendite
584 1869 599 1887 a
621 1862 693 1896 falsis
717 1863 854 1897 prophetis.
885 1863 990 1891 Venient

197 1902 264 1929 enim
283 1903 317 1929 ad
337 1911 380 1930 vos
398 1904 424 1931 in
445 1906 595 1934 vestimentis
616 1908 699 1934 ovium
713 1916 722 1935 .'
735 1909 892 1937 intrinsecus
905 1915 990 1938 autem

197 1956 256 1976 sunt
269 1949 322 1983 lupi
336 1959 451 1986 rapaces.
474 1951 543 1980 Ecce
557 1960 618 1980 cum
636 1954 747 1983 canibus
761 1960 788 1983 et
807 1956 896 1991 porcis
916 1957 990 1984 aliud

199 1994 353 2023 insidiarum
376 2004 470 2031 genus,
493 1995 577 2026 multo
590 1999 765 2036 periculosius
784 2001 840 2029 illo.
864 2002 903 2030 llli
918 2003 988 2030 enim

198 2045 260 2068 sunt
279 2042 424 2076 manifesti,
440 2048 467 2070 et
481 2044 568 2078 palam
582 2046 788 2080 aggrediuntur;
810 2048 838 2075 hi
856 2056 923 2077 vero
942 2057 990 2077 oc-

197 2086 275 2115 culti.
295 2087 358 2115 ideo
376 2088 410 2116 ab
433 2089 484 2117 illis
505 2091 612 2125 quidem
627 2092 762 2120 abstinere
780 2094 870 2128 jussit,
893 2096 927 2122 ab
949 2096 990 2124 bis

199 2140 263 2160 vero
281 2133 484 2169 diligentissime
500 2144 604 2169 cavere,
617 2145 650 2165 ac
668 2139 691 2165 si
710 2139 818 2167 diflicile
838 2140 873 2168 sit
892 2141 926 2168 ad
941 2143 991 2176 pri-

199 2186 275 2206 mum
289 2179 348 2207 illos
363 2188 536 2216 congressum
548 2183 688 2218 explorare
700 2193 707 2211 :
724 2185 836 2221 ideoque
850 2186 928 2220 dixit,
942 2187 990 2214 Αι-

198 2226 300 2259 tendite,
314 2232 341 2253 ut
354 2227 386 2254 ad
395 2228 454 2255 illos
467 2229 688 2258 interttoscendos
701 2231 823 2259 redderet
838 2232 991 2268 diligentio-

199 2279 253 2299 res.
267 2272 367 2300 Deinde
377 2281 411 2301 ne
423 2274 572 2309 audientes,
588 2277 614 2303 in
627 2281 699 2304 arcta
712 2282 740 2305 et
755 2283 866 2313 angusta
887 2280 991 2307 multis-

199 2325 253 2352 que
273 2320 406 2346 eontraria
430 2319 472 2347 via
502 2321 679 2349 incedendum
705 2330 785 2355 esse,
811 2331 825 2350 a
853 2325 941 2359 porcis
964 2330 993 2353 et

199 2363 311 2391 canibus
324 2365 484 2400 cavendum,
502 2367 662 2403 insuperque
680 2376 697 2396 a
714 2369 862 2404 maligniori
880 2378 990 2406 genere,

201 2416 297 2444 nempe
311 2410 449 2445 luporum;
461 2420 494 2439 ne
505 2413 619 2440 tristium
633 2421 722 2441 rerum
741 2415 911 2444 multitudine
924 2424 991 2444 con-

200 2454 303 2489 cidant,
317 2455 343 2482 in
358 2458 523 2485 contrariam
537 2459 628 2486 multis
647 2460 778 2488 incessuri
790 2461 870 2495 viam,
883 2468 993 2497 praetcr-

201 2508 287 2536 eaque
301 2501 344 2530 bis
363 2502 398 2530 de
415 2504 496 2531 rebus
508 2505 615 2532 solliciti
630 2506 722 2539 futuri,
736 2507 857 2542 qmedam
873 2513 993 2544 tempore

201 2552 305 2581 patrum
317 2555 425 2576 suorum
440 2554 513 2584 gesta
525 2551 693 2585 memoravit,
707 2553 953 2588 pseudopropbetas
966 2556 992 2582 in

201 2593 318 2621 medium
334 2594 484 2627 adducens;
499 2598 586 2632 prisce
603 2606 718 2632 namque
731 2599 791 2625 talia
813 2601 991 2635 contigerunt.

201 2637 290 2666 Nolite
310 2648 370 2675 ergo
391 2641 479 2668 terreri
499 2642 575 2677 (Luc.
589 2643 635 2670 21.
658 2643 698 2679 9),
724 2644 826 2679 inquit:
841 2645 906 2673 nihil
921 2647 992 2673 enim

201 2693 312 2720 novum,
340 2687 407 2715 nihil
431 2688 579 2717 inauditum
603 2690 716 2718 accidet.
739 2691 850 2719 Veritati
879 2700 994 2726 namque

202 2732 331 2761 fallaciam
350 2742 456 2770 semper
470 2736 606 2764 substituit
619 2737 752 2765 diabolus.
767 2738 991 2774 Pseudoprophe-

203 2783 243 2805 tas
252 2784 339 2807 autem
350 2779 393 2808 hic
403 2789 457 2808 non
467 2780 608 2810 hmreticos
621 2783 686 2811 mihi
697 2784 866 2813 subindicare
877 2784 992 2818 videtur.

201 2823 249 2851 sed
275 2831 333 2859 eos,
355 2825 401 2861 qui
424 2833 486 2855 cum
506 2829 625 2864 corrupti
648 2830 768 2859 moribus
795 2834 824 2859 et
850 2831 904 2859 vita
926 2832 991 2867 sint,

559 100 588 128 ε.
608 98 747 129 JOANNIS
763 98 1002 129 CIIBYSWTOMI
1019 99 1180 128 secatur.
1199 98 1467 130 ΕΘΠΒΤΔΝἮΝΟΡ.

1774 104 1828 133 316

1035 155 1141 183 virtutis
1151 154 1252 184 larvam
1261 154 1462 189 circumtonat,
1478 163 1546 193 quos
1557 157 1714 188 sedum
1727 167 1827 190 vocare

1034 200 1111 228 multi
1131 200 1229 229 solent.
1245 200 1425 235 Quamobrem
1443 202 1583 238 subjunxit
1598 203 1702 238 dicens,
1725 206 1768 233 ιϐ.
1787 206 1828 234 Ea:

1034 247 1158 283 fustibus
1175 255 1262 275 eorum
1275 248 1430 284 cognoscetis
1448 257 1500 276 eos.
1516 249 1582 277 Nam
1596 250 1668 284 apud
1688 250 1830 280 hatrctieos

1033 293 1140 328 quidem
1153 293 1263 321 honesta
1276 294 1328 321 vita
1339 301 1411 329 smpe
1425 295 1553 330 reperitur
1565 303 1572 328 ;
1584 296 1652 331 apud
1667 296 1717 324 hos
1727 302 1829 331 autem,

1034 346 1102 373 quos
1122 339 1186 371 dixi,
1206 346 1361 373 numquam.
1374 340 1442 373 Quid
1457 340 1546 375 igitur,
1561 341 1676 376 inquies,
1693 343 1715 370 si
1737 351 1829 370 tutores
1875 338 1883 347 ⁸

1036 385 1136 420 fingant
1154 385 1299 413 honestos?
1319 385 1372 413 Sed
1390 386 1466 414 facile
1481 386 1628 421 capientur.
1642 387 1717 416 Talis
1729 389 1831 424 quippe

1035 436 1076 458 est
1097 431 1176 466 hujus
1189 430 1239 458 via:
1255 436 1359 465 natura,
1384 440 1436 467 qua
1458 433 1583 461 incedere
1603 434 1681 469 jussi,
1697 434 1830 463 laboriosa

1036 486 1132 514 nempe
1150 484 1177 506 et
1195 479 1272 507 dura.
1287 480 1431 515 llypocrita
1449 487 1514 507 vero
1525 480 1643 509 laborem
1659 482 1729 509 ferre
1750 482 1830 516 nolit,

1035 525 1083 552 sed
1103 525 1229 553 simulare
1243 530 1345 553 tantum
1359 536 1365 554 :
1379 527 1492 562 ideoque
1509 526 1587 554 facile
1606 527 1828 563 deprehenditur.

1036 570 1102 604 Quia
1112 572 1183 598 enim
1195 571 1270 604 dixit,
1284 571 1366 599 Pauci
1376 577 1434 600 sunt
1445 573 1488 608 qui
1500 573 1626 600 inveniunt
1637 582 1703 607 eam,
1715 575 1831 602 secernit

1035 623 1082 642 eos
1096 616 1130 642 ab
1145 616 1206 649 illis,
1219 617 1263 651 qui
1280 625 1341 644 cum
1354 624 1406 644 non
1418 618 1576 649 invenerint,
1592 618 1724 646 invenisse
1741 623 1831 647 tamen

1036 669 1065 688 se
1079 661 1215 695 simulant,
1227 662 1324 698 jubens
1335 672 1387 690 non
1402 663 1435 690 ad
1449 663 1520 696 illos,
1538 665 1582 699 qui
1598 665 1697 692 larvam
1711 665 1829 693 circum-

1037 706 1135 741 ferunt,
1150 708 1295 742 respicere,
1311 708 1358 736 sed
1372 708 1405 736 ad
1427 709 1487 737 illos
1500 710 1545 745 qui
1564 718 1627 738 vere
1646 715 1674 738 et
1692 719 1726 738 ex
1738 712 1830 739 animo

1037 753 1063 780 in
1079 754 1124 781 illa
1144 754 1281 782 incedunt.
1300 755 1334 782 Et
1353 763 1403 790 qua
1415 755 1450 782 de
1463 763 1552 788 causa,
1572 756 1685 790 inquies,
1702 764 1753 784 non
1768 757 1830 784 illos

1037 804 1115 827 notos
1129 799 1200 833 fecit,
1213 801 1259 828 sed
1272 808 1323 828 nos
1339 802 1364 828 in
1376 802 1531 837 explorandi
1545 810 1636 830 cntum
1649 803 1781 838 conjecit‘!
1797 803 1831 832 Ut

1038 845 1187 880 vigilemus,
1203 851 1231 874 et
1250 847 1357 875 solliciti
1376 855 1482 883 semper
1502 849 1595 881 simus,
1616 849 1679 877 dum
1703 857 1830 877 cavemus

1038 898 1090 918 non
1104 891 1185 919 modo
1196 891 1229 919 ab
1243 892 1358 920 inimicis
1372 893 1424 920 illis
1438 894 1482 928 qui
1496 893 1582 928 palam
1603 895 1670 922 tales
1688 900 1750 922 sunt
1762 916 1769 927 ,
1783 896 1831 923 sed

1037 937 1071 964 ab
1092 937 1124 964 iis
1148 938 1228 965 etiam
1249 939 1293 973 qui
1319 945 1380 967 sese
1403 939 1556 967 occultant:
1571 947 1637 975 quos
1659 941 1833 968 subindieans

1038 983 1135 1010 Paulus
1147 983 1253 1011 dicebat
1267 994 1274 1012 ε
1289 984 1321 1011 Et
1334 993 1378 1020 per
1388 985 1474 1013 dulces
1486 994 1612 1013 sermones
1621 986 1742 1014 seducunt
1755 988 1833 1014 corda

1037 1030 1207 1057 innocentium
1222 1031 1309 1066 (Rom.
1325 1032 1368 1059 l6.
1384 1032 1439 1067 l8).
1452 1032 1491 1059 Ne
1505 1033 1593 1067 itaque
1609 1033 1755 1066 turbentur,
1771 1042 1834 1062 cum

1039 1077 1136 1104 multos
1158 1077 1340 1112 hujuscemodi
1363 1078 1444 1105 etiam
1465 1085 1535 1106 nunc
1557 1079 1690 1107 videmus.
1717 1079 1782 1107 Nam
1806 1085 1833 1108 et

1040 1121 1104 1149 illud
1118 1130 1197 1158 supra
1211 1122 1332 1150 Christus
1347 1124 1479 1158 przcdixit.

1075 1168 1102 1196 7.
1124 1168 1157 1195 Et
1177 1169 1312 1204 perpende
1333 1169 1391 1204 ejus
1412 1170 1653 1198 mansuetudinem.
1679 1170 1736 1198 Non
1758 1171 1830 1199 enim

1040 1213 1106 1241 dixit
1117 1234 1125 1246 ,
1139 1213 1235 1242 Punite
1248 1215 1306 1242 illos
1318 1236 1325 1248 ,
1342 1216 1400 1248 sed,
1414 1215 1510 1243 Cavete
1525 1224 1558 1243 ne
1569 1217 1602 1243 ab
1615 1217 1667 1244 illis
1682 1217 1813 1244 laedamini
1824 1238 1834 1250 ,

1040 1266 1074 1286 ne
1088 1259 1185 1287 incauti
1207 1260 1233 1287 in
1257 1260 1317 1288 illos
1340 1261 1471 1289 incidatis.
1494 1262 1614 1294 Deinde,
1631 1270 1664 1290 ne
1687 1263 1761 1290 dicas
1781 1271 1835 1291 non

1041 1312 1120 1339 posse
1144 1305 1294 1340 bujusmodi
1315 1306 1438 1334 homines
1458 1308 1602 1335 internosci
1619 1329 1625 1340 ,
1641 1309 1675 1336 ab
1697 1308 1837 1336 hominum

1040 1352 1165 1387 exemplo
1179 1360 1270 1380 rursus
1285 1354 1451 1381 ratiocinium
1461 1354 1568 1382 adhibet
1582 1355 1692 1383 dicens:
1704 1355 1835 1391 Numquid

1040 1398 1162 1432 colligunt
1177 1398 1209 1425 de
1221 1398 1301 1433 spinis
1320 1407 1381 1426 uvas
1392 1420 1400 1432 ,
1414 1405 1456 1426 aut
1473 1400 1504 1426 de
1518 1401 1615 1427 tribulis
1632 1401 1697 1434 ﬁcus
1708 1401 1721 1427 ?
1735 1402 1776 1429 17.
1791 1401 1836 1429 Sic

1041 1445 1122 1471 omnis
1134 1444 1209 1471 arbor
1221 1445 1287 1471 bona
1296 1466 1303 1478 ,
1316 1445 1393 1472 bonos
1407 1447 1504 1480 fructus
1519 1447 1598 1481 facit;
1612 1447 1679 1473 mala
1694 1452 1778 1474 autem
1790 1456 1835 1474 ar-

1041 1490 1086 1516 bor
1107 1490 1205 1525 fructus
1230 1492 1311 1518 malas
1335 1492 1406 1527 facit.
1426 1492 1468 1519 18.
1492 1491 1553 1519 Non
1576 1497 1656 1527 potest
1677 1493 1753 1520 arbor
1772 1494 1836 1521 bona

1042 1538 1139 1570 fructus
1152 1537 1232 1564 malos
1243 1538 1342 1571 facere,
1354 1545 1399 1564 nec
1414 1538 1488 1564 arbor
1503 1538 1571 1565 mala
1589 1539 1684 1573 {ructus
1701 1539 1779 1567 bonos
1791 1542 1833 1574 fa‘

1041 1590 1107 1608 cere.
1123 1582 1199 1615 Quod
1220 1588 1307 1610 autem
1322 1583 1387 1610 dicit
1401 1583 1553 1618 bujusmodi
1574 1589 1615 1612 est
1627 1594 1633 1611 :
1645 1584 1715 1612 Nihil
1739 1585 1837 1613 habent

1042 1628 1106 1655 ruite
1115 1629 1156 1655 vel
1170 1627 1264 1661 dulce;
1279 1629 1374 1663 pellem
1390 1629 1476 1656 solum
1490 1630 1547 1657 ovis
1559 1635 1673 1665 gestant,
1690 1631 1751 1658 ideo
1760 1631 1838 1659 facile

1044 1675 1268 1702 internascuntur.
1281 1675 1314 1702 Et
1329 1683 1363 1702 ne
1378 1676 1418 1703 vel
1432 1676 1569 1703 minimttm
1584 1676 1700 1710 dubites,
1715 1677 1840 1704 naturali-

1045 1720 1093 1747 bus
1110 1721 1313 1748 necessitatibus
1331 1726 1467 1756 comparat
1488 1729 1520 1749 ea
1534 1729 1594 1757 quas
1614 1722 1692 1750 aliter
1706 1723 1762 1749 fieri
1784 1730 1837 1750 non

1044 1771 1163 1801 possunt.
1179 1767 1255 1801 Quod
1270 1768 1348 1794 etiam
1367 1767 1464 1795 Paulus
1480 1767 1586 1796 dicebat
1598 1777 1604 1795 :
1617 1769 1751 1803 Sapientia
1772 1769 1839 1796 enim

1043 1813 1126 1840 carnis
1138 1833 1146 1846 ,
1161 1821 1229 1840 mors
1241 1819 1277 1840 est
1289 1821 1298 1840 :
1310 1813 1358 1849 legi
1376 1815 1442 1841 enim
1462 1814 1510 1841 Dei
1531 1823 1582 1842 non
1600 1815 1750 1850 subjicitur:
1761 1823 1839 1850 neque

1043 1860 1109 1886 enim
1123 1865 1201 1894 potest
1213 1861 1303 1895 (Rom.
1319 1862 1345 1888 8.
1361 1862 1387 1889 6.
1402 1861 1440 1897 7).
1452 1862 1527 1896 Quod
1541 1867 1628 1890 autem
1644 1863 1707 1890 illud
1720 1863 1840 1891 secundo

1044 1912 1135 1942 ponat,
1152 1915 1205 1935 non
1218 1912 1260 1935 est
1273 1909 1407 1943 superﬂua
1423 1909 1547 1944 repetitio
1560 1910 1714 1938 verborum.
1728 1910 1768 1938 Ne
1779 1911 1840 1946 quis

1045 1953 1115 1980 enim
1129 1953 1240 1985 diceret,
1253 1954 1341 1981 Arbor
1354 1955 1422 1981 mala
1437 1955 1540 1982 fructus
1554 1956 1660 1991 quidem
1674 1956 1726 1984 fert
1738 1957 1838 1988 malos,

1045 1999 1093 2026 sed
1105 1999 1156 2026 fert
1170 1999 1250 2027 etiam
1265 1999 1351 2027 bonos
1361 2008 1368 2033 ;
1380 2004 1408 2027 et
1422 2008 1482 2027 cum
1501 2000 1619 2035 duplices
1631 2000 1716 2033 ferat,
1730 2001 1840 2028 dil'licile

1044 2050 1086 2073 est
1101 2046 1162 2073 illos
1176 2046 1357 2074 internoscere
1369 2056 1376 2073 :
1388 2048 1491 2079 Atres,
1505 2047 1610 2082 inquit,
1626 2054 1678 2075 non
1694 2047 1730 2074 ita
1744 2055 1774 2075 se
1790 2048 1839 2074 ha-

1045 2090 1090 2118 bet
1102 2099 1109 2118 :
1121 2091 1206 2118 malos
1228 2096 1330 2119 tantum
1352 2091 1445 2126 alfert,
1457 2092 1542 2120 bonos
1562 2100 1724 2127 numquam;
1741 2097 1810 2120 utet
1825 2100 1841 2120 e

1044 2137 1190 2164 contrario.
1204 2136 1272 2170 Quid
1286 2138 1381 2172 igitur?
1394 2138 1490 2165 Annon
1511 2143 1551 2166 est
1564 2139 1605 2166 vir
1618 2138 1714 2171 bonus,
1728 2139 1773 2174 qui
1785 2146 1842 2165 ma-

1046 2184 1088 2212 lus
1100 2184 1246 2212 efﬁciatur?
1254 2186 1293 2213 Ae
1301 2186 1415 2213 vicissim
1429 2186 1569 2213 dicendum
1583 2195 1599 2214 e
1608 2187 1744 2215 contrario
1755 2196 1762 2214 :
1774 2188 1842 2214 mul-

1046 2232 1080 2259 tis
1095 2231 1246 2266 hujusmodi
1261 2233 1392 2267 exemplis
1406 2233 1513 2268 plenum
1527 2238 1568 2261 est
1587 2234 1725 2261 hominum
1745 2241 1839 2269 genus.

1045 2278 1098 2305 Sed
1110 2278 1231 2305 Christus
1241 2286 1294 2305 non
1307 2278 1370 2305 illud
1384 2279 1458 2312 dicit,
1471 2286 1567 2314 nempe
1580 2287 1632 2306 non
1649 2286 1727 2314 posse
1740 2279 1840 2305 malum

1047 2323 1181 2351 hominem
1197 2324 1303 2356 mutari,
1319 2332 1405 2360 neque
1416 2325 1512 2352 bonum
1527 2325 1640 2353 cadere:
1653 2333 1744 2353 verum
1756 2325 1841 2352 donec

1046 2370 1072 2396 in
1089 2370 1204 2405 nequitia
1225 2375 1396 2405 perseverat,
1415 2371 1513 2398 bonum
1533 2379 1585 2399 non
1601 2371 1694 2399 afferet
1712 2371 1839 2399 fructum.

1048 2416 1141 2443 Mutari
1155 2416 1226 2443 enim
1242 2421 1329 2451 potest
1342 2437 1348 2449 ,
1362 2422 1390 2444 et
1404 2425 1436 2444 ex
1454 2417 1577 2452 improbo
1590 2418 1676 2445 bonus
1690 2417 1776 2450 edici;
1793 2417 1841 2445 sed

1047 2462 1073 2488 in
1097 2462 1213 2497 nequitia
1236 2470 1366 2496 manens,
1395 2463 1508 2491 fructum
1533 2471 1586 2491 non
1613 2464 1705 2492 afferet
1729 2464 1840 2491 bonum.

1047 2509 1186 2541 Quomodo
1196 2516 1261 2544 ergo
1276 2509 1357 2536 David
1367 2531 1374 2541 .
1390 2510 1475 2538 bonus
1487 2518 1547 2537 eum
1561 2515 1642 2544 esset,
1655 2511 1768 2539 fructum
1783 2519 1840 2538 ma-

1048 2556 1102 2583 lum
1123 2555 1201 2582 tulit?
1216 2555 1272 2582 Non
1290 2564 1400 2584 manens
1419 2557 1504 2584 bonus
1516 2578 1524 2590 ,
1540 2557 1586 2584 sed
1611 2562 1726 2585 mutatus
1739 2566 1745 2584 :
1758 2558 1802 2593 qui
1818 2558 1840 2585 si

1048 2607 1178 2636 perpetuo
1190 2602 1332 2630 mansisset
1345 2602 1430 2637 qualis
1441 2607 1516 2636 erat,
1528 2611 1671 2639 numquam
1688 2604 1768 2631 talem
1782 2603 1841 2631 fru-

1047 2652 1118 2674 ctum
1135 2648 1248 2675 tulisset.
1260 2648 1325 2676 Nam
1340 2649 1361 2676 si
1378 2649 1403 2676 in
1412 2649 1516 2676 virtutis
1530 2648 1612 2684 gradu
1622 2650 1775 2683 mansisset,
1785 2657 1839 2677 non

1047 2701 1128 2721 ausus
1141 2699 1213 2722 esset
1229 2694 1287 2721 talia
1303 2701 1469 2730 perpetrare.
1485 2695 1547 2722 litae
1567 2700 1656 2723 autem
1675 2695 1796 2728 dicebat,
1812 2699 1842 2723 ut

1048 2745 1149 2768 temere
1163 2741 1363 2776 obloquentium
1380 2746 1408 2769 et
1427 2742 1625 2769 criminantium
1646 2750 1694 2770 ora
1710 2742 1839 2770 frenaret.

1047 2786 1114 2820 Quia
1133 2787 1203 2814 enim
1225 2787 1329 2822 plurimi
1345 2787 1430 2815 bonos
1447 2795 1481 2815 ex
1497 2787 1625 2822 improbis
1644 2788 1777 2815 aestimant
1788 2809 1795 2819 .
1810 2792 1841 2815 ut

1049 2832 1100 2861 illis
1113 2840 1218 2862 omnem
1235 2834 1431 2863 excusationem
1445 2834 1585 2870 adimeret,
1599 2835 1651 2864 hoc
1660 2834 1736 2863 dixit.
1747 2834 1841 2870 Neque
