2067 3132
174 143 225 170 517

171 201 243 228 enim
267 200 357 228 dicere
377 199 483 236 possis,
496 199 699 228 Circumventus
713 206 773 227 sum
786 203 866 235 atque
886 198 967 227 dece-

172 249 232 280 ptus
247 255 253 272 :
268 253 329 272 nam
343 249 495 273 accuratam
508 245 555 273 tibi
567 244 629 273 dedi
641 253 675 273 ex
688 245 814 279 operibus
826 245 946 272 notitiam
958 266 966 278 ,

171 293 267 328 jubens
281 299 328 327 per
342 292 414 327 ipsos
423 295 498 319 actus
507 290 663 326 procedere,
673 298 760 326 neque
767 291 856 318 omnia
868 295 968 318 temere

174 338 290 365 turbare.
305 336 406 364 Deinde
419 337 481 372 quia
494 344 545 364 non
558 343 604 364 eos
615 336 705 364 ulcisci
715 336 801 371 jussit,
814 336 860 363 sed
873 343 968 364 cavere

171 383 206 410 ab
215 383 267 410 illis
277 387 305 409 ut
312 390 360 410 eos
367 383 411 418 qui
420 383 454 410 ab
463 382 516 410 illis
527 381 688 410 ltederentur
701 382 861 415 consoletur,
874 383 967 410 simul-

171 436 223 464 que
235 432 263 456 ut
273 428 401 456 ltedentcs
415 428 549 456 deterreat
558 432 585 456 et
593 428 619 454 in
628 427 738 456 meliora
747 432 894 458 convertat.
908 435 967 463 pm-

173 483 233 502 nam
242 475 276 502 ab
284 482 314 503 se
323 474 387 510 ipsis
397 473 566 510 inﬂigendam
577 474 668 502 statuit
681 479 708 502 et
720 474 844 508 firmavit,
860 474 966 502 dicens:

172 522 216 549 I9.
227 521 316 549 Omnis
324 521 408 555 arbor,
415 529 471 557 qut:
477 529 526 548 non
533 521 594 556 facit
601 523 711 557 fructum
719 521 822 554 bonum,
829 521 966 555 excidetur,

172 573 195 595 et
216 569 244 595 in
263 568 347 603 ignem
359 568 480 595 mittetur.
494 567 595 595 Deinde
608 574 760 595 sermonem
774 567 967 603 aliquantulum

173 618 336 648 temperans,
347 613 435 640 intulit
443 622 450 640 :
458 612 503 640 20.
513 612 597 648 Igitur
610 621 642 640 ea:
650 613 773 648 fructibus
783 621 866 640 eorum
874 621 968 649 cogno-

172 659 245 686 scetis
255 667 307 686 eos.
316 658 356 686 Ne
363 663 451 687 autem
459 658 693 686 comminationem
706 659 820 687 maxime
833 659 968 687 videretur

174 704 311 737 inducere,
320 705 395 739 quasi
407 703 667 739 peradmonitionem
675 709 702 732 et
713 705 853 732 consilium
865 705 968 732 videtur

174 749 279 778 illorum
294 750 411 777 animum
426 757 545 778 movere.
560 750 609 778 Hic
621 758 685 778 vero
698 751 762 778 mihi
776 750 882 779 Iudaeos
900 752 967 779 sub-

174 795 292 824 indicare
307 795 421 830 videtur,
439 796 485 832 qui
501 796 567 823 tales
583 795 752 831 proferebant
769 796 881 824 fructus.
893 796 968 824 Ideo-

173 849 224 876 que
236 841 347 869 Joannis
359 841 429 869 dicta
444 841 611 875 memoravit,
623 849 671 876 per
684 841 777 869 eadem
791 842 846 877 ipsa
861 843 967 870 nomina

173 887 332 922 supplicium
348 887 401 914 illis
413 887 576 915 describens.
590 886 658 914 Nam
672 891 698 915 et
712 887 757 914 ille
775 887 832 915 haec
845 887 966 922 dicebat,

174 933 289 961 securim
300 954 308 966 ,
323 933 446 961 arborem
463 933 637 961 excidendam
652 937 680 961 et
693 934 780 968 ignem
795 934 968 969 iuexstingui-

174 978 255 1006 bilem
275 978 327 1006 illis
343 986 557 1006 conuuomorans
571 977 678 1015 (Matth.
692 979 718 1007 5.
735 978 790 1014 10),
806 979 969 1014 Videturque

174 1032 226 1052 una
247 1029 348 1052 tantum
367 1032 444 1060 poma
465 1032 543 1058 esse,
557 1032 654 1060 nempe
673 1025 841 1058 combustio;
859 1026 881 1052 si
904 1033 968 1053 vero

173 1070 235 1105 quis
259 1072 316 1098 haec
336 1075 460 1098 accurate
474 1071 612 1106 exploret,
626 1070 724 1106 duplex
746 1071 789 1098 hic
809 1071 968 1106 supplicium

173 1121 226 1144 est.
237 1115 303 1143 Nam
316 1116 360 1152 qui
372 1116 546 1148 comburitur,
555 1123 570 1143 a
581 1123 663 1151 regno
674 1116 771 1144 excidit
782 1117 900 1149 omnino;
911 1116 969 1144 haec

174 1169 239 1189 vero
253 1169 331 1197 pinna
345 1162 430 1196 major
442 1167 494 1190 est.
506 1161 573 1190 Novi
592 1166 665 1190 certe
683 1163 780 1190 multos
791 1170 825 1190 ex
839 1162 969 1198 gehenna:

174 1213 277 1235 tantum
293 1208 400 1236 nomine
414 1208 544 1241 horrere;
556 1215 606 1243 ego
621 1212 708 1235 tatnen
723 1208 806 1236 multo
819 1208 970 1244 graviorem

174 1262 235 1282 esse
250 1262 355 1290 poenam
367 1254 437 1282 duco
446 1262 462 1281 a
474 1254 556 1290 gloria
571 1254 616 1281 illa
627 1253 761 1288 excidere,
775 1262 854 1290 quam
869 1255 970 1291 gehen-

174 1307 237 1327 nam
247 1300 367 1328 subire‘.
378 1299 405 1328 Si
417 1307 480 1328 vero
490 1299 516 1327 id
527 1307 578 1327 non
589 1300 674 1336 possit
683 1307 807 1327 sermone
815 1301 970 1335 monstrari,

174 1346 240 1374 nihil
260 1348 366 1374 mirum.
380 1346 472 1382 Neque
489 1347 560 1375 enim
577 1347 697 1374 novimus
713 1347 844 1374 bonorum
863 1347 970 1375 illorum

175 1393 377 1426 beatitudinem,
388 1398 416 1420 ut
428 1393 537 1428 perditae
545 1392 627 1429 ipsius
640 1392 775 1421 miseriam
788 1393 968 1421 aestimemus:

174 1439 307 1473 siquidem
322 1439 420 1466 Paulus
436 1460 444 1472 ,
456 1446 500 1474 qui
512 1438 571 1466 hare
584 1438 667 1473 probe
678 1442 798 1472 noverat,
810 1438 911 1466 sciebat
924 1447 971 1466 ex-

175 1484 265 1512 cidere
278 1492 294 1512 e
307 1484 391 1519 gratia
404 1483 504 1512 Christi
515 1491 570 1512 rem
581 1490 641 1511 esse
653 1483 773 1511 omnium
785 1483 970 1519 gravissimam

175 1529 248 1563 (Gal.
265 1530 291 1558 5.
308 1530 347 1565 Δ).
364 1530 396 1557 Et
410 1529 460 1557 hoc
474 1537 524 1557 nos
538 1536 643 1565 quoque
665 1528 798 1563 sciemus,
812 1536 874 1557 cum
886 1529 915 1557 in
928 1529 969 1557 rei

176 1577 388 1611 experimentum
404 1576 585 1604 inciderimus.

214 1623 239 1651 8.
252 1622 380 1656 Quantum
394 1623 425 1650 sit
442 1623 536 1649 malum
551 1622 664 1650 excidere
676 1630 692 1649 a
704 1630 781 1658 regno
796 1621 844 1649 Dei
856 1621 971 1656 exemplo

175 1669 351 1696 adumbratttr.
363 1668 475 1695 Christus
489 1668 561 1695 nobis
579 1668 664 1695 omnia
680 1672 725 1695 est.
740 1665 775 1688 -'--
787 1666 840 1695 Sed
857 1667 924 1695 faxis
937 1674 971 1695 ne

177 1717 229 1744 hoc
243 1716 384 1751 patiamur.
396 1724 412 1743 ο
425 1715 560 1750 unigenite
574 1714 621 1743 Dei
636 1714 697 1748 Fili,
709 1721 797 1750 neque
811 1713 971 1742 intolerandi

177 1763 255 1790 istius
286 1762 408 1797 supplicii
436 1769 562 1797 umquam
586 1761 798 1796 experimentum
824 1768 970 1788 sumamus.

177 1808 313 1842 Quantum
323 1808 395 1836 enim
407 1808 442 1835 sit
456 1808 554 1835 malum
568 1815 583 1834 a
595 1807 674 1836 bonis
687 1807 740 1835 illis
752 1806 887 1840 excidere,
899 1806 972 1834 clare

177 1855 301 1889 cognosci
312 1854 413 1889 nequit.
425 1854 548 1881 Attamen
558 1860 606 1888 pro
617 1852 684 1880 virili
696 1860 754 1880 mea
766 1852 883 1880 conabor
892 1856 972 1887 atque

177 1899 346 1933 contendam,
357 1899 408 1927 hoc
417 1899 492 1927 vobis
503 1906 551 1934 per
563 1899 715 1934 exemplum
729 1899 825 1926 saltem
839 1898 970 1925 tantillum

178 1951 337 1973 monstrare.
353 1945 539 1981 Supponamus
552 1952 612 1973 esse
625 1945 741 1980 puellum
753 1944 911 1978 mirabilem,
926 1945 971 1980 qui

178 1993 276 2020 virtute
289 1991 388 2020 ﬂorens
406 1991 485 2020 totius
498 1991 577 2019 etiam
592 1991 666 2019 orbis
678 1991 819 2026 imperium
832 1991 970 2024 obtineat,

179 2043 304 2073 tantaque
317 2039 414 2066 virtute
424 2037 574 2073 praeditum,
586 2042 616 2065 ut
625 2038 709 2073 passit
720 2037 840 2065 omnium
848 2036 972 2064 alfectum

179 2085 206 2112 in
219 2091 249 2112 se
262 2085 297 2112 ita
310 2091 479 2111 commovere
489 2104 497 2116 ,
514 2087 543 2111 ut
556 2083 674 2111 universi
691 2083 768 2110 illum
782 2087 893 2118 paterno
909 2082 971 2110 dili-

179 2135 244 2166 gant
257 2138 357 2158 amore.
374 2129 443 2164 Quid
458 2138 512 2157 non
527 2130 625 2165 putatis
639 2135 741 2164 patrem
752 2129 811 2164 ejus
830 2136 971 2164 passurum

180 2184 250 2210 esse,
266 2184 300 2204 ne
313 2176 372 2203 talis
385 2176 431 2204 lilii
446 2176 564 2210 privetur
573 2175 793 2210 colloquio'Iquid
805 2180 850 2202 aut
863 2181 972 2210 parvum

179 2228 226 2250 aut
239 2230 362 2257 magnum
380 2223 440 2249 mali
455 2229 507 2249 non
522 2226 707 2257 suscepturum
717 2242 725 2254 ,
740 2226 768 2248 ut
780 2220 854 2248 illum
866 2220 971 2253 videat,

181 2269 280 2304 illoque
295 2269 445 2304 perfruatur
455 2269 467 2296 '.’
477 2268 534 2296 Hoc
547 2268 626 2303 igitur
635 2272 663 2296 et
674 2267 709 2295 de
720 2267 804 2301 gloria
815 2267 860 2294 illa
873 2267 973 2303 cogite-

181 2322 252 2343 mus.
263 2315 353 2350 Neque
367 2314 438 2342 enim
452 2314 522 2341 ﬁlius
534 2313 698 2349 quantalibet
712 2313 809 2341 virtute
821 2312 972 2346 decoretur,

181 2361 218 2388 ita
231 2361 298 2396 patri
312 2360 498 2388 desiderabilis
510 2365 537 2387 et
548 2359 670 2387 amabilis
682 2363 733 2391 est,
746 2364 774 2386 ut
787 2362 885 2386 sortem
902 2358 973 2385 illam

182 2399 313 2435 honorum
336 2407 458 2441 accipere
469 2427 477 2439 ,
491 2413 522 2433 ac
541 2405 657 2438 resolvi,
674 2409 701 2432 et
714 2411 773 2432 esse
786 2411 846 2431 cum
867 2403 974 2431 Christo

166 2481 171 2499 Ι
183 2453 311 2490 (Philipp.
323 2453 349 2481 l.
359 2453 419 2488 ‘25).
431 2451 608 2479 lntolerabilis
620 2450 718 2486 quippe
728 2455 772 2499 est
784 2449 827 2499 illa
841 2448 972 2485 gehenna,

183 2501 281 2536 illaque
295 2507 382 2536 pcena.
394 2500 518 2526 Attamen
533 2498 596 2525 licet
607 2497 680 2525 mille
691 2496 750 2532 quis
763 2495 898 2531 gehennas
911 2502 974 2529 pro-

182 2546 322 2583 posuerit,
337 2545 401 2573 nihil
417 2545 468 2572 tale
481 2544 601 2572 dicturus
615 2547 673 2576 est,
686 2542 764 2576 quale
783 2545 825 2569 est
842 2548 876 2568 ex
897 2540 974 2567 beata

182 2595 226 2623 illa
240 2593 364 2622 excidere
383 2592 466 2627 gloria
478 2612 485 2623 ,
502 2590 609 2619 Christo
621 2596 730 2618 exosum
743 2595 803 2616 esse
814 2607 822 2620 ,
837 2587 930 2614 audire
941 2587 975 2613 ab

183 2641 230 2668 illo
244 2660 253 2673 ,
269 2638 331 2666 Non
351 2639 409 2665 novi
428 2645 471 2664 vos
491 2636 596 2673 (Matth.
611 2635 656 2663 25.
677 2634 733 2670 12),
751 2633 888 2665 accusari,
903 2632 974 2666 quod

182 2687 346 2715 esurientem
358 2685 432 2712 illum
443 2691 503 2711 cum
515 2682 676 2714 videremus,
683 2681 770 2708 cibum
779 2677 973 2714 negaverimus.

184 2731 291 2760 Etenim
306 2729 402 2758 melius
415 2733 456 2756 est
469 2728 541 2755 mille
554 2725 707 2754 fulminibus
719 2724 807 2757 obrui,
822 2731 901 2759 quam
915 2723 975 2749 vul-

184 2783 241 2806 tum
256 2777 331 2804 illum
345 2779 513 2802 mansuetum
526 2772 616 2801 videre
627 2778 677 2799 nos
689 2773 867 2802 aversantcm,
881 2773 908 2796 et
920 2767 976 2803 pla.

215 2855 225 2872 ³
243 2855 285 2879 Hit'
296 2854 366 2879 Iocus
373 2854 409 2878 sic
421 2853 510 2884 legitur
522 2849 706 2884 ἱιιριοι-ειπηεῃο
716 2851 793 2874 tantm
809 2845 975 2880 gravissimam

183 2892 234 2912 esse
243 2892 340 2918 ptettam
351 2885 413 2910 duco
425 2891 439 2909 a
447 2880 524 2916 ῇιοινία
536 2882 578 2908 tua
589 2880 712 2907 excidere.

641 141 674 169 IN
693 140 897 169 MATTIUEUM
918 139 1032 168 IIOMIL.
1054 142 1148 171 XXIII.
1167 144 1201 174 al.
1222 146 1317 176 XXIV.

1760 155 1812 183 518

1020 201 1109 230 cldum
1125 203 1231 232 oculum
1246 213 1295 234 nos
1309 207 1428 242 aspicere
1442 217 1494 236 non
1510 210 1696 239 sustinentem.
1710 211 1775 239 Nam
1788 213 1811 240 si

1021 255 1064 275 me
1077 249 1120 276 ille
1134 249 1270 278 inimicum
1283 259 1313 279 se
1328 253 1389 279 odio
1403 253 1542 281 habentem
1558 261 1585 283 et
1597 261 1762 284 aversantem
1776 257 1812 284 ita

1024 297 1185 328 prosecutus
1192 297 1244 326 est,
1255 299 1283 321 ut
1291 302 1341 322 nec
1352 295 1402 322 sibi
1412 295 1462 330 ipsi
1471 302 1604 331 parceret,
1615 298 1661 325 sed
1668 306 1697 326 se
1703 299 1736 326 ad
1743 307 1815 326 mor-

1024 343 1076 366 tem
1085 340 1212 372 traderet;
1220 347 1282 367 cum
1289 341 1403 374 postilla
1411 343 1501 370 omnia
1509 350 1558 370 nec
1563 345 1694 371 esurienti
1702 345 1813 380 quidem

1020 390 1116 419 panem
1131 385 1267 421 porrigere
1279 385 1402 421 dignatus
1416 387 1501 421 fuero,
1516 388 1614 424 quibus
1627 390 1735 418 demum
1749 399 1814 418 ocu-

1021 429 1054 456 lis
1077 429 1162 464 ipsum
1186 431 1347 466 respiciam?
1361 432 1408 459 Hic
1422 440 1487 460 vero
1509 434 1643 469 perpende
1662 435 1720 470 ejus
1735 443 1813 462 man-

1020 475 1197 504 suetudinem.
1211 476 1302 512 Neque
1314 478 1385 505 enim
1400 477 1526 506 beneﬁcia
1547 486 1594 507 sua
1607 485 1812 513 commemorat.

1021 528 1106 557 neque
1121 527 1157 556 te,
1172 523 1214 550 cui
1229 527 1267 551 tot
1282 523 1351 551 bona
1366 525 1489 557 contulit,
1505 525 1578 553 illum
1594 526 1732 561 despicere
1746 534 1814 562 que-

1020 567 1096 594 ritur.
1111 567 1202 603 Neque
1215 569 1285 596 enim
1300 569 1364 597 dicit
1376 578 1382 596 :
1394 569 1470 598 Mene
1482 570 1607 606 despicis,
1622 572 1666 608 qui
1684 577 1710 600 te
1724 580 1757 600 ex
1771 573 1814 600 ni-

1020 613 1076 641 hilo
1089 614 1211 649 produxi,
1225 615 1270 650 qui
1284 616 1329 643 tibi
1342 616 1457 643 animam
1471 617 1612 652 insufﬂavi,
1628 618 1674 654 qui
1691 625 1715 647 Ie
1725 620 1814 647 omni-

1019 658 1077 692 bus,
1091 667 1151 695 qute
1161 660 1187 687 in
1202 665 1272 688 terra
1284 665 1355 696 sunt,
1366 662 1482 697 prcheci,
1495 664 1538 698 qui
1550 668 1658 699 propter
1670 669 1696 692 tc
1706 665 1814 699 ctclum,

1020 709 1118 733 terram
1128 726 1136 739 ,
1151 713 1240 740 mare,
1256 714 1363 741 aerem,
1378 713 1405 735 et
1419 709 1507 736 omnia
1520 717 1580 744 qua:
1594 710 1726 738 exsistunt
1741 710 1791 738 feci
1805 731 1813 744 ,

1019 751 1065 786 qui
1078 759 1093 778 a
1108 755 1134 778 te
1147 751 1322 780 inhonoratus
1343 761 1402 780 sum
1424 758 1451 781 et
1468 753 1573 782 diabolo
1587 755 1666 783 vilior
1677 756 1814 783 existima-

1021 799 1064 823 tus
1074 817 1081 829 ,
1098 796 1142 831 qui
1156 804 1242 831 neque
1257 797 1296 824 sic
1309 797 1416 832 destiti,
1430 799 1476 826 sed
1491 800 1571 826 millia
1587 805 1647 834 post
1667 801 1723 829 haec
1737 802 1763 828 in
1778 802 1815 829 tui

1018 841 1130 876 gratiam
1145 843 1291 878 excogitavi
1304 864 1312 876 ,
1328 844 1372 878 qui
1389 852 1484 872 servus
1497 852 1556 872 esse
1569 845 1639 873 volui
1651 867 1658 879 ,
1673 847 1717 882 qui
1730 848 1814 882 alapis

1019 894 1115 921 εκειιε,
1129 892 1274 923 εοιιςιιιιιιιε
1286 893 1313 916 ει
1324 890 1428 916 οοεὶειις
1438 897 1508 923 Sllm,
1522 895 1636 918 mortem
1650 899 1743 927 passus
1758 897 1815 920 tur—

1020 932 1155 968 pissimam
1168 934 1233 968 ,qui
1254 935 1333 962 etiam
1355 935 1382 962 in
1404 936 1471 963 ca-lo
1494 943 1542 970 pro
1566 941 1592 964 te
1616 937 1757 973 supplico,
1770 938 1816 974 qui

1020 978 1149 1012 Spiritum
1163 978 1209 1006 tibi
1222 979 1332 1015 largitus
1344 987 1414 1013 sum,
1426 980 1472 1016 qui
1483 986 1509 1009 te
1520 989 1602 1016 regno
1610 982 1733 1018 dignatus
1743 991 1815 1016 sum,

1020 1023 1065 1058 qui
1080 1023 1141 1051 talia
1154 1024 1264 1059 promisi
1279 1025 1345 1058 tibi,
1358 1026 1404 1061 qui
1417 1031 1496 1061 caput
1512 1031 1583 1054 tuum
1599 1035 1660 1055 esse
1676 1027 1756 1062 volui,
1770 1031 1816 1064 qui

1020 1075 1136 1103 sponsus
1150 1077 1221 1104 sum,
1234 1070 1326 1105 vestis,
1342 1071 1446 1104 domus,
1461 1072 1535 1100 radix
1548 1094 1556 1106 ,
1572 1081 1633 1101 esca
1643 1094 1651 1107 ,
1664 1078 1753 1110 potus.
1768 1083 1816 1110 pa-

1020 1119 1086 1147 stor,
1102 1123 1158 1149 rex,
1169 1115 1260 1150 frater,
1272 1117 1317 1152 qui
1327 1121 1353 1145 te
1365 1117 1491 1145 heredem
1502 1123 1529 1146 et
1541 1118 1701 1148 coheredem
1714 1121 1723 1136 ¹
1734 1121 1814 1156 elegi,

1020 1161 1066 1195 qui
1085 1168 1118 1188 ex
1141 1161 1257 1189 tenebris
1276 1162 1309 1190 ad
1325 1167 1483 1198 potestatem
1494 1165 1504 1180 ²
1520 1164 1585 1192 lucis
1606 1170 1631 1192 te
1644 1166 1733 1193 eduxi.
1748 1166 1816 1193 Cum

1021 1205 1080 1234 hanc
1093 1211 1121 1234 et
1140 1207 1181 1235 his
1193 1207 1268 1243 plura
1282 1208 1372 1237 dicere
1385 1214 1496 1244 posset,
1513 1210 1578 1237 nihil
1593 1211 1644 1238 talc
1670 1211 1746 1239 dixit.
1762 1211 1815 1239 Sed

1021 1252 1104 1287 quid?
1116 1252 1208 1281 Solum
1223 1253 1288 1281 illud
1302 1254 1412 1289 protulit
1427 1260 1573 1290 peccatum.
1591 1256 1640 1284 llic
1659 1264 1723 1284 vero
1746 1257 1817 1285 dile-

1021 1297 1136 1324 ctionem
1151 1298 1268 1326 ostendit
1281 1304 1308 1326 et
1318 1306 1448 1333 amorem,
1465 1308 1517 1335 quo
1530 1305 1556 1328 te
1568 1301 1747 1336 prosequitur.
1761 1302 1815 1329 Ne-

1021 1349 1074 1376 que
1089 1343 1162 1370 enim
1175 1342 1251 1376 dixit,
1263 1343 1301 1371 lte
1313 1344 1339 1371 in
1355 1343 1442 1380 ignem
1457 1349 1578 1380 paratum
1592 1346 1675 1378 vobis,
1688 1347 1746 1380 sed,
1763 1346 1816 1374 Ρα-

1021 1393 1104 1416 ratum
1114 1389 1224 1416 diabolo.
1238 1390 1368 1426 Priusque
1377 1391 1441 1419 dicit
1451 1399 1572 1427 quaenam
1584 1392 1620 1419 illi
1634 1395 1815 1427 peccaverint,

1022 1443 1109 1471 neque
1132 1440 1221 1464 tamen
1238 1438 1327 1464 omnia
1347 1437 1437 1465 dicere
1457 1439 1589 1472 sustinet,
1604 1439 1650 1466 sed
1673 1447 1767 1474 pauca.
1783 1439 1817 1467 Et

1021 1485 1084 1509 ante
1096 1481 1146 1510 hos
1161 1482 1220 1510 illos
1231 1488 1308 1510 vocat
1319 1483 1363 1518 qui
1379 1484 1447 1511 bona
1461 1483 1590 1517 fecerunt,
1605 1488 1634 1511 ut
1648 1484 1711 1512 hinc
1724 1490 1815 1513 osten-

1022 1528 1098 1556 deret
1112 1536 1142 1556 se
1161 1533 1235 1557 recte
1248 1536 1382 1557 accuSnre.
1396 1529 1501 1563 Quanto
1522 1538 1585 1566 ergo
1609 1531 1738 1566 supplicio
1758 1531 1817 1559 lucc

1021 1573 1101 1601 verba
1124 1581 1177 1601 non
1200 1575 1252 1602 sint
1273 1575 1447 1604 saeviora?Si
1468 1576 1528 1611 quis
1549 1576 1620 1604 enim
1645 1577 1779 1605 hominem
1801 1586 1815 1605 a

1021 1627 1075 1656 quo
1093 1619 1224 1648 beneﬁcio
1238 1620 1347 1648 affectus
1362 1621 1396 1648 sit
1408 1622 1568 1649 esurientem
1580 1622 1672 1650 videns
1683 1643 1691 1656 ,
1703 1630 1756 1650 non
1768 1623 1817 1650 de-

1022 1666 1131 1701 spiciat;
1147 1667 1217 1702 quod
1240 1667 1262 1694 si
1283 1667 1428 1702 despiciat,
1444 1668 1620 1703 exprobratos
1634 1669 1722 1703 potius
1737 1669 1818 1704 eligat

1023 1711 1049 1738 in
1064 1716 1161 1739 terram
1173 1711 1273 1746 defodi,
1289 1721 1368 1748 quam
1383 1713 1487 1740 duobus
1501 1713 1542 1741 vel
1558 1714 1643 1742 tribus
1660 1715 1754 1742 amicis
1774 1719 1816 1742 te-

1023 1758 1107 1786 stibus
1118 1758 1178 1786 talia
1190 1759 1282 1787 audire
1295 1768 1301 1786 :
1318 1759 1380 1794 quid
1394 1767 1443 1787 nos
1458 1760 1588 1795 patiemur
1603 1765 1657 1788 loto
1672 1761 1737 1788 orbe
1750 1765 1819 1788 teste

1024 1805 1084 1832 talia
1099 1805 1248 1840 audientes,
1263 1814 1323 1841 quze
1337 1814 1371 1834 ne
1386 1806 1492 1841 quidem
1506 1810 1568 1834 tunc
1582 1807 1626 1834 ille
1639 1807 1751 1840 diceret,
1764 1808 1816 1836 nisi

1023 1858 1130 1878 causam
1153 1851 1209 1886 ipse
1227 1859 1301 1879 suam
1316 1851 1461 1880 defendere
1476 1852 1575 1880 vellet?
1588 1852 1664 1887 Quod
1679 1853 1750 1881 enim
1764 1861 1817 1882 non

1023 1897 1189 1932 exprobrans
1206 1897 1232 1925 id
1248 1898 1292 1925 ille
1303 1898 1391 1931 dicat,
1404 1898 1451 1926 sed
1466 1906 1527 1926 sese
1541 1906 1670 1934 purgans,
1687 1903 1715 1927 et
1730 1904 1758 1926 ut
1772 1907 1818 1926 os-

1025 1943 1115 1970 tendat
1135 1951 1165 1971 se
1184 1951 1236 1971 non
1259 1943 1355 1971 frustra
1379 1944 1422 1972 vel
1441 1945 1499 1972 sine
1521 1952 1601 1972 causa
1623 1945 1728 1977 dicere.
1752 1945 1818 1972 Dis-

1023 1990 1104 2018 cedite
1125 1998 1141 2017 a
1157 1999 1205 2023 me,
1221 1991 1306 2025 palam
1321 1995 1362 2018 est
1382 1999 1415 2018 ex
1429 1991 1487 2026 ejus
1502 1991 1652 2027 ingentibus
1667 1991 1816 2020 beneficiis.

1024 2037 1089 2064 Nam
1104 2037 1127 2065 si
1140 2037 1303 2072 exprobrare
1317 2037 1465 2070 voluisset,
1482 2037 1527 2064 illa
1549 2037 1635 2064 omnia
1650 2037 1677 2065 in
1698 2037 1816 2064 medium

1024 2083 1177 2111 adduxisset
1191 2092 1199 2111 :
1212 2090 1283 2111 nunc
1299 2087 1388 2110 autem
1406 2090 1437 2110 ea
1452 2083 1538 2110 solum
1558 2082 1622 2110 dicit
1642 2090 1701 2118 qua:
1723 2090 1818 2118 passus

1024 2135 1075 2158 est.

1060 2176 1087 2204 9.
1101 2175 1253 2204 Timeamus
1275 2175 1365 2210 itaque
1377 2197 1385 2210 ,
1400 2175 1510 2209 dilecti,
1525 2174 1583 2203 haec
1608 2175 1701 2203 audire
1726 2176 1818 2203 verba.

1024 2220 1083 2249 Non
1101 2225 1142 2249 est
1155 2221 1228 2248 lusus
1250 2221 1308 2248 htec
1322 2221 1395 2253 vita;
1411 2221 1465 2248 imo
1478 2221 1565 2256 potius
1588 2220 1645 2248 hare
1667 2221 1721 2248 vita
1744 2221 1820 2248 lusus

1025 2272 1076 2295 est.
1086 2267 1172 2294 futura
1182 2274 1247 2295 vero
1259 2275 1311 2294 non
1325 2267 1399 2294 lusus
1412 2271 1483 2294 sunt.
1495 2266 1575 2294 Forte
1582 2271 1670 2294 autem
1681 2274 1733 2294 non
1746 2266 1821 2294 lusus

1026 2318 1129 2342 tantum
1142 2318 1184 2342 est
1198 2314 1266 2347 vita,
1281 2313 1328 2341 sed
1342 2313 1400 2341 lusu
1413 2313 1540 2341 deterior.
1553 2312 1612 2340 Non
1627 2313 1698 2340 enim
1721 2312 1821 2340 desinit

1027 2362 1053 2388 in
1067 2361 1165 2393 risum,
1182 2359 1227 2387 sed
1249 2367 1373 2394 magnum
1395 2359 1476 2386 infert
1496 2358 1621 2385 damnum
1636 2358 1668 2384 iis
1681 2379 1688 2391 ,
1704 2358 1748 2392 qui
1766 2365 1819 2385 non

1026 2403 1167 2438 diligenter
1177 2409 1265 2429 mores
1273 2409 1335 2428 suos
1346 2408 1506 2435 componere
1518 2400 1618 2427 volunt.
1634 2400 1661 2428 In
1673 2407 1726 2434 quo
1736 2399 1818 2432 enim,

1027 2455 1118 2484 qumso
1130 2468 1137 2480 ,
1151 2455 1166 2475 a
1190 2447 1281 2483 pueris
1299 2446 1453 2475 ludentibus
1467 2451 1495 2473 et
1509 2445 1603 2473 domos
1626 2445 1820 2472 aediﬁcantibus

1026 2493 1173 2522 differimus
1185 2513 1193 2527 ,
1206 2493 1252 2528 qui
1279 2492 1430 2527 splendidas
1453 2491 1632 2519 construimus
1651 2491 1723 2518 aedes
1735 2490 1748 2517 ἵ
1762 2498 1822 2525 quae

1026 2540 1175 2569 dill‘erentia
1192 2540 1261 2568 inter
1283 2540 1344 2567 illos
1357 2539 1518 2574 prandenles
1535 2542 1562 2565 et
1576 2545 1625 2565 nos
1646 2537 1715 2564 laute
1731 2536 1823 2564 convi-

1026 2587 1140 2616 vantes?
1153 2587 1248 2620 Nulla,
1267 2586 1318 2614 nisi
1341 2586 1367 2612 in
1388 2590 1516 2620 quantum
1538 2590 1587 2611 nos
1610 2583 1739 2618 supplicio
1761 2582 1820 2617 ple-

1027 2634 1117 2663 ctendi
1135 2633 1163 2661 id
1181 2633 1302 2661 facimus.
1314 2631 1390 2666 Quod
1410 2631 1432 2658 si
1453 2630 1571 2658 nondum
1592 2629 1717 2656 harumce
1731 2635 1820 2655 rerum

1027 2681 1157 2708 vilitatem
1179 2678 1354 2714 perspicimus
1365 2697 1374 2711 ,
1388 2684 1440 2704 non
1462 2679 1504 2704 est
1519 2674 1689 2708 mirandum;
1703 2673 1821 2701 nondum

1061 2813 1070 2828 ι
1087 2815 1142 2837 ιιιεο
1153 2810 1236 2838 verba,
1248 2812 1271 2834 et
1281 2807 1430 2836 coheredem,
1442 2805 1532 2831 desunt
1543 2805 1567 2830 in
1577 2803 1671 2835 Μαι-ιιι.Ρ
1679 2801 1724 2828 sed
1734 2799 1820 2827 inaliis

1030 2844 1142 2869 omnibus
1152 2842 1280 2866 habentur.
1324 2869 1329 2872 _
1410 2867 1416 2872 _
1451 2867 1456 2872 .

1063 2865 1145 2905 ῖᾉιίἷ,
1153 2865 1183 2898 in
1193 2865 1397 2904 participationem
1408 2867 1479 2899 lucis;
1488 2873 1535 2893 non
1548 2865 1622 2892 male.
