2067 3132
222 153 276 182 519

220 209 294 236 enirn
310 209 343 236 ad
358 209 474 236 virorum
489 205 669 234 maturitatem
691 202 862 239 pervenimus
875 209 884 227 :
898 207 958 228 cum
972 206 1019 226 au-

225 264 277 284 tent
295 255 513 292 pervenerimus,
529 251 708 286 intelligemus
723 249 781 277 hatc
795 248 882 275 omnia
906 245 1018 281 puerilia

224 312 295 332 esse.
310 303 376 330 Nam
390 306 418 329 et
429 301 473 328 illa
491 299 597 335 quando
610 298 659 325 viri
681 303 774 324 sumus
792 294 947 326 irridemus,
959 298 1020 327 qua:

225 358 285 376 rnrn
310 348 386 384 pueri
411 354 532 375 essemus
558 344 717 380 putabamus
742 340 854 375 alicujus
877 346 937 366 esse
963 345 1020 364 mo-

225 383 328 425 menti:
344 399 426 422 testas
439 398 466 421 et
479 393 562 419 lutum
576 393 734 425 aggerentes
746 409 754 421 ,
769 395 822 414 non
837 386 925 413 minus
938 383 1020 411 altum

226 441 414 477 sapiebarnus,
429 446 507 474 quam
529 437 546 464 ii
568 437 614 472 qui
633 442 727 470 magna
752 437 827 468 septa
851 433 1020 459 construunt.

226 476 325 515 verum
341 486 399 514 htec
412 485 500 513 statim
516 485 629 519 pereunt
641 485 669 508 et
688 479 788 508 cadunt
798 499 805 511 ,
820 484 907 513 neque
920 476 942 503 si
963 480 1021 502 sta-

227 537 307 565 rent,
322 531 398 559 nobis
412 530 487 557 utilia
502 531 611 559 essent,
626 523 850 561 quemadmodum
866 528 951 556 neque
970 519 1022 547 illa:

227 579 300 606 a-dcs
318 576 473 613 splendidte.
493 574 559 602 Nam
589 573 641 600 illa:
662 571 721 599 caali
744 571 830 598 civem
850 574 946 603 capere
969 573 1022 593 non

228 628 347 659 possent.
363 629 450 656 neque
462 621 488 648 in
504 620 556 647 illis
571 618 692 646 habitare
703 617 856 651 dignaretur
867 613 913 649 qui
927 619 1022 647 super-

229 658 290 696 nam
304 668 406 696 obtinet
422 666 534 702 patriam
547 674 552 692 :
566 671 657 691 verum
679 668 708 690 ut
723 670 771 689 nos
784 660 897 696 pedibus
911 658 1023 694 puerilia

228 715 271 742 illa
283 711 559 745 destruimus,sicille
573 710 663 737 animo
672 709 737 736 tales
750 707 821 735 mdes
835 705 974 733 subvertit.
989 703 1024 731 Et

228 758 453 795 quemadmodum
468 764 531 790 nos,
547 756 610 783 dum
626 754 700 790 pueri
712 753 745 781 de
759 753 835 780 ruina
850 752 972 787 plorant,
989 749 1025 777 ri-

228 807 322 833 demus
335 814 342 832 :
353 805 392 832 sic
401 807 429 831 et
439 803 493 836 isti,
507 801 583 829 nobis
595 801 629 828 de
642 799 815 827 subversione
828 795 1002 825 maerentibus
1014 814 1023 828 ,

230 860 282 879 non
294 851 373 878 modo
382 858 433 878 non
443 849 541 881 rident,
555 847 603 875 sed
613 847 692 875 etiam
705 845 809 882 plorant
822 853 828 872 :
840 843 966 879 quoniam
979 850 1026 870 eo-

231 906 290 925 rum
303 898 405 924 viscera
415 895 648 924 commiseratione
662 893 739 928 plena
753 896 825 924 sunt,
839 898 871 918 ac
883 889 945 925 quia
956 888 1026 916 mul-

231 949 288 970 ttrm
304 942 381 969 nobis
396 941 457 969 inde
470 941 554 967 oritur
566 939 766 967 detrimentum.
781 937 869 964 Simus
884 942 948 970 ergo
962 934 1022 962 viri.

231 987 375 1023 Usqueqno
387 986 460 1013 humi
481 992 622 1021 serpemus
633 1004 642 1017 ,
658 984 685 1010 in
698 982 829 1017 lapidibus
841 985 869 1008 et
890 979 968 1014 lignis
987 979 1026 1005 al-

232 1039 287 1060 turn
303 1031 454 1067 sapientes?
468 1037 606 1065 usqueqno
620 1029 740 1057 ludemus
750 1028 762 1054 ἲ
773 1029 858 1062 Atque
871 1026 970 1053 utinam
981 1032 1025 1052 so.

233 1079 287 1105 lum
301 1078 452 1105 ludcrernus
466 1086 472 1104 :
485 1084 555 1104 nunc
568 1080 657 1103 autem
672 1079 791 1102 nostram
806 1072 943 1108 prodimus
956 1071 1028 1098 salu-

234 1130 287 1151 tetn
301 1132 308 1156 ;
327 1131 358 1151 ac
371 1122 594 1158 quemadmodum
609 1120 700 1156 pueri,
712 1125 773 1147 cum
792 1118 920 1153 neglectis
944 1116 1028 1144 literis

233 1172 260 1198 in
276 1171 317 1198 his
331 1170 400 1197 ludis
415 1170 497 1196 otium
511 1170 688 1199 consumunt,
701 1164 852 1193 durissimis
871 1161 1029 1191 verberibus

234 1217 389 1252 subiacent:
400 1216 439 1242 sic
451 1219 478 1242 et
489 1221 537 1241 nos
551 1213 595 1248 qui
610 1213 636 1240 in
652 1212 693 1239 his
705 1215 789 1238 totum
801 1209 918 1237 studium
932 1215 1029 1236 consu-

235 1265 349 1294 ntirnus,
364 1269 426 1290 cum
445 1269 461 1288 a
482 1260 559 1288 nobis
572 1259 773 1294 disciplinarum
794 1255 864 1283 ratio
882 1262 930 1290 per
948 1260 1028 1289 opera

235 1312 356 1345 exigetur
369 1329 376 1340 ,
391 1309 452 1343 qtria
476 1307 589 1334 reddere
611 1313 666 1332 non
691 1303 839 1340 poterimus
852 1323 861 1335 ,
879 1305 1029 1330 extremum

236 1356 340 1384 luemus
352 1354 520 1389 supplicium.
532 1351 669 1386 Nemoque
679 1350 729 1378 erit
743 1349 787 1384 qui
799 1348 896 1376 liberet
904 1368 912 1380 ,
925 1345 1030 1374 etiamsi

237 1407 311 1437 pater
324 1422 331 1433 ,
342 1400 445 1428 etiamsi
466 1399 550 1426 frater
561 1398 605 1425 vel
618 1396 706 1432 quivis
718 1396 797 1423 alios.
808 1393 861 1422 Sed
873 1394 931 1420 haec
942 1393 1031 1419 omnia

235 1447 400 1479 aliscedent,
426 1452 504 1480 pinna
530 1448 620 1471 autern
646 1450 680 1470 ex
703 1441 756 1469 illis
782 1444 857 1476 parta
876 1443 975 1466 aeterna
1000 1444 1032 1464 ac

237 1499 364 1531 perpetua
391 1490 566 1520 manebitzid
593 1489 664 1525 quod
691 1488 771 1516 etiam
797 1485 887 1522 pueris
912 1483 1030 1516 accidit,

236 1528 270 1568 ob
285 1528 399 1575 quorum
414 1536 603 1572 negligentiam
617 1539 707 1570 patres
718 1535 727 1550 ³
743 1532 842 1560 ludicra
857 1531 902 1558 illa
920 1528 1033 1565 puerilia

237 1586 270 1613 de
296 1585 384 1612 medio
408 1582 662 1616 tollunt,ipsosque
688 1579 723 1607 ad
750 1577 871 1606 assiduas
899 1576 1032 1611 lacryrnas

237 1631 410 1667 compellunt.
426 1630 461 1658 Ut
482 1633 573 1657 autem
594 1627 682 1655 discas
705 1626 740 1653 ita
754 1632 811 1652 rem
827 1631 856 1651 se
875 1622 975 1650 habere
988 1630 994 1648 :
1007 1620 1032 1648 id

238 1677 309 1713 quod
335 1676 451 1704 maxime
475 1673 562 1702 studia
585 1672 722 1700 hominum
750 1676 883 1704 occupare
908 1667 1033 1700 videtur,

240 1729 338 1757 nempe
357 1721 473 1752 divitias,
489 1719 515 1746 in
531 1717 646 1746 medium
661 1716 835 1747 adducamus,
855 1713 972 1749 ipsisque
983 1719 1031 1746 op-

239 1775 368 1802 ponamus
377 1771 571 1801 quamcumque
578 1762 694 1791 volueris
700 1762 782 1789 animi
791 1761 925 1793 virtutem,
936 1764 963 1787 et
971 1763 1034 1786 tunc

241 1814 357 1841 maxime
370 1820 461 1840 earum
475 1811 603 1838 vilitatem
617 1809 757 1845 agniturus
771 1815 810 1835 es.
824 1807 958 1834 Ponamus
970 1812 1034 1840 ergo

239 1860 308 1887 duos
326 1866 386 1886 esse
402 1857 543 1889 homines;
559 1856 670 1883 necdum
687 1855 780 1889 loquar
796 1853 830 1881 de
842 1852 952 1880 avaritia
963 1872 971 1884 ,
986 1852 1033 1879 sed

240 1907 274 1933 de
286 1905 386 1932 divitiis
399 1905 470 1939 juste
481 1903 580 1938 partis:
592 1910 625 1929 ex
636 1901 709 1929 hisce
723 1900 827 1928 duobus
839 1899 907 1926 alius
920 1905 1034 1933 congre-

240 1957 284 1988 get
295 1952 403 1979 divitias
416 1972 423 1984 ,
438 1958 512 1978 mare
524 1949 636 1977 navibus
649 1951 795 1975 transmeet
807 1967 814 1979 ,
831 1951 928 1974 terram
942 1945 1013 1973 colat
1025 1965 1032 1976 ,

241 1999 394 2032 multosque
407 1997 474 2024 alios
488 1993 675 2030 negotiationis
688 1993 781 2021 modos
792 1992 917 2024 inveniat;
931 1990 1034 2019 etiamsi

241 2045 359 2071 nesciant
370 2047 460 2069 utrunr
476 2041 534 2068 haac
547 2039 650 2068 faciens
662 2038 748 2074 possit
758 2038 830 2073 juste
840 2037 937 2065 lucrari
949 2044 957 2068 ς
971 2041 1036 2063 atta-

242 2098 304 2119 men
333 2094 514 2124 supponamus
535 2087 594 2114 bzcc
616 2085 688 2113 lucra
714 2084 831 2119 legitima
855 2090 915 2111 esse
932 2091 939 2109 :
957 2089 1035 2117 agros

242 2141 323 2168 emat,
338 2142 440 2167 servos,
458 2138 484 2161 et
494 2133 589 2161 similia
606 2133 697 2165 multa,
713 2132 838 2166 nullaque
852 2131 886 2158 sit
900 2130 927 2158 in
938 2129 980 2157 his
993 2137 1036 2158 re-

243 2183 296 2209 bus
311 2180 438 2215 injustitia
450 2188 458 2206 :
468 2179 535 2206 alter
548 2185 614 2206 vero
634 2185 710 2212 teque
723 2177 816 2208 dives,
831 2176 928 2204 vendat
941 2176 1035 2204 domos

243 2233 272 2256 et
280 2236 341 2255 vasa
354 2234 435 2254 aurea
445 2230 633 2261 argenteaque,
644 2224 734 2259 egenis
743 2224 879 2258 largiatur,
888 2229 1035 2258 pauperes-

243 2283 295 2309 qoe
310 2274 407 2307 foveat,
422 2280 508 2308 aegros
520 2276 605 2304 curet,
619 2271 645 2299 in
657 2271 815 2299 necessitate
828 2270 928 2306 positos
940 2270 1035 2302 solvat,

244 2321 311 2348 alios
323 2327 337 2347 a
350 2319 461 2347 vinculis
471 2318 586 2350 eximat,
598 2317 631 2345 ad
644 2317 750 2345 metalla
765 2316 905 2344 damnatos
923 2315 1035 2349 liberet,

246 2367 342 2401 laqueo
365 2374 395 2394 se
415 2364 610 2400 suspendentes
631 2363 740 2398 dejiciat
752 2383 761 2397 ,
775 2362 895 2398 captivos
915 2369 931 2389 a
950 2362 1037 2397 pcenis

246 2413 350 2441 liberet.
373 2411 455 2446 Cujus
476 2418 539 2446 ergo
560 2410 644 2445 partis
664 2416 725 2437 esse
745 2408 890 2436 mavultis?
915 2407 1036 2435 Nondum

246 2465 335 2487 tamen
348 2459 382 2486 de
394 2458 488 2486 futuris
497 2478 505 2490 ,
521 2457 568 2484 sed
582 2456 617 2484 de
630 2455 806 2491 praesentibus
819 2454 920 2490 loquuti
933 2462 1036 2482 sumus.

246 2505 331 2538 Quam
351 2505 429 2539 igitur
458 2508 558 2539 partem
578 2502 702 2537 amplecti
723 2501 868 2529 mavultis?
882 2501 922 2528 An
944 2507 1038 2527 aurum

246 2549 433 2585 eongreganlis
444 2569 453 2582 ,
468 2556 502 2576 an
524 2549 636 2576 aliorum
657 2547 822 2574 calamitates
842 2545 968 2574 solventis
979 2545 991 2573 Ἰ
1004 2553 1038 2573 an

249 2602 329 2630 agros
340 2595 453 2622 ementis
463 2615 471 2627 ,
487 2601 520 2621 an
531 2594 589 2629 ejus
601 2593 647 2629 qui
661 2600 721 2620 sese
737 2598 843 2628 portum
859 2591 976 2619 humano
989 2599 1037 2627 ge-

249 2641 307 2668 lteri
320 2640 478 2667 constituit?
491 2639 548 2674 ejus
560 2639 605 2675 qui
618 2638 702 2666 multo
714 2637 895 2665 circumdatur
906 2645 971 2665 auro
981 2658 989 2671 ,
1005 2645 1039 2665 an

248 2687 307 2721 ejus
320 2686 364 2721 qui
377 2685 450 2713 mille
461 2685 581 2713 laudibus
590 2691 734 2713 coronatur
743 2685 755 2711 ?
764 2684 805 2712 An
818 2691 871 2712 non
882 2685 926 2712 ille
933 2685 1039 2720 quidem

249 2733 359 2767 angelus
372 2736 423 2763 est,
432 2731 475 2765 qui
486 2730 519 2759 de
531 2731 597 2758 caelo
611 2731 645 2758 ad
659 2736 815 2759 coeterortnn
828 2730 1039 2758 emendationem

250 2777 388 2806 descendit
399 2799 406 2811 ,
422 2777 465 2805 hic
478 2785 541 2805 vero
556 2785 609 2805 non
624 2777 724 2807 homini
734 2796 742 2809 ,
762 2777 810 2805 scd
834 2785 918 2812 puero
936 2777 1041 2805 cuidam

283 2879 292 2894 '
312 2881 384 2909 L’nul.
397 2881 493 2911 propter
504 2884 604 2910 quarto"
616 2879 746 2910 profectam
754 2881 844 2911 ptum,
858 2882 896 2903 etc

593 144 623 173 S.
641 142 780 173 JOANNIS
792 139 1029 169 CllRYSOSTOMI
1049 139 1208 168 ABCHIEP.
1228 137 1493 168 CONSTANTINOP.

1814 133 1868 161 5‘20

1072 196 1178 228 similis,
1194 195 1283 224 omnia
1297 195 1394 222 frustm
1409 192 1544 229 colligcnti
1556 192 1566 219 ?
1577 190 1604 219 Si
1620 199 1684 219 vero
1700 191 1779 218 etiam
1794 190 1867 225 justo

1072 241 1199 278 pecunias
1211 240 1347 276 colligere,
1364 247 1407 267 res
1420 239 1489 266 adeo
1504 238 1615 266 ridicula
1633 243 1661 264 et
1674 242 1803 265 extremm
1817 237 1867 264 de—

1072 288 1180 316 mentia:
1193 291 1253 315 est:
1265 286 1372 322 quando
1386 285 1445 320 quis
1460 292 1511 312 non
1524 285 1597 319 juste
1607 284 1716 319 colligit.
1731 283 1869 319 quomodo

1073 340 1127 360 non
1151 333 1271 360 omnium
1294 331 1461 359 miserrimus
1475 330 1610 358 fuerit?Si
1633 334 1722 356 autem
1738 335 1781 356 res
1801 328 1870 356 adeo

1073 379 1109 406 sit
1124 378 1245 411 ridicula,
1260 385 1320 406 cum
1337 377 1417 404 etiam
1431 376 1473 403 his
1485 375 1595 403 accedat
1608 379 1635 402 ct
1647 375 1769 409 gehenna
1784 379 1812 402 et
1826 382 1870 402 re-

1074 426 1117 460 gni
1132 425 1252 457 amissio,
1266 428 1332 460 quot
1346 423 1391 452 ille
1405 423 1530 458 lacryrnis
1545 422 1642 458 dignus
1654 421 1733 449 fuerit
1750 426 1779 449 et
1792 421 1870 448 virus

1074 476 1102 500 et
1115 471 1253 499 mortuus?

1111 519 1155 546 to.
1172 518 1255 552 Quam
1270 521 1370 553 prastat
1382 516 1420 544 vir
1435 515 1537 542 humilis
1550 515 1603 542 viro
1617 514 1714 550 potenti
1726 518 1750 541 et
1764 514 1868 550 inﬂato.

1074 563 1172 592 —-Sed
1188 564 1266 590 aliam
1281 569 1388 599 quoque
1398 583 1406 595 ,
1422 561 1444 589 si
1458 561 1515 592 vis.
1531 561 1636 588 virtutis
1657 564 1761 595 partem
1774 559 1869 594 explo-

1076 617 1176 637 remus.
1193 609 1296 636 Rursus
1309 608 1390 635 alium
1406 607 1432 634 in
1447 606 1563 634 medium
1588 613 1696 641 agamus
1716 605 1867 635 hominem,

1076 655 1102 683 in
1115 655 1232 690 potentia
1243 653 1426 685 constitutum,
1442 652 1565 679 omnibus
1580 652 1753 687 imperantem
1763 671 1771 683 ,
1783 650 1870 685 digni-

1077 706 1130 730 tate
1143 708 1238 736 magna
1259 700 1386 735 stipatum
1396 720 1404 733 ,
1420 705 1570 734 prarconem
1585 697 1752 732 splendidum
1769 696 1871 724 haben-

1077 752 1141 780 tem,
1156 746 1272 774 balteum
1287 746 1349 773 item
1363 765 1371 778 ,
1390 745 1497 772 lictores
1509 764 1517 778 ,
1543 750 1721 779 magnumque
1734 743 1871 770 clientium

1077 800 1226 821 numerum.
1244 792 1340 819 Annon
1354 791 1405 819 hoc
1416 798 1540 826 magnum
1556 789 1661 817 videtur
1674 796 1735 817 esse
1746 793 1774 817 et
1787 788 1870 816 felici-

1078 845 1131 868 tate
1145 838 1271 874 plenum?
1283 839 1340 874 Age
1349 858 1356 870 ,
1368 842 1396 866 et
1410 837 1448 865 illi
1460 844 1565 864 rursum
1577 843 1742 871 opportamtts
1756 835 1871 863 altertrrn

1077 885 1221 921 patientem
1234 905 1242 917 ,
1259 885 1361 914 mitem.
1384 883 1511 910 humilem
1522 902 1530 914 ,
1547 885 1574 909 et
1596 881 1813 917 magnanimum:
1828 881 1873 909 hic

1078 939 1142 959 vero
1165 931 1268 966 injuriis
1293 931 1447 965 impetatur,
1469 929 1595 964 vapulet,
1608 933 1635 955 et
1662 928 1719 956 haec
1741 928 1874 963 patienter

1079 978 1154 1010 ferat,
1167 981 1246 1012 atque
1259 976 1316 1004 hate
1333 975 1508 1004 inferentibus
1519 975 1668 1002 benedtcat.
1682 975 1758 1008 Uter,
1769 982 1872 1010 quaso,

1079 1023 1208 1050 mirabilis
1217 1043 1225 1055 ,
1239 1023 1320 1050 illene
1343 1022 1450 1049 inﬂatus
1461 1026 1488 1049 et
1501 1026 1606 1048 tumens
1616 1042 1624 1054 ,
1641 1028 1674 1048 an
1691 1020 1734 1047 hic
1748 1021 1784 1047 ita
1797 1020 1873 1055 deje-

1079 1070 1158 1098 ctus?
1174 1070 1270 1097 Annon
1295 1069 1339 1097 hic
1364 1068 1458 1095 similis
1472 1072 1514 1095 est
1536 1067 1688 1095 caelestibus
1710 1066 1852 1094 virtutibus
1864 1087 1873 1099 ,

1079 1125 1139 1152 qua:
1152 1116 1228 1144 nullo
1241 1116 1324 1143 animi
1346 1120 1420 1142 mottt
1442 1114 1598 1146 turbantur,
1612 1113 1657 1141 ille
1676 1118 1765 1141 autem
1776 1113 1875 1140 vesica:

1081 1163 1189 1195 inﬂatae,
1202 1167 1249 1190 aut
1261 1161 1362 1189 homini
1387 1160 1550 1196 hydropico,
1574 1164 1654 1194 atque
1667 1158 1810 1186 admodum
1831 1163 1876 1185 tu-

1080 1208 1184 1236 menti?
1199 1214 1288 1234 nonne
1301 1206 1344 1234 hic
1355 1205 1460 1233 medico
1475 1204 1605 1240 spirituali
1619 1223 1626 1236 ,
1641 1204 1686 1232 ille
1703 1209 1791 1231 autem
1806 1211 1876 1238 pue-

1082 1262 1113 1282 ro
1136 1254 1246 1282 buccam
1269 1253 1370 1280 inﬂanti
1382 1257 1410 1280 et
1434 1251 1630 1279 ridiculoHlur
1654 1251 1735 1278 altum
1750 1251 1839 1285 sapis,
1858 1258 1876 1277 o

1083 1301 1184 1329 homo?
1199 1309 1231 1328 an
1248 1300 1320 1336 quod
1335 1300 1456 1328 sublimis
1475 1299 1503 1327 in
1518 1307 1597 1326 currtr
1611 1298 1737 1326 veheris?
1755 1306 1788 1325 an
1802 1298 1874 1333 quod

1084 1352 1110 1376 te
1125 1348 1206 1375 trahit
1219 1348 1355 1376 mulorum
1374 1347 1487 1383 jugum?
1509 1346 1610 1381 Ecquid
1631 1346 1700 1373 hoc?
1716 1345 1831 1380 ldipsurn
1847 1345 1875 1372 in

1083 1395 1162 1430 lignis
1176 1395 1241 1423 etin
1252 1395 1323 1422 saxis
1333 1394 1425 1421 videre
1435 1398 1484 1421 est.
1498 1393 1538 1420 An
1556 1392 1616 1427 quia
1637 1391 1777 1426 magnifico
1791 1390 1876 1425 fulges

1084 1442 1196 1469 vestitu?
1210 1440 1262 1469 Sed
1275 1441 1377 1475 respice
1390 1440 1464 1467 illum
1478 1439 1574 1466 virtute
1584 1438 1802 1465 vestimentorum
1817 1437 1876 1463 vice

1083 1488 1210 1515 amictum
1220 1507 1227 1517 .
1242 1492 1269 1515 et
1285 1492 1310 1514 te
1324 1486 1425 1513 videbis
1447 1484 1521 1512 fuam
1533 1484 1638 1519 ptrtrido
1652 1483 1767 1511 similem
1779 1503 1786 1514 ,
1801 1482 1877 1509 illttm

1084 1543 1149 1563 vero
1161 1534 1249 1562 arbori
1265 1533 1402 1569 pulchrum
1417 1532 1549 1560 emittenti
1568 1531 1693 1562 fructum,
1710 1529 1753 1565 qui
1766 1529 1876 1557 multant

1085 1580 1265 1617 spectantibus
1293 1578 1412 1606 lmtitiam
1433 1577 1534 1605 aﬂ‘crat.
1550 1577 1590 1604 Tu
1618 1576 1726 1612 quidem
1746 1576 1876 1603 vermium

1085 1634 1174 1654 escam
1185 1627 1342 1654 circumfers
1351 1645 1359 1658 ,
1374 1630 1453 1660 atque
1466 1624 1608 1656 tinearum,
1622 1630 1692 1658 quae,
1705 1622 1728 1649 si
1744 1627 1770 1650 te
1781 1629 1876 1657 aggre-

1085 1672 1201 1705 diantur,
1216 1672 1270 1699 cito
1290 1665 1316 1699 te
1338 1670 1390 1698 hoc
1411 1670 1539 1697 nudatttm
1554 1673 1648 1697 ornatu
1663 1668 1785 1696 reddent.
1806 1667 1878 1694 Nam

1085 1719 1285 1750 vestimentum,
1301 1724 1396 1744 aurum
1407 1721 1434 1744 et
1446 1720 1596 1751 argentum,
1611 1713 1682 1742 aliud
1695 1714 1801 1748 quidem
1814 1721 1876 1740 ver-

1086 1764 1169 1791 mium
1195 1763 1245 1791 ﬁlis
1264 1766 1385 1796 constat,
1406 1761 1478 1789 aliud
1500 1766 1570 1788 terra
1591 1764 1619 1788 et
1642 1760 1728 1794 pulvis
1742 1763 1798 1791 est,
1826 1758 1878 1786 ite-

1086 1817 1200 1845 rumque
1213 1814 1284 1837 terra
1294 1829 1301 1841 ,
1316 1813 1344 1836 et
1359 1814 1487 1843 praeterea
1509 1807 1596 1839 nihil;
1612 1806 1657 1842 qui
1677 1809 1767 1833 autem
1781 1805 1878 1832 virtute

1086 1855 1186 1883 circum
1197 1859 1317 1888 ornatur,
1330 1853 1409 1882 talem
1425 1853 1504 1881 habet
1517 1857 1630 1884 vestem,
1640 1859 1719 1887 quam
1732 1859 1785 1879 non
1796 1850 1879 1878 modo

1087 1901 1176 1934 tinea,
1188 1900 1236 1928 sed
1258 1907 1293 1928 ne
1317 1907 1390 1927 mors
1405 1899 1512 1934 quidem
1527 1899 1584 1933 ipsa
1599 1897 1759 1925 labefactare
1771 1897 1876 1929 valeat;

1087 1952 1115 1975 et
1126 1947 1187 1982 jure
1198 1946 1306 1982 quidem
1320 1946 1427 1973 merito.
1442 1945 1533 1980 Neque
1551 1945 1622 1972 enim
1639 1943 1681 1971 ha:
1695 1943 1777 1971 animi
1791 1943 1878 1970 virtu-

1087 1997 1128 2021 tes
1146 2000 1179 2020 ex
1202 1996 1274 2020 terra
1289 1991 1428 2020 exordium
1448 1992 1456 2007 ¹
1478 1990 1594 2023 ducunt,
1618 1990 1666 2018 sed
1689 1993 1752 2017 sunt
1776 1989 1879 2016 fructus

1087 2039 1212 2074 spiritus;
1228 2042 1392 2073 quapropter
1405 2037 1537 2065 vermium
1558 2037 1598 2064 ori
1618 2044 1671 2064 non
1687 2041 1777 2071 patent
1792 2045 1799 2062 :
1815 2043 1877 2063 nam

1087 2085 1116 2112 in
1130 2085 1198 2112 casio
1212 2084 1363 2120 hujusmodi
1386 2083 1546 2111 vestimenta
1561 2087 1700 2115 texuntur,
1715 2082 1758 2109 ubi
1778 2089 1827 2109 rrec
1843 2081 1878 2108 ti-

1088 2138 1137 2158 nea
1147 2151 1156 2164 ,
1176 2138 1226 2159 nec
1239 2130 1350 2163 vermis,
1362 2137 1412 2157 nec
1424 2129 1522 2164 aliquid
1536 2129 1625 2156 simile
1639 2133 1689 2156 est.
1706 2127 1773 2161 Quid
1788 2127 1876 2163 igitur,

1088 2184 1178 2212 quaso
1190 2197 1198 2210 ,
1213 2176 1326 2209 melius,
1341 2175 1449 2203 divitem
1461 2195 1469 2207 ,
1483 2183 1516 2202 an
1531 2181 1673 2209 pauperem
1688 2173 1767 2201 esse?
1779 2181 1812 2200 an
1830 2181 1880 2208 po-

1089 2227 1189 2250 tentem
1199 2242 1207 2254 ,
1222 2229 1257 2248 an
1272 2221 1459 2248 inhonoratum
1473 2220 1552 2247 esse?
1571 2220 1644 2247 lauta
1658 2218 1709 2246 irui
1722 2226 1812 2247 mensa
1823 2239 1831 2252 ,
1844 2227 1879 2246 an

1089 2267 1186 2295 famem
1200 2267 1337 2301 experiri?
1352 2266 1529 2294 Proculdubio
1540 2286 1548 2299 ,
1574 2266 1600 2292 in
1624 2265 1726 2293 honore
1738 2286 1746 2299 ,
1759 2265 1862 2293 deliciis
1871 2287 1878 2297 ,

1089 2313 1241 2348 divitiisque
1255 2313 1354 2340 vivere.
1369 2312 1397 2340 Si
1412 2320 1477 2348 ergo
1488 2319 1532 2339 res
1543 2312 1630 2347 ipSas,
1647 2319 1700 2339 non
1715 2311 1821 2338 nomina
1836 2319 1879 2338 ve-

1090 2359 1134 2391 lis,
1146 2363 1217 2386 terra
1230 2363 1310 2393 atque
1321 2358 1434 2385 terrenis
1444 2357 1553 2390 relictis,
1568 2357 1594 2384 in
1605 2357 1699 2384 caelum
1712 2361 1738 2385 te
1747 2358 1862 2384 trartsfer
1872 2367 1878 2373 -

1089 2404 1220 2440 siquidem
1240 2404 1382 2439 praesentia
1397 2404 1490 2432 umbra
1513 2408 1589 2436 sunt,
1606 2404 1650 2431 illa
1665 2412 1746 2438 vero,
1770 2412 1813 2432 res
1828 2405 1878 2431 im-

1090 2454 1187 2483 motaa,
1202 2449 1295 2482 ﬁrmae,
1308 2458 1369 2485 qute
1387 2457 1440 2477 non
1456 2449 1540 2485 abripi
1556 2449 1668 2485 possint.
1685 2449 1748 2477 Haec
1762 2457 1810 2477 nos
1829 2449 1880 2485 igi-

1092 2501 1135 2525 tur
1145 2503 1204 2524 curn
1219 2496 1308 2524 studio
1329 2496 1477 2531 deligamus
1487 2516 1495 2529 ,
1511 2501 1538 2523 ut
1550 2500 1578 2523 et
1597 2503 1613 2523 a
1633 2496 1746 2524 tumultu
1761 2504 1880 2532 praesen-

1092 2542 1157 2569 tium
1183 2549 1273 2569 rerum
1299 2541 1459 2574 liberemur,
1480 2545 1508 2569 et
1523 2541 1557 2569 ad
1580 2541 1749 2576 tranquillum
1775 2547 1879 2577 portum

1091 2589 1255 2624 appellentes
1264 2609 1272 2621 ,
1286 2596 1345 2616 cum
1360 2589 1451 2616 multis
1461 2588 1572 2616 sarcinis
1581 2593 1609 2616 et
1620 2588 1795 2616 inen‘abilibus
1808 2589 1880 2616 elee-

1093 2641 1212 2670 mosyna':
1232 2635 1326 2669 opibus
1350 2634 1404 2662 illic
1432 2641 1608 2669 appareamus
1631 2642 1638 2661 :
1659 2634 1757 2668 quibus
1781 2635 1881 2662 utinam

1093 2687 1186 2709 omnes
1201 2680 1271 2715 pleni
1285 2680 1318 2707 ad
1331 2679 1494 2708 horrendum
1507 2679 1621 2708 tribunal
1631 2679 1736 2707 adducti
1747 2700 1755 2712 ,
1769 2688 1881 2715 regnum

1093 2725 1220 2753 calorum
1232 2733 1427 2760 consequamur
1438 2725 1523 2761 gratia
1538 2730 1565 2753 et
1576 2725 1760 2753 misericordia
1776 2725 1882 2753 Domini

1093 2772 1176 2800 nostri
1190 2772 1254 2800 Jesu
1265 2772 1382 2805 Christi,
1396 2772 1439 2800 cui
1452 2772 1536 2808 gloria
1550 2776 1578 2801 ct
1591 2772 1731 2808 imperium
1745 2771 1773 2801 in
1787 2773 1887 2802 saecula

1095 2820 1263 2848 saeculorum.
1279 2820 1375 2847 Amen.

1129 2876 1136 2892 '
1154 2875 1261 2907 Quidam,
1271 2874 1396 2907 erigimur.
