2067 3132
143 152 196 182 SI!)

143 212 231 243 οἰκίας
255 209 474 245 οίκοδομοῦντεςς
501 208 527 235 τί
549 207 579 235 δὲ
603 208 870 244 ἀριστοποιουμένων
895 207 985 234 αὐτῶν

142 256 224 291 ἡμεῖς
235 255 259 281 al
277 254 450 290 τρυφῶντες;
467 253 561 284 Οὐδὲν,
578 252 647 287 πλὴν
670 252 731 278 ὅσον
750 251 819 287 μετά
848 251 984 283 κολάσεως

141 298 230 325 ταῦτα
243 298 410 333 πράττομεν.
423 297 456 323 El
470 296 498 322 δὲ
505 294 775 330 οὐδέπωσυνορῶμεν
785 293 835 329 τὴν
847 293 984 320 εὐτέλειαν

141 342 196 368 τῶν
213 341 375 376 γινομένων,
391 339 549 375 θαυμαστὸν
563 338 650 365 οὐδέν·
670 337 746 364 οὔπω
760 337 816 372 γὰρ
829 337 924 372 ἄνδρες
935 346 983 372 γε-

140 386 271 421 γόναμεν·
284 385 350 411 ὅταν
363 384 392 410 δὲ
407 382 561 418 γενώμεθα,
576 381 705 417 εἰσόμεθα
715 382 756 408 ὅτι
763 380 850 408 ταῦτα
861 381 951 408 πάντα
959 382 981 398 ⁸¹

141 429 268 456 παιδικά.
289 428 366 455 Ἐπεὶ
377 428 426 455 καὶ
441 428 553 454 ἐκείνων
565 426 702 461 γινόμενοι
715 426 811 462 ἄνδρες
825 425 983 458 καταγελῶ-

143 481 213 508 μεν·
232 473 326 504 παῖδες
340 472 369 498 δὲ
394 471 470 502 ὅντες
494 470 715 506 περισπούδαστα
736 469 883 505 νομίζομεν
900 467 980 501 εἶναι,

140 518 191 544 καὶ
205 517 330 553 ὄστρακα
344 516 390 544 καὶ
404 515 489 550 πηλὸν
506 515 680 549 συνάγοντες,
699 513 753 540 τῶν
766 514 829 545 τοὺς
847 513 981 549 μεγάλους

140 561 317 589 ἁνιστώντων
341 559 501 596 περιϐόλους
526 559 577 586 οὐκ
602 558 713 585 ἔλαττον
728 557 889 592 φρονοῦμεν.
911 557 981 583 Ἀλλ’

137 605 216 640 ὅμως
228 604 330 635 εὐθέως
341 603 488 630 ἀπόλλυται
503 602 550 629 καὶ
560 602 737 634 καταπίπτει,
746 601 793 627 καὶ
805 600 866 627 οὒτε
877 600 982 628 έστῶτά

141 649 224 675 που⁶²
238 647 363 683 χρήσιμα
380 646 478 681 γένοιτ’
495 646 528 673 ἂν
548 646 625 681 ἡμῖν,
643 644 736 681 ὥσπερ
753 642 799 671 οὖν
816 644 876 671 οὐδὲ
901 642 980 671 αὗται

140 693 170 718 αἱ
187 691 314 727 λαμπραὶ
327 691 421 717 οἰκίαι.
434 690 485 717 Τὸν
499 690 554 725 γὰρ
568 689 615 715 τοῦ
630 688 746 724 ούρανοῦ
761 688 873 723 πολίτην
884 689 934 715 οὐκ
948 688 981 715 ἂν

136 734 267 762 δύναιντο
281 734 419 767 δέξασθαι,
435 734 490 761 οὐδ’
506 733 539 761 ἃν
551 733 695 768 ἀνάσχοιτο
709 733 798 768 μεῖναι
809 732 831 747 ⁵³
843 732 872 758 έν
886 732 981 764 αὐταῖς

137 780 156 804 ὁ
171 779 221 814 τὴν
237 778 294 806 ἀνω
318 778 435 813 πατρίδα
448 777 531 813 έχων·
544 776 603 803 ἀλλ’
626 776 720 811 ὥσπερ
743 776 823 812 ἡμεῖς
846 777 901 808 τοῖς
917 776 980 803 ποσὶ

140 821 227 848 ταῦτα
239 821 316 858 [29η
332 820 526 856 καθαιροῦμεν,
545 819 615 846 οὕτω
628 820 752 849 κάκεῖνος
773 819 812 854 τῷ
824 820 978 854 φρονήματι

139 863 334 899 καταστρέφει,
344 863 400 890 Kal
410 862 535 897 καθάπερ
548 862 629 897 ἡμεῖς
639 860 694 887 τῶν
705 860 807 887 παίδων
820 861 866 887 ἐπὶ
882 862 914 897 τῇ
929 869 979 887 κα-

139 909 280 942 ταστροφῇ
291 906 436 934 κλαιόντων
445 904 650 940 καταγελῶμεν
660 904 731 931 οὕτω
739 904 787 931 καὶ
798 904 881 936 οὖτοι,
892 904 979 931 ταῦτα

137 950 312 987 ὀδυρομένων
325 949 413 986 ἡμῶν,
426 950 456 976 ού
465 949 566 983 γελῶσι
581 948 672 983 μόνον,
687 947 756 974 ἀλλά
766 948 814 974 καὶ
829 947 977 974 κλαίουσιν·

141 992 236 1027 ἐπειδὴ
251 993 299 1019 καὶ
315 991 444 1027 συμπαθῆ
458 991 547 1018 αὐτῶν
557 990 592 1017 τά
612 990 763 1025 σπλάγχνα,
777 990 824 1016 καὶ
837 989 921 1025 πολλὴ
938 991 980 1016 ὲν-

139 1036 237 1063 τεῦθεν
263 1036 281 1072 ὴ
296 1035 393 1071 βλάϐη.
416 1034 561 1070 Γενώμεθα
574 1034 665 1061 τοίνυν
679 1033 787 1069 ἄνδρες.
803 1033 893 1068 Μέχρι
905 1033 979 1065 τίνος

140 1081 231 1116 χαμαὶ
243 1079 394 1116 συρόμεθα,
405 1079 452 1106 ἐπὶ
465 1079 550 1110 λίθοις
560 1079 607 1105 καὶ
622 1077 709 1110 ξύλοις
720 1077 796 1113 μέγα’
806 1077 977 1113 φρονοῦντες

143 1123 227 1160 μέχρι
243 1124 314 1156 τίνος
329 1122 478 1159 παίζομεν;
501 1123 557 1149 Καὶ
570 1121 625 1148 εῑθε
640 1121 718 1156 μόνον
737 1121 884 1156 ἐπαίζομεν
897 1129 903 1136 ·
921 1121 980 1148 νυνὶ

139 1169 170 1195 δὲ
197 1168 243 1196 καὶ
257 1167 305 1203 τὴν
319 1167 424 1194 έαυτῶν
439 1166 600 1202 προδίδομεν
617 1164 755 1201 σωτηρίαν
765 1173 772 1181 ·
788 1165 835 1192 καὶ
853 1166 979 1201 καθάπερ

142 1212 178 1239 τὰ
189 1212 293 1245 παιδία,
313 1212 377 1239 ὅταν
403 1211 453 1246 τὴν
476 1211 505 1238 ἐν
531 1209 638 1241 τούτοις
665 1209 762 1245 σχολὴν
787 1209 879 1246 ἀγάγῃ
889 1210 911 1226 ⁸⁵
926 1210 979 1237 τῶν

142 1256 315 1292 γραμμάτων
328 1254 504 1290 ἀμελήσαντα
515 1274 522 1286 ,
539 1253 658 1289 ἐσχάτας
674 1253 840 1288 ὑπομένουσι
861 1254 978 1289 πληγάς·

141 1300 215 1327 οὕτω
229 1301 276 1328 καὶ
296 1300 376 1335 ἡμεῖς
391 1300 419 1326 ὲν
435 1297 540 1330 τούτοις
565 1298 674 1325 ἃπασαν
695 1297 746 1332 τὴν
765 1297 882 1333 σπουδὴν
900 1307 980 1325 κατα-

142 1343 325 1375 ναλίσκοντες,
342 1342 391 1369 κα)⁴
414 1341 449 1368 τὰ
475 1340 649 1376 πνευματικά
678 1340 872 1376 ἀπαιτούμενοι
890 1340 979 1376 μαθή-

146 1396 219 1422 ματα
229 1388 289 1414 τότε
298 1387 320 1403 ⁸⁸
331 1386 376 1413 διὰ
390 1386 444 1412 τῶν
458 1385 557 1421 ἔργων,
568 1385 617 1412 καὶ
632 1385 682 1411 οὐκ
696 1384 803 1420 ἔχοντες
819 1386 978 1420 παρασχεῖν,

145 1432 197 1467 τὴν
214 1430 332 1466 ἐσχάτην
350 1429 472 1464 δώσομεν
484 1428 627 1464 τιμωρίαν.
653 1428 708 1455 Kal
724 1429 811 1460 οὐδεὶς
829 1429 843 1454 6
858 1428 980 1464 ἐξαιρού-

146 1483 226 1510 μενος
233 1474 258 1490 ⁸⁸
267 1480 275 1488 ·
286 1473 338 1501 κᾶν
347 1472 438 1508 πατὴρ
447 1470 476 1509 ᾖ.
492 1471 544 1499 κᾶν
559 1471 682 1505 ἀδελφὸς,
695 1471 748 1502 κᾶν
759 1471 891 1498 ὁστισοῦν.
901 1472 980 1498 Ἀλλά

144 1518 233 1545 ταῦτα
248 1518 297 1553 μὲν
314 1518 452 1553 οἰχήσεται
467 1516 565 1548 πάντα,
580 1515 633 1551 ἡδὲ
643 1515 671 1549 ἐξ
679 1515 769 1542 αὐτῶν
783 1515 913 1551 γινομένη
930 1515 980 1550 βά-

146 1571 227 1593 σανος
241 1561 374 1592 ἀθάνατος
391 1559 465 1596 μένει
480 1559 528 1586 καὶ
551 1559 677 1594 διηνεκής
687 1566 693 1572 '
721 1560 789 1594 ὅπερ
804 1557 851 1586 οὖν
874 1559 921 1586 καὶ
934 1559 980 1586 ἐπὶ

145 1606 201 1633 τῶν
221 1605 323 1633 παίδων
334 1603 450 1638 γίνεται,
464 1602 498 1629 τὰ
514 1602 563 1638 μὲν
577 1602 692 1629 παιδικά
704 1602 851 1638 ἀθύρματα
865 1602 912 1629 τοῦ
928 1611 980 1628 πα-

145 1648 210 1685 τρὸς
219 1648 263 1674 διὰ
275 1648 324 1683 τὴν
339 1646 475 1683 ρᾳθυμίαν
482 1645 571 1672 αὐτῶν
577 1645 668 1672 τέλεον
682 1645 872 1680 ἀφανίζοντος,
882 1646 980 1677 αὐτοὺς

145 1693 175 1719 δὲ
189 1693 228 1724 είς
240 1691 270 1718 τὺ
284 1691 387 1718 κλαίειν
402 1689 534 1725 διηνεκῶς
548 1689 739 1720 καθιστῶντος.
752 1688 804 1715 Kal
817 1689 861 1716 ἵνα
879 1689 978 1725 μάθῃς,

146 1737 188 1763 ὅτι
199 1736 285 1762 ταῦτα
298 1734 412 1761 τοιαῦτά
432 1735 515 1765 ἐστιν,
533 1734 547 1760 6
567 1733 683 1768 μάλιστα
697 1733 806 1759 πάντων
827 1731 981 1759 εἶναιδοκεῖ

147 1779 389 1816 περισπούδαστον,
404 1777 450 1804 τὸν
464 1777 577 1803 πλοῦτον
595 1778 634 1808 εἰς
652 1776 733 1812 μέσον
752 1777 912 1812 ἀγάγωμεν,
933 1777 980 1803 καὶ

147 1821 300 1857 ἀντιθῶμεν
312 1820 387 1855 αὐτῷ
396 1819 484 1855 ψυχῆς
496 1819 595 1854 ἀρετὴν
608 1819 641 1854 ἢν
648 1819 680 1846 ἂν
693 1818 784 1854 θέλῃς,
798 1819 844 1845 καὶ
859 1818 918 1845 τότε
933 1819 981 1846 αύ-

147 1865 195 1892 τοῦ
205 1865 321 1901 μάλιστα
331 1864 390 1899 ϐψει
400 1863 449 1899 τὴν
457 1863 605 1889 εὐτέλειαν.
615 1862 711 1898 Θῶμεν
724 1863 812 1889 τοίνυν
822 1862 981 1897 ἀνθρώπους

147 1906 218 1936 εἶναι
231 1908 294 1936 δύο·
309 1909 356 1934 καὶ
370 1907 446 1934 οὔπω
463 1906 535 1940 λέγω
557 1906 622 1942 περὶ
646 1906 814 1939 πλεονεξίας,
837 1906 905 1933 ἀλλά
918 1906 981 1942 περὶ

147 1952 251 1979 δικαίου
265 1951 379 1979 πλούτου
395 1950 474 1983 τέως’
493 1950 605 1979 καὶτῶν
620 1949 666 1977 δύο
675 1949 789 1982 τούτων,
805 1950 820 1976 6
836 1949 885 1985 μὲν
900 1958 981 1977 συνα-

148 1997 221 2030 γέτω
232 1996 254 2012 "
266 1997 404 2031 χρήματα,
419 1995 466 2022 καὶ
486 1994 588 2021 πλείτω
608 1993 751 2026 θάλατταν,
765 1993 812 2020 καὶ
825 1993 981 2028 γεωργείτω

147 2039 212 2074 γῆν,
222 2038 270 2066 καὶ
284 2037 397 2069 πολλοὺς
409 2037 518 2073 ἑτέρους
538 2035 672 2072 ἐμπορίας
689 2035 837 2071 εὑρισκέτω
853 2035 978 2070 τρόπους-

148 2083 270 2117 καίτοιγε
283 2082 332 2109 οὐκ
350 2079 408 2109 οἶδα
423 2082 447 2108 εἰ
460 2080 547 2108 ταῦτα
564 2080 648 2108 ποιῶν
664 2079 776 2106 δύναται
790 2079 901 2111 δικαίως
918 2087 981 2115 κερ-

147 2127 258 2154 δαίνειν·
272 2125 341 2160 πλὴν
350 2125 407 2152 ἀλλ⁹
416 2124 485 2151 έστω
496 2124 542 2152 καὶ
553 2123 706 2150 ὑποκείσθω
719 2123 809 2149 δίκαια
819 2122 901 2158 κέρδη
915 2131 980 2158 κερσ

147 2170 247 2196 δαίνειν
260 2169 351 2202 αὐτὸν,
367 2169 414 2196 καὶ
425 2168 527 2205 ἀγροὺς
540 2166 668 2194 ὠνεῖσθαι
677 2167 699 2183 ⁵⁸
712 2166 758 2194 καὶ
768 2165 920 2202 ἀνδράποδα
931 2166 979 2192 καὶ

148 2214 198 2240 ὅσα
212 2212 334 2246 τοιαῦτα,
354 2212 401 2240 καὶ
427 2211 546 2248 μηδεμία
571 2210 712 2246 προσέστω
728 2210 833 2241 τούτοις
847 2209 952 2236 ἀδικία·
965 2209 979 2236 6

147 2257 176 2284 δὲ
189 2256 280 2292 ἕτερός
296 2264 337 2288 τις
350 2256 372 2272 ⁶⁹
396 2254 514 2282 τοσαῦτα
528 2253 703 2290 κεκτημένος,
724 2252 847 2280 πωλείτω
865 2252 976 2288 ἀγροὺς,

148 2300 272 2326 πωλείτω
283 2294 436 2331 οίκίας,›ίαὶ
447 2298 531 2334 σκεύη
539 2299 628 2334 χρυσᾶ
640 2297 688 2324 καὶ
701 2297 819 2333 ἀργυρᾶ,
829 2295 878 2323 καὶ
891 2305 977 2332 πάρει

146 2343 217 2378 χέτω
244 2344 302 2375 τοῖς
315 2343 460 2378 δεομένοις,
476 2342 631 2379 ἐπαρκείτω
646 2342 702 2372 τοῖς
715 2339 882 2375 πενομένοις,
897 2339 977 2375 θερα-

147 2387 254 2413 πευέτω
277 2387 430 2419 νοσοῦντας,
458 2386 520 2417 τοὺς
538 2386 567 2412 ἐν
589 2385 695 2421 ἀνάγκῃ
717 2384 818 2416 λυέτω,
843 2384 906 2416 τοὺς
922 2384 977 2411 ἀπὸ

147 2429 253 2465 δεσμῶν
265 2430 289 2445 ⁷⁹
304 2429 468 2461 έκϐαλλέτω,
495 2428 557 2460 τοὺς
580 2429 610 2455 ὲν
626 2427 766 2463 μετάλλοις
782 2426 974 2462 ὲλευθερούτω,

146 2473 210 2504 τοὺς
220 2471 273 2499 ἀπὸ
291 2472 422 2508 βρόχων⁷¹
443 2471 594 2506 καταγέτω,
610 2472 672 2502 τοὺς
687 2469 874 2505 αἰχμαλώτους
890 2469 976 2496 λυέτω

146 2516 196 2550 τῆς
206 2516 351 2550 τιμωρίας.
365 2515 442 2547 Τίνος
455 2513 501 2542 οὖν
515 2514 641 2549 βούλεσθε
658 2514 766 2549 μερίδος
780 2514 803 2529 ⁷⁸
823 2510 906 2545 εῐναι;
919 2513 975 2540 Kal

145 2559 250 2586 οὐδέπω
263 2559 298 2586 τὰ
316 2558 456 2595 μέλλοντα,
477 2558 544 2585 ἀλλά
555 2558 624 2589 τέως
637 2557 671 2584 τά
683 2557 799 2584 ἐνταῦθα
812 2557 972 2592 εἰρήκαμεν.

146 2603 222 2634 Τίνος
238 2601 284 2630 οὖν
296 2601 366 2630 εῖναι
380 2601 506 2638 βούλεσθε
515 2610 523 2635 ;
533 2601 579 2628 τοῦ
594 2601 752 2635 συνάγοντος
766 2600 886 2636 χρυσίον,
897 2600 913 2636 ἦ
926 2599 973 2627 τού

144 2647 252 2678 λύοντος
267 2646 425 2682 συμφοράςς
449 2645 495 2672 τοῦ
508 2646 572 2677 τοὺς
595 2645 697 2681 ἀγροὺς
709 2644 873 2679 ὠνουμένου,
889 2644 906 2679 ἢ
926 2643 973 2670 τοῦ

144 2690 242 2725 λιμένα
255 2689 501 2721 κατασκευάζοντος
525 2688 620 2716 ἑαυτὸν
640 2690 673 2724 τῇ
688 2689 742 2715 τῶν
760 2687 909 2723 ἀνθρώπων
923 2687 973 2722 φύ-

646 149 680 178 IN
700 149 910 178 MAT’I'IIEUM
931 149 1048 178 IIOMIL.
1069 151 1163 179 XXIII.
1185 153 1222 180 al.
1243 151 1338 180 XXIV.

1815 156 1868 186 5‘20

1036 217 1094 240 σει;
1107 209 1154 236 τοῦ
1168 210 1198 237 τὸ
1210 210 1277 238 πολὺ
1293 210 1527 246 περιϐεϐλημένου
1538 212 1683 247 χρυσίον,ἢ
1697 213 1743 240 τοῦ
1759 216 1869 251 μυρίαις

1034 254 1103 289 εὔφη
1108 255 1182 289 μίαις
1189 255 1422 290 έστεφανωμένου;
1433 256 1489 291 Οὐχ
1495 255 1508 281 ὁ
1518 256 1566 290 μὲν
1572 256 1679 292 ἀγγέλῳ
1685 257 1738 284 τινὶ
1744 259 1854 293 προσέοι
1860 275 1867 280 -

1033 306 1082 325 κεν
1107 297 1137 329 ἐξ
1152 298 1267 333 ούρανοῦ
1291 299 1441 326 καταϐάντι
1468 299 1535 334 πρὸς
1554 299 1603 334 τὴν
1625 299 1679 327 τῶν
1701 300 1802 328 λοιπῶν
1823 303 1869 329 ἀν-

1034 340 1150 376 θρώπων
1178 341 1329 377 διόρθωσιν,
1346 343 1361 369 6
1385 342 1414 369 δὲ
1444 343 1504 370 οὐδὲ
1521 342 1671 379 ἀνθρώπῳ,
1688 345 1756 371 ἀλλά
1772 346 1870 381 παιδίῳ

1031 386 1086 412 τινὶ
1101 385 1191 421 μάτην
1206 386 1254 412 καὶ
1270 385 1364 418 ἁπλῶς
1385 386 1475 413 πάντα
1489 388 1648 421 συνάγοντις
1662 387 1694 414 El
1706 388 1781 426 [£98]
1796 389 1825 417 δὲ
1839 390 1870 416 τὸ

1031 429 1143 462 δικαίως
1162 430 1379 465 χρηματίζεσθαι
1395 429 1467 458 οὕτω
1479 432 1692 465 καταγέλαστον,
1713 433 1760 459 καὶ
1777 434 1870 467 ἀνοίας

1032 473 1164 509 ὲσχάτηςν
1178 475 1242 501 ὅταν
1261 474 1328 510 μηδὲ
1341 474 1372 501 τὸ
1383 475 1494 507 δικαίως
1511 477 1616 511 προσῇ,
1640 477 1699 509 πῶς
1713 478 1744 504 06
1761 478 1868 506 πάντων

1032 517 1195 553 ἀθλιώτερος
1212 519 1225 544 6
1239 519 1376 551 10105104;
1392 519 1423 545 Εἰ
1441 520 1494 555 γὰρ
1511 520 1525 546 ὁ
1542 520 1629 554 γέλως
1652 521 1789 554 τοσοῦτος,
1804 523 1868 550 ὃταν
1907 543 1913 548 .

1031 561 1079 588 καὶ
1091 561 1186 595 γέεννα
1198 563 1284 598 προσῇ
1301 563 1346 589 καὶ
1362 562 1500 598 βασιλείας
1514 563 1659 596 ἔκπτωσις,
1671 565 1761 591 πόσων
1781 565 1814 593 ἂν
1825 566 1867 602 εἴη

1032 605 1139 640 θρήνων
1156 606 1240 639 άξιος,
1258 607 1305 633 καὶ
1320 606 1374 638 ζῶν
1387 607 1434 633 καὶ
1449 607 1664 642 τετελευτηκώς;

1068 652 1093 676 ι’.
1112 649 1192 676 Ἀλλὰ
1205 650 1252 676 καὶ
1265 650 1357 685 ἓτερον
1376 649 1493 685 βούλει⁷³
1515 651 1565 686 τῆς
1586 652 1689 687 ἀρετῆς
1711 659 1867 687 μεταχειρι-

1032 692 1142 728 σώμεθα
1158 693 1256 730 μέρος;
1272 694 1375 721 Οὐκοῦν
1393 695 1540 730 ἀγάγωμεν
1551 695 1632 722 πάλιν
1650 695 1743 730 ἕτερον
1763 695 1868 731 ἀνθρω-

1030 745 1080 763 πον
1094 737 1122 763 ὲν
1133 736 1276 773 δυναστεία
1291 738 1365 770 ὂντα,
1377 739 1460 764 πᾶσιν
1476 739 1663 767 ἐπιτάττοντα.
1674 738 1780 773 ἀξίωμα
1788 747 1868 773 περι-

1030 779 1196 815 ϐεϐλημένον
1226 781 1306 815 μέγα,
1322 782 1429 816 κήρυκα
1454 781 1548 817 ἔχοντα
1563 782 1688 818 λαμπρὸν
1707 782 1754 809 καὶ
1779 781 1868 817 ζώνην

1031 824 1079 850 καὶ
1098 824 1270 859 ῥαϐδούχους,
1298 826 1345 851 καὶ
1372 825 1456 852 πολὺν
1478 825 1523 852 τὸν
1541 826 1590 860 τῆς
1605 825 1752 862 θεραπείας
1775 826 1864 861 χορόν.

1032 868 1099 902 Οὐχὶ
1112 867 1185 894 δοκεῖ
1201 867 1278 894 τοῦτο
1300 869 1371 903 μέγα
1386 867 1513 896 εἶναικαὶ
1532 870 1715 905 μακαριστόν;
1729 870 1795 905 Φέρε
1809 868 1865 902 οὖν,

1032 912 1079 938 καὶ
1093 912 1180 947 τούτῳ
1195 912 1274 939 πάλιν
1290 913 1442 948 ἀντιθῶμεν
1462 913 1565 948 ἕτερον,
1584 914 1628 940 τὸν
1641 914 1798 946 ἀνεξίκακον
1818 914 1866 940 καὶ

1034 957 1122 991 πρᾷον
1141 957 1187 983 καὶ
1213 956 1338 984 ταπεινὸν
1361 958 1408 984 καὶ¹
1425 957 1600 993 μακρόθυμον
1611 967 1618 974 ·
1632 958 1678 985 καὶ
1700 955 1776 989 οὗτος
1791 958 1868 994 ὑϐρι-

1033 999 1132 1032 ζέσθω,
1149 1000 1302 1033 τυπτέσθω,
1327 1001 1374 1027 καὶ
1393 1001 1499 1035 φερέτω
1518 1001 1636 1033 εὐκόλως
1648 1021 1656 1033 ,
1674 1002 1721 1028 καὶ
1745 1002 1809 1033 τοὺς
1831 1001 1867 1028 τά

1031 1043 1143 1071 τοιαῦτα
1168 1043 1312 1076 ποιοῦντας
1338 1044 1491 1079 εὐλογείτω.
1520 1045 1568 1077 Τίς
1582 1043 1630 1072 οὖν
1657 1045 1672 1072 6
1697 1045 1864 1080 θαυμαστὸς,

1032 1087 1092 1114 είπέ
1111 1096 1172 1123 μοι;
1189 1089 1202 1115 6
1222 1089 1427 1123 πεφυσιωμένος
1443 1089 1490 1115 καὶ
1505 1088 1677 1124 φλεγμαίνων
1689 1108 1697 1122 ,
1714 1089 1731 1125 ἢ
1750 1091 1764 1116 6
1782 1098 1866 1116 κατε-

1037 1132 1198 1168 σταλμένοςς
1216 1133 1283 1168 Οὐχὶ
1297 1134 1312 1160 ὁ
1326 1133 1375 1168 μὲν
1390 1132 1461 1159 ἔοικε
1488 1133 1568 1160 πάλιν
1583 1135 1644 1165 ταῖς
1664 1133 1720 1161 άνω
1734 1134 1866 1169 δυνάμεσι

1031 1177 1092 1208 ταῖς
1102 1177 1201 1213 πολλὴν
1209 1178 1335 1212 ἐχούσαις
1342 1177 1391 1212 τὴν
1400 1177 1543 1208 ἀπάθειαν.
1551 1179 1564 1204 6
1574 1177 1602 1204 δὲ
1610 1177 1682 1213 φύσῃ
1690 1177 1713 1194 ⁷⁵
1724 1179 1865 1215 σπωμένῃ,

1032 1221 1048 1256 ἢ
1060 1221 1152 1257 ὕδερον
1164 1221 1299 1257 ἀνθρώπῳ
1311 1221 1409 1256 ἔχοντι,
1419 1221 1465 1248 καὶ
1474 1221 1571 1255 πολλὴν
1582 1222 1632 1257 τὴν
1641 1221 1809 1258 φλεγμονήν;
1819 1223 1866 1249 καὶ

1032 1265 1046 1290 6
1067 1265 1114 1299 μὲν
1135 1264 1219 1300 ίατρῷ
1245 1264 1433 1301 πνευματικῷ,
1458 1266 1472 1292 6
1490 1265 1519 1292 δὲ
1533 1265 1583 1297 τὰς
1604 1265 1720 1300 γνάθους
1745 1266 1865 1301 φυσῶντι

1033 1308 1132 1344 παιδίῳ
1149 1308 1360 1344 καταγελάστῳ;
1374 1309 1407 1335 Τί
1422 1309 1476 1344 γὰρ
1492 1309 1563 1344 μέγα
1584 1310 1702 1344 φρονεῖς,
1717 1309 1841 1345 ἄνθρωπε
1856 1319 1864 1342 ;

1033 1352 1072 1378 ὅτι
1088 1352 1189 1388 ὑψηλὸς
1204 1353 1250 1379 ἐπὶ
1264 1353 1402 1388 ὀχήματος
1416 1353 1503 1389 φέρῃ;
1520 1354 1560 1380 ὃτι
1588 1363 1616 1380 σε
1634 1353 1731 1388 ζεῦγος
1746 1354 1865 1390 ἡμιόνων

1032 1396 1121 1430 ἕλκεις
1136 1397 1191 1423 Καὶ
1205 1397 1232 1423 τί
1246 1397 1341 1430 τούτο;
1358 1396 1442 1423 Τοῦτο
1459 1398 1511 1432 γὰρ
1528 1397 1574 1424 καὶ
1589 1398 1635 1424 ἐπὶ
1655 1398 1740 1430 ξύλων
1755 1400 1802 1426 καὶ
1818 1399 1865 1426 ἐπὶ

1032 1440 1113 1467 λίθων
1127 1441 1267 1476 γινόμενον
1280 1441 1329 1468 ἴδοι
1339 1450 1381 1473 τις
1392 1441 1434 1468 ἄν.
1448 1441 1517 1468 Ἀλλ’
1531 1442 1572 1468 ὅτι
1589 1441 1659 1469 καλά
1671 1442 1864 1479 περιϐέϐλησαι

1032 1484 1142 1519 ίμάτιαί
1163 1484 1233 1511 Ἀλλ’
1246 1485 1296 1520 ὅρα
1308 1485 1354 1511 τὸν
1371 1485 1470 1520 ἀρετὴν
1485 1486 1546 1512 ἀντὶ
1557 1486 1671 1522 ἱματίων
1682 1487 1862 1522 ἐνδεδυμένον.

1031 1528 1078 1554 καὶ
1089 1528 1148 1563 δψει
1164 1528 1262 1555 σαυτὸν
1288 1529 1337 1563 μὲν
1354 1529 1443 1564 χόρτῳ
1463 1529 1569 1556 ἐοικότα
1588 1530 1744 1566 σηπομένῳ,
1761 1531 1864 1558 ἐκεῖνον

1030 1570 1058 1597 δὲ
1076 1571 1176 1607 δένδρῳ
1197 1571 1352 1606 θαυμαστὸν
1372 1572 1479 1607 φέροντι
1495 1573 1610 1608 καρπὸν,
1634 1573 1682 1600 καὶ
1697 1573 1796 1610 πολλὴν
1807 1576 1864 1607 τοῖς

1030 1614 1112 1650 ὁρῶσι
1138 1615 1284 1651 παρέχοντι
1305 1615 1354 1651 τὴν
1371 1616 1549 1652 εὐφροσύνην.
1568 1617 1603 1643 Σὺ
1626 1617 1674 1652 μὲν
1688 1617 1743 1653 γάρ
1761 1619 1863 1654 τροφὴν

1031 1659 1177 1693 σκωλήκων
1194 1659 1351 1695 περιφέρεις
1366 1659 1412 1686 καὶ
1432 1660 1531 1695 σητῶν,
1551 1660 1586 1691 οἳ,
1604 1660 1638 1687 ἂν
1651 1660 1797 1688 ἐπιθῶνται
1810 1671 1861 1693 σοι,

1029 1702 1134 1737 ταχέως
1150 1711 1180 1728 σε
1204 1703 1307 1738 γυμνὸν
1321 1703 1464 1738 ποιήσουσι
1482 1703 1528 1729 τοῦ
1546 1703 1648 1739 κόσμου
1673 1705 1768 1731 τούτου
1779 1713 1786 1720 ⁸
1805 1706 1864 1741 (καὶ

1029 1745 1083 1781 γὰρ
1097 1746 1142 1772 καὶ
1158 1746 1252 1780 ἱμάτια
1267 1746 1313 1772 καὶ
1323 1746 1421 1781 χρυσὸς
1441 1747 1487 1773 καὶ
1499 1747 1628 1783 ἄργυρος,
1640 1747 1674 1773 τά
1688 1748 1736 1783 μὲν
1757 1749 1862 1785 σκωλή-

1030 1797 1086 1815 κων
1101 1789 1132 1824 νὴ
1138 1797 1219 1822 ματα,
1230 1789 1265 1815 τά
1278 1789 1307 1815 δὲ
1321 1791 1356 1825 γῆ
1368 1790 1413 1816 καὶ
1425 1790 1508 1822 κόνις,
1523 1792 1568 1817 καὶ
1579 1790 1658 1817 πάλιν
1669 1792 1715 1827 γῆ,
1725 1792 1772 1819 καὶ
1782 1792 1862 1820 πλέον

1029 1833 1127 1868 οὐδέν’)
1136 1834 1149 1859 6
1159 1833 1188 1859 δὲ
1200 1833 1300 1868 ἀρετὴν
1309 1833 1538 1869 περιϐεϐλημένος
1548 1836 1673 1871 τοιαύτην
1686 1836 1742 1871 ἔχει
1756 1836 1860 1874 στολὴν,

1030 1876 1063 1911 ἢν
1076 1876 1105 1902 οὐ
1123 1876 1202 1910 μόνον
1217 1876 1372 1911 σῆτες,ἀλλ’
1382 1877 1441 1903 οὐδὲ
1453 1877 1534 1910 αὐτὸς
1548 1879 1561 1904 ὁ
1570 1878 1682 1918 θάνατος
1691 1880 1862 1915 λυμήνασθαι
1898 1878 1900 1881 ’

1029 1919 1154 1946 δύναται·
1169 1920 1215 1946 καὶ
1232 1920 1305 1955 μάλα
1320 1921 1440 1952 εἰκότως.
1455 1921 1491 1948 Οὺ
1505 1921 1557 1958 γὰρ
1571 1922 1624 1949 ἀπὸ
1634 1923 1686 1958 γῆς
1707 1923 1798 1959 ἔχουσι
1812 1925 1862 1959 τὴν

1030 1964 1117 1998 ἀρχὴν
1138 1961 1218 1990 αὗται
1241 1964 1291 1999 τῆς
1315 1964 1404 2000 ψυχῆς
1431 1965 1460 1991 αἱ
1486 1965 1592 2000 ἀρεταὶ,
1615 1966 1682 1993 ἀλλά
1706 1968 1861 2003 πνεύματός

1030 2008 1082 2034 εἰσι
1094 2008 1209 2043 καρπός·
1217 2008 1257 2034 διὸ
1267 2008 1327 2034 οὐδὲ
1335 2008 1483 2044 σκωλήκων
1497 2009 1655 2036 ὑπόκεινται
1669 2011 1793 2046 στόμασι.
1805 2012 1861 2038 Kal

1030 2050 1084 2086 γὰρ
1098 2051 1126 2076 έν
1139 2051 1244 2086 οὐρανῷ
1256 2051 1291 2078 τά
1304 2052 1398 2087 ίμάτια
1413 2052 1498 2079 ταῦτα
1512 2053 1664 2088 ὑφαίνεται,
1675 2054 1741 2081 ὅπου
1752 2055 1783 2081 ού
1799 2055 1858 2090 σὴς,

1029 2095 1060 2121 οὒ
1077 2095 1184 2130 σκώληξ
1192 2095 1262 2126 ⁷⁸·⁷⁶,
1279 2096 1327 2121 οὐκ
1344 2096 1407 2122 ἄλλο
1423 2096 1477 2123 τῶν
1491 2098 1619 2124 τοιούτων
1628 2098 1714 2125 οὐδέν.
1726 2099 1758 2125 Τί
1771 2100 1860 2127 τοίνυν

1030 2138 1143 2173 βέλτιον.
1161 2139 1220 2165 εἰπέ
1237 2147 1295 2174 μοι;
1314 2139 1447 2172 πλουτεῖν,
1473 2140 1489 2175 ῆ
1509 2141 1652 2175 πένεσθαι;
1673 2142 1701 2168 έν
1717 2142 1860 2180 δυναστείᾳ

1029 2181 1132 2218 εἷναι,ἣ
1147 2183 1175 2208 ὲν
1199 2183 1311 2218 ἀτιμίᾳς
1326 2184 1354 2209 ἐν
1367 2185 1468 2219 τρυφῇ,
1490 2184 1506 2220 ἢ
1522 2185 1552 2211 έν
1573 2185 1657 2220 λιμῷ;
1674 2185 1800 2222 Εὔδηλον,
1818 2188 1859 2214 ὅτι

1027 2228 1056 2254 ὲν
1069 2227 1147 2262 τιμῇ,
1159 2226 1206 2253 καὶ
1217 2228 1316 2263 τρυφῇ,
1328 2227 1375 2255 καὶ
1385 2227 1501 2263 πλούτῳ.
1511 2229 1615 2256 Οὐκοῦν
1628 2230 1653 2256 εί
1662 2230 1697 2256 τά
1710 2231 1860 2266 πράγματα

1028 2269 1126 2304 βούλει,
1143 2269 1190 2296 καὶ
1203 2269 1240 2305 μὴ
1253 2269 1287 2296 τὰ
1303 2270 1431 2306 ὀνόματα,
1445 2271 1494 2306 τὴν
1507 2272 1558 2308 γῆν
1571 2272 1651 2307 ἀφεὶς
1665 2273 1711 2299 καὶ
1722 2274 1756 2300 τά
1770 2275 1798 2301 ὲν
1810 2275 1859 2300 αὑ-

1026 2315 1071 2349 τῇ,
1087 2313 1251 2350 μεθορμίζου
1270 2313 1337 2349 πρὸς
1349 2314 1395 2340 τὸν
1410 2314 1539 2350 οὐρανόν·
1553 2315 1588 2342 τά
1606 2316 1655 2351 μὲν
1675 2316 1728 2352 γὰρ
1744 2318 1858 2346 ἐνταῦθα

1027 2356 1102 2388 σκιὰ,
1120 2357 1155 2384 τὰ
1173 2357 1202 2384 δὲ
1216 2357 1274 2383 ἐκεῖ
1288 2357 1437 2392 πράγματα
1451 2358 1577 2394 ἀκίνητα,
1593 2360 1639 2386 καὶ
1655 2361 1799 2396 πεπηγότα
1811 2364 1858 2389 καὶ

1026 2400 1109 2426 πᾶσιν
1124 2398 1270 2434 ἀχείρωτα.
1288 2398 1428 2434 Ἑλώμεθα
1439 2399 1527 2427 τοίνυν
1542 2400 1611 2427 αὐτὰ
1628 2401 1696 2436 μετά
1716 2403 1858 2438 ἀκριϐείας

1027 2440 1144 2476 ἁπάσης,
1161 2441 1203 2467 ίνα
1218 2441 1264 2467 καὶ
1280 2441 1326 2467 τοῦ
1346 2440 1460 2476 θορύϐου
1473 2441 1528 2468 τῶν
1544 2442 1659 2469 ἐνταῦθα
1681 2443 1754 2480 [299]
1769 2445 1857 2472 ἀπαλ-

1025 2482 1162 2517 λαγῶμεν,
1180 2482 1227 2509 καὶ
1243 2482 1311 2517 πρὸς
1323 2482 1370 2509 τὸν
1381 2482 1496 2519 γαληνὸν
1508 2484 1609 2510 ἐκεῖνον
1622 2485 1858 2517 καταπλεύσαντες

1027 2523 1134 2558 λιμένα,
1149 2524 1217 2559 μετά
1230 2523 1335 2550 πολλῶν
1346 2524 1399 2550 τῶν
1413 2524 1530 2560 φορτίων
1543 2525 1681 2561 φανῶμεν,
1696 2527 1741 2553 καὶ
1750 2528 1856 2562 άφάτου

1026 2565 1073 2591 τοῦ
1083 2565 1104 2580 ⁷⁷
1121 2565 1170 2600 τῆς
1192 2565 1376 2601 έλεημοσύνης
1403 2565 1517 2593 πλούτου
1534 2575 1541 2582 ”
1567 2565 1598 2595 οὗ
1626 2568 1731 2602 γένοιτο
1752 2570 1857 2601 πάντας

1026 2607 1099 2641 ἡμᾶς
1107 2606 1130 2623 ’³
1145 2607 1292 2641 ἐπιτυχεῖν,
1312 2607 1404 2646 χάριτι
1420 2608 1466 2634 καὶ
1485 2608 1674 2645 φιλανθρωπίᾳ
1693 2610 1739 2637 τοῦ
1754 2610 1855 2646 Κυρίου

1026 2648 1104 2683 ήμῶν
1125 2647 1211 2683 Ἰησοῦ
1228 2648 1355 2684 Χριστοῦ,
1371 2645 1392 2682 ᾧ
1403 2650 1419 2685 ή
1432 2649 1496 2682 δόξα
1509 2650 1557 2678 καὶ
1573 2651 1603 2677 τδ
1619 2652 1718 2687 κράτος
1737 2653 1776 2684 είς
1792 2645 1855 2685 τοὺς

1027 2689 1128 2720 αἰῶνας
1142 2689 1196 2715 τῶν
1209 2689 1324 2717 αἰώνων.
1347 2691 1443 2726 Ἀμήν.

178 2753 200 2769 ⁶¹
217 2753 380 2790 πάνταγοηι,
391 2753 426 2790 Α,
438 2752 473 2790 Β,
602 2752 634 2790 ‘_'_
646 2760 708 2790 mu_
718 2759 771 2790 qm.
794 2753 827 2779 A.
846 2752 877 2790 β.
945 2756 977 2790 Af

1031 2753 1098 2790 είνας
1115 2753 1268 2790 Μ-οιτ
1307 2754 1409 2790 φάγῃ.
1435 2754 1467 2782 Α.
1484 2759 1513 2782 et
1527 2763 1597 2783 corr.
1621 2756 1654 2784 D.
1693 2757 1715 2774 ⁸³
1730 2757 1801 2790 τότε]
1823 2758 1857 2784 τά

178 2757 200 2769 ¹¹
217 2757 306 2780 πάντα
318 2761 374 2781 om.
391 2757 423 2780 Δ.
438 2757 470 2779 Β.
486 2757 516 2779 υ.
535 2757 565 2779 ιε’.
602 2757 625 2768 “
646 2760 697 2778 που
718 2759 771 2779 om.
794 2757 827 2779 A.
846 2757 877 2779 Β.
897 2757 927 2780 I".
966 2757 977 2768 °

142 2790 218 2825 3503.
239 2789 270 2815 E.
284 2789 346 2815 τότε
370 2788 427 2825 διά]
447 2789 481 2825 τά
499 2787 590 2825 τέλεια
610 2786 677 2825 Mo_r.
690 2787 749 2825 διὰ-
762 2795 817 2825 οφ.
911 2788 933 2804 ⁸⁸
943 2787 979 2820 ὲξ‹

1031 2757 1098 2795 είνας
1115 2757 1182 2780 Mor.
1204 2757 1268 2779 Ben.
1307 2757 1329 2769 "
1345 2757 1409 2791 ᾰγῃ.
1435 2757 1467 2782 Α.
1484 2759 1513 2782 et
1527 2763 1597 2783 corr.
1621 2757 1654 2784 D.
1693 2757 1715 2774 ⁸³
1730 2757 1801 2819 τότεῖ
1823 2758 1855 2784 τά

1031 2787 1144 2825 ιυμξνιξ]
1159 2788 1221 2825 gdd.
1240 2787 1315 2825 ἔσται
1332 2788 1375 2825 Α.Δ
1401 2790 1422 2805 ’⁷
1441 2791 1615 2825 συναγαγέτω
1633 2791 1662 2819 F.
1702 2793 1724 2809 ⁸⁸
1738 2793 1788 2819 ὠνε
1801 2792 1855 2818 σθω

143 2823 211 2850 Edd.
227 2831 254 2858 p.
274 2832 302 2859 p.
320 2821 440 2858 προσίτω
451 2823 484 2849 Α.
502 2822 629 2883 προσίχτω
643 2821 673 2848 Β.
686 2821 717 2848 C.
733 2822 764 2848 D.
780 2823 810 2849 F.
848 2823 928 2863 “~11;
944 2831 979 2850 on

143 2858 228 2886 δεσμά
243 2858 275 2885 Α.
312 2858 401 2884 ’κάπὸ
417 2857 531 2886 βράγωνι
553 2858 588 2883 ὲπ
625 2857 720 2886 βρόχον
741 2856 773 2883 Α.
812 2858 834 2872 ⁷³
855 2866 905 2886 της
928 2867 979 2886 μερ

1031 2821 1096 2850 ι.-’Β.
1112 2821 1144 2850 ῡζ
1157 2823 1250 2864 ἔτερος
1266 2823 1294 2849 δέ
1308 2823 1431 2886 τιςέοηι.
1448 2826 1472 2860 ό)
1489 2821 1519 2852 Ἐξ
1550 2821 1579 2842 ’⁷ο
1592 2827 1645 2868 ἀπό
1670 2827 1785 2869 δεσμῶν]
1803 2827 1855 2854 ὑπὸ

1031 2867 1035 2886 :
1053 2857 1084 2884 F.
1122 2858 1145 2873 ⁷⁸
1159 2859 1183 2884 εί
1199 2859 1287 2884 Βούλει
1303 2858 1334 2886 Α.
1376 2879 1382 2886 .
1400 2859 1430 2886 D.
1452 2860 1532 2886 Ἀλλά
1548 2861 1636 2886 Βούλει
1651 2863 1698 2886 καὶ
1713 2871 1803 2886 suam:
1822 2862 1842 2886 Ρ

145 2831 211 2865 ςιαα.
227 2831 254 2858 p.
274 2832 302 2859 ρ.
320 2831 440 2858 προσιτω
451 2831 484 2849 Α.
502 2831 629 2883 προστχτω
643 2831 673 2848 υ.
686 2831 717 2848 ιι.
733 2831 764 2848 υ.
780 2831 810 2849 ιε.

143 2858 228 2893 οεσμά
243 2858 275 2885 Α.
312 2859 335 2874 ‘”
346 2858 401 2898 ἀπδ
417 2857 588 2898 βρόχωνγῇὲπ
601 2857 720 2898 ..βρόχον
785 2858 834 2898 “7"

949 2858 1035 2893 ερίδος
1053 2857 1084 2893 F.
1122 2858 1145 2873 ⁷⁸
1159 2859 1183 2884 εί
1199 2857 1287 2893 βούλει
1303 2858 1334 2886 Α.

1376 2859 1532 2897 ,Ἀρί-Ἄλλά
1547 2861 1636 2896 βούλει
1651 2863 1698 2889 καὶ
1713 2859 1803 2897 ἕτερον
1821 2862 1842 2889 F

1031 2867 1035 2887 ς
1053 2866 1084 2884 r.
1124 2866 1145 2873 ὀ
1159 2866 1183 2884 ει
1199 2866 1287 2893 μουΛει
1303 2866 1334 2886 Λ.
1352 2866 1382 2886 υ.
1400 2866 1430 2886 υ.
1453 2866 1532 2887 Ἀλλά
1547 2866 1636 2896 βούλει
1651 2866 1698 2889 καὶ
1713 2866 1803 2897 ἕτερον
1821 2866 1842 2889 1“

1031 2892 1361 2937 :zﬂéwintiquiv'F.’
1378 2895 1623 2937 ‘7""'_6:pai\_lov1a¢:
1640 2897 1853 2937 ἱξπουδούὸὲησὴς2

144 2928 203 2964 οὐδὲ
217 2927 324 2964 σκώληξ
338 2927 406 2955 Edd.

456 2927 478 2943 '”
494 2927 542 2953 τοῦ
555 2934 610 2954 om.
622 2926 653 2954 Α.
675 2926 705 2954 C.
722 2926 752 2955 D.
770 2926 798 2953 ιη’.
816 2927 919 2961 ἀφάτου
938 2926 988 2962 τῆς
1003 2926 1100 2954 ἐλίτοῦ
1117 2928 1162 2954 πλ.
1180 2927 1210 2954 Β.

1265 2928 1287 2967 ξ⁸
1303 2929 1387 2966 ἡμᾶς]
1400 2930 1466 2967 add.
1481 2928 1601 2966 πλήρεις
1615 2932 1660 2958 ἐπὶ
1674 2931 1720 2958 τοῦ
1738 2928 1853 2967 φοϐεροῦ

146 2962 264 2998 βήματος
283 2961 487 2998 παραστάντας,
505 2962 554 2997 τῆς
565 2962 620 2989 τῶν
638 2962 758 2998 οὐρανῶν
778 2962 916 2997 βασιλείας
936 2961 979 2990 Εάλ

1031 2963 1080 2990 \‘on
1099 2966 1250 2999 agnoscunt
1261 2961 1386 2999 Inléi'pp.‘
1399 2965 1477 2993 Hom.
1501 2961 1572 2994 xxi'v.
