2067 3132
163 138 212 166 εει

656 136 691 165 IN
706 136 911 167 MATTHJEUM
931 137 1044 166 HOMIL.
1068 139 1160 167 XXIV.
1182 140 1217 168 al.
1237 139 1319 168 XXV.

1745 141 1799 169 $22

165 229 1798 245 Hm..—

720 274 894 306 HOMILIA
916 275 1035 306 XXIV.
1053 276 1095 307 aI.
1119 277 1222 308 XXV.

160 370 224 400 CAP.
241 370 268 399 'l.
285 379 310 397 ν.
328 371 354 398 1.
370 369 431 398 Non
449 371 530 398 omnis
543 370 586 406 qui
604 370 664 397 dicit
678 370 751 402 mihi,
767 369 885 400 Domine,
898 367 952 395 Do-

196 417 282 450 mine,
305 416 408 444 intrabit
427 418 454 443 in
475 425 579 452 regnum
601 416 738 445 calorum.
760 415 805 442 sed
827 415 870 450 qui
891 414 953 450 facit

197 462 352 489 uoluntatem
371 461 458 489 Patris
472 462 521 489 mei
535 461 577 497 qui
589 461 616 488 in
629 461 696 487 ctelis
711 465 755 487 est.

198 509 222 536 I.
244 507 306 536 Non
319 507 372 535 alia
393 507 472 541 Filii,
487 507 540 534 alia
564 506 650 533 Patris
670 506 797 533 uoluntas.
814 505 952 541 Signorum

162 554 274 589 operatio
288 554 343 581 sine
357 553 447 580 virtute
459 553 523 580 nihil
535 552 636 588 prodest
647 552 771 586 operanti.
785 567 820 572 —
831 551 886 578 Cur
898 558 949 578 non

162 601 243 633 dixit,
257 599 312 628 Sed
327 599 373 635 qui
388 599 449 626 facit
460 599 624 626 voluntatem
639 598 744 625 meam?
759 597 826 630 Quia
845 596 896 624 hoc
911 597 953 624 in-

162 647 240 675 terim
264 648 387 682 poterant
409 645 536 673 libentius
550 645 679 680 accipere.
705 643 772 671 Illud
793 644 863 671 enim
888 651 951 678 per-

162 699 243 727 pensa
270 692 376 720 illorum
403 691 555 719 inﬁrmitate
577 695 639 718 tunc
664 697 787 725 magnum
808 688 950 716 admodum

161 742 228 765 erat.
243 737 368 773 Alioquin
382 744 445 765 vero
460 744 506 772 per
519 735 583 763 illud
599 736 649 763 hoc
665 735 749 771 ipsum
764 736 844 763 etiam
856 734 950 763 subin-

161 783 268 812 dicavit.
281 783 323 810 Ad
337 783 395 811 haec
407 786 497 810 autem
513 781 578 809 illud
592 782 701 817 insuper
718 781 860 810 dicendum
872 803 880 814 ,
897 789 949 808 non

160 837 221 857 esse
244 829 323 856 aliam
342 827 401 856 Filii
413 850 421 861 ,
437 828 515 856 aliam
529 827 616 856 Patris
627 828 800 856 voluntatem.
817 827 865 856 llic
884 835 950 856 vero

160 875 225 903 mihi
251 875 368 902 maxime
390 874 494 902 videtur
514 873 621 902 Iudaeos
642 874 834 910 perstringere,
855 874 900 909 qui
923 874 950 901 in

159 920 326 955 dogmatibus
349 927 479 948 summam
500 927 588 947 rerum
605 919 758 954 ponebant,
774 927 823 947 nec
841 919 876 947 de
896 919 949 947 vita

159 966 243 1001 probe
257 965 359 1001 agenda
369 966 506 993 curabant.
522 964 586 993 Ideo
597 966 656 994 illos
671 966 769 994 Paulus
779 966 898 1002 coarguit
910 966 950 994 di-

158 1018 223 1041 cens
238 1019 244 1037 :
263 1011 328 1038 Ecce
347 1016 374 1038 tu
386 1010 493 1038 Judteus
514 1011 716 1047 cognominaris,
729 1016 753 1039 et
771 1011 904 1045 requiescis
922 1011 949 1038 in

159 1057 223 1093 lege,
239 1062 262 1084 et
274 1056 394 1093 gloriaris
408 1058 434 1084 in
444 1057 508 1090 Deo,
523 1062 547 1084 et
559 1057 626 1084 nosti
643 1058 796 1085 uoluntatem
808 1057 903 1094 (Rom.
919 1058 947 1086 2.

159 1103 204 1130 17.
219 1103 276 1138 18).
289 1103 387 1131 Verum
402 1103 468 1131 nihil
479 1103 524 1131 tibi
535 1111 568 1131 ex
579 1103 623 1131 illa
637 1103 755 1136 accedit,
771 1103 876 1138 quando
888 1104 949 1131 vitae

158 1154 185 1176 ct
198 1156 308 1183 operum
327 1148 478 1184 exemplum
492 1157 545 1177 non
564 1149 648 1177 adest.
664 1149 711 1177 Ille
732 1154 819 1177 autem
833 1157 886 1177 non
906 1150 948 1178 hic

156 1196 294 1229 substitit,
307 1195 354 1223 sed
364 1196 435 1231 quod
450 1196 534 1223 multo
547 1196 632 1230 majus
644 1200 701 1224 erat
712 1196 778 1224 dixit
790 1205 798 1224 :
812 1196 857 1224 22.
872 1196 949 1224 .Ilulti

158 1241 225 1268 enim
237 1241 320 1268 dicent
334 1241 395 1268 mihi
408 1242 433 1269 in
451 1242 492 1269 die
506 1241 551 1269 illa
562 1261 571 1274 ,
586 1241 704 1274 Domine,
727 1241 844 1275 Domine,
866 1251 949 1270 nonne

157 1286 184 1313 in
199 1287 299 1313 nomine
316 1291 358 1313 tuo
376 1287 599 1323 prophetavimus?
620 1287 677 1315 Non
694 1287 765 1315 enim
788 1288 872 1315 solum
883 1309 891 1321 ,
906 1289 948 1316 in-

158 1332 231 1366 quit.
248 1333 292 1367 qui
315 1331 393 1360 tidem
417 1333 514 1365 habet,
532 1333 554 1360 si
575 1333 627 1360 vita
648 1333 811 1369 negligatur,
831 1341 863 1361 ex
876 1334 948 1362 caelis

155 1378 326 1411 excluditur;
340 1379 386 1407 sed
402 1379 505 1407 etiamsi
520 1387 581 1408 cum
601 1380 652 1408 ﬁde
669 1381 750 1408 multa
765 1381 840 1416 signa
855 1381 948 1408 edide-

157 1425 213 1457 rit,
228 1432 277 1452 nec
288 1424 350 1452 boni
360 1425 492 1461 quidpiam
507 1425 615 1458 iecerit,
628 1433 643 1453 a
657 1426 740 1454 sacris
751 1425 874 1454 similiter
887 1434 948 1462 por-

156 1471 192 1498 tis
206 1471 359 1506 repelletur.
376 1471 453 1499 Multi
464 1472 531 1499 enim
549 1472 611 1499 mihi
620 1472 703 1500 dicent
722 1472 749 1499 in
762 1472 803 1499 die
815 1473 877 1506 illa,
893 1472 946 1500 Do-

156 1518 235 1551 mine,
254 1517 378 1552 Domine,
402 1527 484 1546 nonne
505 1520 532 1547 in
554 1520 655 1547 nomine
669 1524 711 1547 tuo
725 1520 949 1556 prophetauimue?

159 1562 254 1590 \‘iden‘
267 1564 400 1599 quomodo
415 1571 476 1592 sese
497 1565 609 1593 latenter
622 1569 713 1600 postea
729 1565 808 1593 simul
821 1565 946 1600 inducat,

156 1613 297 1644 postquam
312 1614 392 1637 totam
405 1610 519 1638 absolvit
532 1610 699 1644 concionem,
717 1618 747 1639 se
760 1619 864 1647 quoque
874 1611 946 1646 judi-

156 1662 216 1682 cem
230 1655 365 1683 ostendit?
387 1655 452 1683 Nam
468 1656 537 1691 quod
559 1657 624 1684 ultio
641 1662 795 1692 peccatores
818 1657 853 1685 sit
875 1657 948 1685 inva-

157 1709 231 1735 sura,
245 1701 301 1737 jam
315 1703 387 1738 prius
401 1703 569 1737 ostenderat;
584 1704 642 1739 quis
653 1708 743 1732 autem
757 1704 828 1732 ultor
842 1704 946 1732 futurus

155 1753 243 1782 esset,
256 1749 298 1776 hic
310 1749 417 1777 demum
432 1751 550 1783 revelat;
566 1758 614 1778 nec
627 1751 698 1778 clare
710 1751 786 1783 dixit,
803 1751 858 1786 Ego
868 1759 926 1779 sum
938 1759 945 1783 ς

156 1794 215 1827 sed,
230 1793 309 1821 Multi
327 1795 408 1822 dicent
422 1796 494 1829 mihi,
511 1796 624 1831 idipsum
639 1804 732 1824 rursus
747 1796 875 1825 iudicans.
890 1797 946 1824 Nisi

155 1839 229 1867 enim
243 1841 301 1875 ipse
312 1840 393 1875 judex
409 1845 489 1875 esset,
503 1841 638 1876 quomodo
651 1842 763 1870 dixisset
776 1842 815 1870 eis
832 1851 838 1870 :
851 1842 897 1870 25.
911 1841 947 1869 Et

157 1891 219 1914 tunc
230 1887 367 1921 conﬁtebor
377 1887 420 1920 eis,
433 1887 559 1914 Discedite
572 1896 588 1915 a
598 1896 646 1921 me,
661 1896 798 1924 numquam
815 1888 873 1916 navi
883 1896 925 1916 vos
934 1889 948 1916 ?

157 1931 216 1959 Non
231 1932 317 1960 solum
341 1932 367 1960 in
380 1932 424 1960 die
436 1933 527 1967 judicii
537 1954 544 1966 ,
558 1933 604 1961 sed
628 1941 714 1969 neque
725 1934 805 1961 etiam
819 1941 879 1961 cum
894 1933 947 1961 mi-

157 1978 247 2006 racula
262 1978 408 2007 edideritis.
425 1978 540 2014 Ideoque
562 1979 698 2015 discipulis
720 1979 845 2008 dicebat:
859 1978 948 2007 Nolite

157 2026 267 2061 gaudere
275 2046 283 2059 ,
297 2026 356 2061 quia
370 2026 495 2053 dtemonia
508 2027 577 2054 vobis
586 2027 762 2062 subjiciuntur,
773 2027 818 2054 sed
829 2026 889 2062 quia
901 2034 948 2054 no-

158 2072 227 2100 mina
239 2077 320 2100 uestra
333 2073 426 2108 scripta
436 2077 494 2100 sunt
507 2073 534 2100 in
548 2073 615 2100 uelis
626 2072 700 2109 (Luc.
714 2073 757 2100 I0.
772 2072 831 2108 20).
847 2073 877 2100 Et
890 2072 948 2100 ubi-

157 2124 211 2153 que
225 2117 334 2146 multam
346 2117 490 2153 jubetvita:
503 2125 594 2146 curam
604 2125 694 2153 agere.
705 2117 794 2153 Neque
804 2118 876 2146 enim
889 2117 946 2145 ﬁeri

159 2170 285 2198 umquam
300 2167 399 2199 potest,
413 2167 443 2190 ut
460 2163 541 2191 homo
560 2169 633 2191 recte
647 2164 727 2191 vitam
746 2163 887 2192 instituens
897 2184 906 2197 ,
920 2167 948 2190 et

157 2209 282 2236 omnibus
301 2208 383 2236 animi
406 2209 506 2237 morbis
527 2208 675 2242 liberatus,
696 2209 872 2244 despiciatur;
899 2208 947 2237 sed

157 2253 209 2281 etsi
221 2254 364 2289 aliquando
378 2254 528 2287 erraverit,
542 2255 596 2283 cito
611 2255 684 2282 illum
697 2255 766 2282 Deus
777 2255 810 2283 ad
826 2256 946 2283 notitiam

158 2299 279 2327 veritatis
294 2299 439 2335 pertrahet.
452 2299 552 2328 Verum
566 2300 674 2336 quidam
695 2305 756 2328 sunt
774 2300 818 2336 qui
833 2300 946 2335 dicunt,

157 2345 231 2381 ipsos
254 2346 291 2373 ita
314 2345 414 2374 dixisse
434 2346 606 2380 mentiendo,
632 2346 746 2382 ideoque
767 2347 879 2374 salutem
893 2355 946 2374 non

158 2398 218 2419 esse
231 2395 421 2426 consequutos.
445 2391 515 2426 Ergo
529 2395 633 2424 contra,
647 2399 727 2426 quam
747 2392 883 2424 voluerat,
898 2391 946 2419 ad-

157 2437 247 2465 struit.
270 2436 335 2465 Illud
347 2437 447 2473 quippe
468 2437 524 2465 vult
542 2437 586 2468 hic
605 2437 746 2465 ostendere
758 2458 765 2470 ,
779 2437 857 2465 Iidem
882 2437 948 2465 nihil

157 2485 216 2510 sine
230 2483 357 2519 operibus
370 2483 469 2511 valere.
482 2482 582 2511 Deinde
602 2483 627 2511 id
640 2483 798 2516 extendens,
814 2484 887 2519 signa
901 2484 950 2511 ad-

157 2529 242 2557 didit:
256 2529 401 2557 ostendens
421 2537 475 2557 non
493 2529 573 2557 modo
589 2529 665 2558 ﬁdem
676 2550 684 2563 ,
705 2530 752 2558 sed
766 2530 845 2558 etiam
857 2531 948 2566 signo-

157 2583 216 2603 rum
227 2576 410 2611 operationem
423 2576 543 2611 operanti
555 2575 681 2611 prodesse
694 2575 759 2603 nihil
771 2576 829 2604 sine
842 2576 948 2604 virtute.

158 2621 212 2649 Nisi
228 2626 318 2649 autem
343 2621 382 2649 illi
406 2621 481 2657 signa
503 2620 644 2655 fecissent,
658 2621 793 2657 quomodo
807 2622 863 2650 haec
877 2627 950 2650 stare

158 2666 209 2695 hoc
224 2667 284 2695 loco
300 2666 471 2702 potuissent?
482 2667 606 2702 Alioquin
628 2672 717 2695 autem
739 2675 792 2695 non
806 2668 863 2696 ausi
886 2667 950 2696 luis-

157 2718 226 2746 sent,
241 2717 377 2749 prmsente
388 2712 499 2748 judicio,
513 2712 555 2741 his
567 2713 640 2741 illum
659 2713 768 2748 alloqul.
785 2713 842 2749 Ipsa
860 2719 950 2743 autem

157 2759 311 2795 responsio,
323 2763 381 2786 tum
396 2759 477 2787 etiam
490 2759 559 2794 quod
574 2759 623 2795 ipsi
639 2759 827 2795 interrogando
840 2760 952 2796 loquan-

156 2809 209 2839 tur,
226 2805 348 2833 ostendit
362 2805 436 2840 ipsos
449 2803 476 2832 id
493 2812 556 2833 vere
570 2805 675 2833 fecisse.
693 2805 760 2838 Quia
775 2805 846 2833 enim
857 2813 952 2841 exspe-

156 2847 269 2877 ctationi
283 2855 342 2877 suae
356 2849 518 2879 contrarium
542 2849 622 2878 ﬁnem
638 2858 698 2881 esse
711 2850 855 2887 videbant,
866 2856 895 2881 et
906 2851 950 2881 hic

1012 367 1142 396 mirabilia
1157 370 1286 404 patrando
1306 371 1462 406 conspicui,
1477 372 1529 400 illic
1552 380 1582 400 se
1597 374 1726 409 supplicio
1743 375 1799 411 plc-

1007 413 1117 440 ctcndos
1139 416 1299 449 cernebant,
1323 417 1463 452 stupefacti
1485 423 1512 446 et
1534 420 1661 448 mirantes
1683 420 1798 449 dicunt:

1005 457 1125 492 Domine,
1142 460 1259 495 Domine,
1276 471 1358 490 nonne
1367 465 1393 490 in
1406 472 1507 492 nomine
1521 469 1563 492 tuo
1579 466 1798 501 prop/tetavimus.’

1005 505 1140 538 quomodo
1163 513 1226 541 ergo
1250 516 1321 536 nunc
1344 516 1392 537 nos
1414 510 1568 537 aversaris?
1590 511 1653 546 quid
1677 513 1726 540 sibi
1741 514 1798 540 Vult

1006 549 1203 585 inexspectatus
1228 553 1272 580 ille
1293 553 1373 581 linis?
1395 554 1447 582 Sed
1472 556 1508 583 illi
1529 556 1634 591 quidem
1655 559 1797 590 mirantur.

1005 595 1075 629 quod
1091 601 1150 630 post
1173 597 1234 625 talia
1257 598 1327 626 edita
1351 607 1431 635 opera
1456 602 1600 636 puniantur
1615 611 1621 630 :
1636 607 1663 630 tu
1684 611 1748 632 vero
1762 613 1797 632 ne

1004 641 1119 668 mireris.
1140 641 1233 670 Omnis
1247 645 1345 680 quippe
1358 647 1441 680 gratia
1455 655 1487 674 ex
1501 647 1589 675 dantis
1605 656 1717 678 munere
1733 658 1798 685 pro-

1003 686 1042 714 dit
1056 696 1063 714 :
1077 687 1113 714 illi
1128 696 1191 716 vero
1204 689 1270 717 nihil
1285 698 1300 718 a
1313 691 1408 727 seipsis
1422 693 1586 728 attulerunt,
1605 695 1718 731 ideoque
1737 697 1797 732 jure

1003 733 1133 769 supplicio
1144 736 1294 770 traduntur,
1305 745 1338 764 eo
1348 738 1417 773 quod
1427 746 1488 775 erga
1498 748 1558 767 eum
1573 742 1616 776 qui
1628 742 1666 770 sic
1677 742 1738 771 illos
1747 743 1796 770 ho-

1003 785 1153 824 noraverat,
1166 787 1194 809 ut
1205 782 1320 818 indignis
1331 784 1408 812 talem
1424 787 1534 820 gratiam
1547 787 1688 821 tribueret,
1699 789 1795 824 ingrati

1002 823 1110 852 fuerint.
1130 826 1183 854 Cur
1200 835 1273 863 ergo,
1289 829 1402 864 inquies,
1421 830 1551 866 iniquitati
1567 833 1660 861 dantes
1674 823 1794 870 operam,

1003 870 1064 898 talia
1077 871 1152 906 signa
1165 872 1375 901 edebant‘lSunt
1383 875 1427 909 qui
1440 875 1540 910 dicant,
1548 885 1594 905 eos
1607 886 1660 913 quo
1674 884 1795 915 tempore

1002 916 1128 944 miracula
1140 918 1288 952 patrabant,
1298 919 1387 955 inique
1399 928 1451 947 non
1465 923 1562 957 egisse,
1573 923 1620 951 sed
1632 929 1724 959 postea
1733 934 1795 953 mu"

1002 965 1080 996 latos,
1093 964 1161 991 mala
1172 963 1251 991 fuisse
1259 965 1494 1000 operatos.Verum
1507 968 1528 995 si
1543 968 1593 996 hoc
1606 969 1640 996 ita
1649 975 1728 1003 esset,
1740 979 1795 999 non

1001 1014 1092 1044 posset
1099 1015 1170 1038 stare
1178 1011 1318 1039 sententia.
1327 1012 1392 1040 Nam
1401 1014 1471 1048 quod
1481 1013 1602 1043 Christus
1610 1016 1795 1047 demonstrare

1000 1054 1115 1088 volebat,
1127 1055 1177 1084 hoc
1185 1061 1256 1084 erat:
1267 1065 1352 1093 neque
1362 1059 1451 1093 ﬁdem,
1460 1067 1547 1096 neque
1558 1062 1684 1090 miracula
1695 1064 1793 1096 valere,

1000 1101 1053 1129 vita
1068 1109 1120 1130 non
1132 1104 1333 1132 consentiente:
1347 1106 1418 1140 quod
1429 1111 1456 1133 et
1464 1106 1562 1135 Paulus
1571 1107 1689 1136 dicebat:
1703 1109 1733 1137 Si
1744 1109 1794 1137 ha-

1000 1146 1078 1174 buero
1089 1148 1176 1182 ﬁdem,
1186 1149 1221 1175 ita
1234 1154 1262 1176 ut
1276 1155 1371 1178 montes
1385 1152 1579 1188 transferam,“
1592 1162 1684 1182 novero
1697 1161 1792 1191 myste-

999 1192 1039 1219 ria
1051 1195 1145 1227 omnia,
1157 1199 1180 1221 et
1193 1203 1292 1222 omnem
1306 1197 1430 1230 notitiam,
1442 1198 1573 1225 caritatem
1584 1204 1667 1227 autent
1683 1209 1733 1227 non
1746 1202 1794 1228 ha-

1000 1239 1081 1273 beam,
1090 1240 1154 1267 nihil
1160 1249 1216 1268 sum
1226 1240 1264 1276 (I.
1275 1240 1334 1269 Car.
1346 1243 1388 1270 15.
1396 1242 1435 1279 2).
1447 1243 1560 1277 Quinam
1574 1244 1664 1280 igitur,
1677 1247 1791 1282 inquies,

1000 1284 1042 1312 isti
1057 1286 1140 1313 sunt?
1153 1286 1228 1315 Multi
1243 1288 1407 1316 credentium
1427 1289 1496 1318 dona
1512 1297 1688 1325 acceperant;
1705 1293 1793 1327 qualis

1000 1335 1059 1358 erat
1072 1331 1126 1363 ille.
1140 1333 1184 1367 qui
1200 1340 1260 1360 cum
1273 1333 1359 1368 ipsum
1374 1341 1425 1361 non
1445 1340 1614 1371 sequeretur,
1630 1341 1722 1364 tamen
1736 1338 1791 1365 da:-

1000 1377 1088 1403 monia
1102 1377 1224 1412 ejiciebat
1239 1387 1246 1411 ;
1260 1380 1346 1414 qualis
1359 1384 1417 1407 erat
1426 1379 1507 1408 ludas
1521 1390 1527 1408 :
1545 1389 1604 1408 nam
1616 1381 1660 1409 hic
1673 1390 1790 1419 quoque,

999 1430 1061 1450 cum
1077 1423 1163 1452 malus
1176 1429 1256 1456 esset,
1268 1425 1366 1453 donum
1382 1432 1530 1462 acceperat.
1545 1427 1572 1456 In
1587 1429 1669 1456 veteri
1684 1438 1792 1466 quoque

1000 1468 1059 1504 lege
1077 1469 1102 1496 id
1118 1471 1235 1505 reperire
1248 1476 1288 1499 est
1298 1492 1305 1504 ,
1318 1472 1430 1506 gratiam
1441 1480 1536 1508 nempe
1551 1473 1577 1501 in
1592 1474 1707 1510 indignis
1720 1483 1792 1510 saepe

999 1521 1154 1551 operantem
1167 1538 1175 1551 ,
1199 1522 1226 1544 ut
1247 1518 1305 1545 aliis
1327 1518 1455 1547 beneﬁcia
1477 1520 1620 1548 conferret.
1637 1521 1703 1554 Quia
1718 1522 1789 1549 enim

999 1569 1052 1589 non
1068 1569 1160 1590 omnes
1185 1563 1218 1590 ad
1241 1563 1330 1591 omnia
1355 1564 1442 1592 idonei
1456 1570 1550 1598 erant;
1566 1565 1612 1593 sed
1625 1566 1669 1594 alii
1683 1567 1790 1602 quidem

998 1607 1080 1634 vitam
1095 1615 1185 1642 puram
1195 1609 1323 1644 agebant,
1338 1617 1424 1645 neque
1439 1615 1509 1637 tanta
1523 1611 1574 1639 tide
1588 1612 1692 1646 prmditi
1702 1617 1790 1646 erant,

999 1653 1043 1680 alii
1059 1661 1122 1680 vero
1136 1661 1152 1681 e
1167 1654 1301 1681 contrario
1317 1663 1324 1682 :
1340 1659 1367 1682 et
1381 1655 1423 1682 his
1437 1655 1535 1688 utitur,
1548 1661 1577 1683 ut
1592 1657 1653 1685 illos
1665 1663 1790 1692 moneat,

1000 1702 1028 1725 ut
1043 1698 1151 1726 multam
1164 1699 1242 1727 Iidem
1255 1699 1408 1734 exhibeant,
1420 1706 1448 1728 et
1460 1701 1519 1729 illos
1535 1710 1582 1736 per
1594 1702 1726 1731 ineﬂ‘abile
1740 1703 1791 1732 hoc

999 1744 1097 1771 donum
1112 1749 1221 1777 evocat,
1238 1749 1268 1772 ut
1282 1745 1406 1773 meliores
1421 1746 1543 1774 evadant.

1034 1790 1062 1817 2.
1077 1789 1194 1818 Potestas
1209 1791 1412 1825 supernaturalis
1423 1792 1477 1819 sine
1491 1793 1581 1820 virtute
1595 1793 1697 1820 exiliunt
1711 1794 1788 1829 parit.

1006 1836 1109 1864 Virtutis
1122 1837 1305 1872 prmogativte.
1319 1853 1349 1858 —-
1366 1837 1480 1874 Ideoque
1491 1839 1719 1868 abundantissime
1727 1848 1789 1876 gra-

1000 1884 1063 1911 tiam
1084 1883 1175 1911 dabat.
1200 1882 1319 1918 Virtutes,
1336 1884 1468 1920 inquiunt,
1492 1885 1586 1913 multas
1608 1886 1722 1922 fecimus.
1737 1886 1791 1914 Sed

1000 1929 1136 1964 conﬁtebor
1160 1929 1212 1957 illis
1234 1934 1307 1963 tunc,
1322 1929 1385 1957 Non
1401 1931 1457 1957 novi
1472 1938 1524 1958 vos.
1542 1931 1620 1959 Nunc
1638 1932 1745 1967 quidem
1760 1939 1790 1960 se

999 1976 1099 2003 amicos
1119 1983 1194 2003 meos
1205 1983 1266 2003 8556
1280 1980 1394 2011 plllﬂlll;
1412 1980 1474 2003 tunc
1489 1984 1553 2004 \‘CI‘O
1572 1982 1735 2017 εοεῃοεορηι
1747 1985 1791 2005 me

1001 2023 1053 2050 illis
1077 2030 1129 2049 non
1153 2026 1182 2049 ut
1208 2022 1301 2050 amicis
1321 2022 1436 2050 dedisse.
1454 2022 1557 2058 Ecquid
1570 2023 1676 2051 miraris
1688 2023 1710 2051 si
1726 2024 1791 2051 viris

999 2068 1106 2104 quidem
1120 2069 1146 2095 in
1161 2069 1246 2103 ipsum
1262 2068 1444 2096 credentibus.
1456 2069 1503 2096 sed
1518 2069 1599 2097 vitam
1613 2078 1666 2097 non
1687 2069 1790 2097 haben-

1000 2114 1070 2142 tibus
1082 2122 1239 2148 consonam,
1250 2123 1360 2142 munera
1376 2115 1420 2142 illa
1434 2115 1517 2149 dedit,
1528 2116 1635 2152 quando
1645 2116 1670 2143 in
1683 2116 1716 2143 iis
1724 2124 1790 2151 quo-

999 2168 1051 2196 que
1063 2160 1106 2196 qui
1117 2166 1231 2196 utroque
1246 2160 1400 2196 hujusmodi
1416 2161 1486 2188 bono
1500 2162 1575 2190 vacui
1588 2167 1674 2195 erant,
1688 2162 1790 2189 inveni-

1000 2210 1043 2234 tur
1055 2206 1203 2242 operatus?
1217 2207 1324 2244 Balaam
1337 2207 1434 2242 quippe
1446 2212 1474 2235 et
1483 2215 1498 2235 a
1515 2207 1569 2236 ﬁde
1582 2213 1610 2235 et
1622 2216 1637 2236 a
1653 2209 1720 2237 bona
1737 2211 1788 2237 vita

998 2253 1101 2281 alienus
1115 2257 1174 2280 erat
1190 2252 1199 2289 (
1216 2252 1296 2280 Num.
1311 2253 1347 2281 24
1360 2254 1390 2289 );
1413 2257 1529 2281 attamen
1542 2255 1626 2290 gratia
1645 2255 1675 2282 in
1691 2256 1737 2283 illo
1757 2256 1790 2284 ad

999 2299 1112 2326 aliorum
1127 2306 1172 2327 res
1187 2299 1363 2334 providendas
1377 2305 1486 2335 operata
1499 2305 1549 2328 est.
1566 2300 1708 2336 Etiamque
1722 2302 1791 2329 Pha-

999 2352 1047 2372 rao
1069 2345 1131 2372 talis
1142 2349 1200 2373 erat
1212 2353 1219 2378 ;
1234 2349 1261 2372 et
1274 2349 1363 2373 tamen
1378 2345 1428 2381 ipsi
1446 2353 1551 2381 quoque
1565 2345 1652 2374 futura
1663 2348 1791 2375 ostendit.

1000 2391 1033 2419 Et
1055 2390 1311 2418 Nabuchodonosori
1332 2391 1499 2426 iniquissimo
1520 2399 1551 2418 ea
1573 2399 1632 2426 qum
1648 2397 1707 2428 post
1721 2393 1794 2420 mul-

1001 2444 1041 2466 tas
1065 2439 1251 2474 generationes
1272 2438 1360 2466 futura
1383 2443 1461 2466 erant
1483 2438 1716 2474 revelavit(Dan.
1738 2438 1792 2475 2).

1002 2485 1086 2520 Ipsius
1101 2492 1208 2520 quoque
1222 2484 1286 2517 lilio,
1301 2484 1347 2520 qui
1360 2488 1464 2520 patrem
1480 2484 1621 2519 iniquitate
1635 2485 1790 2520 superabat,

1002 2532 1089 2559 futura
1113 2530 1249 2562 ostendit;
1265 2530 1401 2557 mirabiles
1419 2537 1583 2565 magnasque
1603 2538 1647 2558 res
1673 2530 1709 2558 ita
1735 2531 1792 2558 dis-

1002 2584 1116 2613 pensans
1135 2576 1228 2612 (Dan.
1242 2576 1287 2611 5).
1305 2575 1373 2610 Quia
1395 2575 1474 2610 igitur
1494 2575 1689 2611 praedicationis
1712 2583 1794 2604 exor-

1003 2622 1046 2650 dia
1058 2627 1112 2649 tum
1127 2626 1214 2655 erant,
1231 2621 1366 2656 multaque
1379 2620 1520 2656 oportebat
1539 2621 1595 2656 ejus
1610 2622 1736 2656 potentiae
1749 2630 1792 2649 ar-

1002 2673 1128 2703 gumenta
1143 2667 1303 2699 monstrari,
1317 2666 1392 2694 multi
1405 2675 1438 2694 ex
1451 2666 1619 2701 indignorum
1644 2667 1725 2694 etiam
1742 2675 1787 2694 nu-

1004 2721 1079 2742 mero
1093 2714 1162 2741 dona
1176 2713 1351 2748 accipiebant.
1365 2712 1535 2740 Attamenilli
1543 2720 1577 2740 ex
1592 2712 1741 2740 istiusmodi
1756 2713 1788 2740 si.

1003 2762 1062 2796 guis
1077 2759 1143 2788 nihil
1163 2759 1346 2793 lucrabantur,
1365 2759 1412 2787 sed
1430 2759 1509 2787 etiam
1532 2760 1648 2795 graviori
1664 2760 1794 2796 supplicio

1004 2807 1159 2844 puniuntur.
1185 2805 1300 2842 Ideoque
1325 2806 1395 2833 hanc
1417 2806 1563 2834 terribilem
1591 2814 1684 2834 vocem
1706 2807 1794 2836 emisit

1008 2853 1094 2889 ipsis:
1109 2851 1255 2888 Numquam
1270 2852 1327 2880 novi
1340 2859 1393 2880 vos.
1419 2851 1516 2880 Multos
1540 2859 1611 2881 enun
1633 2851 1676 2882 hic
1691 2851 1794 2887 odit,et
