2067 3132
274 145 328 174 533

274 212 338 233 ante
351 203 478 240 judicium
493 204 502 220 '
518 207 667 231 aversatur.
682 202 838 231 Timeamus
851 202 951 237 itaque,
966 200 1068 234 dilecti,

276 256 306 279 et
317 251 428 279 multam
442 249 613 278 instituenda:
625 249 687 276 vitta
698 256 791 277 curam
804 248 1008 283 impendamus;
1024 255 1071 275 ne-

274 304 328 332 que
340 301 463 331 putemus
477 296 567 324 minus
580 303 630 323 nos
643 295 754 328 habere,
765 294 827 329 quia
841 294 916 329 signa
930 301 1002 322 nunc
1017 301 1070 321 non

275 343 399 372 facimus.
412 343 484 371 Nihil
498 344 570 371 enim
586 350 712 378 umquam
728 342 844 377 amplius
857 349 889 369 ex
901 341 983 376 signis
994 341 1070 369 nobis

275 389 414 422 reddetur,
422 389 491 416 sicut
503 388 569 416 nihil
581 389 669 415 minus
683 395 715 415 eo
723 387 794 422 quod
807 387 882 422 signa
893 394 946 414 non
957 386 1069 414 edamus

276 435 298 461 si
311 435 453 462 virtutibtts
463 435 588 462 omnibus
599 434 693 461 demus
707 441 827 468 operam.
838 433 981 468 Signorum
994 433 1070 468 quip-

276 489 309 516 pc
325 482 461 510 debitores
475 489 528 509 non
537 488 641 515 sumus,
655 488 704 515 pro
717 481 786 508 bona
798 484 886 507 autem
898 480 952 507 vita
963 484 991 507 et
1005 486 1072 514 ope-

276 527 371 559 ribus,
388 528 470 555 Deum
496 527 626 554 habemus
648 526 810 554 debitorem.
833 525 901 560 Quia
922 525 1002 560 igitur
1026 525 1071 552 ille

276 577 370 600 cttncta
387 573 507 608 perfecit.
521 577 549 600 et
563 572 597 600 de
612 572 710 599 virtute
723 571 924 599 accuratissime
934 571 1070 603 disseruit,

276 627 309 646 ac
318 619 441 646 virtutem
457 619 616 646 simulantes
630 626 644 645 a
659 617 750 653 probis
769 617 890 645 diversos
903 625 963 645 esse
977 622 1070 644 osten-

275 665 334 697 dit;
348 665 407 693 illos
425 673 521 700 nempe
531 665 575 700 qui
587 665 740 700 jejunarent
754 665 796 692 vel
811 669 920 692 orarent
933 665 965 691 ad
979 669 1071 692 osten-

277 712 415 745 tationem,
428 719 477 738 eos
497 712 541 746 qui
557 711 607 738 sub
632 711 701 745 pelle
722 711 811 738 ovium
844 710 1012 744 accederent,
1024 718 1071 737 eos

276 758 320 792 qui
337 758 462 785 virtutem
479 757 688 790 labelactarent,
705 764 772 792 quos
794 761 821 784 et
837 764 932 792 porcos
946 761 973 784 et
991 763 1071 783 canes

277 803 393 836 vocavit,
408 802 555 830 ostendens
570 802 677 831 domum
693 807 822 837 quantutn
837 807 910 830 esset
922 802 963 829 vel
980 802 1005 829 in
1023 801 1071 830 hac

279 850 334 877 vita
349 850 457 877 virtutis
470 850 572 877 lucrum
586 870 595 883 ,
616 853 798 885 qttantumque
812 853 961 884 emergeret
975 855 1008 876 ex
1022 848 1072 875 im-

278 897 409 931 probitate
434 902 622 924 nocumentum
635 916 643 929 ,
669 895 733 923 dicit
758 904 764 922 :
780 895 826 923 2i.
843 894 932 923 Omnis
946 895 989 930 qui
1000 895 1071 921 audit

279 943 354 970 verba
365 951 420 970 mea
430 943 487 970 licet:
498 963 507 977 ,
520 948 544 970 et
559 943 620 979 facit
632 951 671 976 ea,
694 942 875 969 assimilabitur
889 942 941 968 viro
951 942 1069 976 sapienti.

278 988 345 1016 Nam
363 989 408 1024 qui
424 989 504 1016 verba
519 988 576 1024 ejus
591 997 644 1016 non
658 988 811 1021 observant,
827 988 931 1016 etiamsi
947 988 1019 1022 signa
1034 987 1072 1014 fa-

279 1035 362 1068 ciant,
377 1043 436 1070 qua:
447 1035 550 1069 passuri
565 1034 619 1062 sint
632 1034 743 1062 audistis
757 1042 764 1060 :
780 1034 870 1061 sciatis
884 1039 973 1060 autem
984 1041 1065 1068 opor-

279 1086 328 1113 tet,
344 1082 441 1117 quibus
456 1081 577 1108 fruentur
587 1080 663 1108 benis
676 1080 692 1107 ii
706 1081 751 1115 qui
764 1080 843 1108 dictis
855 1080 980 1106 omnibus
992 1079 1071 1107 obse-

274 1132 405 1165 quuntur,
420 1134 472 1154 non
489 1127 515 1154 in
529 1126 619 1153 futuro
634 1130 737 1153 tantum
753 1126 853 1153 saâ€˜culo
863 1146 871 1158 ,
886 1124 932 1153 sed
947 1125 1027 1152 etiam
1043 1125 1070 1152 in

277 1173 413 1207 prmsenti.
427 1172 530 1204 Omnis,
547 1172 646 1207 inquit,
662 1171 706 1206 qui
720 1171 792 1198 audit
811 1170 886 1198 verba
899 1179 955 1197 mea
967 1172 1029 1202 htcc,
1046 1175 1070 1197 et

276 1218 337 1253 facit
356 1226 385 1245 ea
399 1238 406 1250 ,
431 1218 612 1245 assimilabitur
633 1217 686 1244 uiro
699 1217 818 1252 sapienti.
843 1216 923 1244 Vides
936 1216 1070 1252 quomodo

274 1271 426 1292 sermonem
438 1264 536 1296 variet,
550 1263 631 1291 modo
647 1263 740 1291 dicens
751 1284 758 1295 ,
774 1262 834 1289 Non
854 1263 936 1290 omnis
955 1263 998 1297 qui
1010 1263 1071 1290 dicit

275 1311 338 1338 mihi
353 1332 361 1344 ,
374 1310 491 1342 Domine,
510 1310 625 1342 Domine,
641 1317 756 1345 seseque
777 1310 914 1340 revelatis;
931 1310 1010 1337 modo
1023 1317 1071 1338 au-

274 1362 340 1391 tem,
356 1357 405 1390 Qui
418 1357 480 1392 facit
493 1355 650 1384 votuntatem
667 1355 755 1383 Patria
767 1356 825 1388 mei,
841 1360 869 1382 et
883 1362 977 1383 rursus
986 1362 1016 1382 se
1025 1355 1070 1390 ju-

274 1403 361 1430 dicem
376 1402 527 1435 declarans,
538 1402 614 1429 Multi
621 1402 707 1428 dicent
718 1402 780 1428 mihi
789 1401 816 1428 in
827 1401 873 1428 itla
881 1400 921 1428 die
931 1409 940 1428 :
952 1399 1068 1433 Domine,

274 1448 392 1479 Domine.
401 1457 482 1476 nonne
495 1448 522 1475 in
536 1448 637 1474 nomine
652 1453 694 1474 tua
708 1446 933 1482 prop/telauintus?
943 1446 976 1474 Et
987 1446 1070 1473 dicant

274 1495 327 1527 eis,
340 1494 400 1522 Non
414 1494 470 1521 novi
483 1502 537 1521 vos.
561 1493 610 1521 Hic
634 1500 742 1528 quoque
756 1491 874 1519 ostendit
898 1499 929 1519 se
951 1491 1069 1518 omnium

275 1544 434 1576 potestatem
460 1539 561 1567 habere
585 1547 591 1566 :
613 1543 776 1574 quapropter
795 1537 923 1569 dicebat,
936 1537 986 1570 Qui
999 1536 1071 1563 audit

275 1587 350 1615 verba
364 1595 419 1614 mea
429 1586 493 1613 ha-c.
510 1586 577 1620 Quia
591 1585 662 1613 ettim
678 1584 767 1612 omnia
780 1584 814 1611 de
827 1583 921 1611 futuris
934 1583 1068 1616 disseruit,

277 1638 305 1661 et
316 1641 427 1669 regnum
447 1639 602 1660 memorans
614 1652 621 1664 ,
637 1636 664 1659 et
684 1630 836 1658 mercedem
859 1629 1030 1662 ihell'abiiem,
1044 1634 1070 1656 et

277 1680 484 1708 consolationem
497 1682 525 1706 et
539 1677 635 1705 similia
650 1698 657 1710 ,
673 1677 729 1704 vult
741 1684 788 1704 eos
807 1676 869 1703 hinc
882 1675 1002 1711 proferre
1014 1676 1069 1703 fru-

275 1731 334 1754 ctus
357 1733 437 1758 suos,
459 1729 486 1752 et
501 1723 643 1751 ostendere
663 1727 761 1758 quanta
782 1722 816 1749 sit
837 1723 862 1749 in
877 1723 1001 1756 prmsenti
1017 1722 1070 1748 vita

275 1772 380 1799 virtutis
389 1771 438 1798 vis.
452 1770 516 1803 Qua:
529 1777 593 1804 ergo
603 1773 643 1796 est
655 1768 760 1795 virttttis
774 1767 836 1794 vis?
849 1766 914 1795 Cum
928 1767 1071 1795 securitate

276 1818 374 1851 vivere,
391 1816 470 1843 nullis
490 1814 587 1842 cedere
601 1814 742 1846 :erumnis,
767 1812 926 1840 lredentibns
945 1813 1070 1839 onmihus

276 1862 443 1898 superiorem
470 1868 530 1888 esse
554 1868 561 1886 :
587 1859 629 1887 ctti
657 1858 720 1894 quid
744 1866 791 1893 par
806 1866 866 1886 esse
881 1858 1069 1893 possitilllud

277 1909 349 1937 enim
363 1915 397 1935 ne
412 1908 434 1935 is
445 1906 551 1942 quidem
564 1906 609 1940 qui
619 1904 770 1932 diademate
794 1904 942 1936 redimitur,
959 1903 1009 1931 sibi
1023 1911 1071 1939 po-

277 1959 331 1982 test
340 1960 507 1988 comparare,
523 1951 570 1979 sed
584 1951 629 1978 ille
642 1950 716 1978 solus
730 1952 774 1985 qui
790 1950 881 1977 virtuti
892 1949 939 1976 dat
949 1957 1070 1985 operam.

278 2000 337 2035 Ipse
348 1999 445 2035 quippe
461 1998 533 2025 solus
547 1997 605 2024 hwc
622 2004 683 2024 cum
703 2004 799 2031 magno
810 1996 919 2024 cntnulo
939 1995 1069 2031 possidet,

278 2046 305 2072 in
321 2045 372 2072 hoc
385 2043 556 2079 praesentium
571 2050 660 2070 rerum
676 2043 771 2077 euripo
793 2042 876 2069 multa
892 2041 983 2069 fruens
998 2047 1072 2068 tran-

278 2091 419 2127 quillitate.
432 2089 499 2117 Nam
514 2089 585 2125 quod
605 2088 726 2116 mirabile
739 2093 789 2122 est,
809 2096 869 2116 cum
885 2088 956 2115 nulla
971 2088 1072 2115 sereni-

278 2143 318 2165 tas
331 2138 374 2169 sit,
390 2136 436 2165 sed
449 2140 592 2171 tempestas
604 2135 749 2163 vehemens
759 2139 787 2162 et
802 2135 883 2162 multa
895 2135 1070 2169 perturbatio,

278 2185 453 2220 plurimaeque
466 2183 636 2216 tentatiooes,
650 2191 702 2209 non
716 2186 804 2217 potest
817 2182 873 2216 ipse
887 2181 928 2209 vel
939 2181 1071 2208 tantillum

278 2236 382 2258 nutare.
397 2230 464 2257 Nam
488 2229 545 2262 ait,
560 2228 605 2256 25.
630 2228 764 2255 Descendit
778 2227 872 2261 pluvia,
883 2231 1003 2254 venerunt
1021 2227 1071 2261 [Iu-

278 2277 364 2309 mina,
383 2277 508 2311 ï¬‚averunt
522 2275 596 2306 venti,
611 2279 633 2302 et
646 2275 774 2301 irruerunt
787 2274 813 2301 in
830 2274 934 2300 dontum
950 2273 1031 2304 illaut,
1047 2278 1070 2299 et

278 2331 329 2350 non
343 2321 451 2349 cecidit:
467 2320 573 2356 fundata
589 2321 655 2347 enim
666 2324 718 2346 erat
729 2328 807 2354 supra
822 2324 919 2354 petram
933 2327 942 2344 .'
957 2319 1071 2353 pluviatn

279 2369 321 2397 hic
335 2373 364 2397 et
377 2368 496 2400 flumina,
511 2372 538 2394 et
558 2371 651 2394 ventos
666 2365 848 2400 metaphorice
863 2372 963 2392 vocans
978 2364 1072 2391 lumin-

279 2423 328 2442 nas
337 2414 504 2442 calamitates
516 2416 544 2440 et
554 2418 700 2444 aerumnas,
714 2410 838 2438 videlicet
850 2409 997 2437 calumnias
1009 2430 1015 2439 ,
1033 2409 1072 2435 in-

277 2461 359 2488 sidias
373 2481 381 2494 ,
395 2461 482 2487 lucttts
493 2480 501 2491 .
518 2463 618 2486 mortes
628 2478 636 2490 ,
650 2457 797 2484 domestica
817 2456 923 2489 damna,
936 2456 1073 2483 molestias

279 2507 313 2533 ab
327 2506 422 2533 alienis
433 2509 546 2536 creatas,
558 2503 701 2538 omniaque
715 2507 811 2530 caetera
824 2501 894 2529 mala
907 2502 934 2529 in
950 2510 1071 2537 praesenâ€”

279 2557 334 2580 tem
350 2554 430 2579 vitatu
447 2551 608 2586 ingruentia.
624 2550 675 2578 Sed
688 2547 841 2583 hujusmodi
856 2548 960 2580 anima,
975 2547 1070 2582 inquit,

283 2598 349 2626 nulli
363 2598 402 2625 rei
421 2598 492 2625 cedit
508 2607 515 2624 :
531 2597 610 2632 hujus
625 2601 714 2624 autem
736 2596 775 2623 rei
788 2602 869 2622 causa
882 2599 939 2627 est,
953 2594 1023 2630 quod
1039 2594 1073 2621 sit

280 2651 362 2680 supra
378 2648 479 2679 petram
494 2642 611 2671 fundata.
627 2642 733 2670 Petram
749 2645 837 2669 autem
853 2644 932 2668 vocat
942 2640 1073 2668 doctrinm

279 2697 336 2717 sum
349 2689 512 2716 ï¬rmitatem.
527 2688 632 2716 Etenim
644 2693 717 2722 petra
730 2686 839 2714 fortiora
854 2691 916 2713 sunt
927 2690 1071 2722 prtecepta,

280 2735 470 2770 hominemque
481 2733 582 2762 faciunt
596 2734 719 2761 humanis
727 2733 852 2760 omnibus
863 2732 988 2760 ï¬‚uctibus
998 2740 1074 2768 supe-

280 2780 390 2809 riorem.
400 2780 451 2815 Qui
465 2779 537 2808 enim
551 2779 609 2807 hinc
620 2779 761 2815 diligenter
774 2778 908 2811 observat,
925 2785 977 2806 non
992 2777 1072 2808 modo

313 2868 321 2886 Â²
331 2869 432 2901 Quidam
446 2869 611 2902 Manuscripti,
619 2870 642 2893 Î±
653 2870 708 2893 ante
716 2866 872 2901 ptmilionem.

646 143 675 172 S.
694 141 834 171 JOANNIS
852 140 1090 171 CIIRYSOSTOII
1108 141 1270 173 ARCHIEP.
1284 144 1553 175 CONSTANTINOP.

1866 150 1920 179 5â€™25

1125 199 1278 229 hominibus
1290 209 1388 231 nocere
1398 203 1563 232 latitantibus
1574 204 1698 241 superior
1707 205 1769 240 erit,
1778 206 1826 235 sed
1835 208 1918 235 etiam

1125 247 1191 284 ipsis
1203 247 1370 278 daemonibus
1381 249 1580 278 insidiantibus.

1172 294 1199 322 3.
1220 294 1286 322 Sola
1307 295 1386 323 virtus
1398 296 1574 324 inconcussam
1599 298 1668 333 parit
1692 298 1772 326 animi
1795 299 1918 335 quidem.

1124 339 1209 367 Probo
1218 340 1304 368 nullus
1314 346 1394 376 potest
1403 349 1502 369 nocere.
1515 341 1529 369 Î™
1532 343 1630 377 mprobi
1646 343 1738 370 multos
1746 344 1868 372 surtinent
1879 346 1920 372 la-

1123 385 1242 412 bores.-â€”
1251 385 1327 420 Quod
1344 390 1432 414 autem
1447 386 1504 415 inec
1514 395 1566 415 non
1581 395 1630 423 per
1637 387 1792 423 jactantiam
1810 390 1865 418 sint
1880 391 1920 418 di-

1123 436 1177 464 cta,
1189 432 1266 459 testis
1281 432 1357 459 nobis
1372 437 1414 460 est
1427 431 1494 465 Job,
1510 433 1555 468 qui
1574 441 1668 460 omnes
1683 433 1782 461 diaboli
1801 435 1921 470 impetus

1123 478 1229 513 excepit
1241 498 1248 511 .
1270 479 1449 514 immotusque
1474 479 1570 506 mansit
1586 489 1592 506 :
1607 480 1742 507 testificari
1757 486 1870 516 possunt
1891 487 1921 509 et

1123 525 1250 559 apostoli,
1265 526 1310 560 qtti
1322 526 1447 553 omnibus
1458 526 1532 553 orbis
1546 526 1670 554 ï¬‚uctibus
1683 527 1710 554 in
1721 535 1750 555 se
1764 528 1916 563 irrumpen-

1127 571 1209 605 tibus,
1227 572 1332 606 populis
1352 572 1425 605 item,
1442 573 1578 608 tyrannis,
1594 572 1749 601 domesticis
1769 579 1796 602 et
1809 575 1919 605 alienis.

1122 617 1300 650 daemonibus,
1313 618 1430 651 diabolo,
1446 619 1573 654 omnique
1587 621 1694 648 admota
1719 620 1840 649 machina
1851 642 1858 653 ,
1873 621 1920 649 his

1124 663 1218 690 solutis
1229 663 1353 691 omnibus
1365 685 1372 696 ,
1387 669 1461 698 petra
1477 664 1608 692 lirmiores
1627 670 1768 693 steterunt.
1785 665 1853 699 Quid
1869 666 1918 702 igi-

1124 712 1166 735 tur
1181 708 1330 743 lmjusmodi
1345 709 1398 736 vita
1407 709 1510 736 beatius
1523 717 1583 738 esse
1596 711 1700 746 possit?
1714 711 1770 738 Hoc
1779 712 1849 739 enim
1863 720 1918 740 non

1123 755 1232 788 divitize,
1247 763 1299 783 non
1314 757 1436 792 corporis
1457 758 1540 785 robur
1551 779 1558 792 ,
1573 766 1626 785 non
1639 758 1723 794 gloria
1733 780 1741 792 ,
1756 767 1808 787 non
1823 766 1919 795 poten-

1124 800 1169 831 tia.
1185 809 1270 836 neque
1282 802 1353 829 aliud
1365 802 1512 838 quidpiam,
1529 803 1576 831 sed
1592 804 1649 831 sola
1661 804 1765 832 virtutis
1781 806 1918 840 possessio

1124 848 1221 880 poterit
1230 847 1382 875 conciliare.
1395 848 1450 875 Non
1466 854 1553 883 potest
1571 850 1654 882 enim,
1675 858 1728 877 non
1742 855 1828 885 potest
1842 857 1917 880 certe

1122 891 1172 917 alia
1189 892 1299 926 reperiri
1315 893 1368 920 vita
1386 893 1463 921 malis
1477 894 1602 922 omnibtts
1617 894 1708 928 libera,
1725 895 1775 922 nisi
1796 896 1852 923 haec
1865 904 1918 925 una

1124 942 1236 965 tantum.
1253 938 1307 966 Vos
1323 947 1429 974 qttoque
1446 944 1527 968 testes
1539 942 1615 974 estis,
1629 942 1674 976 qui
1691 942 1788 970 videtis
1803 943 1829 970 in
1845 944 1918 978 regia

1123 983 1244 1016 insidias,
1254 986 1297 1020 qui
1314 986 1443 1013 tumultus
1458 992 1485 1014 et
1499 988 1716 1022 perturbationes
1726 991 1880 1025 conspicitts
1890 991 1918 1017 in

1122 1029 1235 1057 divitum
1263 1031 1375 1059 :edibus.
1399 1032 1452 1060 Sed
1478 1033 1548 1068 apud
1573 1034 1707 1068 apostolos
1730 1034 1795 1062 nihil
1818 1035 1915 1063 simi!t:.

1122 1075 1193 1108 Quid
1207 1076 1310 1111 igitur?
1325 1085 1358 1104 an
1372 1077 1438 1104 nihil
1462 1078 1515 1106 tale
1532 1079 1636 1114 experti
1649 1081 1731 1107 sunt?
1745 1080 1845 1109 nihilne
1858 1089 1918 1108 mo-

1122 1120 1218 1148 lestum
1232 1121 1266 1148 ab
1279 1122 1367 1158 aliquo
1382 1129 1444 1150 sunt
1457 1124 1596 1158 perpessi?
1611 1125 1663 1152 Sed
1676 1125 1726 1153 hoc
1735 1126 1854 1154 omnium
1865 1127 1918 1154 mi-

1122 1166 1312 1194 rabilissimum
1325 1169 1450 1204 est,quod
1465 1169 1563 1197 multas
1575 1171 1644 1205 passi
1658 1171 1711 1198 sint
1724 1171 1917 1208 insidias,quod

1122 1214 1213 1241 multa:
1226 1219 1399 1250 tempestates
1421 1216 1447 1244 in
1468 1224 1515 1244 eos
1540 1217 1703 1253 irruperint,
1723 1227 1782 1254 qua:
1799 1219 1917 1254 ipsorum

1122 1260 1239 1287 animum
1257 1268 1309 1288 non
1323 1266 1494 1295 everterunt,
1511 1270 1598 1298 neque
1612 1262 1717 1291 illorum
1736 1266 1916 1293 constantiam

1122 1305 1258 1341 fregerunt
1270 1313 1278 1338 ;
1295 1307 1348 1333 imo
1360 1306 1442 1335 etiam
1458 1307 1536 1335 nudis
1550 1308 1705 1343 corporibus
1715 1316 1864 1345 pugnantes
1874 1312 1917 1338 vi-

1121 1355 1232 1385 cerunt,
1262 1351 1466 1388 superioresque
1479 1359 1634 1381 evaserunt.
1646 1355 1680 1382 Et
1693 1361 1720 1382 tu
1733 1356 1822 1392 itaque
1835 1356 1858 1384 si
1872 1364 1918 1384 ve-

1122 1397 1155 1425 lis
1171 1396 1229 1425 htec
1243 1403 1368 1426 accurate
1390 1399 1544 1432 observare,
1558 1400 1647 1428 omnia
1661 1400 1796 1430 deridebis
1812 1411 1818 1428 :
1834 1403 1916 1429 modo

1123 1444 1193 1471 enim
1208 1444 1300 1471 harum
1319 1444 1535 1473 adhortationum
1551 1445 1717 1481 philosophia
1734 1446 1852 1474 munitus
1866 1448 1915 1480 sis,

1123 1489 1187 1516 nihil
1203 1494 1230 1517 te
1243 1490 1269 1517 in
1281 1497 1424 1518 maerorem
1435 1491 1569 1526 conjicere
1582 1493 1689 1527 poterit.
1702 1491 1731 1520 lo
1744 1500 1797 1528 quo
1807 1494 1878 1520 enim
1891 1499 1918 1520 te

1123 1534 1201 1563 ltedet
1215 1535 1237 1562 is
1251 1535 1295 1571 qui
1318 1535 1429 1563 insidias
1441 1537 1587 1564 struxerit?
1602 1545 1636 1564 an
1651 1538 1778 1572 pecunias
1788 1538 1889 1566 auferet
1903 1538 1916 1565 ?

1122 1581 1176 1610 Sed
1186 1586 1250 1609 ante
1263 1582 1349 1609 minas
1364 1582 1432 1610 illius
1446 1582 1537 1618 jussus
1551 1590 1581 1610 es
1605 1583 1664 1611 illas
1677 1588 1849 1612 contemnere
1860 1605 1867 1617 ,
1890 1590 1919 1611 et

1122 1627 1158 1654 ita
1171 1623 1206 1654 ab
1220 1627 1273 1656 illis
1287 1629 1406 1656 animum
1419 1629 1564 1663 abducere,
1578 1635 1608 1657 ut
1620 1638 1764 1666 numquam
1778 1638 1794 1658 a
1805 1630 1918 1658 Domino

1123 1674 1276 1709 hujusmodi
1291 1674 1427 1710 quidpiam
1444 1680 1530 1710 petas.
1544 1675 1596 1704 Sed
1614 1681 1640 1703 te
1661 1676 1687 1703 in
1700 1684 1834 1705 carcerem
1851 1685 1917 1704 con-

1122 1719 1216 1748 iiciet?
1231 1720 1266 1747 At
1279 1726 1342 1748 ante
1357 1728 1494 1748 carcerem
1519 1721 1555 1749 ita
1571 1726 1596 1749 te
1611 1722 1702 1750 vivere
1725 1723 1853 1758 pracepit
1864 1743 1872 1755 ,
1887 1729 1916 1750 ut
1947 1727 1953 1732 '

1123 1766 1222 1794 mundo
1229 1767 1338 1795 omnino
1351 1767 1493 1795 cruciï¬xus
1503 1768 1549 1796 sis.
1563 1768 1614 1796 Sed
1625 1768 1694 1797 tnale
1705 1769 1738 1797 de
1749 1774 1775 1798 te
1787 1769 1918 1805 loquitur?

1123 1811 1222 1839 Verum
1249 1811 1300 1840 hoc
1322 1818 1348 1840 te
1364 1812 1457 1841 dolore
1481 1813 1606 1841 liberavit
1623 1814 1746 1842 Christus
1759 1836 1766 1849 ,
1783 1815 1846 1843 dum
1866 1815 1914 1845 tibi

1122 1859 1244 1892 multam,
1260 1859 1326 1886 citra
1347 1859 1477 1892 laborem,
1494 1860 1630 1895 patientia:
1641 1861 1776 1895 pollicittts
1789 1866 1832 1890 est
1843 1870 1916 1890 mer-

1122 1904 1226 1937 cedem,
1237 1909 1317 1940 atque
1331 1905 1366 1932 ita
1381 1909 1406 1932 te
1427 1913 1522 1940 purum
1536 1906 1570 1933 ab
1590 1905 1740 1942 hujusmodi
1769 1908 1808 1935 ira
1828 1912 1856 1935 et
1876 1908 1917 1936 la-

1123 1950 1188 1978 bore
1202 1951 1327 1983 reddidit,
1344 1956 1372 1979 ut
1384 1952 1493 1986 jusserit
1508 1953 1590 1980 etiam
1605 1961 1654 1988 pro
1674 1954 1789 1982 inimicis
1803 1962 1882 1983 orare
1893 1955 1914 1982 â€™.

1122 1996 1174 2024 Sed
1188 1996 1261 2030 pellit
1274 2001 1299 2024 te
1307 2001 1334 2024 et
1347 1997 1494 2025 innumeris
1508 1998 1615 2026 obsidet
1628 1999 1728 2026 malis?
1743 2000 1778 2027 At
1792 2000 1915 2034 Splendi-

1123 2042 1224 2070 diorem
1235 2043 1281 2069 tibi
1296 2048 1371 2078 parat
1384 2051 1520 2071 coronam.
1535 2044 1586 2072 Sed
1602 2049 1628 2072 te
1642 2045 1740 2072 occidit
1751 2046 1889 2081 etjugulat
1899 2046 1912 2072 á¼²

1123 2088 1167 2116 Sic
1186 2088 1246 2116 ideo
1268 2089 1386 2117 maxime
1401 2089 1447 2117 tibi
1460 2089 1618 2117 beneï¬cium
1632 2095 1751 2126 prtestat,
1765 2097 1914 2128 martyrum

1125 2135 1169 2162 tibi
1186 2136 1293 2170 praemia
1305 2143 1411 2170 parans,
1420 2140 1447 2163 et
1458 2136 1536 2164 citius
1548 2141 1574 2163 te
1587 2137 1696 2164 mittens
1704 2136 1730 2164 in
1741 2137 1912 2172 tranquillum

1125 2185 1240 2216 portum,
1255 2181 1416 2216 majorisque
1437 2181 1484 2209 tibi
1503 2182 1686 2209 retributionis
1709 2182 1775 2210 dans
1794 2183 1903 2211 occasio

1125 2236 1197 2260 nem,
1210 2235 1242 2255 ac
1255 2228 1301 2255 tibi
1324 2227 1486 2263 providens,
1501 2233 1530 2255 ut
1543 2236 1557 2254 a
1572 2229 1709 2256 communi
1721 2229 1762 2256 illa
1779 2229 1916 2257 reddenda

1125 2274 1227 2301 ratione
1242 2278 1266 2301 te
1281 2273 1415 2308 expedias.
1435 2273 1517 2309 quue
1536 2274 1652 2302 maxime
1673 2274 1792 2302 omnium
1814 2275 1916 2302 miran-

1124 2320 1186 2347 dtun
1201 2325 1253 2354 est,
1268 2321 1338 2355 quod
1353 2327 1448 2355 nempe
1459 2327 1511 2347 non
1525 2320 1605 2348 modo
1614 2321 1680 2348 nihil
1693 2321 1792 2349 laedant
1803 2321 1916 2349 insidia-

1126 2372 1208 2400 tores,
1224 2367 1271 2395 sed
1284 2367 1363 2394 etiam
1376 2367 1571 2402 splendidiores
1584 2367 1644 2395 illos
1657 2367 1770 2401 reddant
1783 2376 1849 2403 quos
1863 2368 1914 2395 im-

1125 2419 1227 2449 petunt.
1249 2412 1298 2451 C_ui
1318 2413 1388 2440 bono
1402 2413 1466 2448 quid
1485 2421 1533 2448 par
1555 2421 1680 2448 umquam
1696 2412 1775 2441 fuerit
1787 2434 1795 2446 ,
1811 2413 1918 2448 quando

1125 2460 1185 2487 talis
1205 2459 1330 2494 deligitur
1350 2459 1412 2493 vita,
1438 2459 1526 2494 qualis
1545 2459 1603 2487 haec
1626 2459 1683 2486 sola
1701 2459 1828 2487 eisistitâ€˜l
1849 2459 1917 2493 Quia

1124 2506 1195 2533 enim
1206 2506 1309 2533 dixerat
1321 2509 1421 2532 arctam
1435 2509 1460 2532 et
1476 2510 1613 2540 angustam
1629 2513 1689 2533 esse
1701 2505 1782 2540 viam,
1795 2505 1857 2533 hinc
1873 2506 1914 2532 la-

1125 2553 1197 2580 boris
1206 2552 1414 2580 consolationem
1427 2551 1553 2585 allâ€˜erens,
1567 2552 1684 2580 ostendit
1697 2559 1819 2588 magnam
1835 2552 1860 2579 in
1870 2551 1915 2579 illa

1125 2607 1185 2627 esse
1199 2599 1381 2634 securitatem,
1397 2606 1519 2634 magnam
1530 2598 1694 2634 voluptatem
1706 2618 1715 2632 ,
1728 2598 1795 2626 sicut
1811 2598 1836 2625 in
1849 2605 1917 2626 con-

1125 2646 1207 2674 traria
1221 2654 1344 2682 magnam
1359 2646 1516 2681 pravitatem
1527 2645 1549 2678 â€™,
1562 2646 1655 2681 ingens
1669 2644 1806 2672 damnum.
1821 2644 1918 2679 Quem-

1125 2692 1267 2720 admodum
1281 2692 1353 2720 enim
1367 2692 1429 2719 hinc
1444 2691 1549 2719 virtutis
1563 2691 1672 2726 praemia
1687 2691 1865 2725 monstravit,
1875 2691 1916 2718 sic

1124 2743 1151 2766 et
1160 2738 1284 2774 nequitiae
1294 2738 1506 2766 retributionem.
1519 2737 1584 2765 Nam
1595 2736 1667 2773 quod
1678 2735 1768 2766 dicere
1777 2736 1917 2768 consuevi.

1157 2837 1166 2852 Î¹
1184 2835 1231 2868 Alii
1240 2842 1289 2861 non
1300 2836 1380 2868 pauci,
1390 2835 1463 2868 etiam
1473 2841 1518 2866 pro
1528 2834 1570 2862 tuo
1579 2842 1661 2863 orare.

1157 2868 1168 2883 â€˜
1184 2867 1241 2899 Alii,
1253 2866 1364 2899 magnam
1375 2866 1538 2893 temeritatem.
