2067 3132
210 136 266 167 395

212 196 268 232 γάρ
279 192 338 222 εἶπε
353 193 450 230 στενὴν
472 193 519 220 καὶ
543 193 726 230 τεθλιμμένην
740 194 790 230 τὴν
808 194 876 227 666v,
901 192 1048 221 κάντεῦθεν

211 235 463 274 παραμυθούμενος
484 235 549 268 τοὺς
569 235 683 267 πόνους,
709 235 828 262 δείκνυσι
844 235 944 271 πολλὴν
966 235 1050 270 αὐτῆς

216 277 300 306 οὖσαν
326 278 377 314 τὴν
392 278 552 312 ἀσφάλειαν,
576 277 678 313 πολλὴν
693 278 742 313 τὴν
761 277 869 313 ἡδονὴν,
892 277 986 312 ὥσπερ
1003 274 1050 303 οὖν

214 320 262 347 καὶ
274 319 324 355 τῆς
337 319 464 351 ἐναντίας
477 319 577 353 πολλὴν
590 318 638 354 τὴν
649 319 802 354 σαθρότητα
812 319 859 346 καὶ
871 319 920 354 τὴν
937 317 1047 353 ζημίαν.

217 361 349 397 Καθάπερ
362 361 417 396 γάρ
433 360 482 395 τῆς
504 360 604 395 ἀρετῆς
623 360 769 387 κάντεῦθεν
787 360 870 392 ἔδειξε
889 359 924 386 τὰ
935 359 1049 388 ἔπαθλα.

214 403 286 431 οὕτω
302 403 349 430 καί
369 403 419 438 τῆς
445 401 543 433 κακίας
565 402 599 428 τὰ
621 402 756 437 ἐπίχειρα.
774 402 830 428 Καὶ
849 401 902 438 γὰρ
919 401 987 436 ὅπερ
1007 399 1050 426 ἀεὶ

214 445 302 480 λέγω,
318 443 396 471 τοῦτο
415 444 462 470 καὶ
476 443 523 470 νῦν
536 443 601 478 ἐρῶ,
616 443 649 470 δι’
665 443 826 478 ἀμφοτέρων
847 442 986 478 πανταχοῦ
998 449 1049 468 κα-

214 487 378 519 τασκευάζει
400 485 454 512 τῶν
473 484 613 520 ἀκροατῶν
637 483 686 520 τὴν
716 485 864 520 σωτηρίαν,
892 484 936 511 διά
951 492 979 510 τε
1002 482 1049 510 τοῦ

216 528 297 566 ζήλου
308 527 358 563 τῆς
368 526 480 563 ἀρετῆς,
494 526 539 566 διά
548 534 577 552 τε
590 524 638 553 τοῦ
649 526 698 561 τῆς
711 526 809 557 κακίας
819 525 924 561 μίσους.
941 525 1049 561 Ἐπειδὴ

216 565 271 606 γάρ
285 569 397 606 ἔμελλόν
411 575 483 599 τινες
499 565 579 598 εἶναι,
593 566 627 593 τὰ
641 567 691 602 μέν
706 567 840 603 λεγόμενα
855 566 1049 602 θαυμάζοντες,

215 611 266 647 τὴν
277 611 305 638 δὲ
318 609 362 637 διὰ
375 609 430 636 τῶν
445 609 534 644 ἔργων
553 609 583 635 οὐ
603 608 769 644 παρέχοντες
793 608 931 641 ἐπίδειξιν,
947 616 1050 644 προκα-

215 651 396 688 ταλαμϐάνων
415 650 513 682 αὐτοὺς
536 650 614 684 φοϐεῖ
636 649 734 684 λέγων,
758 651 797 677 ὃτι
821 651 843 677 εί
861 651 908 677 καὶ
928 649 997 676 καλὰ
1015 649 1050 676 τά

216 691 358 730 εἰρημένα,
374 692 423 718 οὐκ
438 692 517 727 ἀρκεῖ
529 692 568 723 είς
581 691 730 725 ἀσφάλειαν
742 692 759 726 ἡ
775 692 914 728 ἀκρόασις,
929 691 997 718 ἀλλά
1010 691 1050 718 δεῖ

217 736 263 762 καὶ
282 735 332 770 τῆς
347 734 392 761 διά
405 734 459 760 τῶν
479 733 568 769 εργων
586 733 728 767 ὑπακοῆς,
743 734 790 760 καὶ
806 734 836 759 16
850 734 903 760 πᾶν
920 734 949 760 ἐν
963 733 1050 768 τούτῳ

219 775 337 812 μάλιστά
347 775 416 801 ἐστι.
428 773 480 801 Καὶ
491 773 606 801 ἐνταῦθα
618 773 746 801 καταλύει
757 775 801 801 τὸν
810 774 898 809 λόγον,
911 775 957 801 τὸν
968 774 1049 809 φόϐον

216 819 308 850 αὐτοῖς
327 817 514 852 ἐνακμάζοντα
525 816 547 832 ³⁸
562 816 651 851 ἀφείς.
670 816 774 851 Ὠσπερ
788 816 842 852 γάρ
857 817 904 843 ἐπὶ
920 816 970 852 τῆς
985 817 1048 851 ἀρε-

215 860 267 896 τῆς
276 859 327 886 οὐκ
343 859 396 886 ἀπὸ
411 858 464 885 τῶν
480 857 629 893 μελλόντων
640 857 790 894 προέτρεψε
805 858 896 892 μόνον,
911 857 1048 893 βασιλείαν

217 900 314 931 εἰπὼν,
327 900 374 927 καὶ
388 901 529 935 οὐρανοὺς,
547 900 593 926 καὶ
609 899 703 935 μισθὸν
722 900 835 934 ἄφατον,
850 899 897 926 καὶ
910 899 1048 935 παράκλη-

219 950 270 975 σιν,
288 943 336 970 καὶ
350 941 385 968 τὰ
398 941 481 977 μυρία
500 941 600 975 ἀγαθὰ,
617 940 685 968 ἀλλά
703 940 749 967 καὶ
764 941 817 967 ἀπὸ
831 941 885 967 τῶν
897 941 1046 976 παρόντων,

216 984 248 1012 τδ
264 984 376 1021 στερῥὸν
389 983 436 1010 καὶ
445 983 571 1018 ἀκίνητον
582 981 768 1018 ἐνδειξάμενος
785 982 833 1017 τῆς
844 983 945 1018 πέτρας
954 991 960 997 ·
978 982 1048 1008 οὕτω

217 1026 265 1054 καὶ
280 1026 327 1053 ἐπὶ
339 1025 388 1061 τῆς
405 1024 501 1055 κακίας
521 1024 571 1050 οὐκ
589 1023 643 1050 ἀπὸ
655 1024 709 1050 τῶν
725 1023 956 1058 προσδοκωμένων
972 1023 1049 1057 φοϐεῖ

219 1068 310 1104 μόνον,
321 1065 377 1094 οἷον
389 1066 436 1094 τοῦ
448 1066 614 1102 κοπτομένου
627 1065 746 1101 δένδρου,
757 1065 860 1092 καὶτοῦ
878 1064 953 1101 [504]
964 1066 1048 1101 πυρὸς

215 1110 264 1137 τοῦ
284 1109 428 1141 ἀσϐέστου,
445 1108 492 1134 καὶ
509 1107 554 1134 τοῦ
571 1107 606 1143 μὴ
624 1106 753 1133 είσελθεῖν
774 1107 813 1138 είς
835 1106 883 1142 τὴν
899 1106 1047 1141 βασιλείαν,

216 1153 265 1180 καὶ
286 1151 332 1178 τοῦ
356 1150 455 1184 λέγειν,
479 1150 541 1176 οὐκ
565 1147 631 1175 οἶδα
653 1147 750 1183 ὑμᾶς·
773 1148 840 1175 ἀλλά
862 1149 909 1175 καὶ
927 1148 980 1174 ἀπὸ
995 1148 1049 1174 τῶν

216 1194 368 1230 παρόντων,
383 1192 432 1226 τῆς
452 1191 581 1228 πτώσεως
593 1190 664 1224 λέγω
677 1190 726 1225 τῆς
745 1190 815 1216 κατά
827 1190 876 1226 τὴν
891 1190 990 1217 οἰκίαν.
1004 1190 1049 1216 Διδ

217 1237 265 1264 καὶ
284 1233 521 1271 ἐμφαντικώτερον
545 1232 592 1259 τὸν
609 1232 687 1266 λόγον
713 1231 849 1267 ἐποίησεν,
866 1232 912 1258 ἐπὶ
929 1231 1050 1267 παραϐο-

216 1278 266 1314 λῆς
286 1277 351 1305 αὐτὸ
367 1277 389 1292 ¹¹
416 1274 573 1311 γυμνάζων.
602 1273 668 1301 Οὐδὲ
689 1273 744 1309 γάρ
769 1271 803 1309 ἦν
820 1274 907 1300 είπεῐν
921 1274 988 1306 ἴσον,
1007 1274 1050 1300 ὅτι

216 1319 365 1357 ἀχείρωτος
383 1317 459 1344 ἔσται
481 1317 496 1343 6
515 1316 656 1351 ἐνάρετος,
672 1315 720 1342 καὶ
736 1315 870 1346 εὐάλωτος
887 1315 902 1341 ό
922 1315 1049 1350 πονηρὸς,

216 1361 265 1389 καὶ
282 1360 382 1396 πέτραν
400 1358 496 1391 θεῖναι,
511 1358 558 1384 καὶ
573 1357 671 1390 οὶκίαν,
687 1358 734 1384 καὶ
749 1358 897 1392 ποταμοὺς,
915 1357 962 1384 καὶ
985 1357 1049 1393 βρο-

217 1404 278 1440 χὴν,
289 1402 336 1430 καὶ
347 1401 456 1436 ἄνεμον,
472 1400 519 1427 καὶ
530 1400 579 1427 ὅσα
591 1399 713 1427 τοιαῦτα.
727 1399 781 1426 Kal
792 1400 814 1416 ³³
829 1399 889 1433 πᾶς
902 1401 918 1427 ὀ
932 1400 1050 1427 ἀκούων

214 1453 274 1480 μου
297 1443 368 1476 τοὺς
381 1442 492 1477 λόγους
508 1441 645 1474 τούτους,
669 1440 746 1476 φησὶ,
764 1440 812 1467 καί
825 1440 867 1476 μὴ
885 1440 978 1468 ποιῶν
998 1441 1051 1468 αὺ-

216 1485 298 1519 τοὺς,
320 1483 532 1519 ὁμοιωθήσεται
554 1482 639 1516 ἀνδρί
656 1481 753 1517 μωρῷ,
775 1482 859 1515 ὅστις
878 1482 1052 1517 ᾠκοδόμησε

207 1527 275 1562 ’τὴν
289 1526 387 1554 οίκιαν
397 1524 489 1553 αὐτοῦ
502 1524 551 1550 ἐπὶ
567 1524 625 1557 τὴν
633 1523 756 1559 ψάμμον
767 1523 800 1550 ’⁸.
813 1523 909 1555 Καλῶς
919 1523 948 1550 δὲ
962 1523 1052 1559 μωρὸν

217 1569 330 1597 ἐκάλεσε
351 1567 487 1595 τοῦτονίδ.
504 1566 537 1592 Τί
559 1566 613 1602 γὰρ
629 1565 662 1593 ἂν
685 1565 790 1599 γένοιτο
810 1565 986 1601 ἀνοητότερον
1004 1564 1051 1603 τοῦ

217 1611 305 1638 οίκίαν
325 1607 526 1643 οἰκοδομοῦντος
550 1608 597 1633 ἐπὶ
625 1606 674 1641 τῆς
704 1606 829 1642 ψάμμου,
857 1607 905 1633 καὶ
929 1607 974 1633 τὸν
1003 1607 1052 1642 μὲν

192 1668 196 1673 ο
217 1653 298 1681 πόνον
321 1651 511 1685 ὑπομένοντος,
525 1648 573 1675 τοῦ
586 1648 614 1675 δὲ
627 1647 735 1684 καρποῦ
748 1648 796 1675 καὶ
810 1648 858 1683 τῆς
869 1647 1050 1680 ἀναπαύσεως

217 1692 463 1729 ἀποστερουμένου,
474 1692 521 1718 καὶ
539 1691 600 1717 ἀντὶ
621 1689 715 1716 τούτου
729 1690 838 1717 κόλασιν
854 1690 1050 1725 ὑπομένοντος;

219 1738 279 1765 Ὅτι
293 1737 347 1772 γὰρ
363 1735 410 1762 καὶ
427 1734 451 1761 οί
474 1733 571 1760 κακίαν
587 1732 724 1767 μετιόντες
744 1732 889 1767 κάμνουσι,
904 1732 986 1758 παντί
1000 1740 1051 1758 που

217 1778 297 1814 δῆλόν
312 1779 368 1804 ἐστι
382 1785 388 1791 ·
403 1776 449 1803 καὶ
464 1775 518 1810 γὰρ
531 1774 577 1801 καὶ
591 1775 614 1790 ’⁵
627 1775 641 1800 6
652 1774 753 1809 ἅρπαξ,
767 1774 812 1800 καὶ
826 1775 840 1800 ὸ
860 1774 961 1810 μοιχὸς,
977 1774 1022 1801 καὶ
1038 1775 1052 1800 6

219 1820 388 1854 συκοφάντης
398 1816 482 1844 πολλά
491 1815 601 1843 πονοῦσι
613 1816 660 1842 καὶ
669 1815 916 1851 ταλαιπωροῦνται,
926 1815 995 1842 ὥστε
1003 1815 1052 1851 τὴν

218 1861 308 1890 αὐτῶν
333 1860 432 1887 κακίαν
457 1858 498 1890 είς
514 1857 589 1889 τέλος
613 1858 738 1892 ἀγαγεῖν·
755 1857 813 1884 ἀλλ’
829 1858 860 1884 οὑ
882 1857 961 1893 μόνον
977 1857 1052 1884 οὐδὲν

218 1903 272 1930 ἀπὸ
284 1901 338 1929 τῶν
352 1901 441 1927 πόνων
460 1899 562 1926 τούτων
582 1898 749 1934 καρποῦνται
766 1898 797 1925 τὸ
807 1899 831 1915 ³⁸
854 1898 964 1934 κέρδος,
985 1898 1052 1925 ἀλλά

218 1943 266 1971 καὶ
284 1941 562 1978 πολλὴνύπομένουσι
574 1940 623 1976 τὴν
637 1940 749 1976 ζημίαν.
770 1940 846 1967 Ἐπεὶ
860 1941 906 1967 καὶ
919 1941 933 1967 6
947 1940 1052 1972 Παῦλος

218 1985 296 2013 τοῦτο
306 1985 328 2001 ¹⁷
355 1982 539 2018 αἰνιττόμενος
567 1982 675 2016 ἐλεγεν·
708 1982 740 2009 '0
765 1982 898 2016 σπείρων
927 1983 970 2015 εὶς
995 1982 1052 2016 τὴν

218 2027 316 2061 σάρκα
331 2024 433 2057 αὑτοῦ,
453 2025 488 2051 ἐκ
509 2023 562 2058 τῆς
573 2023 686 2058 σαρκὸς
705 2023 799 2050 αὑτοῦ
810 2023 833 2040 ’⁸
855 2023 963 2058 θερίσει
980 2024 1053 2057 φθο-

217 2069 284 2104 ράν.
302 2067 396 2102 Τούτῳ
420 2066 525 2093 ἐοίκασι
548 2065 595 2092 καὶ
614 2066 639 2092 οί
660 2065 706 2092 ἐπὶ
737 2065 786 2100 τῆς
812 2065 927 2100 ψάμμου
950 2065 1051 2091 οἰκοδο-

220 2110 346 2146 μοῦντες·
367 2107 422 2134 οἷον
440 2108 464 2134 οί
480 2106 526 2133 ἐπὶ
538 2107 662 2142 πορνείᾳ,
685 2107 710 2133 οἱ
735 2106 781 2133 ἐπὶ
799 2106 937 2142 ἀσελγείᾳ,
960 2108 984 2133 οἱ
1003 2107 1050 2134 ἐπὶ

220 2152 291 2188 μέθῃ
309 2152 343 2183 ³⁹,
359 2150 385 2177 οἱ
400 2149 446 2176 ἐπὶ
458 2148 547 2184 θυμῷ,
561 2149 586 2175 οί
597 2148 644 2175 ἐπὶ
658 2149 714 2180 τοῖς
725 2148 815 2180 ἄλλοις
826 2148 923 2176 ἀπασι.

253 2228 286 2256 δ’.
304 2226 430 2257 Τοιοῦτος
441 2223 475 2262 ἦν
487 2224 502 2251 6
523 2224 636 2260 Ἀχαάϐ,
654 2224 711 2251 ἀλλ’
726 2224 757 2251 οὐ
772 2224 891 2257 τοιοῦτος
906 2225 920 2252 6
945 2224 1048 2257 Ἠλίας.

219 2270 275 2298 Καὶ
290 2269 344 2305 γὰρ
360 2266 520 2303 παράλληλα
533 2265 626 2298 θέντες
640 2265 689 2302 τὴν
703 2266 803 2302 ἀρετὴν
817 2267 864 2293 καὶ
875 2266 924 2301 τὴν
939 2267 1048 2299 κακίαν,

219 2311 412 2348 ἀκριϐέστερον
427 2308 556 2343 εἰσόμεθα
569 2307 599 2334 τὸ
611 2307 747 2343 διάφορον.
768 2307 797 2333 '0
813 2308 861 2342 μὲν
874 2307 928 2343 γὰρ
943 2308 989 2334 ἐπὶ
1002 2308 1050 2343 τῆς

219 2353 323 2388 πάτρας
336 2350 520 2386 ᾠκοδόμησεν,
535 2349 550 2375 6
564 2349 592 2375 δὲ
608 2349 655 2375 ἐπὶ
670 2349 720 2384 τῆς
733 2348 847 2384 ψάμμου
859 2356 867 2363 ·
884 2349 925 2376 διὸ
937 2350 983 2375 καὶ
1001 2349 1050 2383 βα-

221 2394 310 2426 σιλεὺς
324 2393 363 2420 ὢν
379 2391 508 2420 ἐδεδοίκει
526 2392 574 2418 καὶ
590 2391 689 2426 ἐτρεμε
710 2390 756 2416 16v
772 2391 925 2426 προφήτην,
941 2391 987 2417 τὸν
1001 2391 1050 2426 τὴν

221 2436 349 2471 μηλωτὴν
365 2434 461 2469 ἔχοντα
480 2433 570 2469 μόνον.
590 2432 711 2459 Τοιοῦτοι
727 2433 753 2458 οί
775 2433 905 2463 Ἰουδαῖοι,
923 2432 979 2458 ἀλλ’
1002 2433 1051 2468 οὐχ

221 2469 403 2505 ξιξ-ἀπόστολοι
416 2484 423 2490 ·
440 2475 480 2502 διὸ
503 2475 550 2501 καὶ
572 2474 656 2508 ὀλίγοι
675 2474 750 2505 όντες
766 2474 812 2500 καὶ
831 2473 986 2509 δεδεμένοι,
1003 2474 1052 2508 τῆς

221 2519 324 2555 πέτρας
344 2516 523 2544 ἐνεδείκνυντο
537 2516 567 2543 16
582 2515 694 2552 στερρόν
707 2523 713 2530 ·
737 2516 835 2542 ἐκεῖνοι
850 2515 878 2542 δὲ
896 2515 942 2542 καὶ
959 2515 1050 2542 πολλοὶ

222 2560 270 2587 καὶ
283 2558 448 2593 ὠπλισμένοι
459 2578 466 2589 ,
480 2558 530 2593 τῆς
545 2557 658 2592 ψάμμου
673 2556 702 2583 τδ
717 2556 839 2588 ἀσθενές.
855 2557 909 2583 Καὶ
924 2556 978 2592 γάρ
997 2556 1053 2582 ἐλε-

222 2610 269 2636 γον
279 2609 286 2617 ·
305 2601 336 2627 Τί
349 2598 515 2634 ποιήσομεν
525 2599 548 2615 ³⁰
557 2599 616 2631 τοῖς
634 2597 799 2633 ἀνθρώποις
815 2598 950 2631 τούτοις;
972 2598 1053 2634 Ὁρᾷς

222 2644 253 2670 ἐν
269 2640 372 2677 ἀπορίᾳ
392 2639 472 2672 δντας
482 2661 490 2673 ,
507 2640 537 2666 ού
557 2640 620 2673 τοὺς
636 2640 807 2676 ὑποχειρίους
822 2640 870 2667 καὶ
881 2639 1051 2675 δεδεμένους,

265 2688 289 2704 ’⁸
308 2685 465 2722 ἀκμάζοντα
485 2686 516 2714 Α.
564 2687 586 2702 "
601 2687 682 2713 αὐτὸν
707 2685 738 2713 F.

224 2760 258 2787 Δ.
291 2757 314 2774 ⁸⁸
332 2757 378 2783 καὶ
391 2755 449 2792 oni,
470 2756 503 2792 BL
513 2756 544 2784 C.
566 2757 596 2784 Ε.
634 2757 657 2773 ¹⁸
669 2756 710 2792 16]
726 2765 752 2784 τι
763 2757 796 2784 Δ.
812 2755 843 2792 16
861 2755 914 2783 oin.
931 2756 962 2792 1³ἒ

227 2793 299 2830 μέθῃ
316 2792 431 2830 desum_
444 2791 471 2818 in
490 2791 520 2818 Β.
542 2792 582 2830 Ε..
597 2791 628 2818 F.
653 2797 681 2820 et
696 2791 936 2830 ﬁtatemisergpl
955 2791 1075 2830 Ιιῃςιίιρρ.

605 135 634 163 ε.
653 134 796 164 JOANNIS
813 134 1058 164 CHRYSOSTOII
1077 134 1235 164 ΑΜΞΗΙΕῬ.
1253 134 1527 164 εοΝετΑΝτιΝοιι.

1872 131 1924 160 διεδ

1099 193 1167 220 ἀλλὰ
1185 194 1249 226 τοὺς
1274 193 1435 228 κατέχοντας
1453 192 1501 219 καὶ
1522 192 1720 226 δεσμεύονταςς
1741 186 1772 218 οὖ
1788 189 1814 216 τί
1828 188 1925 225 γένοιτ’

1099 234 1131 261 ἂν
1147 235 1320 270 καινότερον;
1336 235 1372 261 Σὺ
1389 234 1515 269 κατέχεις
1536 233 1584 260 καὶ
1607 232 1764 267 διαπορεῖςς
1783 230 1839 258 Καὶ
1854 231 1925 267 μάλα

1099 276 1221 308 εἰκότως.
1243 276 1351 311 Ἐπειδὴ
1363 275 1418 311 γὰρ
1431 276 1478 302 ἐπὶ
1492 276 1541 310 τῆς
1555 274 1668 309 ψάμμου
1681 273 1770 299 πάντα
1783 272 1921 308 ᾠκοδόμη-

1100 326 1159 351 σαν,
1169 318 1212 344 διὰ
1223 318 1302 344 τοῦτο
1314 318 1360 345 καὶ
1374 317 1560 352 ἀσθενέστεροι
1575 317 1682 343 πάντων
1693 313 1773 350 ἦσαν.
1790 314 1839 341 Διά
1849 314 1926 340 τοῦτο

1099 359 1146 386 καὶ
1163 359 1243 386 πάλιν
1260 359 1351 392 ἐλεγον
1363 367 1370 374 ·
1391 358 1421 386 Τί
1437 358 1546 385 ποιεῖτε
1562 357 1745 391 ,βουλόμενοι
1768 355 1927 391 ἐπαγαγεῖν

1098 401 1144 435 ἐφ’
1157 401 1236 436 ἡμᾶς
1248 401 1281 428 τὸ
1294 399 1366 436 αἷμα
1384 400 1436 427 τοῦ
1450 399 1606 433 ἀνθρώπου
1620 399 1726 425 τούτου
1738 406 1748 430 ;
1762 397 1795 424 Τί
1813 405 1878 432 φησι
1893 397 1926 429 ³¹;

1099 443 1135 469 Σὺ
1152 442 1302 478 μαστίζεις,
1329 441 1376 469 xal
1393 442 1424 468 σὺ
1442 441 1528 476 φοϐῇ;
1545 441 1577 467 σὺ
1593 438 1767 475 ὲπηρεάζεις,
1783 439 1873 465 καὶσὺ
1886 437 1928 464 δέ·

1098 484 1207 517 δοικας;
1225 483 1257 510 σὺ
1273 483 1376 518 κρίνεις
1387 503 1394 515 ,
1415 483 1462 509 καὶ
1479 483 1510 509 σὺ
1525 482 1635 518 τρέμεις
1648 490 1656 514 ',
1673 480 1765 512 οὕτως
1779 479 1895 515 ἀσθενὴς
1911 479 1928 513 ἡ

1100 524 1194 552 κακία.
1215 524 1285 550 Ἀλλ’
1299 524 1348 558 οὐχ
1359 525 1383 550 οἱ
1398 523 1540 550 ἀπόστολοι
1554 522 1639 554 οὓτως
1650 531 1658 538 ο
1676 522 1743 550 ἀλλά
1758 521 1815 554 πῶς
1830 520 1872 553 ³¹;
1887 522 1928 547 Οὺ

1098 566 1249 602 δυνάμεθα
1263 566 1349 602 ἡμεῖς
1364 565 1382 592 ἆ
1396 565 1515 600 εἴδομεν
1529 564 1552 580 ³³
1567 564 1615 591 καί
1631 563 1804 598 ἠκούσαμεν
1818 562 1860 598 μὴ
1874 563 1927 589 ,ια-

1100 608 1176 636 λεῖν.
1204 606 1281 639 Εἶδες
1304 608 1430 644 φρόνημα
1450 606 1568 642 ὑψηλῶς
1584 603 1652 637 εῐδες
1675 606 1777 641 πέτραν
1800 604 1929 640 κυμάτων

1099 649 1313 684 καταγελῶσαν;
1331 648 1400 681 εἶδες
1424 648 1512 675 οἰκίαν
1528 648 1651 675 ἄσειστον
1665 655 1673 680 ;
1697 647 1751 673 Kal
1765 647 1796 673 16
1814 646 1846 681 δὴ
1863 646 1929 672 θαυ-

1101 690 1265 726 μαστότερον
1277 710 1285 722 ,
1299 690 1340 716 ὅτι
1353 690 1383 716 οὺ
1402 689 1481 725 μόνον
1495 688 1556 716 οὐδὲ
1573 688 1693 722 ἐγίνοντο
1707 687 1784 714 αὐτοὶ
1797 686 1879 713 δειλοὶ
1892 686 1927 712 δι’

1099 730 1173 766 [5051
1187 729 1224 758 ὧν
1237 730 1445 757 ἐπεϐουλεύοντο
1455 751 1463 763 ,
1479 730 1536 756 ἀλλ’
1552 730 1592 756 ὅτι
1611 730 1657 756 καὶ
1672 729 1763 756 πλεῖον
1779 728 1930 763 ἐλάμϐανον

1099 773 1208 808 θάρσος,
1226 773 1368 804 κάκείνους
1379 773 1419 804 εἰς
1436 772 1546 807 μείζονα
1559 771 1683 798 ἐνέϐαλον
1693 771 1716 786 ³⁸
1727 771 1857 805 ἀγωνίαν,
1875 769 1931 797 Καὶ

1098 815 1152 850 γὰρ
1166 815 1180 841 6
1195 815 1239 842 16v
1256 815 1397 850 ἀδάμαντα
1412 814 1549 849 πλήττων,
1564 813 1645 844 αὑτός
1661 814 1733 839 ἐστιν
1748 813 1763 838 6
1778 812 1931 847 πληττόμε-

1098 865 1142 888 νος
1153 864 1160 871 ·
1177 857 1224 883 καὶ
1245 858 1259 884 6
1277 856 1313 883 τὰ
1327 856 1428 891 κέντρα
1445 854 1591 895 λακτίζων,
1611 854 1690 886 αὐτός
1712 855 1785 880 ἐστιν
1797 855 1811 880 6
1824 852 1932 880 κεντού-

1099 907 1188 934 μενος,
1211 899 1258 926 καὶ¹
1279 898 1313 925 τά
1327 897 1433 934 χαλεπά
1453 897 1595 932 δεχόμενος
1607 896 1753 932 τραύματα
1763 904 1770 911 ·
1786 895 1834 922 καὶ
1847 895 1861 921 6
1876 896 1932 925 τοῖς

1097 939 1237 974 ὲναρέτοις
1257 938 1451 969 ἐπιϐουλεύων,
1467 938 1548 970 αὑτός
1567 938 1640 964 ἐστιν
1660 939 1674 964 6
1698 937 1869 964 κινδυνεύων.
1899 936 1931 963 'H

1098 980 1153 1016 γὰρ
1168 981 1252 1007 κακία
1266 979 1386 1015 τοσούτῳ
1406 980 1506 1015 μᾶλλον
1524 979 1704 1012 ἀσθενεστέρα
1726 979 1844 1013 γίνεται,
1862 978 1932 1013 ὅσῳ-

1098 1031 1150 1058 περ
1164 1022 1196 1049 ἂν
1213 1021 1280 1057 πρὸς
1296 1021 1344 1058 τὴν
1358 1021 1458 1056 ἀρετὴν
1473 1021 1690 1056 παρατάττηται.
1711 1020 1765 1046 Καὶ
1780 1019 1905 1055 καθάπερ
1917 1019 1933 1045 ὸ

1098 1063 1154 1099 πῦρ
1173 1064 1201 1089 ἐν
1217 1063 1316 1098 ίματίῳ
1330 1062 1447 1097 δεσμῶν,
1467 1063 1516 1098 τὴν
1544 1062 1592 1097 μὲν
1610 1062 1695 1096 φλόγα
1710 1061 1760 1088 οὐκ
1775 1062 1880 1092 ἔσϐεσε,
1902 1060 1933 1087 τὸ

1097 1105 1125 1131 δὲ
1153 1104 1257 1139 ἱμάτιον
1280 1104 1448 1139 ἐδαπάνησεν
1470 1112 1477 1118 ·
1502 1103 1588 1134 οὕτως
1608 1104 1622 1130 6
1643 1104 1700 1135 τοῖς
1723 1103 1862 1139 ἐναρέτοις
1885 1103 1933 1129 ὲπ-

1097 1144 1232 1180 ηρεάζων,
1245 1145 1292 1172 καὶ
1304 1144 1436 1180 κατέχων,
1451 1144 1498 1171 καὶ
1511 1143 1659 1179 δεσμεύων,
1668 1144 1788 1176 ἐκείνους
1805 1144 1853 1179 μὲν
1863 1144 1934 1179 λαμ-

1098 1187 1247 1223 προτέρους
1254 1186 1412 1222 εἰργάσατο,
1428 1186 1523 1213 ἐαυτὸν
1533 1186 1560 1212 δὲ
1574 1186 1700 1221 ἠφάνισε.
1719 1186 1774 1212 Καὶ
1785 1185 1838 1221 γὰρ
1851 1185 1900 1212 ὅσα
1910 1184 1933 1201 ³³

1099 1228 1132 1255 ἂν
1145 1227 1218 1254 δεινά
1234 1227 1323 1263 πάθῃς
1337 1227 1465 1259 ἐπιεικῶς
1479 1227 1543 1260 ζῶν,
1560 1226 1678 1262 τοσούτῳ
1695 1227 1811 1262 γέγονας
1823 1227 1932 1262 ίσχυρό-

1099 1278 1176 1306 τερος
1187 1277 1193 1283 ·
1210 1269 1265 1304 ὅσῳ
1279 1270 1333 1304 γὰρ
1344 1268 1468 1304 τιμῶμεν
1479 1269 1501 1284 ⁸⁸
1519 1268 1686 1304 φιλοσοφίαν,
1703 1268 1820 1304 τοσούτῳ
1833 1269 1933 1304 μᾶλλον

1098 1311 1204 1343 οὐδενὸς
1218 1311 1370 1347 δεησόμεθα
1383 1319 1390 1326 ·
1407 1310 1454 1337 καὶ
1464 1312 1518 1346 ὅσῳ
1533 1311 1565 1337 ἂν
1578 1310 1691 1346 μηδενὸς
1707 1310 1856 1346 δεηθῶμεν,
1869 1319 1932 1336 τοσ-

1101 1352 1173 1388 ούτῳ
1193 1353 1292 1388 μᾶλλον
1309 1353 1413 1388 ἰσχυροὶ
1439 1351 1570 1386 γινόμεθα
1594 1352 1640 1378 καὶ
1662 1351 1769 1379 πάντων
1790 1351 1932 1387 ἀνώτεροι.

1099 1394 1225 1426 Τοιοῦτος
1236 1394 1258 1414 ³⁷
1265 1391 1299 1430 ἦν
1307 1395 1321 1420 ὁ
1335 1394 1461 1428 Ἰωάννης
1471 1400 1478 1407 ·
1493 1393 1533 1420 διὸ
1545 1394 1646 1420 ἐκεῖνον
1662 1394 1711 1429 μὲν
1723 1393 1809 1426 οὐδεὶς
1828 1393 1932 1426 ἐλύπει,

1100 1436 1181 1468 αὐτὸς
1192 1436 1220 1463 δέ
1235 1435 1329 1462 ἐλύπει
1343 1435 1388 1462 τδν
1416 1434 1537 1471 Ἡρώδην
1551 1443 1557 1449 ·
1574 1435 1622 1461 καὶ
1638 1436 1652 1461 6
1672 1435 1723 1470 μὲν
1743 1435 1825 1471 μηδὲν
1847 1435 1929 1471 ἔχων,

1100 1477 1282 1513 κατεξανέστη
1303 1476 1350 1504 τοῦ
1366 1477 1544 1513 κρατοῦντος·
1562 1478 1576 1503 6
1596 1477 1623 1503 δὲ
1639 1477 1755 1512 διάδημα
1773 1477 1819 1504 καὶ
1836 1477 1934 1513 ἀλουρ-

1101 1520 1163 1554 γίδα
1182 1520 1228 1546 καὶ
1242 1519 1342 1555 μυρίαν
1353 1518 1503 1553 φαντασίαν
1516 1518 1757 1554 περιϐεϐλημένος,
1775 1519 1870 1554 τρέμει
1886 1519 1935 1546 καὶ

1099 1562 1201 1588 δέδοικε
1211 1562 1256 1588 16v
1266 1561 1375 1588 πάντων
1388 1561 1608 1595 γεγυμνωμένον,
1617 1561 1664 1587 καὶ
1673 1560 1732 1586 οὐδὲ
1740 1561 1934 1595 ἀποτετμημέ-

1100 1612 1145 1630 νον
1159 1605 1208 1638 τὴν
1226 1603 1346 1638 κεφαλὴν
1359 1603 1444 1634 ἀδεῶς
1460 1602 1522 1629 ἰδεῖν
1535 1602 1644 1628 ἐδύνατο
1659 1602 1691 1628 ³’⁸.
1707 1601 1770 1629 Ὀτι
1781 1602 1836 1638 γὰρ
1850 1602 1897 1628 καὶ
1911 1602 1934 1618 ⁸’

1102 1646 1172 1681 μετά
1191 1645 1320 1680 τελευτὴν
1340 1644 1498 1679 ἀκμάζοντα
1517 1642 1573 1679 εἶχε
1593 1644 1638 1670 τὸν
1655 1644 1738 1679 φόϐον
1749 1664 1757 1676 ,
1773 1645 1888 1671 ἄκουσον
1903 1644 1930 1671 τί

1101 1695 1182 1722 φησιν
1195 1695 1201 1702 ·
1221 1684 1314 1719 οὗτός
1328 1686 1413 1712 ἐστιν
1427 1686 1444 1712 ό
1466 1684 1614 1718 Ἰωάννης,
1627 1685 1663 1711 ὂν
1681 1685 1802 1712 ἀνεῖλον
1818 1685 1884 1720 ἐγώ.
1896 1686 1935 1712 T6

1100 1729 1129 1755 δέ
1138 1748 1146 1759 ,
1171 1728 1310 1759 Ἀνεῖλον,
1323 1728 1374 1753 οὐκ
1389 1727 1569 1762 ἐπαιρομένου
1580 1725 1624 1762 ἦν,
1642 1727 1709 1753 ἀλλά
1723 1727 1768 1753 τὸν
1782 1727 1863 1762 φόϐον
1879 1737 1935 1754 πα-

1103 1769 1317 1806 ραμυθουμένου,
1335 1768 1382 1795 καὶ
1400 1768 1539 1799 πείθοντος
1554 1768 1602 1804 τὴν
1625 1768 1714 1803 ψυχὴν
1732 1768 1780 1803 τὴν
1794 1777 1928 1804 ταραττο-

1105 1812 1188 1848 μένην
1203 1810 1419 1846 ἀναμνησθῆναι,
1434 1810 1474 1836 ὅτι
1488 1809 1567 1841 αὐτὸς
1583 1809 1663 1836 αὑτὸν
1679 1809 1790 1844 ἔσφαξε.
1808 1810 1934 1845 Τοσαύτη

1102 1854 1151 1888 τῆς
1166 1852 1265 1888 ἀρετῆς
1276 1853 1292 1886 ὴ
1309 1852 1394 1886 ίσχὺς,
1410 1850 1450 1876 ὃτι
1464 1851 1510 1876 καὶ
1524 1850 1593 1885 μετά
1612 1850 1739 1884 τελευτὴν
1753 1851 1806 1877 τῶν
1822 1850 1932 1882 ζώντων

1101 1894 1158 1920 ἐστὶ
1174 1893 1355 1928 δυνατωτέρα.
1383 1891 1431 1918 Διά
1446 1892 1478 1926 δὴ
1501 1891 1580 1917 τοῦτο
1602 1892 1649 1918 καὶ
1667 1892 1749 1926 ήνίκα
1765 1892 1811 1928 ἔζη
1824 1913 1831 1925 ,
1856 1894 1882 1919 οί
1900 1894 1936 1919 τὰ

1102 1935 1186 1962 πολλά
1204 1934 1366 1969 κεκτημένοι
1388 1934 1516 1968 χρήματα
1534 1933 1604 1968 πρὸς
1619 1933 1700 1960 αὑτὸν
1713 1933 1854 1969 ἐρχόμενοι
1875 1934 1935 1960 ἐλε-

1102 1985 1149 2011 γον
1162 1985 1168 1993 ·
1195 1977 1225 2003 Tl
1246 1975 1412 2010 ποιήσομεν
1428 1976 1450 1990 ⁸⁰
1463 1983 1470 2007 ς
1487 1975 1612 2002 Τοσαῦτα
1625 1975 1712 2010 ἔχετε.
1732 1976 1780 2002 καὶ
1796 1976 1871 2012 παρά
1886 1976 1934 2003 τοῦ

1106 2018 1189 2054 μηδὲν
1200 2018 1305 2053 ἔχοντος
1322 2016 1447 2052 βούλεσθε
1464 2016 1559 2051 μαθεῖν
1570 2016 1619 2051 τῆς
1635 2017 1770 2052 ὑμετέρας
1784 2018 1935 2054 εὐημερίας

1103 2061 1154 2096 τὴν
1167 2059 1243 2091 όδόν;
1260 2059 1334 2093 παρά
1353 2057 1399 2085 τοῦ
1419 2058 1534 2093 πένητος
1546 2058 1570 2084 οἱ
1588 2058 1780 2092 πλουτοῦντες;
1798 2060 1874 2095 παρά
1886 2060 1934 2089 τοῦ

1106 2102 1173 2138 μηδέ
1187 2102 1209 2118 ⁸¹
1224 2101 1312 2128 οὶκίαν
1327 2101 1434 2136 ἔχοντος
1456 2101 1481 2127 οί
1498 2100 1726 2135 στρατευόμενοι;
1747 2100 1873 2131 Τοιοῦτος
1886 2102 1935 2128 καὶ

1102 2144 1117 2170 ό
1135 2143 1226 2174 Ἠλίας
1234 2141 1267 2179 ἦν
1276 2151 1283 2158 ’
1296 2142 1335 2170 διὸ
1347 2142 1394 2169 καὶ
1409 2141 1476 2176 μετὰ
1490 2142 1538 2177 τῆς
1549 2141 1632 2176 αὐτῆς
1642 2142 1796 2178 παρρησίας
1808 2143 1847 2178 τῷ
1856 2143 1935 2178 δήμῳ

1103 2184 1246 2218 διελέγετο.
1279 2183 1309 2210 ’0
1332 2183 1381 2218 μὲν
1403 2183 1456 2219 γὰρ
1478 2183 1574 2216 ἐλεγε,
1596 2183 1771 2218 Γεννήματα
1791 2184 1933 2218 ἐχιδνῶν·

1103 2223 1179 2257 οὗτος
1193 2225 1237 2258 δέ,
1256 2225 1330 2257 Ἕως
1346 2225 1417 2251 πότε
1433 2223 1592 2259 χωλανεῖτε
1610 2224 1655 2250 ἐπ’
1671 2224 1848 2259 ἀμφοτέραις
1870 2226 1935 2259 ταῖς

1105 2267 1220 2302 ιγνύαις
1234 2265 1334 2300 ὺμῶν;
1349 2266 1403 2292 Καὶ
1422 2267 1435 2291 6
1452 2265 1500 2301 μὲν
1518 2265 1626 2299 ἔλεγεν,
1648 2266 1830 2300 Ἐφόνευσας
1847 2267 1869 2282 ⁵³
1885 2267 1934 2293 καὶ

1103 2307 1350 2341 ἐκληρονόμησας
1362 2315 1369 2322 ·
1386 2307 1400 2333 6
1414 2306 1441 2332 δὲ
1466 2306 1557 2340 ἔλεγεν
1568 2326 1574 2338 ,
1594 2308 1654 2333 οὐκ
1668 2307 1769 2339 ἔξεστί
1783 2315 1832 2334 σοι
1852 2307 1936 2343 ἔχειν

1103 2348 1162 2382 τὴν
1182 2348 1308 2383 γυναῖκα
1325 2348 1475 2374 Φιλίππου
1489 2348 1543 2375 τοῦ
1558 2348 1690 2382 ἀδελφοῦ
1707 2356 1773 2375 σου.
1794 2347 1869 2381 Εἶδες
1885 2350 1935 2384 τὴν

1105 2391 1224 2425 πέτραν;
1242 2387 1311 2420 εἶδες
1323 2390 1372 2424 τὴν
1391 2389 1518 2424 ψάμμον;
1534 2390 1592 2421 πῶς
1609 2390 1726 2421 εὐκόλως
1747 2391 1911 2418 καταπίπτει
1926 2400 1934 2424 ς

1104 2432 1163 2463 πῶς
1177 2432 1245 2458 εῐκει
1257 2432 1316 2463 ταῖς
1327 2432 1495 2466 συμφοραῐςς
1510 2431 1568 2462 πῶς
1580 2432 1783 2467 περιτρέτκται,
1797 2432 1848 2459 κᾶν
1866 2433 1935 2467 μετά

1105 2473 1248 2509 βασιλέως,
1266 2473 1316 2499 κᾶν
1337 2473 1404 2507 μετά
1424 2473 1541 2508 πλήθους
1553 2471 1581 2510 ᾖ,
1598 2473 1647 2500 κᾶν
1663 2474 1732 2508 μετά
1751 2473 1911 2506 δυναστείας
1925 2483 1933 2506 ς

1111 2515 1249 2542 Ἀπάντων
1271 2513 1323 2549 γὰρ
1344 2513 1406 2545 τοὺς
1431 2514 1571 2549 μετιόντας
1592 2514 1675 2550 αὐτὴν
1694 2514 1937 2551 ἀναισθητοτέρους

1104 2558 1185 2583 ποιεῖ.
1209 2556 1263 2582 Καὶ
1285 2556 1344 2582 οὐδὲ
1361 2555 1454 2587 ἁπλῶς
1476 2557 1653 2588 καταπίπτει,
1669 2557 1737 2583 ἀλλὰ
1752 2557 1822 2591 μετὰ
1837 2558 1937 2593 πολλῆς

1104 2598 1153 2631 τῆς
1172 2597 1323 2633 συμφορᾶς.
1338 2597 1393 2624 Καὶ
1403 2598 1456 2633 γὰρ
1470 2598 1493 2613 ⁸⁸
1507 2596 1555 2633 ἦν,
1571 2598 1663 2634 φησὶν,
1681 2599 1698 2632 ἡ
1716 2597 1829 2631 πτῶσις
1841 2598 1937 2632 αὐτῆς

1102 2638 1230 2674 μεγάλη.
1249 2638 1317 2665 Οὺδέ
1332 2639 1386 2674 γὰρ
1403 2639 1472 2675 ὑπὲρ
1483 2638 1538 2666 τῶν
1551 2639 1686 2675 τυχόντων
1700 2640 1714 2666 6
1728 2639 1861 2672 κίνδυνος,
1878 2640 1936 2667 ἀλλ’

783 2686 806 2702 ²¹
821 2685 876 2712 Καὶ
903 2694 958 2713 om.
985 2687 1017 2712 Δ.
1033 2684 1130 2712 Totum
1160 2683 1363 2721 commajecst
1384 2684 1410 2711 in
1423 2685 1477 2721 VB,
1492 2684 1524 2721 ε,
1542 2684 1581 2721 νΙ).
1611 2685 1690 2721 Εκηοι
1708 2685 1814 2721 duobus
1831 2685 1936 2721 Mosqq.

223 2719 404 2752 Poslerio'rem
428 2725 542 2756 partem,
564 2729 624 2755 qua:
644 2729 660 2749 a
683 2730 711 2748 ν.
731 2721 806 2753 ὅστις
827 2721 930 2756 incipit,
947 2728 1002 2748 om.
1026 2721 1053 2747 A.

226 2760 258 2782 Λ.
291 2757 314 2774 ³⁸
332 2757 378 2782 καὶ
391 2764 445 2782 om.
470 2756 499 2782 Β.
513 2756 544 2782 C.
566 2757 596 2782 Ε.
634 2757 657 2773 ¹⁸
669 2756 710 2782 161
726 2765 752 2782 τι
763 2757 796 2782 Δ.
812 2755 843 2782 16
861 2764 914 2782 om.
931 2756 962 2782 Ρ.
1001 2756 1022 2770 ’⁷
1038 2763 1053 2781 τ

1104 2727 1140 2747 ml
1164 2720 1250 2747 tribus
1268 2719 1370 2754 Mosqq.
1408 2720 1431 2736 "
1451 2720 1500 2755 τῆς
1512 2719 1625 2756 ψάμμου
1641 2720 1671 2748 Ε.
1720 2722 1744 2736 ’⁸
1755 2720 1801 2747 16v
1817 2721 1888 2748 τοιοῠ

1103 2755 1128 2782 οΙ
1148 2755 1178 2781 16
1193 2754 1258 2781 αὐτὸ
1274 2754 1340 2781 Edd.
1379 2754 1402 2769 ’⁸
1417 2755 1498 2781 αὑτοῦ
1519 2763 1574 2782 om.
1590 2755 1619 2782 Β.
1640 2755 1670 2782 F.
1708 2756 1730 2771 "
1743 2755 1830 2782 Verba
1850 2756 1875 2782 οἱ

1720 2722 1744 2736 ’⁸
1755 2720 1801 2747 16v
1817 2720 1937 2748 τοιοῦτον

1379 2754 1402 2769 ’⁸
1417 2755 1498 2781 αὑτοῦ
1519 2754 1619 2782 οιιὶξΒ.
1640 2755 1670 2782 F.
1708 2756 1730 2771 "
1743 2755 1830 2783 Verba
1850 2756 1875 2782 οἱ
1890 2757 1940 2783 ἐπὶ

1125 2790 1136 2806 ⁸
1151 2791 1306 2826 ποιήσωμεν
1331 2789 1360 2816 Β.
1378 2789 1410 2826 Ι),
1426 2789 1467 2826 1";
1480 2790 1515 2826 ρξ’
1531 2790 1556 2816 τί
1570 2799 1635 2826 φησι
1654 2799 1709 2826 οιιιἶ
1735 2791 1766 2817 1).
1790 2791 1816 2817 in
1830 2793 1938 2819 caeteris

1148 2755 1178 2781 16
1193 2754 1258 2781 αὐτὸ
1274 2754 1340 2781 Edd.

225 2825 254 2856 τί
266 2825 368 2855 Δέεειιε
385 2826 433 2854 sed
450 2831 561 2862 l_uentur
576 2825 767 2862 lnLerpprm
780 2826 866 2862 δέδιας
882 2826 948 2862 Edd.
986 2826 1008 2841 "
1023 2825 1053 2852 νε

1101 2834 1110 2852 ω
1127 2825 1194 2862 ἀλλὰ
1210 2825 1380 2862 πῷς-ιίεξυιιι
1399 2825 1426 2862 i_n
1447 2825 1537 2862 Edd._
1554 2826 1577 2841 ³⁸
1593 2825 1711 2862 είδομεν]
1725 2826 1936 2862 νοῖδαμεννΔγυ.

226 2865 258 2891 1).
274 2862 436 2899 ἑωράκαμεν
453 2860 482 2888 F.
519 2862 543 2877 "
555 2860 696 2889 ἐνέϐαλλον
709 2861 739 2888 Β.
757 2862 788 2888 ι).
806 2861 837 2888 F.
876 2861 898 2877 ³⁸
911 2861 965 2896 ὅσῳ

229 2899 350 2926 lnternn.
388 2897 409 2913 ³⁷
423 2896 560 2926 Τοιοῦτοςῖ
579 2897 672 2926 οὓτως
686 2896 753 2924 Edd.
791 2896 813 2912 ³³
825 2895 935 2922 δύναται
950 2897 965 2922 Β

243 2905 350 2933 nlerpp.

985 2861 1018 2887 A.
1061 2860 1083 2876 “
1107 2860 1229 2895 τιμῶμεν

388 2895 409 2932 ξ’
423 2896 560 2932 Τοιοῦτος]
579 2897 672 2928 οὓτως
686 2896 753 2924 Edd.
791 2896 816 2932 ’ἢ
821 2895 935 2932 δύναται
950 2897 978 2923 Β.
990 2895 1017 2922 E.
1030 2931 1035 2932 γ
1059 2895 1080 2932 "_
1097 2896 1141 2922 καὶ
1156 2903 1211 2932 om,

1267 2858 1300 2885 ἂν
1321 2859 1498 2894 ἐπιτείνωμεν
1518 2859 1547 2887 F.
1565 2865 1592 2888 el
1607 2858 1744 2888 sic‘edidit
1766 2858 1829 2888 εον.
1843 2861 1938 2889 invitis

1253 2914 1259 2921 .
1268 2894 1299 2920 Ο.
1355 2894 1391 2932 _|“.
1410 2895 1478 2932 μετὰ
1491 2894 1539 2932 τὴν
1556 2895 1684 2932 τελευτὴν
1697 2897 1730 2922 Α.
1745 2895 1776 2922 F.
1814 2895 1838 2911 "
1855 2897 1936 2932 ποιή-

231 2928 365 2969 σωμεῖίΒ.
380 2931 411 2958 F.
448 2931 469 2949 ⁵³
489 2928 568 2969 μηδὲ]
585 2933 643 2959 οὐδὲ
663 2932 728 2960 Edd.
766 2931 789 2948 δ’
806 2931 867 2958 Vid.
885 2931 976 2958 adnol.
1015 2931 1053 2947 δ”

1101 2942 1103 2954 ι
1122 2937 1176 2957 om.
1197 2931 1230 2957 Α.
1247 2928 1364 2965 μεγάλη]
1385 2928 1448 2957 add.
1474 2928 1575 2965 σφόδρα
1602 2928 1670 2958 Εάάζ
1696 2935 1790 2958 contra
1805 2937 1883 2959 meos
1908 2928 1937 2959 ἐι

231 2968 333 3004 Mosqq.
345 2974 448 2995 omnes.
