2067 3132
207 137 260 165 325

209 193 259 221 hoc
279 192 359 220 etiam
380 199 450 219 nunc
473 190 571 223 dicam,
590 196 624 216 ex
649 192 761 222 utroque
781 187 893 214 salutem
917 184 995 211 audi-

209 245 294 266 torum
308 239 405 273 ubique
417 241 552 272 operatur,
567 243 601 263 ex
618 233 722 261 virtutis
739 232 838 264 studio,
852 236 879 258 et
889 238 921 258 ex
936 230 998 256 odio

208 285 342 320 nequitiae.
357 284 426 317 Quia
441 283 513 311 enim
534 281 641 317 quidam
663 279 742 307 futuri
765 282 843 306 erant
863 277 909 312 qui
924 276 996 303 dicta

209 331 317 366 quidem
341 335 515 361 mirarentur,
540 335 625 363 neque
646 332 734 354 tamen
758 326 827 353 bona
843 323 999 352 exhiberem

207 385 300 411 opera,
313 377 373 404 illos
386 375 556 412 praeveniens
568 378 651 402 terret
670 380 702 400 ac
715 372 781 399 dicit
795 380 801 398 :
818 370 922 398 etiamsi
937 369 999 404 pul-

207 425 271 451 chra
282 424 335 451 sint
344 430 376 451 ea
390 430 450 458 qua:
467 421 603 452 dicuntur,
618 427 671 446 non
684 417 809 446 sufﬁcere
821 422 910 443 tamen
922 415 1000 442 audi-

209 475 263 497 lum
278 469 311 497 ad
321 470 450 506 salutem,
464 467 511 495 sed
527 471 652 502 oportere
667 473 715 501 per
727 472 808 500 opera
817 463 927 498 obsequi
941 472 946 488 :
960 467 1001 489 to-

208 522 264 544 tum
278 520 366 543 autem
380 515 431 542 hac
455 515 481 541 in
502 521 531 541 re
550 513 683 548 prmcipne
697 517 828 539 versatur.
853 510 941 544 Atque
956 509 1001 536 hic

209 569 359 590 sermonem
375 560 511 588 concludit
524 580 531 593 ,
545 559 716 594 validumque
736 558 801 592 ipsis
817 557 942 584 timorem
954 563 999 583 re-

209 607 316 643 linquit.
330 606 558 641 Quemadmodum
571 606 642 632 enim
652 625 661 638 ,
676 611 736 632 cum
751 603 785 631 de
798 603 895 630 virtute
909 609 1000 637 agere-

209 659 263 686 tur,
277 661 330 681 non
352 653 437 680 solum
464 660 496 680 ex
513 652 606 679 futuris
622 651 757 683 incitabat,
771 658 880 685 regnum
895 656 999 677 memo-

209 707 283 731 rans,
297 699 387 731 caelos,
403 698 554 726 mercedem
568 697 728 725 ineffabilem
739 717 746 729 ,
763 696 975 724 consolationem
989 715 997 727 ,

209 752 402 780 mnumeraque
426 744 507 775 bona,
534 743 580 771 sed
594 743 674 770 etiam
696 750 711 769 a
737 741 924 777 praesentibus,
938 741 1000 768 dum

210 791 363 818 ﬁrmitatem
378 790 646 823 immobilitatemque
666 793 749 823 petrte
768 786 906 815 ostendit:
923 786 961 814 sic
974 790 1001 812 et

210 844 271 864 cum
287 835 321 863 de
332 835 433 863 malitia
455 835 542 870 agitur
552 855 559 868 ,
574 841 627 861 non
650 833 729 861 modo
742 837 825 861 terret
845 832 880 859 ab
895 832 927 859 iis
941 838 1000 866 quae

209 886 406 917 exspectantur,
421 886 450 908 ut
460 881 495 908 ab
508 880 597 907 excisa
611 879 707 907 arbore
717 900 725 911 ,
745 880 806 914 igne
827 878 1000 912 inexstingui-

210 928 268 961 bili,
283 928 403 962 ingressu
418 926 494 962 regni
508 925 663 957 intercluso,
674 924 708 952 ab
719 924 770 952 hoc
779 923 862 955 dicto.
875 922 935 950 Non
942 922 1000 949 novi

210 983 253 1002 tros
264 981 274 1006 ;
287 973 332 1000 sed
344 973 423 1000 etiam
438 980 472 999 ex
484 971 662 1007 praesentibus
672 991 679 1002 ,
694 976 791 1004 nempe
813 976 847 997 ex
861 969 937 996 ruina
951 967 998 995 do.

208 1027 281 1048 mus.
295 1019 411 1053 Ideoque
424 1026 484 1046 cum
505 1017 600 1052 majori
622 1015 744 1051 emphasi
757 1022 909 1043 sermonem
925 1014 1000 1042 insli-

210 1068 272 1097 tuit,
288 1063 412 1099 parabola
437 1063 510 1090 illuxit
526 1069 669 1089 exornans.
688 1061 746 1089 Non
769 1061 841 1088 enim
864 1061 929 1088 satis
945 1065 1003 1088 erat

211 1111 323 1143 dixisse,
337 1110 434 1137 virtute
448 1107 588 1143 praeditum
612 1107 741 1134 invictum
767 1107 836 1140 fore,
851 1106 1001 1142 improhutn

212 1162 292 1192 captu
310 1156 434 1188 facilem;
448 1155 495 1183 sed
510 1158 612 1189 petram
627 1154 726 1189 posuit,
739 1153 861 1185 domum,
877 1152 999 1185 flumina,

213 1204 329 1239 pluviam
344 1207 371 1230 et
384 1207 505 1235 ventum,
514 1209 547 1228 ac
559 1200 666 1228 similia.
678 1200 724 1228 26.
741 1199 840 1232 Omnis,
855 1199 950 1234 inquit,
961 1199 1004 1234 qui

212 1250 284 1276 audit
297 1257 423 1276 sermones
435 1248 480 1275 hos
493 1255 572 1280 meos,
587 1251 610 1273 et
624 1255 675 1274 non
690 1247 751 1282 facit
762 1254 815 1278 eos,
824 1245 1005 1273 assinu'labitur

213 1296 268 1322 uiro
285 1295 373 1327 stulto,
387 1294 430 1329 qui
445 1293 579 1328 adiﬁcavit
592 1293 695 1320 domum
708 1300 781 1320 suam
797 1299 873 1326 super
890 1299 1003 1318 arenam.

215 1341 298 1368 Recte
316 1343 404 1367 autem
420 1339 530 1366 stultum
551 1338 622 1366 hunc
635 1338 748 1366 vocavit.
768 1337 837 1371 Quid
848 1337 919 1365 enim
935 1336 1005 1364 stul-

215 1387 267 1413 tius
282 1385 361 1414 fuerit
373 1385 481 1413 homine
493 1392 574 1420 super
587 1392 696 1413 arenam
711 1384 876 1418 ardiﬁcante,
891 1388 918 1412 et
929 1383 1004 1411 labo-

215 1440 272 1459 retn
282 1431 390 1467 quidem
406 1431 508 1458 ferente
519 1451 528 1464 ,
545 1431 629 1458 fructu
644 1438 709 1459 vero
726 1434 754 1458 et
768 1431 859 1465 requie
872 1437 933 1458 sese
945 1429 1002 1465 pri-

216 1483 313 1511 vante,
327 1485 429 1514 proque
445 1477 494 1505 hac
506 1485 536 1505 re
557 1477 715 1512 supplicium
737 1477 907 1505 sustinente?
928 1477 1004 1512 Quod

216 1530 306 1552 autem
319 1525 337 1551 ii
359 1524 403 1559 qui
425 1524 549 1559 nequitia:
572 1531 602 1551 se
625 1523 726 1551 dedunt
744 1523 880 1555 laborent,
903 1523 1005 1550 nemini

217 1579 270 1598 non
284 1575 375 1598 notum
389 1575 431 1597 est
447 1579 453 1597 :
467 1578 527 1597 nam
539 1574 641 1604 raptor,
656 1569 803 1602 adulteros,
819 1568 985 1605 sycophanta
995 1589 1002 1601 ,

217 1617 330 1645 multum
353 1616 475 1644 laborant
501 1616 636 1651 multaque
655 1615 798 1648 sustinent,
824 1619 854 1642 ut
879 1614 1007 1642 malitiam

217 1670 293 1690 suam
306 1662 338 1689 ad
353 1662 433 1690 ﬁnem
448 1661 582 1690 deducant
595 1669 603 1693 ;
617 1660 664 1689 sed
679 1669 732 1688 non
754 1661 833 1689 modo
853 1661 954 1688 nullum
967 1668 1010 1689 re-

218 1709 308 1736 leruttt
320 1708 445 1738 fructum.
459 1716 550 1735 verum
566 1708 644 1735 etiam
659 1707 784 1735 damnum
795 1708 894 1743 grande
907 1709 1011 1743 patiun-

220 1759 272 1781 tur.
294 1754 358 1781 Nam
386 1758 413 1781 et
437 1753 535 1781 Paulus
560 1753 674 1788 idipsum
702 1754 873 1781 subindicans
885 1754 1008 1782 dicebat:

221 1800 271 1833 Qui
284 1800 390 1827 seminat
404 1800 430 1826 in
440 1808 516 1826 carne
524 1807 580 1831 sua,
598 1799 630 1827 de
641 1807 716 1827 carne
726 1808 772 1827 sua
785 1805 859 1828 metet
872 1802 1011 1836 corruptio-

219 1854 275 1873 nem
285 1846 294 1881 (
304 1845 390 1873 Galat.
403 1847 429 1873 6.
446 1846 462 1874 8
475 1846 496 1882 ).
513 1847 580 1874 lluic
598 1847 699 1874 similes
713 1851 778 1874 sunt
793 1847 838 1882 qui
857 1855 939 1882 super
951 1855 1011 1876 are-

221 1901 282 1920 nam
299 1892 447 1925 aediﬁcant;
460 1893 532 1920 verbi
546 1893 631 1928 gratia
646 1893 692 1928 qui
713 1893 739 1920 in
754 1892 942 1926 fornicatione,
964 1895 1010 1929 qui

221 1941 248 1967 in
261 1939 375 1972 luxnria,
391 1939 436 1974 qui
452 1939 479 1966 in
494 1940 624 1967 ebrietate
635 1940 654 1972 ι,
668 1940 713 1974 qui
725 1940 753 1967 iu
768 1939 914 1973 iracundia,
928 1940 974 1975 qui
985 1941 1010 1967 in

222 1986 281 2013 aliis
293 1985 430 2012 omnibus.

257 2033 285 2060 4.
304 2031 466 2067 Comparatio
477 2031 561 2058 Achab
571 2036 595 2059 et
604 2031 681 2065 Elite,
693 2033 865 2067 apostolorum
875 2038 898 2060 et
907 2033 1013 2061 ἐκάετο-

223 2085 291 2104 rum.
312 2077 490 2113 Apostolorum
513 2077 607 2111 ﬁducia
631 2082 654 2104 et
677 2078 795 2112 ﬁrmitas.
813 2093 848 2099 —-
867 2079 938 2107 Talis
957 2084 1015 2107 erat

223 2123 331 2155 Achab;
352 2123 399 2150 sed
421 2131 473 2150 non
491 2124 550 2151 talis
572 2124 652 2151 Elias.
675 2124 780 2152 Etenim
805 2133 820 2153 e
839 2126 945 2161 regione
963 2134 1013 2162 po—

223 2174 318 2196 nentes
331 2169 440 2196 virtutes
455 2173 483 2196 et
497 2169 559 2196 vitia
571 2190 578 2201 ,
596 2169 698 2197 illorum
712 2170 886 2198 differentiam
905 2179 1014 2199 accura-

225 2214 276 2241 tius
286 2221 468 2249 agnoscemus.
482 2214 528 2242 llle
539 2222 653 2250 namque
661 2223 742 2250 super
753 2221 853 2250 petram
863 2217 1014 2250 :ediﬁcavit,

225 2259 268 2287 hic
282 2267 346 2286 vero
358 2267 439 2294 super
452 2267 561 2287 arenam
579 2269 585 2287 :
605 2260 717 2296 ideoque
731 2269 778 2289 rex
792 2270 854 2289 cum
867 2268 938 2290 esset
951 2271 1014 2298 pro-

225 2305 331 2341 phetam
345 2306 479 2334 metuebat
491 2311 518 2334 et
532 2306 707 2340 formidabat,
722 2309 766 2343 qui
777 2308 904 2343 propheta
919 2311 1015 2338 melote

227 2357 326 2379 tantum
349 2357 409 2380 erat
428 2352 545 2380 indutus.
571 2352 650 2381 Tales
671 2358 747 2381 erant
766 2355 869 2387 Judaei;
893 2356 940 2383 sed
962 2364 1014 2383 non

226 2399 338 2433 apostoli
353 2407 360 2425 :
373 2399 546 2434 quamobrem
560 2399 588 2426 hi
606 2401 681 2434 pauci
699 2408 758 2428 cum
773 2407 863 2429 essent
875 2407 902 2429 et
914 2403 993 2429 vincti
1006 2424 1013 2435 ,

226 2446 378 2474 ﬁrmitatem
393 2450 475 2481 petrae
487 2446 680 2480 ostendebant;
702 2448 738 2475 illi
756 2456 819 2476 vero
832 2449 881 2476 etsi
902 2450 976 2477 multi
989 2454 1017 2477 et

226 2493 339 2526 armati,
360 2493 540 2520 inﬁrmitatem
564 2501 662 2521 arente.
686 2494 814 2522 Dicebant
834 2496 904 2522 enim
926 2497 1017 2529 :Quid

228 2540 348 2575 facimus
365 2539 508 2566 hominibus
521 2540 575 2567 istis
590 2540 599 2574 (
611 2540 666 2566 Act.
680 2540 707 2567 ι.
722 2540 755 2568 16
767 2540 796 2574 )?
813 2541 903 2569 Viden‘
917 2542 975 2569 illos
990 2543 1015 2570 in

227 2585 347 2620 angustia
365 2585 482 2617 versari;
498 2593 550 2612 non
564 2590 653 2613 autem
666 2593 713 2613 eos
732 2587 777 2621 qui
793 2588 889 2622 captivi
902 2592 978 2616 erant
990 2593 1018 2616 et

227 2631 308 2658 vincti
319 2652 326 2663 ,
341 2631 388 2659 sed
402 2631 445 2666 qui
461 2631 616 2659 detinebant
628 2637 654 2659 et
664 2632 824 2660 vinxerant?
837 2642 889 2668 quo
902 2634 964 2669 quid
979 2634 1017 2661 iu-

228 2677 357 2704 Solentius
369 2677 509 2704 videatur?
529 2676 567 2704 Tu
579 2677 684 2705 detines
696 2683 724 2705 et
736 2678 863 2706 dubitas?
881 2679 945 2707 Jure
958 2681 1017 2714 qui-

229 2722 300 2749 dem.
314 2721 381 2756 Quia
395 2723 466 2750 enim
478 2723 568 2749 omnia
583 2730 664 2757 super
681 2731 788 2750 arenam
803 2724 997 2752 atdiﬁcaverant
1009 2735 1017 2758 ;

229 2768 290 2796 ideo
301 2768 461 2796 infirmiores
474 2768 600 2795 omnibus
611 2773 696 2796 erant.
719 2768 819 2796 Idcirco
833 2769 957 2798 dicebant
969 2771 1017 2799 de-

263 2854 271 2869 ¹
289 2857 329 2878 Hae
341 2859 421 2883 voces,
433 2852 511 2885 quiin
524 2851 644 2883 ebrietate,
657 2853 746 2878 desunt
761 2853 785 2878 in
797 2854 877 2879 .noref.

670 131 703 160 IN
723 129 926 159 MATTHIEUM
946 128 1061 158 HOMIL.
1084 127 1177 156 XXIV.
1197 129 1233 154 al.
1256 128 1337 155 XXV.

1787 133 1840 160 326

1050 191 1104 210 nuo
1116 192 1123 210 :
1138 183 1206 217 Quid
1215 185 1299 220 facilis
1309 184 1416 212 volentes
1426 186 1542 213 inducere
1552 195 1627 222 super
1636 196 1681 216 nos
1691 192 1838 223 sanguinem

1049 229 1158 256 hominis
1171 230 1247 265 hujus
1260 230 1328 264 (Act.
1339 230 1366 258 5.
1378 231 1443 266 28)?
1457 231 1523 266 Quid
1537 232 1619 260 dicit?
1631 233 1670 261 Ttt
1683 235 1775 269 crdis,
1788 243 1839 264 Ier-

1049 281 1108 307 res,
1121 275 1209 308 laedis,
1225 281 1251 304 et
1265 281 1292 304 tu
1309 277 1407 305 times?
1419 283 1446 305 tu
1457 279 1572 313 judicas,
1588 285 1614 307 et
1629 285 1654 307 tu
1670 282 1780 310 tremis?
1794 281 1840 312 Sic

1050 320 1154 348 inﬁrma
1169 326 1210 349 est
1223 323 1333 350 tnalitia.
1348 323 1399 351 Sed
1413 325 1525 359 apostoli
1538 333 1590 352 non
1603 327 1642 354 sic
1655 335 1661 352 :
1677 327 1736 354 Non
1749 337 1839 363 possu-

1050 373 1106 393 mus
1116 375 1161 393 nos
1171 375 1227 401 quo:
1235 368 1375 396 audivimus
1384 375 1407 397 et
1419 368 1525 397 vidimus
1535 379 1584 398 non
1595 372 1664 407 loqui
1672 373 1737 407 (Act.
1746 374 1764 401 4
1771 374 1839 407 .20).

1050 411 1172 440 Vidistin'
1187 413 1302 441 animum
1323 415 1483 443 sublimem?
1502 416 1617 444 vidistin’
1629 424 1729 452 petram
1744 419 1840 448 fluctus

1050 458 1200 487 ridentem?
1210 460 1324 488 vidistiu'
1336 461 1444 489 domum
1457 463 1619 492 immobilem
1628 465 1640 491 ?
1649 465 1776 501 Quodque
1787 468 1839 495 mi-

1051 505 1160 532 rabilius
1172 526 1180 538 ,
1195 514 1248 533 non
1271 506 1349 534 modo
1365 508 1448 535 timidi
1472 517 1524 536 nou
1539 515 1634 542 erant,
1654 511 1724 546 quod
1737 512 1840 540 insidia:

1051 552 1116 586 ipsis
1136 559 1300 587 pararentur,
1316 555 1362 581 sed
1375 555 1455 582 etiam
1473 556 1599 590 majorem
1614 557 1737 585 ﬁduciam
1751 559 1841 594 capie-

1051 597 1134 630 bant,
1158 599 1269 633 illosque
1289 601 1314 626 iu
1337 601 1463 634 majorem
1485 604 1632 637 angustiam
1653 604 1840 639 conjiciebant.

1051 643 1116 670 Nam
1132 645 1174 679 qui
1188 644 1354 673 adamantetn
1369 648 1491 681 percutit,
1503 648 1560 683 ipse
1570 649 1664 685 estqui
1677 651 1840 684 percutitur;

1043 695 1079 718 πει
1089 692 1133 726 (ιυὶ
1144 696 1234 718 contra
1246 693 1380 720 stimulum
1390 694 1521 728 calcitrat,
1533 695 1589 730 ipse
1599 697 1694 732 estqui
1707 697 1840 732 pungitur,

1053 742 1079 765 et
1092 739 1181 772 gravia
1196 739 1292 773 accipit
1304 741 1430 773 vulnera;
1442 745 1470 768 et
1482 741 1526 776 qui
1537 743 1636 770 virtute
1647 743 1766 778 przeditis
1778 744 1842 771 insi-

1052 783 1139 810 diatur
1151 804 1158 815 ,
1175 783 1231 818 ipse
1243 789 1284 812 est
1298 786 1342 820 qui
1357 786 1530 820 periclitatur.
1547 787 1643 816 Malitia
1658 789 1755 824 quippe
1768 794 1842 817 tanto

1053 828 1184 857 inﬁrmior
1192 830 1313 863 efﬁcitur,
1324 836 1422 867 quanto
1431 833 1515 868 magis
1524 838 1615 861 contra
1623 835 1746 863 virtutem
1756 837 1840 864 aciem

1052 875 1169 904 instruit.
1192 877 1232 904 Ac
1243 877 1465 912 quemadmodum
1479 880 1523 914 qui
1539 879 1625 914 ignem
1640 881 1703 916 ligat
1721 881 1748 909 in
1762 883 1842 909 vesti-

1053 927 1144 949 mento
1156 942 1163 954 ,
1184 921 1316 949 ﬂammam
1336 923 1442 959 quidem
1458 932 1510 951 non
1526 926 1669 961 exstinguit
1680 947 1688 959 ,
1702 927 1749 954 sed
1763 928 1844 955 vesti-

1054 972 1171 995 mentum
1193 969 1325 996 consumit
1341 969 1399 996 :sic
1418 970 1462 1005 qui
1485 970 1581 998 virtute
1604 971 1729 1006 pra:ditos
1752 973 1842 1006 Ιωάὶι,

1053 1014 1164 1046 detinet,
1182 1014 1259 1048 ligat;
1274 1014 1335 1042 illos
1347 1015 1451 1050 quidem
1465 1017 1658 1051 splendidiores
1671 1018 1770 1052 efﬁcit,
1784 1027 1844 1047 sese

1054 1067 1118 1087 vero
1138 1060 1235 1094 perdit.
1262 1061 1365 1088 Etenim
1381 1068 1479 1096 quanto
1496 1064 1617 1098 graviora
1632 1073 1725 1099 passus
1743 1065 1843 1100 fueris,

1054 1105 1116 1132 dum
1131 1106 1214 1141 probe
1228 1106 1307 1133 vitam
1323 1107 1413 1140 dmis,
1429 1113 1501 1136 tanto
1515 1109 1608 1137 fortior
1621 1111 1730 1139 evadis:
1746 1116 1845 1147 quanto

1055 1151 1139 1186 magis
1152 1152 1222 1179 enim
1239 1152 1432 1187 philosophiam
1448 1154 1566 1182 colemus
1576 1176 1584 1188 ,
1599 1160 1673 1183 tanto
1687 1158 1771 1192 magis
1783 1158 1844 1185 nul-

1055 1197 1106 1225 lius
1120 1198 1273 1233 egebimus;
1287 1203 1314 1226 et
1323 1205 1421 1234 quanto
1434 1201 1517 1236 magis
1530 1201 1603 1229 nullo
1615 1202 1762 1237 egebimus,
1773 1208 1846 1232 tanto

1055 1243 1180 1272 fortiores
1197 1245 1295 1272 erimus
1306 1265 1314 1278 ,
1333 1249 1361 1273 et
1378 1246 1502 1274 omnibus
1515 1247 1676 1282 superiores.
1701 1248 1772 1277 Talis
1788 1255 1846 1278 erat

1055 1289 1182 1318 Joannes.
1199 1291 1377 1325 Quamobrem
1392 1300 1471 1320 nemo
1491 1293 1529 1320 illi
1549 1295 1698 1322 molestiam
1716 1297 1826 1325 creabat
1837 1317 1845 1328 .

1057 1335 1102 1364 ille
1113 1340 1201 1363 autem
1213 1337 1341 1365 molestus
1351 1343 1408 1365 erat
1422 1338 1536 1371 llerodi;
1549 1345 1576 1368 et
1587 1341 1632 1375 qui
1646 1341 1712 1368 nihil
1723 1342 1846 1375 habebat.

1056 1382 1185 1410 adversus
1197 1387 1351 1418 regnantem
1367 1384 1526 1418 insui-rexit;
1547 1386 1591 1421 qui
1605 1386 1770 1421 diademate,
1785 1396 1848 1423 pur-

1058 1437 1139 1464 pura,
1152 1429 1288 1465 multoque
1301 1435 1397 1458 ornatu
1411 1430 1524 1466 fulgens,
1537 1433 1660 1461 omnibus
1673 1434 1799 1461 nudatum
1815 1435 1848 1462 ti-

1057 1475 1149 1504 mebat
1168 1474 1379 1512 formidabatque
1389 1497 1397 1510 ,
1413 1485 1500 1512 neque
1511 1477 1586 1505 illutn
1601 1479 1687 1514 capite
1700 1483 1847 1508 truncatum

1060 1525 1163 1557 poterat
1184 1522 1242 1549 sine
1263 1527 1334 1549 metu
1348 1523 1492 1557 respicere.
1515 1523 1590 1557 Quod
1609 1525 1679 1551 enim
1695 1525 1774 1553 etiam
1790 1531 1849 1561 post

1059 1573 1173 1596 mortem
1188 1576 1240 1595 non
1262 1575 1343 1603 parvo
1364 1562 1459 1596 timore
1477 1568 1587 1597 allectus
1601 1575 1693 1602 esset.
1707 1571 1768 1599 audi
1786 1572 1848 1606 quid

1060 1614 1131 1641 dicat
1144 1623 1150 1640 ε
1166 1614 1215 1641 llic
1229 1619 1264 1642 est
1277 1615 1389 1642 Joannes
1399 1635 1407 1648 ,
1422 1623 1495 1649 quem
1509 1617 1590 1643 occidi
1603 1625 1649 1651 ego
1660 1617 1670 1653 (
1681 1617 1743 1644 Luc.
1758 1618 1784 1646 9.
1799 1618 1848 1653 9).

1061 1659 1126 1686 lllud
1137 1664 1225 1687 autem
1237 1680 1245 1693 ,
1261 1659 1367 1694 Occidi,
1383 1668 1436 1688 non
1448 1665 1490 1688 est
1503 1669 1554 1688 vox
1565 1669 1626 1690 sese
1637 1662 1771 1692 efferentis
1781 1684 1790 1698 ,
1803 1665 1850 1692 sed

1061 1710 1161 1732 metum
1173 1713 1250 1733 suum
1267 1706 1386 1738 solantis,
1402 1711 1430 1734 et
1443 1707 1548 1735 turbato
1561 1710 1651 1736 animo
1663 1710 1806 1744 suadentis,
1823 1717 1851 1739 ut

1061 1752 1246 1782 recordaretur
1259 1753 1391 1780 homicidii
1407 1754 1432 1780 in
1454 1754 1527 1781 illum
1543 1756 1696 1790 perpetrati.
1712 1756 1795 1784 Tanta
1810 1763 1852 1785 est

1062 1798 1167 1825 virtutis
1179 1797 1314 1831 fortitudo,
1330 1804 1358 1826 ut
1370 1800 1448 1827 etiam
1461 1806 1520 1835 post
1532 1806 1645 1829 mortem
1657 1802 1805 1830 viventibus
1818 1805 1853 1831 sit

1063 1844 1206 1878 potentior.
1232 1844 1344 1880 Ideoque
1362 1845 1394 1872 ad
1412 1853 1471 1873 eum
1487 1846 1550 1873 dum
1565 1847 1684 1879 viveret,
1704 1849 1748 1884 qui
1763 1849 1852 1877 multis

1063 1896 1140 1918 erant
1159 1892 1277 1926 pecuniis
1292 1891 1430 1924 instructi,
1448 1892 1605 1921 accedentes
1624 1894 1747 1922 dicebant
1761 1904 1768 1922 :
1785 1895 1852 1929 Quid

1064 1938 1184 1972 faciemus
1197 1938 1272 1974 (Luc.
1285 1939 1312 1966 3.
1324 1939 1385 1974 10)?
1399 1939 1448 1966 Tot
1462 1939 1565 1967 habetis
1574 1961 1582 1972 ,
1595 1945 1623 1968 et
1635 1941 1668 1967 ab
1683 1948 1715 1968 eo
1728 1941 1773 1976 qui
1788 1942 1853 1970 nihil

1064 1984 1144 2011 habet
1159 1984 1239 2012 vultis
1258 1985 1376 2013 ediscere
1390 1986 1457 2012 viam
1479 1991 1573 2014 vestra:
1591 1987 1747 2015 felicitatis?
1761 1996 1775 2016 a
1792 1997 1855 2023 pau—

1066 2037 1129 2065 pere
1142 2030 1256 2057 divites?
1280 2030 1313 2057 ab
1327 2038 1360 2058 eo
1372 2051 1379 2062 ,
1403 2031 1447 2066 qui
1466 2039 1499 2059 ne
1513 2032 1620 2059 domum
1635 2032 1740 2067 quidem
1755 2034 1834 2062 habet
1845 2055 1853 2067 ,

1065 2076 1181 2104 milites?
1205 2075 1276 2103 Talis
1289 2084 1393 2111 quoque
1405 2081 1464 2104 erat
1482 2076 1570 2104 Helias
1585 2086 1591 2103 ε
1607 2078 1779 2112 quamobrem
1793 2086 1854 2107 cum

1065 2121 1159 2149 eadem
1183 2122 1305 2149 libertate
1326 2129 1358 2149 ac
1381 2122 1476 2149 ﬁducia
1499 2123 1596 2158 populo
1620 2123 1785 2158 loquebatur.
1810 2125 1857 2160 Ille

1067 2175 1182 2202 namque
1194 2167 1308 2200 dicebat,
1324 2166 1458 2194 Geuimina
1469 2168 1612 2202 viperarum
1625 2169 1634 2203 (
1646 2168 1739 2196 Matth.
1755 2170 1780 2197 ὅ.
1797 2171 1814 2198 7
1827 2171 1856 2204 );

1067 2213 1110 2242 hic
1125 2221 1188 2242 vero
1199 2234 1206 2245 ,
1231 2213 1363 2250 Usquequo
1377 2214 1525 2241 claudicatis
1542 2219 1648 2249 utroque
1661 2216 1756 2250 poplite
1776 2222 1856 2244 uestro

1067 2259 1105 2295 (5.
1121 2259 1184 2294 Reg.
1197 2259 1241 2287 18.
1253 2259 1316 2295 21)?
1328 2259 1377 2287 llic
1388 2259 1451 2287 item
1463 2259 1578 2292 dicebat,
1593 2260 1724 2293 Occidisti,
1737 2266 1760 2288 el
1772 2270 1858 2296 posse-

1068 2306 1127 2333 disti
1140 2307 1177 2341 (5.
1193 2306 1257 2341 Reg.
1273 2306 1316 2333 21.
1332 2306 1394 2342 19);
1410 2306 1454 2334 ille
1468 2314 1545 2339 vero,
1561 2306 1621 2333 Non
1636 2307 1692 2334 licet
1706 2308 1751 2334 tibi
1767 2308 1858 2336 habere

1068 2361 1171 2380 uxorem
1192 2352 1307 2388 Philippi
1323 2353 1409 2389 fratris
1427 2353 1462 2380 tui
1480 2354 1489 2388 (
1503 2353 1595 2380 Matt/t.
1611 2353 1653 2380 14.
1668 2354 1685 2380 4
1697 2354 1718 2390 ).
1737 2355 1857 2383 Vidistin'

1069 2399 1192 2432 petram?
1215 2399 1331 2426 vidistin‘
1353 2407 1460 2426 arenam
1482 2400 1614 2434 quomodo
1635 2399 1711 2429 facile
1732 2401 1858 2429 decidat?

1069 2444 1203 2479 quomodo
1214 2445 1407 2473 calamitatibus
1419 2445 1512 2480 cedat,
1526 2447 1659 2482 quomodo
1671 2447 1840 2476 subverlatur
1849 2468 1858 2480 ,

1069 2492 1117 2519 etsi
1140 2491 1210 2525 apud
1232 2499 1321 2527 regem
1333 2512 1340 2524 ,
1355 2492 1405 2519 etsi
1426 2493 1495 2528 apud
1520 2493 1646 2528 populum
1665 2494 1718 2528 sit,
1733 2494 1783 2522 etsi
1797 2503 1859 2523 cum

1071 2538 1205 2571 potentia?
1220 2538 1283 2565 lllos
1295 2538 1365 2566 enim
1379 2539 1423 2573 qui
1437 2546 1466 2566 se
1479 2539 1578 2566 adeunt
1589 2541 1708 2568 omnium
1721 2540 1861 2569 stolidissi-

1071 2590 1129 2610 mos
1143 2583 1238 2610 reddit.
1261 2583 1351 2618 Neque
1366 2585 1451 2611 solum
1465 2585 1580 2618 decidit,
1597 2586 1642 2613 sed
1658 2591 1685 2613 et
1698 2594 1758 2614 cum
1777 2587 1862 2615 multa

1071 2629 1230 2657 calamitate.
1253 2630 1356 2657 Etenim
1370 2630 1415 2657 27.
1429 2630 1512 2657 Facta
1528 2636 1565 2658 est
1575 2653 1583 2663 ,
1604 2632 1705 2667 inquit,
1719 2633 1794 2660 ruina
1807 2634 1861 2668 ejus

1072 2685 1164 2712 magna
1177 2677 1258 2704 valde.
1281 2677 1372 2712 Neque
1383 2677 1454 2704 enim
1468 2678 1494 2705 in
1507 2686 1536 2705 re
1551 2678 1610 2705 vilis
1622 2679 1700 2714 pretii
1714 2679 1860 2714 periculum

1072 2728 1130 2754 est,
1146 2723 1191 2751 scd
1206 2723 1240 2750 de
1249 2723 1336 2751 anima
1350 2724 1453 2758 agitur,
1467 2723 1501 2752 de
1513 2724 1655 2752 amissione
1674 2725 1801 2754 ctelorum
1811 2745 1818 2758 ,
1833 2732 1862 2753 et

1073 2768 1201 2795 bonorum
1227 2769 1415 2796 immortalium
1436 2770 1456 2797 ¹.
1471 2770 1526 2798 lmo
1548 2778 1611 2798 vero
1632 2771 1712 2799 etiam
1734 2777 1796 2800 ante
1817 2771 1863 2798 illa

1106 2858 1113 2873 ι
1133 2860 1194 2887 Mss,
1209 2863 1350 2883 coronarum
1362 2857 1542 2886 immortalitati.
