2067 3132
216 143 267 174 5T!

212 203 301 232 omnia
316 201 482 230 miseriorem
496 199 540 227 hic
553 199 634 226 vitam
648 198 727 226 ducet
741 197 786 224 ille
801 197 908 224 malitiae
918 201 1005 223 secta-

213 255 266 282 tor,
277 250 302 277 in
314 247 482 279 meroribus,
494 245 607 274 aSsiduis
616 245 765 277 timoribus,
774 243 1005 275 sollicitudinibus,

211 290 402 323 certaminibus
423 294 504 320 vitam
525 299 606 327 agens
627 299 633 318 :
654 290 724 326 quod
747 290 853 325 sapit-us
874 289 1005 324 quispiam

212 342 383 370 subindicans
397 339 502 367 dicebat
517 347 523 364 :
540 337 618 373 Fugit
630 338 733 372 impius,
748 336 845 363 nomine
858 342 1007 370 persequen-

211 393 236 415 te
251 386 342 424 (Prov.
353 389 399 416 es.
416 386 429 413 l
440 387 461 421 ).
478 384 634 419 Ilujusmodi
649 383 746 417 quippe
761 381 884 408 homines
897 381 1006 407 umbras

210 436 346 466 tremunt,
361 432 461 459 amicos
476 434 614 465 suspectos
628 428 746 460 habent,
766 426 856 454 hostes
868 447 875 458 ,
890 432 982 453 servos
994 445 1002 458 ,

213 483 290 506 notos
305 478 355 505 sibi
367 497 373 508 ,
389 477 509 512 ignotos,
529 480 556 503 et
570 479 631 502 ante
645 473 804 508 supplicium
818 472 861 499 hic
873 477 1005 499 extremas

189 513 191 515 ί
211 523 275 551 dant
300 530 402 558 poenas.
427 522 489 549 Hmc
511 528 590 556 porro
607 519 696 547 omnia
717 518 870 553 signiﬁcans
882 516 1005 543 Christus

211 569 317 596 dicebat
331 577 337 595 :
353 567 414 595 Fuit
429 567 503 594 ruina
521 567 591 594 illius
604 573 697 600 magna
714 565 788 591 valde
802 571 813 591 :
824 567 1005 591 consentanea

213 615 266 642 ﬁne
281 615 337 642 bzec
349 613 460 650 pulchra
474 616 605 648 praecepta
621 610 756 642 claudens,
768 614 796 637 et
808 609 848 636 vel
862 607 1004 636 admodum

215 660 360 688 incredulis
371 659 486 686 suadens
500 658 580 686 etiam
593 665 626 685 ex
640 656 765 692 praesenti
777 662 866 683 rerum
879 658 962 687 statu,
977 657 1006 680 ut

551 143 580 170 S.
599 140 737 170 JOANNIS
755 139 989 168 CllilYSOSTOMl
1009 132 1167 167 ARCHIEP.
1187 139 1451 170 CONSTANT‘INOP.

1798 141 1851 170 328

1059 196 1160 229 fugiant
1174 197 1328 231 nequitiam.
1353 198 1464 226 Etiamsi
1477 199 1548 227 enim
1564 199 1650 235 ajor
1662 199 1696 227 sit
1708 199 1743 227 de
1757 199 1852 227 futuris

1058 249 1157 274 sermo,
1170 247 1287 271 attamen
1302 244 1345 271 hic
1358 245 1441 280 magis
1455 245 1566 274 idoneus
1578 253 1668 274 sermo
1677 250 1718 273 est
1730 246 1763 273 ad
1777 251 1852 273 cras-

1057 287 1144 315 siores
1156 287 1277 316 homines
1288 289 1452 318 cohibendos
1467 297 1492 319 et
1507 299 1522 319 a
1537 292 1653 327 nequitia
1668 291 1851 319 abducendos.

1058 333 1173 368 ideoque
1187 334 1231 361 tali
1247 335 1300 362 ﬁne
1313 343 1402 363 sermo
1414 337 1519 365 clausus
1532 341 1572 365 est
1581 358 1591 370 ,
1606 342 1633 365 ut
1647 339 1729 365 menti
1745 337 1852 365 haeren-

1058 383 1111 406 tem
1134 379 1196 406 hinc
1219 380 1357 408 utilitatem
1380 389 1532 418 carperent.
1565 384 1627 412 Haec
1651 384 1740 419 itaque
1762 385 1851 411 omnia

1057 426 1182 456 scientes.
1200 430 1253 454 tam
1267 429 1407 462 praesentia
1421 437 1500 465 quam
1514 430 1611 464 futura,
1626 430 1758 466 fugiamus
1774 431 1851 458 mali-

1058 469 1122 497 tiam
1134 491 1142 504 ,
1157 471 1246 498 virtuti
1261 473 1415 501 studeamus
1426 495 1434 507 ,
1451 482 1485 503 ne
1505 476 1601 503 frustra
1620 476 1770 504 laboremus
1780 497 1788 508 ,
1804 477 1850 504 sed

1058 519 1085 543 et
1107 516 1150 543 hic
1164 518 1307 546 securitate
1326 519 1464 553 fruamur,
1485 527 1511 549 et
1534 522 1586 549 illic
1603 523 1695 557 gloriae
1713 528 1851 551 consortes

1058 561 1142 588 simus
1158 571 1164 589 :
1178 570 1258 597 quam
1273 565 1373 593 utinam
1387 573 1481 594 omnes
1495 575 1691 603 consequamur
1703 589 1711 601 ,
1725 570 1809 604 gratia
1824 575 1850 597 ct

1058 607 1222 642 benignitate
1238 610 1342 638 Domini
1359 613 1444 640 nastri
1459 613 1522 641 Jesu
1537 614 1654 648 Christi,
1669 617 1712 643 cui
1726 616 1811 651 gloria
1824 621 1852 644 et

1061 652 1203 688 imperium
1222 655 1248 681 in
1263 657 1359 684 sarcula
1373 658 1542 686 surculorum.
1558 661 1654 688 Amen.

773 762 948 794 HOMILIA
969 760 1075 792 XXV.
1097 762 1140 793 al.
1163 763 1281 795 XXVI.

210 840 276 868 Car.
296 841 324 867 ’7.
345 847 371 866 v.
390 839 435 867 28.
458 838 491 866 Et
521 840 616 873 factum
642 841 697 869 est,
720 843 778 863 cum
806 836 1004 863 consumunmt

245 888 320 915 Iesus
333 894 458 915 sermones
472 886 542 919 istos,
558 884 716 912 mirabantur
730 883 809 911 turbat
820 890 896 917 super
909 881 1002 908 doctri-

244 943 278 962 na
291 935 357 969 ejus.

244 981 271 1008 l.
291 980 371 1007 Certe
383 984 550 1014 consequens
563 981 621 1005 erat
631 998 640 1011 ,
656 981 684 1004 ut
698 976 732 1004 de
746 981 862 1003 onerosa
879 980 1003 1002 sermone

211 1027 353 1059 dolerent,
381 1029 570 1060 torperentque
588 1024 623 1051 ob
643 1027 834 1059 praceptorum
853 1020 1002 1048 sublimita-

211 1079 285 1105 tem;
302 1073 357 1108 jam
373 1078 437 1099 vero
451 1076 521 1098 tanta
536 1074 594 1098 erat
605 1069 726 1097 docentis
741 1068 841 1095 virtus.
863 1071 890 1094 ut
903 1066 1003 1094 multos

209 1125 304 1146 eorum
314 1121 431 1151 caperet,
444 1121 523 1152 atque
534 1116 560 1143 in
571 1115 773 1143 admirationem
788 1113 921 1148 ingentem
932 1111 1003 1139 abri-

210 1168 285 1200 peret
294 1164 497 1198 ,«suaderetque
519 1166 628 1198 propter
648 1161 812 1195 voluptatem
826 1167 858 1186 ex
879 1165 1003 1186 sermone

209 1214 311 1245 partam
324 1230 332 1242 ,
347 1214 374 1236 ut
391 1217 425 1236 ne
436 1229 444 1241 ,
460 1212 600 1243 postquam
614 1206 694 1234 ﬁnem
708 1205 814 1233 dicendi
835 1204 952 1237 fecerat,
968 1204 1002 1231 ab

210 1256 256 1284 illo
266 1255 444 1283 discederent.
457 1254 548 1289 Neque
558 1253 628 1280 enim
638 1259 700 1280 cum
708 1259 740 1279 ex
752 1256 844 1279 monte
854 1249 1001 1282 descendit,

209 1300 345 1328 auditores
357 1299 538 1331 aboesserunt,
550 1298 597 1326 sed
610 1302 694 1325 totum
705 1297 856 1325 auditorum
869 1296 1001 1324 theatrum

208 1350 348 1381 sequutum
370 1349 433 1373 est:
450 1348 551 1372 tantum
575 1343 627 1371 illis
648 1342 779 1370 indiderat
797 1341 925 1369 doctrinas
946 1348 1002 1368 sure

208 1399 337 1420 amorem.
355 1391 560 1419 Admirabantur
572 1394 661 1418 autem
675 1388 790 1416 maxime
802 1388 873 1416 illius
885 1391 1002 1422 potesta-

209 1445 273 1467 tem.
284 1438 342 1466 Non
355 1439 428 1466 enim
439 1437 473 1465 ad
485 1437 565 1465 alium
577 1436 647 1464 dicta
659 1435 779 1464 referens
793 1434 959 1472 loquebatur,
973 1437 1002 1462 ut

211 1484 349 1519 propheta:
355 1489 382 1512 et
387 1483 531 1520 Moyses(a)
536 1504 543 1516 ,
550 1484 596 1512 sed
602 1483 703 1518 ubique
710 1482 869 1510 ostendebat
876 1483 997 1518 seipsum

212 1536 272 1558 esse
285 1530 332 1565 qui
347 1530 534 1558 auctoritatem
544 1529 666 1556 haberet.
684 1528 751 1556 Nam
760 1536 821 1556 cum
838 1529 911 1564 leges
928 1536 999 1564 sape

211 1575 570 1610 pronuntiaret,adjiciebat,
579 1574 634 1610 Ego
643 1580 729 1602 autem
738 1575 797 1602 dico
804 1574 875 1602 vobis
885 1579 927 1602 :et
935 1582 997 1602 cum

212 1620 284 1648 diem
293 1621 366 1648 illam
375 1621 737 1656 commcmoraret,seipsum
751 1620 999 1655 monstrabatjudi-

210 1672 282 1698 cem,
291 1670 317 1693 et
325 1673 372 1701 per
383 1665 513 1700 supplicia
523 1671 549 1693 et
559 1674 606 1700 per
612 1667 734 1701 praemia.
744 1666 823 1700 Atqui
831 1665 999 1693 bincconse-

206 1719 293 1746 quens
311 1711 452 1741 videbatur
471 1719 550 1744 esse,
571 1715 602 1738 ut
623 1711 661 1738 illi
684 1711 864 1738 turbarentur.
887 1710 952 1737 Nam
976 1709 998 1736 si

204 1756 311 1792 scribat,
328 1759 371 1793 qui
385 1758 506 1786 viderant
519 1757 593 1785 illum
607 1764 654 1792 per
668 1763 748 1791 opera
765 1756 906 1791 potentiam
922 1762 998 1782 suam

206 1804 364 1837 ostendere,
379 1803 510 1838 lapidibus
523 1810 583 1830 eum
596 1802 766 1837 itnpetierunt
778 1805 806 1828 et
817 1802 975 1836 expulerunt
989 1808 997 1827 τ

205 1849 341 1886 quomodo
356 1849 400 1877 ubi
413 1849 493 1877 verba
507 1852 608 1876 tantum
622 1852 698 1875 erant
709 1867 717 1880 ,
733 1854 791 1882 quae
805 1846 875 1874 illam
889 1845 998 1874 exhibe-

205 1899 283 1929 rent,
300 1902 352 1922 non
365 1894 511 1922 verisimile
527 1898 585 1922 erat
602 1893 659 1921 haec
673 1893 725 1920 illis
739 1892 898 1920 oﬁendicuio
918 1892 975 1920 fore
987 1912 995 1926 ,

205 1948 266 1968 cum
280 1941 395 1970 maxime
416 1940 474 1967 haec
488 1940 515 1967 in
530 1939 641 1967 exordio
652 1939 805 1967 dicerentur
816 1959 823 1972 ,
844 1938 995 1974 priusquam

204 1988 250 2016 ille
272 1989 398 2023 potentiae
417 1994 472 2014 suae
495 1987 706 2022 experimentum
720 1985 857 2013 dedisset?
871 1986 996 2015 Attamen

203 2035 269 2062 nihil
280 2034 373 2062 horum
385 2034 552 2069 patiebantur
565 2041 573 2061 :
583 2033 690 2068 quando
700 2033 770 2061 enim
781 2033 885 2060 animus
897 2032 994 2067 probus

201 2085 230 2109 et
253 2081 322 2117 frugi
334 2085 394 2114 est,
419 2081 539 2108 veritatis
564 2080 692 2108 doctrinae
717 2080 794 2107 facile
817 2079 992 2115 obtemperat.

201 2127 369 2162 Quapropter
384 2126 419 2153 illi
435 2126 553 2161 quidem,
567 2125 671 2153 etiamsi
685 2125 743 2160 ejus
757 2125 902 2160 potentiam
918 2126 992 2161 signa

201 2173 394 2207 praedicarent,
409 2172 628 2204 oﬁ‘endebantur;
645 2171 672 2198 hi
686 2178 750 2199 vero
762 2177 912 2199 sermonem
932 2176 992 2199 tan-

200 2223 255 2245 tum
269 2217 408 2245 audientes
419 2238 427 2250 ,
441 2217 661 2252 obtemperabant
675 2221 703 2244 et
721 2217 911 2252 sequebantur.
936 2218 991 2246 lloc

198 2264 269 2291 enim
289 2263 461 2291 subindicans
478 2263 639 2299 evangelista
659 2263 782 2296 dicebat,
801 2263 921 2299 Sequuue
933 2270 991 2292 sunt

198 2318 255 2337 eam
268 2309 348 2337 turba
362 2310 450 2337 multa:
461 2330 469 2342 ,
483 2317 536 2337 non
549 2310 629 2345 aliqui
640 2317 674 2337 ex
689 2309 838 2345 principum
850 2315 877 2338 et
888 2311 990 2339 scriba-

197 2365 256 2385 rum
276 2364 388 2384 numero
399 2377 407 2390 ,
429 2357 476 2385 sed
498 2362 628 2393 quotquot
641 2365 656 2385 a
670 2358 786 2393 nequitia
802 2357 877 2386 liberi
892 2363 968 2386 erant
979 2380 987 2393 ,

195 2402 353 2438 sinceraque
367 2404 466 2430 animo.
487 2403 540 2430 Per
555 2407 638 2430 totum
654 2408 743 2431 autem
758 2404 922 2439 evangelium
939 2404 988 2433 hos

196 2447 271 2476 vides
290 2449 340 2483 ipsi
352 2449 496 2476 haerentes.
519 2448 585 2476 Nam
605 2456 665 2477 cum
686 2449 856 2484 loqueretur,
878 2450 988 2478 silentes

196 2493 355 2527 audiebant,
377 2502 431 2522 non
453 2495 694 2530 interrumpentes,
717 2502 770 2523 non
786 2496 987 2531 interpellantes

196 2543 358 2574 loquentem,
372 2547 425 2566 non
439 2544 583 2575 tentantes,
596 2547 645 2569 nec
657 2542 824 2569 occasionem
836 2546 984 2576 captantes,

196 2585 417 2620 quemadmodum
438 2586 564 2615 Pharisaei
584 2596 591 2615 :
607 2592 668 2623 post
687 2588 803 2616 habitam
823 2595 902 2623 porro
921 2596 986 2616 con-

203 2730 474 2772 lnlulguodnhtcdicit
483 2733 520 2772 Ade
531 2734 634 2772 ‘Christo
643 2743 700 2772 cum
713 2742 838 2772 potestate
857 2741 976 2772 loquente

197 2762 246 2790 )am
259 2763 317 2785 ante
328 2767 411 2816 ueqpe
424 2765 503 2788 semel
521 2763 650 2800 dixithubi
660 2762 735 2793 etiam
744 2762 779 2795 ait
788 2762 988 2802 illuquueiu'a'd:

199 2790 299 2815 modum
311 2797 373 2816 mou
392 2796 446 2816 etas
463 2801 512 2816 non
524 2795 555 2816 do.
576 2799 624 2816 sulm
646 2800 690 2816 cmi
709 2800 740 2816 ΑΩ
754 2800 838 2816 “tm...
856 2803 984 2816 i............._

199 2790 299 2825 modum
308 2790 446 2845 prophetas
460 2801 512 2828 _non
524 2795 555 2820 dc
576 2790 635 2827 alio,
642 2790 985 2838 'séii“a3'§éi'§ib”i&{.iii32§

199 2822 287 2845 luisse.
329 2822 407 2845 ldBSIS
427 2831 530 2845 nrtmam
557 2828 739 2845 adnnntinnnm
774 2831 892 2845 u..:.t....:...
915 2833 984 2845 ne-”

199 2822 407 2860 fqislsetyide‘sis
427 2823 530 2855 primam
556 2822 740 2855 adnotationem
754 2822 987 2860 ’ἳῖίὶῐεὶἦῖἛῖἓῇ

200 2851 230 2875 ad
239 2851 303 2877 hanc
312 2851 439 2880 bomiliau't
452 2863 508 2881 xxv.

1056 832 1160 862 cionem
1175 835 1359 865 admirabuudi
1373 840 1561 874 sequebamur.
1576 841 1615 869 Tu
1631 849 1694 870 vero
1708 842 1771 870 mihi
1786 849 1850 870 con-

1055 879 1158 908 sideres
1179 882 1258 909 velint
1281 883 1384 911 Domini
1404 885 1571 920 prudentiam
1584 907 1591 920 ,
1613 888 1747 923 quomodo
1765 890 1850 916 variet

1055 926 1089 954 ad
1110 926 1274 955 audientium
1297 929 1436 957 utilitatem
1449 951 1457 964 ,
1471 932 1606 966 quomodo
1625 940 1640 960 a
1661 933 1794 961 miraculis
1815 935 1849 961 ad

1056 973 1154 1006 verba,
1170 977 1198 1000 et
1218 981 1279 1001 mox
1295 981 1310 1002 a
1324 976 1413 1003 verbis
1432 976 1464 1004 ad
1486 978 1612 1005 miracula
1633 983 1760 1007 transeat.
1784 980 1850 1007 Nam

1055 1019 1210 1054 priusquam
1223 1020 1256 1048 ad
1272 1026 1390 1050 montem
1403 1023 1569 1057 ascenderet,
1583 1025 1682 1052 multos
1694 1026 1806 1058 curavit,
1821 1031 1848 1053 ut

1056 1064 1088 1092 iis
1113 1072 1173 1099 quae
1195 1065 1306 1094 dicenda
1330 1073 1407 1095 erant
1424 1068 1493 1095 viam
1516 1075 1631 1103 pararet.
1656 1070 1689 1097 Et
1709 1075 1850 1106 postquam

1054 1110 1123 1138 hanc
1137 1111 1241 1146 longam
1256 1114 1430 1147 quaestionem
1443 1114 1604 1148 absolverat,
1618 1122 1710 1143 rursus
1723 1116 1756 1144 ad
1770 1117 1850 1144 mira-

1053 1156 1113 1183 cula
1129 1158 1219 1190 venit,
1244 1157 1321 1196 factis
1341 1158 1411 1186 dicta
1429 1159 1602 1187 confirmans.
1625 1161 1690 1194 Quia
1712 1162 1782 1189 enim
1802 1162 1848 1190 9.9.

1055 1201 1193 1238 Tamquam
1208 1210 1354 1239 potestatem
1368 1206 1461 1234 habens
1475 1207 1587 1236 docebat
1597 1229 1604 1241 ,
1620 1217 1653 1236 ne
1672 1209 1718 1237 hic
1736 1210 1848 1238 docendi

1055 1249 1149 1277 modus
1165 1250 1260 1278 fastum
1284 1258 1390 1287 saperet
1410 1258 1456 1280 aut
1473 1255 1678 1283 ostentationem
1691 1277 1698 1288 ,
1721 1258 1848 1292 operibus

1053 1295 1169 1330 idipsotu
1184 1297 1254 1327 facit.
1266 1302 1292 1325 et
1305 1303 1438 1334 tamquam
1452 1302 1610 1334 potestatem
1624 1301 1724 1329 habens
1738 1303 1845 1331 morbos

1053 1346 1146 1374 curat,
1163 1346 1192 1368 ut
1214 1350 1248 1369 ne
1271 1343 1338 1371 ultra
1365 1344 1536 1374 turbarentur
1559 1346 1644 1382 ipsum
1668 1347 1788 1376 videntes
1810 1350 1845 1377 ita

1053 1385 1203 1420 docentem,
1219 1396 1279 1415 t-nm
1294 1390 1421 1419 miracula
1440 1392 1478 1419 sic
1493 1393 1593 1421 ederet.
1609 1394 1693 1430 (Cap.
1714 1394 1804 1431 VII!)
1820 1397 1846 1423 i.

1053 1431 1115 1460 Cum
1135 1433 1300 1463 descendisset
1323 1437 1393 1464 enim
1416 1438 1448 1464 de
1462 1444 1563 1472 monte,
1583 1445 1693 1475 sequuta
1713 1445 1771 1468 mn!
1791 1449 1846 1469 eum

1053 1481 1133 1513 turba
1146 1482 1240 1508 multa.
1254 1482 1280 1509 2.
1296 1481 1330 1509 Et
1343 1483 1446 1511 accessit
1461 1483 1574 1518 leprosus
1592 1486 1678 1513 dicem
1692 1494 1702 1513 :
1715 1486 1823 1514 Domine
1835 1507 1845 1520 ,

1052 1527 1074 1553 si
1095 1528 1148 1560 vis,
1169 1533 1239 1563 potes
1257 1536 1297 1555 me
1317 1529 1449 1556 mundare.
1474 1529 1566 1565 Magna
1582 1531 1720 1566 prudentia
1735 1537 1762 1560 et
1779 1533 1845 1560 ﬁdes

1051 1573 1213 1601 accedentis.
1228 1573 1318 1609 Neque
1336 1575 1406 1602 enim
1425 1575 1574 1603 doctrinam
1591 1576 1783 1612 interpellavit,
1797 1585 1841 1606 ne-

1051 1627 1104 1655 que
1117 1620 1267 1648 auditorum
1282 1621 1414 1648 theatrum
1428 1622 1528 1655 secuit,
1545 1622 1591 1650 scd
1605 1629 1783 1658 opportunum
1800 1631 1844 1652 et

1051 1666 1180 1702 spectavit
1193 1671 1306 1702 tempus,
1321 1672 1350 1695 et
1363 1667 1408 1695 ubi
1423 1668 1547 1696 Christus
1561 1668 1743 1697 descendisset
1756 1677 1843 1698 acces-

1050 1712 1095 1740 sit.
1107 1711 1162 1739 Nec
1175 1712 1364 1747 perfunctorie,
1380 1713 1428 1741 sed
1443 1714 1526 1741 multo
1538 1721 1598 1741 cum
1613 1714 1727 1747 fervore,
1741 1719 1768 1743 ct
1780 1721 1844 1744 ante

1049 1763 1134 1792 genua
1158 1758 1216 1792 ejus
1238 1758 1287 1793 ipsi
1310 1759 1456 1794 supplicat,
1478 1763 1507 1787 ut
1529 1760 1567 1787 ait
1591 1759 1660 1788 alter
1682 1762 1843 1796 evangelista

1049 1802 1144 1839 (Marc.
1155 1804 1181 1831 1.
1190 1803 1247 1839 40),
1258 1811 1289 1831 ac
1300 1811 1360 1832 cum
1373 1805 1477 1833 sincera
1489 1805 1552 1837 ﬁde,
1566 1810 1594 1834 et
1605 1808 1759 1841 congruenti
1773 1808 1842 1835 circa

1048 1848 1122 1876 illum
1137 1849 1272 1884 opinione.
1286 1850 1376 1886 Neque
1388 1852 1459 1878 enim
1471 1851 1537 1879 dixit
1547 1872 1554 1884 ,
1568 1851 1592 1879 si
1614 1852 1697 1880 Deum
1721 1858 1842 1888 precatus

1047 1893 1141 1927 fueris,
1151 1901 1244 1929 neque,
1259 1894 1286 1921 Si
1297 1894 1430 1928 oraveris;
1439 1895 1497 1928 sed,
1507 1895 1537 1923 Si
1544 1896 1592 1930 eis,
1604 1901 1673 1931 pom
1684 1905 1723 1925 me
1735 1899 1838 1925 munda-

1047 1947 1084 1967 re.
1100 1939 1192 1974 Neque
1204 1940 1287 1973 dixit,
1304 1939 1423 1974 Domine,
1438 1941 1535 1969 munda
1548 1950 1608 1975 me;
1621 1943 1667 1970 sed
1682 1943 1731 1978 ipsi
1746 1949 1840 1972 cuncta

1046 1986 1211 2020 committit,
1240 1990 1319 2021 atque
1340 1986 1450 2014 curandi
1474 1988 1611 2016 dominum
1634 1989 1707 2017 illum
1730 1997 1791 2018 esse
1812 1996 1839 2018 et

1046 2035 1205 2066 potestatem
1227 2032 1285 2066 ejus
1303 2039 1434 2060 summam
1456 2033 1623 2061 testiﬁcatur.
1647 2034 1716 2068 Quid
1739 2035 1837 2070 igitur,

1045 2076 1149 2112 inquies
1160 2096 1169 2109 ,
1184 2076 1207 2104 si
1225 2076 1289 2104 falsa
1304 2082 1362 2104 erat
1376 2078 1474 2111 leprosi
1487 2078 1599 2113 opinio?
1612 2079 1685 2106 illam
1700 2080 1838 2108 confutare

1044 2123 1172 2158 oportuit,
1183 2123 1323 2159 ipsumque
1334 2124 1472 2160 increpare
1484 2133 1515 2153 ac
1524 2126 1670 2162 corrigere.
1679 2127 1746 2154 Num
1758 2128 1837 2163 igitur

1043 2168 1108 2196 illud
1129 2168 1211 2197 fecit?
1231 2168 1404 2204 Nequaquam
1423 2179 1430 2198 :
1451 2171 1505 2198 imo
1525 2171 1624 2199 dictum
1646 2173 1788 2200 conﬁrmat
1809 2179 1836 2202 et

1042 2215 1160 2243 roborat.
1174 2215 1289 2251 Ideoque
1303 2224 1355 2244 non
1370 2217 1436 2244 dixit
1446 2237 1454 2250 ,
1470 2217 1608 2252 laudare,
1625 2219 1672 2246 sed
1684 2239 1692 2253 ,
1707 2221 1734 2247 3.
1759 2219 1834 2255 Volo,

1042 2261 1183 2294 mandare,-
1197 2266 1227 2289 ut
1241 2270 1293 2289 non
1308 2262 1380 2290 illius
1394 2263 1537 2298 opinione.
1554 2264 1600 2292 sed
1615 2264 1713 2292 Christi
1727 2270 1835 2294 senten-

1042 2307 1077 2334 tia
1091 2306 1187 2342 dogma
1200 2307 1361 2336 ﬁrmaretur.
1375 2309 1410 2336 At
1424 2317 1476 2336 non
1496 2310 1536 2337 sic
1556 2311 1669 2345 apostoli
1686 2320 1693 2339 :
1707 2311 1754 2339 sed
1767 2320 1833 2347 quo-

1039 2353 1140 2381 modo?
1162 2353 1228 2388 Quia
1250 2354 1362 2389 populus
1383 2359 1453 2383 totus
1472 2357 1612 2391 stupebat,
1627 2357 1753 2385 dicebant
1772 2357 1830 2385 illi:

1041 2399 1109 2433 Quid
1122 2400 1192 2428 nobis
1204 2401 1332 2428 attenditis
1340 2422 1347 2433 ,
1360 2402 1432 2436 quasi
1444 2402 1547 2438 propria
1561 2403 1651 2430 virtute
1659 2404 1697 2430 vel
1709 2409 1831 2439 potestate

1038 2445 1170 2480 fecerimus
1186 2446 1253 2473 [tunc
1265 2447 1394 2474 antbulare
1409 2447 1476 2482 (Act.
1492 2448 1518 2474 3.
1534 2447 1600 2483 1‘2)?
1614 2448 1741 2477 Dominus
1753 2457 1827 2483 vero,

1037 2492 1089 2520 etsi
1111 2492 1194 2520 multa
1216 2493 1336 2521 modeste
1358 2494 1550 2528 smpe‘dixerat
1562 2515 1570 2528 ,
1585 2502 1645 2530 quae
1663 2495 1753 2530 gloriae
1772 2503 1827 2524 suae

1037 2538 1169 2566 inferiora
1189 2545 1293 2573 essent,
1312 2540 1376 2576 quid
1395 2541 1553 2569 dicithicut
1570 2541 1744 2570 conﬁrmaret
1761 2542 1822 2576 opi-

1036 2585 1146 2612 nionem
1170 2593 1264 2613 eorum
1281 2586 1328 2622 qui
1349 2586 1382 2613 de
1400 2591 1535 2621 potestate
1549 2587 1636 2622 ipsius
1657 2587 1823 2622 stupebant?

1041 2629 1113 2662 Volo,
1128 2630 1261 2658 mundare.
1277 2629 1332 2658 Etsi
1347 2638 1407 2658 cum
1420 2635 1459 2658 tot
1472 2636 1597 2666 tantaque
1609 2633 1683 2668 signa
1697 2633 1804 2662 fecisset
1814 2654 1824 2668 ,

1034 2684 1179 2712 numquam
1193 2677 1231 2705 sic
1244 2677 1367 2712 loquutus
1381 2677 1462 2705 fuisse
1473 2678 1603 2706 videatur.

1068 2722 1095 2749 Ξ.
1110 2722 1159 2749 llic
1178 2730 1260 2755 vero,
1277 2727 1306 2750 ut
1318 2728 1345 2750 et
1357 2723 1446 2758 populi
1468 2728 1495 2751 et
1520 2723 1618 2758 leprosi
1640 2724 1675 2751 de
1691 2729 1824 2760 potestate

1033 2774 1080 2794 sua
1093 2767 1245 2802 opinionem
1261 2767 1387 2801 ﬁrmaret,
1405 2768 1465 2796 ideo
1482 2770 1621 2804 praemisit,
1640 2769 1713 2797 Volo.
1725 2770 1820 2806 Neque

1031 2813 1108 2846 dixit,
1123 2817 1153 2839 ut
1171 2819 1223 2840 non
1236 2812 1355 2846 faceret;
1369 2813 1417 2842 sed
1432 2814 1520 2841 statim
1536 2821 1604 2849 opus
1614 2818 1754 2850 sequutum
1761 2820 1814 2842 est.

1031 2859 1059 2887 Si
1067 2866 1131 2887 vero
1141 2858 1184 2886 ille
1199 2865 1252 2886 non
1266 2859 1334 2887 bene
1345 2859 1467 2893 dixisset,
1482 2859 1504 2888 si
1514 2859 1707 2895 blasphemiam
1718 2864 1814 2895 protu-
