  <div class='ocr_page' id='page_1' title='image "/cluster/home/n/w/nwhite01/storage/ocr_20150623/57-58/njp.32101077772653/260.png"; bbox 0 0 2067 3132; ppageno 0'>
   <div class='ocr_carea' id='block_1_1' title="bbox 215 116 266 145">
    <p class='ocr_par' dir='ltr' id='par_1_1' title="bbox 215 116 266 145">
     <span class='ocr_line' id='line_1_1' title="bbox 215 116 266 145; baseline -0.02 0"><span class='ocrx_word' id='word_1_1' title='bbox 215 116 266 145; x_wconf 69' lang='lat'><strong>339</strong></span> 
     </span>
    </p>
   </div>
   <div class='ocr_carea' id='block_1_2' title="bbox 214 170 996 207">
    <p class='ocr_par' dir='ltr' id='par_1_2' title="bbox 214 170 996 207">
     <span class='ocr_line' id='line_1_2' title="bbox 214 170 996 207; baseline -0.003 -6"><span class='ocrx_word' id='word_1_2' title='bbox 214 175 298 206; x_wconf 82' lang='lat' dir='ltr'><strong>tisset,</strong></span> <span class='ocrx_word' id='word_1_3' title='bbox 319 171 496 200; x_wconf 74' lang='lat' dir='ltr'><strong>cohibendum</strong></span> <span class='ocrx_word' id='word_1_4' title='bbox 509 175 567 199; x_wconf 83' lang='lat' dir='ltr'><strong>erat</strong></span> <span class='ocrx_word' id='word_1_5' title='bbox 580 177 657 206; x_wconf 89' lang='lat' dir='ltr'><strong>opus.</strong></span> <span class='ocrx_word' id='word_1_6' title='bbox 677 170 752 199; x_wconf 84' lang='lat' dir='ltr'><strong>Nunc</strong></span> <span class='ocrx_word' id='word_1_7' title='bbox 764 176 851 199; x_wconf 88' lang='lat' dir='ltr'><strong>autem</strong></span> <span class='ocrx_word' id='word_1_8' title='bbox 861 172 934 207; x_wconf 82' lang='lat' dir='ltr'><strong>jussa</strong></span> <span class='ocrx_word' id='word_1_9' title='bbox 947 180 996 199; x_wconf 83' lang='lat' dir='ltr'><strong>na-</strong></span> 
     </span>
    </p>
   </div>
   <div class='ocr_carea' id='block_1_3' title="bbox 215 217 999 253">
    <p class='ocr_par' dir='ltr' id='par_1_3' title="bbox 215 217 999 253">
     <span class='ocr_line' id='line_1_3' title="bbox 215 217 999 253; baseline -0.003 -6"><span class='ocrx_word' id='word_1_10' title='bbox 215 226 271 247; x_wconf 78' lang='lat' dir='ltr'><strong>tura</strong></span> <span class='ocrx_word' id='word_1_11' title='bbox 293 219 373 247; x_wconf 86' lang='lat' dir='ltr'><strong>cessit</strong></span> <span class='ocrx_word' id='word_1_12' title='bbox 386 226 446 245; x_wconf 88' lang='lat' dir='ltr'><strong>cum</strong></span> <span class='ocrx_word' id='word_1_13' title='bbox 458 226 489 245; x_wconf 89' lang='lat' dir='ltr'><strong>ea</strong></span> <span class='ocrx_word' id='word_1_14' title='bbox 511 225 562 253; x_wconf 89' lang='lat' dir='ltr'><strong>qua</strong></span> <span class='ocrx_word' id='word_1_15' title='bbox 585 225 633 252; x_wconf 89' lang='lat' dir='ltr'><strong>par</strong></span> <span class='ocrx_word' id='word_1_16' title='bbox 646 221 703 244; x_wconf 88' lang='lat' dir='ltr'><strong>erat</strong></span> <span class='ocrx_word' id='word_1_17' title='bbox 715 217 864 251; x_wconf 73' lang='lat' dir='ltr'><strong>celeritate,</strong></span> <span class='ocrx_word' id='word_1_18' title='bbox 879 218 933 245; x_wconf 92' lang='lat' dir='ltr'><strong>imo</strong></span> <span class='ocrx_word' id='word_1_19' title='bbox 947 225 999 245; x_wconf 90' lang='lat' dir='ltr'><strong>ma-</strong></span> 
     </span>
    </p>
   </div>
   <div class='ocr_carea' id='block_1_4' title="bbox 210 262 997 300">
    <p class='ocr_par' dir='ltr' id='par_1_4' title="bbox 210 262 997 300">
     <span class='ocr_line' id='line_1_4' title="bbox 210 262 997 300; baseline -0.004 -8"><span class='ocrx_word' id='word_1_20' title='bbox 210 266 279 300; x_wconf 88' lang='lat' dir='ltr'><strong>jore,</strong></span> <span class='ocrx_word' id='word_1_21' title='bbox 291 272 369 300; x_wconf 88' lang='lat' dir='ltr'><strong>quam</strong></span> <span class='ocrx_word' id='word_1_22' title='bbox 384 264 542 298; x_wconf 75' lang='lat' dir='ltr'><strong>evangelista</strong></span> <span class='ocrx_word' id='word_1_23' title='bbox 553 262 723 297; x_wconf 86' lang='lat' dir='ltr'><strong>expresserit.</strong></span> <span class='ocrx_word' id='word_1_24' title='bbox 734 262 800 289; x_wconf 91' lang='lat' dir='ltr'><strong>Nam</strong></span> <span class='ocrx_word' id='word_1_25' title='bbox 812 262 878 290; x_wconf 92' lang='lat' dir='ltr'><strong>illud</strong></span> <span class='ocrx_word' id='word_1_26' title='bbox 893 262 997 297; x_wconf 81' lang='lat' dir='ltr'><strong>Statim,</strong></span> 
     </span>
    </p>
   </div>
   <div class='ocr_carea' id='block_1_5' title="bbox 211 308 998 347">
    <p class='ocr_par' dir='ltr' id='par_1_5' title="bbox 211 308 998 347">
     <span class='ocr_line' id='line_1_5' title="bbox 211 308 998 347; baseline -0.004 -8"><span class='ocrx_word' id='word_1_27' title='bbox 211 313 289 347; x_wconf 78' lang='lat' dir='ltr'><strong>longe</strong></span> <span class='ocrx_word' id='word_1_28' title='bbox 303 311 403 338; x_wconf 81' lang='lat' dir='ltr'><strong>tardius</strong></span> <span class='ocrx_word' id='word_1_29' title='bbox 415 316 455 338; x_wconf 87' lang='lat' dir='ltr'><strong>est</strong></span> <span class='ocrx_word' id='word_1_30' title='bbox 468 331 477 343; x_wconf 87' lang='lat'><strong>,</strong></span> <span class='ocrx_word' id='word_1_31' title='bbox 499 317 577 345; x_wconf 89' lang='lat' dir='ltr'><strong>quam</strong></span> <span class='ocrx_word' id='word_1_32' title='bbox 597 310 686 344; x_wconf 89' lang='lat' dir='ltr'><strong>operis</strong></span> <span class='ocrx_word' id='word_1_33' title='bbox 698 308 821 336; x_wconf 73' lang='lat' dir='ltr'><strong>celeritas</strong></span> <span class='ocrx_word' id='word_1_34' title='bbox 835 308 894 336; x_wconf 79' lang='lat' dir='ltr'><strong>fuit.</strong></span> <span class='ocrx_word' id='word_1_35' title='bbox 907 308 998 344; x_wconf 87' lang='lat' dir='ltr'><strong>Neque</strong></span> 
     </span>
    </p>
   </div>
   <div class='ocr_carea' id='block_1_6' title="bbox 211 353 998 387">
    <p class='ocr_par' dir='ltr' id='par_1_6' title="bbox 211 353 998 387">
     <span class='ocr_line' id='line_1_6' title="bbox 211 353 998 387; baseline -0.003 -3"><span class='ocrx_word' id='word_1_36' title='bbox 211 357 295 384; x_wconf 83' lang='lat' dir='ltr'><strong>solum</strong></span> <span class='ocrx_word' id='word_1_37' title='bbox 318 356 395 387; x_wconf 83' lang='lat' dir='ltr'><strong>dixit,</strong></span> <span class='ocrx_word' id='word_1_38' title='bbox 416 355 488 387; x_wconf 84' lang='lat' dir='ltr'><strong>Volo,</strong></span> <span class='ocrx_word' id='word_1_39' title='bbox 514 354 655 387; x_wconf 86' lang='lat' dir='ltr'><strong>mundare;</strong></span> <span class='ocrx_word' id='word_1_40' title='bbox 675 354 722 382; x_wconf 87' lang='lat' dir='ltr'><strong>sed</strong></span> <span class='ocrx_word' id='word_1_41' title='bbox 747 354 838 387; x_wconf 88' lang='lat' dir='ltr'><strong>etiam,</strong></span> <span class='ocrx_word' id='word_1_42' title='bbox 854 353 998 382; x_wconf 71' lang='lat' dir='ltr'><strong>Extendem</strong></span> 
     </span>
    </p>
   </div>
   <div class='ocr_carea' id='block_1_7' title="bbox 211 401 998 439">
    <p class='ocr_par' dir='ltr' id='par_1_7' title="bbox 211 401 998 439">
     <span class='ocr_line' id='line_1_7' title="bbox 211 401 998 439; baseline -0.005 -8"><span class='ocrx_word' id='word_1_43' title='bbox 211 413 312 431; x_wconf 78' lang='lat' dir='ltr'><strong>ntonunt</strong></span> <span class='ocrx_word' id='word_1_44' title='bbox 336 403 500 439; x_wconf 77' lang='lat' dir='ltr'><strong>apprehendit</strong></span> <span class='ocrx_word' id='word_1_45' title='bbox 524 410 580 429; x_wconf 85' lang='lat' dir='ltr'><strong>eum</strong></span> <span class='ocrx_word' id='word_1_46' title='bbox 597 409 607 429; x_wconf 87' lang='lat'><strong><em>:</em></strong></span> <span class='ocrx_word' id='word_1_47' title='bbox 626 401 698 436; x_wconf 90' lang='lat' dir='ltr'><strong>quod</strong></span> <span class='ocrx_word' id='word_1_48' title='bbox 718 401 802 436; x_wconf 85' lang='lat' dir='ltr'><strong>magis</strong></span> <span class='ocrx_word' id='word_1_49' title='bbox 828 401 998 436; x_wconf 75' lang='lat' dir='ltr'><strong>inquisitione</strong></span> 
     </span>
    </p>
   </div>
   <div class='ocr_carea' id='block_1_8' title="bbox 210 446 997 485">
    <p class='ocr_par' dir='ltr' id='par_1_8' title="bbox 210 446 997 485">
     <span class='ocr_line' id='line_1_8' title="bbox 210 446 997 485; baseline -0.005 -9"><span class='ocrx_word' id='word_1_50' title='bbox 210 450 317 485; x_wconf 87' lang='lat' dir='ltr'><strong>dignum</strong></span> <span class='ocrx_word' id='word_1_51' title='bbox 331 453 382 476; x_wconf 91' lang='lat' dir='ltr'><strong>est.</strong></span> <span class='ocrx_word' id='word_1_52' title='bbox 402 449 454 475; x_wconf 81' lang='lat' dir='ltr'><strong>Cur</strong></span> <span class='ocrx_word' id='word_1_53' title='bbox 464 448 534 475; x_wconf 87' lang='lat' dir='ltr'><strong>enim</strong></span> <span class='ocrx_word' id='word_1_54' title='bbox 559 447 695 474; x_wconf 77' lang='lat' dir='ltr'><strong>voluntate</strong></span> <span class='ocrx_word' id='word_1_55' title='bbox 716 453 747 474; x_wconf 87' lang='lat' dir='ltr'><strong>ac</strong></span> <span class='ocrx_word' id='word_1_56' title='bbox 761 446 844 474; x_wconf 87' lang='lat' dir='ltr'><strong>verbo</strong></span> <span class='ocrx_word' id='word_1_57' title='bbox 857 453 953 473; x_wconf 85' lang='lat' dir='ltr'><strong>curans</strong></span> <span class='ocrx_word' id='word_1_58' title='bbox 966 446 997 473; x_wconf 94' lang='lat' dir='ltr'><strong>il-</strong></span> 
     </span>
    </p>
   </div>
   <div class='ocr_carea' id='block_1_9' title="bbox 212 491 997 528">
    <p class='ocr_par' dir='ltr' id='par_1_9' title="bbox 212 491 997 528">
     <span class='ocr_line' id='line_1_9' title="bbox 212 491 997 528; baseline -0.005 -6"><span class='ocrx_word' id='word_1_59' title='bbox 212 497 277 528; x_wconf 90' lang='lat' dir='ltr'><strong>lmn,</strong></span> <span class='ocrx_word' id='word_1_60' title='bbox 292 503 386 522; x_wconf 83' lang='lat' dir='ltr'><strong>manus</strong></span> <span class='ocrx_word' id='word_1_61' title='bbox 400 499 497 522; x_wconf 83' lang='lat' dir='ltr'><strong>tactum</strong></span> <span class='ocrx_word' id='word_1_62' title='bbox 517 493 631 528; x_wconf 80' lang='lat' dir='ltr'><strong>adjecit?</strong></span> <span class='ocrx_word' id='word_1_63' title='bbox 645 492 702 520; x_wconf 90' lang='lat' dir='ltr'><strong>Non</strong></span> <span class='ocrx_word' id='word_1_64' title='bbox 710 492 760 519; x_wconf 91' lang='lat' dir='ltr'><strong>alia</strong></span> <span class='ocrx_word' id='word_1_65' title='bbox 775 491 809 519; x_wconf 89' lang='lat' dir='ltr'><strong>de</strong></span> <span class='ocrx_word' id='word_1_66' title='bbox 820 499 911 524; x_wconf 84' lang='lat' dir='ltr'><strong>causa,</strong></span> <span class='ocrx_word' id='word_1_67' title='bbox 925 491 997 518; x_wconf 88' lang='lat' dir='ltr'><strong>arbi-</strong></span> 
     </span>
    </p>
   </div>
   <div class='ocr_carea' id='block_1_10' title="bbox 210 536 996 575">
    <p class='ocr_par' dir='ltr' id='par_1_10' title="bbox 210 536 996 575">
     <span class='ocr_line' id='line_1_10' title="bbox 210 536 996 575; baseline -0.005 -7"><span class='ocrx_word' id='word_1_68' title='bbox 210 546 276 574; x_wconf 91' lang='lat' dir='ltr'><strong>tror,</strong></span> <span class='ocrx_word' id='word_1_69' title='bbox 288 548 367 575; x_wconf 87' lang='lat' dir='ltr'><strong>quam</strong></span> <span class='ocrx_word' id='word_1_70' title='bbox 385 546 413 567; x_wconf 92' lang='lat' dir='ltr'><strong>ut</strong></span> <span class='ocrx_word' id='word_1_71' title='bbox 428 539 556 567; x_wconf 83' lang='lat' dir='ltr'><strong>indicaret</strong></span> <span class='ocrx_word' id='word_1_72' title='bbox 571 559 578 572; x_wconf 95' lang='lat'><strong>,</strong></span> <span class='ocrx_word' id='word_1_73' title='bbox 595 546 624 566; x_wconf 88' lang='lat' dir='ltr'><strong>se</strong></span> <span class='ocrx_word' id='word_1_74' title='bbox 637 546 692 565; x_wconf 89' lang='lat' dir='ltr'><strong>non</strong></span> <span class='ocrx_word' id='word_1_75' title='bbox 702 538 754 573; x_wconf 82' lang='lat' dir='ltr'><strong>legi</strong></span> <span class='ocrx_word' id='word_1_76' title='bbox 767 537 916 572; x_wconf 87' lang='lat' dir='ltr'><strong>subjectum</strong></span> <span class='ocrx_word' id='word_1_77' title='bbox 927 557 934 569; x_wconf 90' lang='lat'><strong>,</strong></span> <span class='ocrx_word' id='word_1_78' title='bbox 949 536 996 564; x_wconf 86' lang='lat' dir='ltr'><strong>sed</strong></span> 
     </span>
    </p>
   </div>
   <div class='ocr_carea' id='block_1_11' title="bbox 210 583 996 622">
    <p class='ocr_par' dir='ltr' id='par_1_11' title="bbox 210 583 996 622">
     <span class='ocr_line' id='line_1_11' title="bbox 210 583 996 622; baseline -0.006 -8"><span class='ocrx_word' id='word_1_79' title='bbox 210 594 290 621; x_wconf 81' lang='lat' dir='ltr'><strong>supra</strong></span> <span class='ocrx_word' id='word_1_80' title='bbox 306 587 389 622; x_wconf 86' lang='lat' dir='ltr'><strong>legem</strong></span> <span class='ocrx_word' id='word_1_81' title='bbox 402 593 480 617; x_wconf 85' lang='lat' dir='ltr'><strong>esse;</strong></span> <span class='ocrx_word' id='word_1_82' title='bbox 493 593 525 613; x_wconf 89' lang='lat' dir='ltr'><strong>ac</strong></span> <span class='ocrx_word' id='word_1_83' title='bbox 546 584 643 612; x_wconf 89' lang='lat' dir='ltr'><strong>mundo</strong></span> <span class='ocrx_word' id='word_1_84' title='bbox 664 584 790 618; x_wconf 73' lang='lat' dir='ltr'><strong>deinceps</strong></span> <span class='ocrx_word' id='word_1_85' title='bbox 802 583 867 610; x_wconf 86' lang='lat' dir='ltr'><strong>nihil</strong></span> <span class='ocrx_word' id='word_1_86' title='bbox 880 584 996 610; x_wconf 89' lang='lat' dir='ltr'><strong>immun-</strong></span> 
     </span>
    </p>
   </div>
   <div class='ocr_carea' id='block_1_12' title="bbox 209 628 998 665">
    <p class='ocr_par' dir='ltr' id='par_1_12' title="bbox 209 628 998 665">
     <span class='ocr_line' id='line_1_12' title="bbox 209 628 998 665; baseline -0.008 -4"><span class='ocrx_word' id='word_1_87' title='bbox 209 633 272 661; x_wconf 92' lang='lat' dir='ltr'><strong>dum</strong></span> <span class='ocrx_word' id='word_1_88' title='bbox 286 633 351 661; x_wconf 82' lang='lat' dir='ltr'><strong>fore.</strong></span> <span class='ocrx_word' id='word_1_89' title='bbox 375 632 485 660; x_wconf 67' lang='lat' dir='ltr'><strong>Elisaaus</strong></span> <span class='ocrx_word' id='word_1_90' title='bbox 504 631 601 665; x_wconf 85' lang='lat' dir='ltr'><strong>quippe</strong></span> <span class='ocrx_word' id='word_1_91' title='bbox 615 630 668 664; x_wconf 80' lang='lat' dir='ltr'><strong>legi</strong></span> <span class='ocrx_word' id='word_1_92' title='bbox 689 630 857 664; x_wconf 86' lang='lat' dir='ltr'><strong>obsequens,</strong></span> <span class='ocrx_word' id='word_1_93' title='bbox 876 628 998 656; x_wconf 62' lang='lat' dir='ltr'><strong>Neattna-</strong></span> 
     </span>
    </p>
   </div>
   <div class='ocr_carea' id='block_1_13' title="bbox 210 673 997 712">
    <p class='ocr_par' dir='ltr' id='par_1_13' title="bbox 210 673 997 712">
     <span class='ocr_line' id='line_1_13' title="bbox 210 673 997 712; baseline -0.008 -6"><span class='ocrx_word' id='word_1_94' title='bbox 210 687 272 706; x_wconf 89' lang='lat' dir='ltr'><strong>num</strong></span> <span class='ocrx_word' id='word_1_95' title='bbox 287 679 294 694; x_wconf 88' lang='lat'>&#39;</span> <span class='ocrx_word' id='word_1_96' title='bbox 310 685 344 706; x_wconf 81' lang='lat' dir='ltr'><strong>ne</strong></span> <span class='ocrx_word' id='word_1_97' title='bbox 359 677 475 712; x_wconf 75' lang='lat' dir='ltr'><strong>respexit</strong></span> <span class='ocrx_word' id='word_1_98' title='bbox 488 676 595 712; x_wconf 85' lang='lat' dir='ltr'><strong>quidem</strong></span> <span class='ocrx_word' id='word_1_99' title='bbox 608 684 616 708; x_wconf 82' lang='lat'><strong>;</strong></span> <span class='ocrx_word' id='word_1_100' title='bbox 631 680 659 702; x_wconf 90' lang='lat' dir='ltr'><strong>ut</strong></span> <span class='ocrx_word' id='word_1_101' title='bbox 673 680 761 702; x_wconf 86' lang='lat' dir='ltr'><strong>autem</strong></span> <span class='ocrx_word' id='word_1_102' title='bbox 777 674 906 702; x_wconf 72' lang='lat' dir='ltr'><strong>ollensum</strong></span> <span class='ocrx_word' id='word_1_103' title='bbox 922 673 997 701; x_wconf 83' lang='lat' dir='ltr'><strong>audi-</strong></span> 
     </span>
    </p>
   </div>
   <div class='ocr_carea' id='block_1_14' title="bbox 210 720 998 759">
    <p class='ocr_par' dir='ltr' id='par_1_14' title="bbox 210 720 998 759">
     <span class='ocr_line' id='line_1_14' title="bbox 210 720 998 759; baseline -0.006 -8"><span class='ocrx_word' id='word_1_104' title='bbox 210 725 256 757; x_wconf 89' lang='lat' dir='ltr'><strong>vit,</strong></span> <span class='ocrx_word' id='word_1_105' title='bbox 283 724 352 759; x_wconf 91' lang='lat' dir='ltr'><strong>quod</strong></span> <span class='ocrx_word' id='word_1_106' title='bbox 368 731 420 750; x_wconf 87' lang='lat' dir='ltr'><strong>non</strong></span> <span class='ocrx_word' id='word_1_107' title='bbox 446 729 570 758; x_wconf 85' lang='lat' dir='ltr'><strong>egressus</strong></span> <span class='ocrx_word' id='word_1_108' title='bbox 583 725 666 754; x_wconf 82' lang='lat' dir='ltr'><strong>esset,</strong></span> <span class='ocrx_word' id='word_1_109' title='bbox 682 728 733 748; x_wconf 90' lang='lat' dir='ltr'><strong>nec</strong></span> <span class='ocrx_word' id='word_1_110' title='bbox 755 728 785 748; x_wconf 90' lang='lat' dir='ltr'><strong>se</strong></span> <span class='ocrx_word' id='word_1_111' title='bbox 813 720 952 755; x_wconf 80' lang='lat' dir='ltr'><strong>tetigisset,</strong></span> <span class='ocrx_word' id='word_1_112' title='bbox 968 723 998 746; x_wconf 93' lang='lat' dir='ltr'><strong>ut</strong></span> 
     </span>
    </p>
   </div>
   <div class='ocr_carea' id='block_1_15' title="bbox 210 764 996 806">
    <p class='ocr_par' dir='ltr' id='par_1_15' title="bbox 210 764 996 806">
     <span class='ocr_line' id='line_1_15' title="bbox 210 764 996 806; baseline -0.006 -9"><span class='ocrx_word' id='word_1_113' title='bbox 210 771 293 806; x_wconf 81' lang='lat' dir='ltr'><strong>legem</strong></span> <span class='ocrx_word' id='word_1_114' title='bbox 306 773 428 797; x_wconf 85' lang='lat' dir='ltr'><strong>accurate</strong></span> <span class='ocrx_word' id='word_1_115' title='bbox 439 772 569 799; x_wconf 84' lang='lat' dir='ltr'><strong>servaret,</strong></span> <span class='ocrx_word' id='word_1_116' title='bbox 584 766 656 794; x_wconf 89' lang='lat' dir='ltr'><strong>domi</strong></span> <span class='ocrx_word' id='word_1_117' title='bbox 670 774 790 799; x_wconf 88' lang='lat' dir='ltr'><strong>manens,</strong></span> <span class='ocrx_word' id='word_1_118' title='bbox 805 766 876 792; x_wconf 85' lang='lat' dir='ltr'><strong>misit</strong></span> <span class='ocrx_word' id='word_1_119' title='bbox 889 773 949 793; x_wconf 90' lang='lat' dir='ltr'><strong>eum</strong></span> <span class='ocrx_word' id='word_1_120' title='bbox 962 764 996 792; x_wconf 87' lang='lat' dir='ltr'><strong>ad</strong></span> 
     </span>
    </p>
   </div>
   <div class='ocr_carea' id='block_1_16' title="bbox 208 811 996 849">
    <p class='ocr_par' dir='ltr' id='par_1_16' title="bbox 208 811 996 849">
     <span class='ocr_line' id='line_1_16' title="bbox 208 811 996 849; baseline -0.009 -4"><span class='ocrx_word' id='word_1_121' title='bbox 208 817 362 849; x_wconf 80' lang='lat' dir='ltr'><strong>Jordanem,</strong></span> <span class='ocrx_word' id='word_1_122' title='bbox 386 820 414 843; x_wconf 91' lang='lat' dir='ltr'><strong>ut</strong></span> <span class='ocrx_word' id='word_1_123' title='bbox 428 822 487 842; x_wconf 86' lang='lat' dir='ltr'><strong>sese</strong></span> <span class='ocrx_word' id='word_1_124' title='bbox 513 814 632 841; x_wconf 84' lang='lat' dir='ltr'><strong>ablueret</strong></span> <span class='ocrx_word' id='word_1_125' title='bbox 644 813 654 848; x_wconf 97' lang='lat'><strong>(</strong></span> <span class='ocrx_word' id='word_1_126' title='bbox 666 813 692 840; x_wconf 72' lang='grc'><strong>4.</strong></span> <span class='ocrx_word' id='word_1_127' title='bbox 709 812 773 848; x_wconf 78' lang='lat' dir='ltr'><strong>Reg.</strong></span> <span class='ocrx_word' id='word_1_128' title='bbox 793 812 809 840; x_wconf 80' lang='lat'><strong>5</strong></span> <span class='ocrx_word' id='word_1_129' title='bbox 821 813 840 846; x_wconf 95' lang='lat'><strong>).</strong></span> <span class='ocrx_word' id='word_1_130' title='bbox 869 811 996 839; x_wconf 81' lang='lat' dir='ltr'><strong>Dominus</strong></span> 
     </span>
    </p>
   </div>
   <div class='ocr_carea' id='block_1_17' title="bbox 209 855 995 895">
    <p class='ocr_par' dir='ltr' id='par_1_17' title="bbox 209 855 995 895">
     <span class='ocr_line' id='line_1_17' title="bbox 209 855 995 895; baseline -0.015 0"><span class='ocrx_word' id='word_1_131' title='bbox 209 874 275 895; x_wconf 83' lang='lat' dir='ltr'><strong>vero</strong></span> <span class='ocrx_word' id='word_1_132' title='bbox 287 863 432 893; x_wconf 87' lang='lat' dir='ltr'><strong>ostendens</strong></span> <span class='ocrx_word' id='word_1_133' title='bbox 440 869 470 889; x_wconf 89' lang='lat' dir='ltr'><strong>se</strong></span> <span class='ocrx_word' id='word_1_134' title='bbox 483 868 537 887; x_wconf 88' lang='lat' dir='ltr'><strong>non</strong></span> <span class='ocrx_word' id='word_1_135' title='bbox 545 864 574 886; x_wconf 89' lang='lat' dir='ltr'><strong>ut</strong></span> <span class='ocrx_word' id='word_1_136' title='bbox 581 865 699 890; x_wconf 87' lang='lat' dir='ltr'><strong>servum,</strong></span> <span class='ocrx_word' id='word_1_137' title='bbox 709 857 755 884; x_wconf 87' lang='lat' dir='ltr'><strong>sed</strong></span> <span class='ocrx_word' id='word_1_138' title='bbox 764 860 794 884; x_wconf 91' lang='lat' dir='ltr'><strong>ut</strong></span> <span class='ocrx_word' id='word_1_139' title='bbox 801 855 939 883; x_wconf 89' lang='lat' dir='ltr'><strong>dominum</strong></span> <span class='ocrx_word' id='word_1_140' title='bbox 946 864 995 884; x_wconf 85' lang='lat' dir='ltr'><strong>eu-</strong></span> 
     </span>
    </p>
   </div>
   <div class='ocr_carea' id='block_1_18' title="bbox 212 902 994 944">
    <p class='ocr_par' dir='ltr' id='par_1_18' title="bbox 212 902 994 944">
     <span class='ocr_line' id='line_1_18' title="bbox 212 902 994 944; baseline -0.015 -4"><span class='ocrx_word' id='word_1_141' title='bbox 212 920 283 944; x_wconf 86' lang='lat' dir='ltr'><strong>rare,</strong></span> <span class='ocrx_word' id='word_1_142' title='bbox 296 911 375 939; x_wconf 85' lang='lat' dir='ltr'><strong>etiam</strong></span> <span class='ocrx_word' id='word_1_143' title='bbox 387 907 472 943; x_wconf 79' lang='lat' dir='ltr'><strong>tangit</strong></span> <span class='ocrx_word' id='word_1_144' title='bbox 481 907 629 941; x_wconf 85' lang='lat' dir='ltr'><strong>leprosum.</strong></span> <span class='ocrx_word' id='word_1_145' title='bbox 648 903 741 938; x_wconf 83' lang='lat' dir='ltr'><strong>Neque</strong></span> <span class='ocrx_word' id='word_1_146' title='bbox 753 902 826 930; x_wconf 91' lang='lat' dir='ltr'><strong>enim</strong></span> <span class='ocrx_word' id='word_1_147' title='bbox 842 910 939 930; x_wconf 85' lang='lat' dir='ltr'><strong>manus</strong></span> <span class='ocrx_word' id='word_1_148' title='bbox 947 911 994 937; x_wconf 85' lang='lat' dir='ltr'><strong>per</strong></span> 
     </span>
    </p>
   </div>
   <div class='ocr_carea' id='block_1_19' title="bbox 208 949 995 991">
    <p class='ocr_par' dir='ltr' id='par_1_19' title="bbox 208 949 995 991">
     <span class='ocr_line' id='line_1_19' title="bbox 208 949 995 991; baseline -0.013 -8"><span class='ocrx_word' id='word_1_149' title='bbox 208 956 309 991; x_wconf 87' lang='lat' dir='ltr'><strong>lepram</strong></span> <span class='ocrx_word' id='word_1_150' title='bbox 327 953 461 981; x_wconf 89' lang='lat' dir='ltr'><strong>immunda</strong></span> <span class='ocrx_word' id='word_1_151' title='bbox 478 952 547 980; x_wconf 80' lang='lat' dir='ltr'><strong>facta</strong></span> <span class='ocrx_word' id='word_1_152' title='bbox 567 955 626 984; x_wconf 88' lang='lat' dir='ltr'><strong>est,</strong></span> <span class='ocrx_word' id='word_1_153' title='bbox 641 949 691 977; x_wconf 87' lang='lat' dir='ltr'><strong>sed</strong></span> <span class='ocrx_word' id='word_1_154' title='bbox 713 949 847 984; x_wconf 83' lang='lat' dir='ltr'><strong>leprosum</strong></span> <span class='ocrx_word' id='word_1_155' title='bbox 864 954 961 982; x_wconf 84' lang='lat' dir='ltr'><strong>corpus</strong></span> <span class='ocrx_word' id='word_1_156' title='bbox 979 954 995 974; x_wconf 91' lang='lat' dir='ltr'><strong>a</strong></span> 
     </span>
    </p>
   </div>
   <div class='ocr_carea' id='block_1_20' title="bbox 208 993 996 1029">
    <p class='ocr_par' dir='ltr' id='par_1_20' title="bbox 208 993 996 1029">
     <span class='ocr_line' id='line_1_20' title="bbox 208 993 996 1029; baseline -0.014 0"><span class='ocrx_word' id='word_1_157' title='bbox 208 1005 299 1029; x_wconf 88' lang='lat' dir='ltr'><strong>sancta</strong></span> <span class='ocrx_word' id='word_1_158' title='bbox 312 1007 392 1027; x_wconf 90' lang='lat' dir='ltr'><strong>manu</strong></span> <span class='ocrx_word' id='word_1_159' title='bbox 405 997 559 1026; x_wconf 86' lang='lat' dir='ltr'><strong>mundatum</strong></span> <span class='ocrx_word' id='word_1_160' title='bbox 571 1000 622 1024; x_wconf 87' lang='lat' dir='ltr'><strong>est.</strong></span> <span class='ocrx_word' id='word_1_161' title='bbox 638 995 695 1023; x_wconf 87' lang='lat' dir='ltr'><strong>Non</strong></span> <span class='ocrx_word' id='word_1_162' title='bbox 709 993 780 1022; x_wconf 81' lang='lat' dir='ltr'><strong>enim</strong></span> <span class='ocrx_word' id='word_1_163' title='bbox 793 1000 908 1028; x_wconf 84' lang='lat' dir='ltr'><strong>corpora.</strong></span> <span class='ocrx_word' id='word_1_164' title='bbox 919 1000 996 1019; x_wconf 85' lang='lat' dir='ltr'><strong>ettra-</strong></span> 
     </span>
    </p>
   </div>
   <div class='ocr_carea' id='block_1_21' title="bbox 208 1038 994 1074">
    <p class='ocr_par' dir='ltr' id='par_1_21' title="bbox 208 1038 994 1074">
     <span class='ocr_line' id='line_1_21' title="bbox 208 1038 994 1074; baseline -0.013 0"><span class='ocrx_word' id='word_1_165' title='bbox 208 1052 282 1074; x_wconf 85' lang='lat' dir='ltr'><strong>turus</strong></span> <span class='ocrx_word' id='word_1_166' title='bbox 297 1049 398 1073; x_wconf 84' lang='lat' dir='ltr'><strong>tantum</strong></span> <span class='ocrx_word' id='word_1_167' title='bbox 411 1043 567 1073; x_wconf 84' lang='lat' dir='ltr'><strong>advenerat,</strong></span> <span class='ocrx_word' id='word_1_168' title='bbox 581 1041 629 1070; x_wconf 87' lang='lat' dir='ltr'><strong>sed</strong></span> <span class='ocrx_word' id='word_1_169' title='bbox 641 1042 756 1068; x_wconf 88' lang='lat' dir='ltr'><strong>animam</strong></span> <span class='ocrx_word' id='word_1_170' title='bbox 771 1047 877 1074; x_wconf 85' lang='lat' dir='ltr'><strong>quoque</strong></span> <span class='ocrx_word' id='word_1_171' title='bbox 888 1038 921 1066; x_wconf 89' lang='lat' dir='ltr'><strong>ad</strong></span> <span class='ocrx_word' id='word_1_172' title='bbox 936 1038 994 1073; x_wconf 84' lang='lat' dir='ltr'><strong>phi-</strong></span> 
     </span>
    </p>
   </div>
   <div class='ocr_carea' id='block_1_22' title="bbox 207 1084 993 1127">
    <p class='ocr_par' dir='ltr' id='par_1_22' title="bbox 207 1084 993 1127">
     <span class='ocr_line' id='line_1_22' title="bbox 207 1084 993 1127; baseline -0.013 -7"><span class='ocrx_word' id='word_1_173' title='bbox 207 1092 356 1127; x_wconf 85' lang='lat' dir='ltr'><strong>losophiam</strong></span> <span class='ocrx_word' id='word_1_174' title='bbox 369 1090 542 1119; x_wconf 83' lang='lat' dir='ltr'><strong>deducturus.</strong></span> <span class='ocrx_word' id='word_1_175' title='bbox 562 1089 636 1116; x_wconf 89' lang='lat' dir='ltr'><strong>Sicut</strong></span> <span class='ocrx_word' id='word_1_176' title='bbox 654 1094 718 1122; x_wconf 83' lang='lat' dir='ltr'><strong>ergo</strong></span> <span class='ocrx_word' id='word_1_177' title='bbox 729 1093 782 1114; x_wconf 89' lang='lat' dir='ltr'><strong>non</strong></span> <span class='ocrx_word' id='word_1_178' title='bbox 795 1085 857 1113; x_wconf 92' lang='lat' dir='ltr'><strong>lotis</strong></span> <span class='ocrx_word' id='word_1_179' title='bbox 869 1084 993 1111; x_wconf 88' lang='lat' dir='ltr'><strong>manibus</strong></span> 
     </span>
    </p>
   </div>
   <div class='ocr_carea' id='block_1_23' title="bbox 207 1131 997 1170">
    <p class='ocr_par' dir='ltr' id='par_1_23' title="bbox 207 1131 997 1170">
     <span class='ocr_line' id='line_1_23' title="bbox 207 1131 997 1170; baseline -0.013 -3"><span class='ocrx_word' id='word_1_180' title='bbox 207 1139 388 1170; x_wconf 86' lang='lat' dir='ltr'><strong>manducare,</strong></span> <span class='ocrx_word' id='word_1_181' title='bbox 410 1144 463 1165; x_wconf 92' lang='lat' dir='ltr'><strong>non</strong></span> <span class='ocrx_word' id='word_1_182' title='bbox 485 1136 554 1163; x_wconf 89' lang='lat' dir='ltr'><strong>ultra</strong></span> <span class='ocrx_word' id='word_1_183' title='bbox 576 1134 739 1169; x_wconf 88' lang='lat' dir='ltr'><strong>prohibitum</strong></span> <span class='ocrx_word' id='word_1_184' title='bbox 757 1139 817 1160; x_wconf 88' lang='lat' dir='ltr'><strong>esse</strong></span> <span class='ocrx_word' id='word_1_185' title='bbox 836 1131 910 1165; x_wconf 84' lang='lat' dir='ltr'><strong>dicit,</strong></span> <span class='ocrx_word' id='word_1_186' title='bbox 933 1138 997 1158; x_wconf 89' lang='lat' dir='ltr'><strong>cum</strong></span> 
     </span>
    </p>
   </div>
   <div class='ocr_carea' id='block_1_24' title="bbox 205 1176 995 1219">
    <p class='ocr_par' dir='ltr' id='par_1_24' title="bbox 205 1176 995 1219">
     <span class='ocr_line' id='line_1_24' title="bbox 205 1176 995 1219; baseline -0.013 -7"><span class='ocrx_word' id='word_1_187' title='bbox 205 1184 333 1219; x_wconf 85' lang='lat' dir='ltr'><strong>optimam</strong></span> <span class='ocrx_word' id='word_1_188' title='bbox 347 1183 418 1210; x_wconf 83' lang='lat' dir='ltr'><strong>illam</strong></span> <span class='ocrx_word' id='word_1_189' title='bbox 436 1182 469 1210; x_wconf 90' lang='lat' dir='ltr'><strong>de</strong></span> <span class='ocrx_word' id='word_1_190' title='bbox 483 1181 603 1209; x_wconf 89' lang='lat' dir='ltr'><strong>ciborum</strong></span> <span class='ocrx_word' id='word_1_191' title='bbox 621 1178 796 1207; x_wconf 69' lang='lat' dir='ltr'><strong>indiderentia</strong></span> <span class='ocrx_word' id='word_1_192' title='bbox 811 1177 896 1213; x_wconf 89' lang='lat' dir='ltr'><strong>legem</strong></span> <span class='ocrx_word' id='word_1_193' title='bbox 918 1176 995 1203; x_wconf 88' lang='lat' dir='ltr'><strong>indu-</strong></span> 
     </span>
    </p>
   </div>
   <div class='ocr_carea' id='block_1_25' title="bbox 209 1224 995 1262">
    <p class='ocr_par' dir='ltr' id='par_1_25' title="bbox 209 1224 995 1262">
     <span class='ocr_line' id='line_1_25' title="bbox 209 1224 995 1262; baseline -0.011 -5"><span class='ocrx_word' id='word_1_194' title='bbox 209 1230 245 1257; x_wconf 91' lang='lat' dir='ltr'><strong>cit</strong></span> <span class='ocrx_word' id='word_1_195' title='bbox 259 1237 265 1255; x_wconf 95' lang='lat'>:</span> <span class='ocrx_word' id='word_1_196' title='bbox 280 1230 319 1256; x_wconf 86' lang='lat' dir='ltr'><strong>sic</strong></span> <span class='ocrx_word' id='word_1_197' title='bbox 333 1233 361 1256; x_wconf 90' lang='lat' dir='ltr'><strong>et</strong></span> <span class='ocrx_word' id='word_1_198' title='bbox 370 1229 421 1255; x_wconf 89' lang='lat' dir='ltr'><strong>hoc</strong></span> <span class='ocrx_word' id='word_1_199' title='bbox 431 1227 490 1255; x_wconf 91' lang='lat' dir='ltr'><strong>loco</strong></span> <span class='ocrx_word' id='word_1_200' title='bbox 503 1227 566 1262; x_wconf 90' lang='lat' dir='ltr'><strong>agit,</strong></span> <span class='ocrx_word' id='word_1_201' title='bbox 585 1225 716 1260; x_wconf 85' lang='lat' dir='ltr'><strong>docetque</strong></span> <span class='ocrx_word' id='word_1_202' title='bbox 736 1224 852 1252; x_wconf 86' lang='lat' dir='ltr'><strong>animam</strong></span> <span class='ocrx_word' id='word_1_203' title='bbox 872 1227 995 1258; x_wconf 88' lang='lat' dir='ltr'><strong>oportere</strong></span> 
     </span>
    </p>
   </div>
   <div class='ocr_carea' id='block_1_26' title="bbox 207 1267 992 1309">
    <p class='ocr_par' dir='ltr' id='par_1_26' title="bbox 207 1267 992 1309">
     <span class='ocr_line' id='line_1_26' title="bbox 207 1267 992 1309; baseline -0.01 -7"><span class='ocrx_word' id='word_1_204' title='bbox 207 1275 313 1309; x_wconf 78' lang='lat' dir='ltr'><strong>curari,</strong></span> <span class='ocrx_word' id='word_1_205' title='bbox 340 1273 505 1308; x_wconf 84' lang='lat' dir='ltr'><strong>sublatisque</strong></span> <span class='ocrx_word' id='word_1_206' title='bbox 531 1272 648 1300; x_wconf 87' lang='lat' dir='ltr'><strong>externis</strong></span> <span class='ocrx_word' id='word_1_207' title='bbox 666 1270 719 1298; x_wconf 86' lang='lat' dir='ltr'><strong>illis</strong></span> <span class='ocrx_word' id='word_1_208' title='bbox 748 1267 992 1305; x_wconf 80' lang='lat' dir='ltr'><strong>puriﬁeationibus,</strong></span> 
     </span>
    </p>
   </div>
   <div class='ocr_carea' id='block_1_27' title="bbox 206 1313 995 1353">
    <p class='ocr_par' dir='ltr' id='par_1_27' title="bbox 206 1313 995 1353">
     <span class='ocr_line' id='line_1_27' title="bbox 206 1313 995 1353; baseline -0.011 -5"><span class='ocrx_word' id='word_1_209' title='bbox 206 1321 279 1348; x_wconf 82' lang='lat' dir='ltr'><strong>illam</strong></span> <span class='ocrx_word' id='word_1_210' title='bbox 294 1327 355 1348; x_wconf 85' lang='lat' dir='ltr'><strong>esse</strong></span> <span class='ocrx_word' id='word_1_211' title='bbox 380 1318 582 1353; x_wconf 85' lang='lat' dir='ltr'><strong>abstergendam</strong></span> <span class='ocrx_word' id='word_1_212' title='bbox 593 1337 601 1350; x_wconf 88' lang='lat'><strong>,</strong></span> <span class='ocrx_word' id='word_1_213' title='bbox 622 1316 757 1352; x_wconf 83' lang='lat' dir='ltr'><strong>ipsiusque</strong></span> <span class='ocrx_word' id='word_1_214' title='bbox 776 1319 878 1343; x_wconf 91' lang='lat' dir='ltr'><strong>tantum</strong></span> <span class='ocrx_word' id='word_1_215' title='bbox 893 1313 995 1349; x_wconf 91' lang='lat' dir='ltr'><strong>lepram</strong></span> 
     </span>
    </p>
   </div>
   <div class='ocr_carea' id='block_1_28' title="bbox 206 1360 994 1400">
    <p class='ocr_par' dir='ltr' id='par_1_28' title="bbox 206 1360 994 1400">
     <span class='ocr_line' id='line_1_28' title="bbox 206 1360 994 1400; baseline -0.009 -6"><span class='ocrx_word' id='word_1_216' title='bbox 206 1374 267 1394; x_wconf 79' lang='lat' dir='ltr'><strong>esse</strong></span> <span class='ocrx_word' id='word_1_217' title='bbox 289 1365 444 1397; x_wconf 83' lang='lat' dir='ltr'><strong>timendam,</strong></span> <span class='ocrx_word' id='word_1_218' title='bbox 471 1372 531 1400; x_wconf 68' lang='lat' dir='ltr'><strong>qua:</strong></span> <span class='ocrx_word' id='word_1_219' title='bbox 551 1368 594 1391; x_wconf 90' lang='lat' dir='ltr'><strong>est</strong></span> <span class='ocrx_word' id='word_1_220' title='bbox 614 1367 749 1397; x_wconf 88' lang='lat' dir='ltr'><strong>peccatttm</strong></span> <span class='ocrx_word' id='word_1_221' title='bbox 774 1361 846 1398; x_wconf 90' lang='lat' dir='ltr'><strong>(nam</strong></span> <span class='ocrx_word' id='word_1_222' title='bbox 861 1360 994 1395; x_wconf 81' lang='lat' dir='ltr'><strong>leprosum</strong></span> 
     </span>
    </p>
   </div>
   <div class='ocr_carea' id='block_1_29' title="bbox 206 1407 1023 1445">
    <p class='ocr_par' dir='ltr' id='par_1_29' title="bbox 206 1407 1023 1445">
     <span class='ocr_line' id='line_1_29' title="bbox 206 1407 1023 1445; baseline -0.006 -4"><span class='ocrx_word' id='word_1_223' title='bbox 206 1421 266 1441; x_wconf 87' lang='lat' dir='ltr'><strong>esse</strong></span> <span class='ocrx_word' id='word_1_224' title='bbox 276 1413 376 1440; x_wconf 92' lang='lat' dir='ltr'><strong>nullum</strong></span> <span class='ocrx_word' id='word_1_225' title='bbox 383 1411 415 1439; x_wconf 90' lang='lat' dir='ltr'><strong>ad</strong></span> <span class='ocrx_word' id='word_1_226' title='bbox 422 1411 533 1439; x_wconf 89' lang='lat' dir='ltr'><strong>salutem</strong></span> <span class='ocrx_word' id='word_1_227' title='bbox 544 1409 762 1445; x_wconf 88' lang='lat' dir='ltr'><strong>impedimentum</strong></span> <span class='ocrx_word' id='word_1_228' title='bbox 773 1407 861 1443; x_wconf 66' lang='lat' dir='ltr'><strong>aliert)</strong></span> <span class='ocrx_word' id='word_1_229' title='bbox 872 1416 879 1441; x_wconf 90' lang='lat'><strong>;</strong></span> <span class='ocrx_word' id='word_1_230' title='bbox 894 1407 996 1444; x_wconf 86' lang='lat' dir='ltr'><strong>primus</strong></span> <span class='ocrx_word' id='word_1_231' title='bbox 1019 1431 1023 1436; x_wconf 97' lang='lat'><strong>.</strong></span> 
     </span>
    </p>
   </div>
   <div class='ocr_carea' id='block_1_30' title="bbox 207 1453 995 1494">
    <p class='ocr_par' dir='ltr' id='par_1_30' title="bbox 207 1453 995 1494">
     <span class='ocr_line' id='line_1_30' title="bbox 207 1453 995 1494; baseline -0.008 -8"><span class='ocrx_word' id='word_1_232' title='bbox 207 1460 263 1494; x_wconf 85' lang='lat' dir='ltr'><strong>ipse</strong></span> <span class='ocrx_word' id='word_1_233' title='bbox 291 1459 424 1493; x_wconf 86' lang='lat' dir='ltr'><strong>leprosum</strong></span> <span class='ocrx_word' id='word_1_234' title='bbox 444 1457 544 1492; x_wconf 89' lang='lat' dir='ltr'><strong>tangit,</strong></span> <span class='ocrx_word' id='word_1_235' title='bbox 570 1460 597 1483; x_wconf 91' lang='lat' dir='ltr'><strong>et</strong></span> <span class='ocrx_word' id='word_1_236' title='bbox 611 1463 689 1482; x_wconf 88' lang='lat' dir='ltr'><strong>nemo</strong></span> <span class='ocrx_word' id='word_1_237' title='bbox 712 1454 878 1482; x_wconf 83' lang='lat' dir='ltr'><strong>criminatur.</strong></span> <span class='ocrx_word' id='word_1_238' title='bbox 902 1453 995 1488; x_wconf 87' lang='lat' dir='ltr'><strong>Neque</strong></span> 
     </span>
    </p>
   </div>
   <div class='ocr_carea' id='block_1_31' title="bbox 206 1498 992 1538">
    <p class='ocr_par' dir='ltr' id='par_1_31' title="bbox 206 1498 992 1538">
     <span class='ocr_line' id='line_1_31' title="bbox 206 1498 992 1538; baseline -0.009 -6"><span class='ocrx_word' id='word_1_239' title='bbox 206 1506 277 1532; x_wconf 90' lang='lat' dir='ltr'><strong>enim</strong></span> <span class='ocrx_word' id='word_1_240' title='bbox 287 1508 440 1538; x_wconf 88' lang='lat' dir='ltr'><strong>corruptum</strong></span> <span class='ocrx_word' id='word_1_241' title='bbox 453 1507 511 1530; x_wconf 85' lang='lat' dir='ltr'><strong>erat</strong></span> <span class='ocrx_word' id='word_1_242' title='bbox 525 1501 650 1532; x_wconf 81' lang='lat' dir='ltr'><strong>tribunal,</strong></span> <span class='ocrx_word' id='word_1_243' title='bbox 667 1508 752 1535; x_wconf 89' lang='lat' dir='ltr'><strong>neque</strong></span> <span class='ocrx_word' id='word_1_244' title='bbox 766 1499 862 1527; x_wconf 88' lang='lat' dir='ltr'><strong>invidia</strong></span> <span class='ocrx_word' id='word_1_245' title='bbox 875 1498 992 1533; x_wconf 89' lang='lat' dir='ltr'><strong>correpti</strong></span> 
     </span>
    </p>
   </div>
   <div class='ocr_carea' id='block_1_32' title="bbox 206 1544 996 1585">
    <p class='ocr_par' dir='ltr' id='par_1_32' title="bbox 206 1544 996 1585">
     <span class='ocr_line' id='line_1_32' title="bbox 206 1544 996 1585; baseline -0.009 -7"><span class='ocrx_word' id='word_1_246' title='bbox 206 1549 392 1585; x_wconf 79' lang='lat' dir='ltr'><strong>spectatores&#39;</strong></span> <span class='ocrx_word' id='word_1_247' title='bbox 405 1552 490 1575; x_wconf 80' lang='lat' dir='ltr'><strong>erant.</strong></span> <span class='ocrx_word' id='word_1_248' title='bbox 513 1547 628 1581; x_wconf 88' lang='lat' dir='ltr'><strong>Ideoque</strong></span> <span class='ocrx_word' id='word_1_249' title='bbox 650 1554 703 1573; x_wconf 91' lang='lat' dir='ltr'><strong>non</strong></span> <span class='ocrx_word' id='word_1_250' title='bbox 725 1545 805 1573; x_wconf 89' lang='lat' dir='ltr'><strong>tuodo</strong></span> <span class='ocrx_word' id='word_1_251' title='bbox 822 1552 875 1572; x_wconf 92' lang='lat' dir='ltr'><strong>non</strong></span> <span class='ocrx_word' id='word_1_252' title='bbox 896 1544 996 1572; x_wconf 89' lang='lat' dir='ltr'><strong>calum-</strong></span> 
     </span>
    </p>
   </div>
   <div class='ocr_carea' id='block_1_33' title="bbox 207 1590 994 1628">
    <p class='ocr_par' dir='ltr' id='par_1_33' title="bbox 207 1590 994 1628">
     <span class='ocr_line' id='line_1_33' title="bbox 207 1590 994 1628; baseline -0.009 -5"><span class='ocrx_word' id='word_1_253' title='bbox 207 1596 271 1623; x_wconf 82' lang='lat' dir='ltr'><strong>niati</strong></span> <span class='ocrx_word' id='word_1_254' title='bbox 283 1601 354 1627; x_wconf 89' lang='lat' dir='ltr'><strong>sunt,</strong></span> <span class='ocrx_word' id='word_1_255' title='bbox 370 1594 417 1622; x_wconf 88' lang='lat' dir='ltr'><strong>sed</strong></span> <span class='ocrx_word' id='word_1_256' title='bbox 437 1598 546 1628; x_wconf 85' lang='lat' dir='ltr'><strong>stupore</strong></span> <span class='ocrx_word' id='word_1_257' title='bbox 567 1592 680 1627; x_wconf 80' lang='lat' dir='ltr'><strong>perculsi</strong></span> <span class='ocrx_word' id='word_1_258' title='bbox 698 1591 731 1619; x_wconf 88' lang='lat' dir='ltr'><strong>de</strong></span> <span class='ocrx_word' id='word_1_259' title='bbox 746 1590 885 1623; x_wconf 85' lang='lat' dir='ltr'><strong>miraculo,</strong></span> <span class='ocrx_word' id='word_1_260' title='bbox 900 1597 994 1618; x_wconf 86' lang='lat' dir='ltr'><strong>cesse-</strong></span> 
     </span>
    </p>
   </div>
   <div class='ocr_carea' id='block_1_34' title="bbox 207 1635 992 1674">
    <p class='ocr_par' dir='ltr' id='par_1_34' title="bbox 207 1635 992 1674">
     <span class='ocr_line' id='line_1_34' title="bbox 207 1635 992 1674; baseline -0.009 -5"><span class='ocrx_word' id='word_1_261' title='bbox 207 1647 279 1674; x_wconf 91' lang='lat' dir='ltr'><strong>runt,</strong></span> <span class='ocrx_word' id='word_1_262' title='bbox 294 1649 326 1668; x_wconf 92' lang='lat' dir='ltr'><strong>ex</strong></span> <span class='ocrx_word' id='word_1_263' title='bbox 339 1640 418 1668; x_wconf 89' lang='lat' dir='ltr'><strong>dictis</strong></span> <span class='ocrx_word' id='word_1_264' title='bbox 435 1643 462 1667; x_wconf 89' lang='lat' dir='ltr'><strong>et</strong></span> <span class='ocrx_word' id='word_1_265' title='bbox 476 1639 552 1666; x_wconf 85' lang='lat' dir='ltr'><strong>factis</strong></span> <span class='ocrx_word' id='word_1_266' title='bbox 567 1638 691 1665; x_wconf 87' lang='lat' dir='ltr'><strong>invictam</strong></span> <span class='ocrx_word' id='word_1_267' title='bbox 705 1637 764 1671; x_wconf 85' lang='lat' dir='ltr'><strong>ejus</strong></span> <span class='ocrx_word' id='word_1_268' title='bbox 785 1636 928 1671; x_wconf 88' lang='lat' dir='ltr'><strong>potentiant</strong></span> <span class='ocrx_word' id='word_1_269' title='bbox 944 1635 992 1663; x_wconf 87' lang='lat' dir='ltr'><strong>ad-</strong></span> 
     </span>
    </p>
   </div>
   <div class='ocr_carea' id='block_1_35' title="bbox 206 1682 993 1720">
    <p class='ocr_par' dir='ltr' id='par_1_35' title="bbox 206 1682 993 1720">
     <span class='ocr_line' id='line_1_35' title="bbox 206 1682 993 1720; baseline -0.005 -6"><span class='ocrx_word' id='word_1_270' title='bbox 206 1692 325 1715; x_wconf 83' lang='lat' dir='ltr'><strong>orantes.</strong></span> <span class='ocrx_word' id='word_1_271' title='bbox 338 1686 404 1714; x_wconf 89' lang='lat' dir='ltr'><strong>Cum</strong></span> <span class='ocrx_word' id='word_1_272' title='bbox 416 1692 513 1720; x_wconf 89' lang='lat' dir='ltr'><strong>corpus</strong></span> <span class='ocrx_word' id='word_1_273' title='bbox 533 1692 598 1720; x_wconf 84' lang='lat' dir='ltr'><strong>ergo</strong></span> <span class='ocrx_word' id='word_1_274' title='bbox 611 1687 748 1715; x_wconf 88' lang='lat' dir='ltr'><strong>curasset,</strong></span> <span class='ocrx_word' id='word_1_275' title='bbox 764 1682 907 1718; x_wconf 69' lang='lat' dir='ltr'><strong>praecepit,</strong></span> <span class='ocrx_word' id='word_1_276' title='bbox 921 1682 948 1710; x_wconf 64' lang='lat'><strong>4.</strong></span> <span class='ocrx_word' id='word_1_277' title='bbox 964 1686 993 1710; x_wconf 85' lang='lat' dir='ltr'><strong>ut</strong></span> 
     </span>
    </p>
   </div>
   <div class='ocr_carea' id='block_1_36' title="bbox 207 1729 993 1766">
    <p class='ocr_par' dir='ltr' id='par_1_36' title="bbox 207 1729 993 1766">
     <span class='ocr_line' id='line_1_36' title="bbox 207 1729 993 1766; baseline -0.008 -4"><span class='ocrx_word' id='word_1_278' title='bbox 207 1733 307 1762; x_wconf 85' lang='lat' dir='ltr'><strong>nemini</strong></span> <span class='ocrx_word' id='word_1_279' title='bbox 322 1733 433 1766; x_wconf 83' lang='lat' dir='ltr'><strong>diceret,</strong></span> <span class='ocrx_word' id='word_1_280' title='bbox 449 1731 496 1760; x_wconf 87' lang='lat' dir='ltr'><strong>sed</strong></span> <span class='ocrx_word' id='word_1_281' title='bbox 513 1731 666 1759; x_wconf 87' lang='lat' dir='ltr'><strong>ostenderet</strong></span> <span class='ocrx_word' id='word_1_282' title='bbox 685 1738 715 1758; x_wconf 87' lang='lat' dir='ltr'><strong>se</strong></span> <span class='ocrx_word' id='word_1_283' title='bbox 730 1729 863 1757; x_wconf 87' lang='lat' dir='ltr'><strong>sacerdoti</strong></span> <span class='ocrx_word' id='word_1_284' title='bbox 877 1750 886 1763; x_wconf 86' lang='lat'><strong>,</strong></span> <span class='ocrx_word' id='word_1_285' title='bbox 897 1733 925 1757; x_wconf 90' lang='lat' dir='ltr'><strong>et</strong></span> <span class='ocrx_word' id='word_1_286' title='bbox 936 1737 993 1756; x_wconf 91' lang='lat' dir='ltr'><strong>mu-</strong></span> 
     </span>
    </p>
   </div>
   <div class='ocr_carea' id='block_1_37' title="bbox 207 1775 995 1814">
    <p class='ocr_par' dir='ltr' id='par_1_37' title="bbox 207 1775 995 1814">
     <span class='ocr_line' id='line_1_37' title="bbox 207 1775 995 1814; baseline -0.009 -6"><span class='ocrx_word' id='word_1_287' title='bbox 207 1788 259 1809; x_wconf 85' lang='lat' dir='ltr'><strong>nus</strong></span> <span class='ocrx_word' id='word_1_288' title='bbox 279 1779 397 1813; x_wconf 80' lang='lat' dir='ltr'><strong>oﬂ&#39;erret,</strong></span> <span class='ocrx_word' id='word_1_289' title='bbox 423 1779 496 1813; x_wconf 82' lang='lat' dir='ltr'><strong>Quod</strong></span> <span class='ocrx_word' id='word_1_290' title='bbox 510 1778 628 1814; x_wconf 68' lang='lat' dir='ltr'><strong>praecepit</strong></span> <span class='ocrx_word' id='word_1_291' title='bbox 642 1777 754 1812; x_wconf 69' lang='lat' dir='ltr'><strong>Moyses,</strong></span> <span class='ocrx_word' id='word_1_292' title='bbox 780 1776 807 1803; x_wconf 87' lang='lat' dir='ltr'><strong>in</strong></span> <span class='ocrx_word' id='word_1_293' title='bbox 827 1775 995 1811; x_wconf 74' lang='lat' dir='ltr'><strong>testimonium</strong></span> 
     </span>
    </p>
   </div>
   <div class='ocr_carea' id='block_1_38' title="bbox 207 1822 995 1860">
    <p class='ocr_par' dir='ltr' id='par_1_38' title="bbox 207 1822 995 1860">
     <span class='ocr_line' id='line_1_38' title="bbox 207 1822 995 1860; baseline -0.006 -6"><span class='ocrx_word' id='word_1_294' title='bbox 207 1827 269 1854; x_wconf 67' lang='lat' dir='ltr'><strong>illis.</strong></span> <span class='ocrx_word' id='word_1_295' title='bbox 283 1826 394 1860; x_wconf 87' lang='lat' dir='ltr'><strong>Quidam</strong></span> <span class='ocrx_word' id='word_1_296' title='bbox 402 1825 503 1858; x_wconf 87' lang='lat' dir='ltr'><strong>dicunt,</strong></span> <span class='ocrx_word' id='word_1_297' title='bbox 517 1825 577 1851; x_wconf 91' lang='lat' dir='ltr'><strong>ideo</strong></span> <span class='ocrx_word' id='word_1_298' title='bbox 592 1824 664 1851; x_wconf 89' lang='lat' dir='ltr'><strong>illum</strong></span> <span class='ocrx_word' id='word_1_299' title='bbox 680 1822 839 1858; x_wconf 68' lang='lat' dir='ltr'><strong>prtecepisse</strong></span> <span class='ocrx_word' id='word_1_300' title='bbox 853 1827 881 1849; x_wconf 94' lang='lat' dir='ltr'><strong>ut</strong></span> <span class='ocrx_word' id='word_1_301' title='bbox 896 1822 995 1850; x_wconf 89' lang='lat' dir='ltr'><strong>nemini</strong></span> 
     </span>
    </p>
   </div>
   <div class='ocr_carea' id='block_1_39' title="bbox 209 1868 994 1906">
    <p class='ocr_par' dir='ltr' id='par_1_39' title="bbox 209 1868 994 1906">
     <span class='ocr_line' id='line_1_39' title="bbox 209 1868 994 1906; baseline -0.008 -6"><span class='ocrx_word' id='word_1_302' title='bbox 209 1873 329 1905; x_wconf 89' lang='lat' dir='ltr'><strong>diceret,</strong></span> <span class='ocrx_word' id='word_1_303' title='bbox 345 1879 379 1899; x_wconf 92' lang='lat' dir='ltr'><strong>ne</strong></span> <span class='ocrx_word' id='word_1_304' title='bbox 393 1871 507 1905; x_wconf 85' lang='lat' dir='ltr'><strong>maligne</strong></span> <span class='ocrx_word' id='word_1_305' title='bbox 521 1874 631 1906; x_wconf 89' lang='lat' dir='ltr'><strong>agerent</strong></span> <span class='ocrx_word' id='word_1_306' title='bbox 651 1869 722 1897; x_wconf 87' lang='lat' dir='ltr'><strong>circa</strong></span> <span class='ocrx_word' id='word_1_307' title='bbox 738 1868 919 1896; x_wconf 85' lang='lat' dir='ltr'><strong>mundationis</strong></span> <span class='ocrx_word' id='word_1_308' title='bbox 930 1875 994 1895; x_wconf 81' lang='lat' dir='ltr'><strong>exa-</strong></span> 
     </span>
    </p>
   </div>
   <div class='ocr_carea' id='block_1_40' title="bbox 208 1914 993 1952">
    <p class='ocr_par' dir='ltr' id='par_1_40' title="bbox 208 1914 993 1952">
     <span class='ocr_line' id='line_1_40' title="bbox 208 1914 993 1952; baseline -0.008 -6"><span class='ocrx_word' id='word_1_309' title='bbox 208 1927 288 1951; x_wconf 87' lang='lat' dir='ltr'><strong>men;</strong></span> <span class='ocrx_word' id='word_1_310' title='bbox 311 1918 358 1946; x_wconf 85' lang='lat' dir='ltr'><strong>sed</strong></span> <span class='ocrx_word' id='word_1_311' title='bbox 386 1917 443 1945; x_wconf 66' lang='lat' dir='ltr'><strong>hinc</strong></span> <span class='ocrx_word' id='word_1_312' title='bbox 467 1917 621 1952; x_wconf 87' lang='lat' dir='ltr'><strong>insipienter</strong></span> <span class='ocrx_word' id='word_1_313' title='bbox 647 1914 790 1943; x_wconf 85' lang='lat' dir='ltr'><strong>admodum</strong></span> <span class='ocrx_word' id='word_1_314' title='bbox 817 1914 993 1948; x_wconf 86' lang='lat' dir='ltr'><strong>suspicantur.</strong></span> 
     </span>
    </p>
   </div>
   <div class='ocr_carea' id='block_1_41' title="bbox 207 1959 995 1999">
    <p class='ocr_par' dir='ltr' id='par_1_41' title="bbox 207 1959 995 1999">
     <span class='ocr_line' id='line_1_41' title="bbox 207 1959 995 1999; baseline -0.008 -7"><span class='ocrx_word' id='word_1_315' title='bbox 207 1964 299 1999; x_wconf 83' lang='lat' dir='ltr'><strong>Neque</strong></span> <span class='ocrx_word' id='word_1_316' title='bbox 308 1964 379 1991; x_wconf 87' lang='lat' dir='ltr'><strong>enim</strong></span> <span class='ocrx_word' id='word_1_317' title='bbox 393 1963 429 1990; x_wconf 82' lang='lat' dir='ltr'><strong>ita</strong></span> <span class='ocrx_word' id='word_1_318' title='bbox 439 1962 585 1993; x_wconf 88' lang='lat' dir='ltr'><strong>mundavit,</strong></span> <span class='ocrx_word' id='word_1_319' title='bbox 598 1965 627 1988; x_wconf 94' lang='lat' dir='ltr'><strong>ut</strong></span> <span class='ocrx_word' id='word_1_320' title='bbox 635 1961 731 1996; x_wconf 88' lang='lat' dir='ltr'><strong>aliquis</strong></span> <span class='ocrx_word' id='word_1_321' title='bbox 743 1964 863 1987; x_wconf 87' lang='lat' dir='ltr'><strong>maneret</strong></span> <span class='ocrx_word' id='word_1_322' title='bbox 873 1959 906 1987; x_wconf 91' lang='lat' dir='ltr'><strong>de</strong></span> <span class='ocrx_word' id='word_1_323' title='bbox 915 1967 995 1986; x_wconf 82' lang='lat' dir='ltr'><strong>muu-</strong></span> 
     </span>
    </p>
   </div>
   <div class='ocr_carea' id='block_1_42' title="bbox 207 2006 994 2040">
    <p class='ocr_par' dir='ltr' id='par_1_42' title="bbox 207 2006 994 2040">
     <span class='ocr_line' id='line_1_42' title="bbox 207 2006 994 2040; baseline -0.008 -2"><span class='ocrx_word' id='word_1_324' title='bbox 207 2011 315 2038; x_wconf 89' lang='lat' dir='ltr'><strong>datione</strong></span> <span class='ocrx_word' id='word_1_325' title='bbox 336 2009 471 2037; x_wconf 86' lang='lat' dir='ltr'><strong>dubitandi</strong></span> <span class='ocrx_word' id='word_1_326' title='bbox 491 2008 585 2035; x_wconf 86' lang='lat' dir='ltr'><strong>locns:</strong></span> <span class='ocrx_word' id='word_1_327' title='bbox 602 2007 648 2035; x_wconf 91' lang='lat' dir='ltr'><strong>sed</strong></span> <span class='ocrx_word' id='word_1_328' title='bbox 674 2006 776 2034; x_wconf 84' lang='lat' dir='ltr'><strong>nemini</strong></span> <span class='ocrx_word' id='word_1_329' title='bbox 799 2006 888 2033; x_wconf 84' lang='lat' dir='ltr'><strong>dicere</strong></span> <span class='ocrx_word' id='word_1_330' title='bbox 907 2006 994 2040; x_wconf 88' lang='lat' dir='ltr'><strong>jubet,</strong></span> 
     </span>
    </p>
   </div>
   <div class='ocr_carea' id='block_1_43' title="bbox 207 2053 994 2085">
    <p class='ocr_par' dir='ltr' id='par_1_43' title="bbox 207 2053 994 2085">
     <span class='ocr_line' id='line_1_43' title="bbox 207 2053 994 2085; baseline -0.008 0"><span class='ocrx_word' id='word_1_331' title='bbox 207 2058 307 2085; x_wconf 87' lang='lat' dir='ltr'><strong>docens</strong></span> <span class='ocrx_word' id='word_1_332' title='bbox 318 2061 347 2084; x_wconf 89' lang='lat' dir='ltr'><strong>ut</strong></span> <span class='ocrx_word' id='word_1_333' title='bbox 359 2064 375 2083; x_wconf 90' lang='lat' dir='ltr'><strong>a</strong></span> <span class='ocrx_word' id='word_1_334' title='bbox 388 2056 456 2083; x_wconf 82' lang='lat' dir='ltr'><strong>fastu</strong></span> <span class='ocrx_word' id='word_1_335' title='bbox 466 2060 493 2083; x_wconf 91' lang='lat' dir='ltr'><strong>et</strong></span> <span class='ocrx_word' id='word_1_336' title='bbox 506 2054 650 2082; x_wconf 86' lang='lat' dir='ltr'><strong>ambitione</strong></span> <span class='ocrx_word' id='word_1_337' title='bbox 659 2054 833 2081; x_wconf 86' lang='lat' dir='ltr'><strong>abstineatur.</strong></span> <span class='ocrx_word' id='word_1_338' title='bbox 850 2053 928 2081; x_wconf 89' lang='lat' dir='ltr'><strong>Certe</strong></span> <span class='ocrx_word' id='word_1_339' title='bbox 940 2060 994 2080; x_wconf 89' lang='lat' dir='ltr'><strong>no-</strong></span> 
     </span>
    </p>
   </div>
   <div class='ocr_carea' id='block_1_44' title="bbox 208 2099 994 2138">
    <p class='ocr_par' dir='ltr' id='par_1_44' title="bbox 208 2099 994 2138">
     <span class='ocr_line' id='line_1_44' title="bbox 208 2099 994 2138; baseline -0.004 -9"><span class='ocrx_word' id='word_1_340' title='bbox 208 2108 283 2131; x_wconf 85' lang='lat' dir='ltr'><strong>verat</strong></span> <span class='ocrx_word' id='word_1_341' title='bbox 296 2103 349 2135; x_wconf 88' lang='lat' dir='ltr'><strong>ille,</strong></span> <span class='ocrx_word' id='word_1_342' title='bbox 364 2102 450 2138; x_wconf 89' lang='lat' dir='ltr'><strong>ipsum</strong></span> <span class='ocrx_word' id='word_1_343' title='bbox 462 2109 516 2129; x_wconf 93' lang='lat' dir='ltr'><strong>non</strong></span> <span class='ocrx_word' id='word_1_344' title='bbox 530 2109 591 2129; x_wconf 91' lang='lat' dir='ltr'><strong>esse</strong></span> <span class='ocrx_word' id='word_1_345' title='bbox 606 2100 758 2132; x_wconf 88' lang='lat' dir='ltr'><strong>taciturum,</strong></span> <span class='ocrx_word' id='word_1_346' title='bbox 779 2099 825 2127; x_wconf 87' lang='lat' dir='ltr'><strong>sed</strong></span> <span class='ocrx_word' id='word_1_347' title='bbox 840 2099 994 2128; x_wconf 83' lang='lat' dir='ltr'><strong>benefacto-</strong></span> 
     </span>
    </p>
   </div>
   <div class='ocr_carea' id='block_1_45' title="bbox 208 2145 996 2181">
    <p class='ocr_par' dir='ltr' id='par_1_45' title="bbox 208 2145 996 2181">
     <span class='ocr_line' id='line_1_45' title="bbox 208 2145 996 2181; baseline -0.006 -4"><span class='ocrx_word' id='word_1_348' title='bbox 208 2158 266 2177; x_wconf 85' lang='lat' dir='ltr'><strong>rem</strong></span> <span class='ocrx_word' id='word_1_349' title='bbox 285 2156 343 2176; x_wconf 85' lang='lat' dir='ltr'><strong>esse</strong></span> <span class='ocrx_word' id='word_1_350' title='bbox 357 2147 552 2176; x_wconf 87' lang='lat' dir='ltr'><strong>celebraturum</strong></span> <span class='ocrx_word' id='word_1_351' title='bbox 567 2156 573 2174; x_wconf 95' lang='lat'><strong>:</strong></span> <span class='ocrx_word' id='word_1_352' title='bbox 587 2151 703 2174; x_wconf 83' lang='lat' dir='ltr'><strong>attamen</strong></span> <span class='ocrx_word' id='word_1_353' title='bbox 718 2145 788 2181; x_wconf 89' lang='lat' dir='ltr'><strong>quod</strong></span> <span class='ocrx_word' id='word_1_354' title='bbox 802 2153 883 2180; x_wconf 89' lang='lat' dir='ltr'><strong>penes</strong></span> <span class='ocrx_word' id='word_1_355' title='bbox 897 2153 926 2172; x_wconf 89' lang='lat' dir='ltr'><strong>se</strong></span> <span class='ocrx_word' id='word_1_356' title='bbox 937 2150 996 2173; x_wconf 78' lang='lat' dir='ltr'><strong>erat</strong></span> 
     </span>
    </p>
   </div>
   <div class='ocr_carea' id='block_1_46' title="bbox 209 2190 994 2229">
    <p class='ocr_par' dir='ltr' id='par_1_46' title="bbox 209 2190 994 2229">
     <span class='ocr_line' id='line_1_46' title="bbox 209 2190 994 2229; baseline -0.008 -6"><span class='ocrx_word' id='word_1_357' title='bbox 209 2196 280 2223; x_wconf 80' lang='lat' dir='ltr'><strong>fecit.</strong></span> <span class='ocrx_word' id='word_1_358' title='bbox 293 2195 347 2222; x_wconf 87' lang='lat' dir='ltr'><strong>Cur</strong></span> <span class='ocrx_word' id='word_1_359' title='bbox 359 2202 441 2229; x_wconf 85' lang='lat' dir='ltr'><strong>ergo,</strong></span> <span class='ocrx_word' id='word_1_360' title='bbox 460 2194 573 2228; x_wconf 87' lang='lat' dir='ltr'><strong>inquies,</strong></span> <span class='ocrx_word' id='word_1_361' title='bbox 590 2192 651 2220; x_wconf 86' lang='lat' dir='ltr'><strong>alibi</strong></span> <span class='ocrx_word' id='word_1_362' title='bbox 670 2192 805 2226; x_wconf 83' lang='lat' dir='ltr'><strong>publicare</strong></span> <span class='ocrx_word' id='word_1_363' title='bbox 824 2191 925 2226; x_wconf 83' lang='lat' dir='ltr'><strong>jussit?</strong></span> <span class='ocrx_word' id='word_1_364' title='bbox 936 2190 994 2218; x_wconf 90' lang='lat' dir='ltr'><strong>Non</strong></span> 
     </span>
    </p>
   </div>
   <div class='ocr_carea' id='block_1_47' title="bbox 208 2235 996 2277">
    <p class='ocr_par' dir='ltr' id='par_1_47' title="bbox 208 2235 996 2277">
     <span class='ocr_line' id='line_1_47' title="bbox 208 2235 996 2277; baseline -0.01 -7"><span class='ocrx_word' id='word_1_365' title='bbox 208 2249 299 2271; x_wconf 77' lang='lat' dir='ltr'><strong>secum</strong></span> <span class='ocrx_word' id='word_1_366' title='bbox 314 2247 442 2277; x_wconf 84' lang='lat' dir='ltr'><strong>pugnans,</strong></span> <span class='ocrx_word' id='word_1_367' title='bbox 460 2246 545 2274; x_wconf 83' lang='lat' dir='ltr'><strong>neque</strong></span> <span class='ocrx_word' id='word_1_368' title='bbox 558 2239 689 2266; x_wconf 89' lang='lat' dir='ltr'><strong>contraria</strong></span> <span class='ocrx_word' id='word_1_369' title='bbox 700 2237 807 2272; x_wconf 85' lang='lat' dir='ltr'><strong>jubens,</strong></span> <span class='ocrx_word' id='word_1_370' title='bbox 820 2236 868 2264; x_wconf 87' lang='lat' dir='ltr'><strong>sed</strong></span> <span class='ocrx_word' id='word_1_371' title='bbox 879 2235 996 2264; x_wconf 88' lang='lat' dir='ltr'><strong>utdoce-</strong></span> 
     </span>
    </p>
   </div>
   <div class='ocr_carea' id='block_1_48' title="bbox 210 2281 996 2323">
    <p class='ocr_par' dir='ltr' id='par_1_48' title="bbox 210 2281 996 2323">
     <span class='ocr_line' id='line_1_48' title="bbox 210 2281 996 2323; baseline -0.009 -8"><span class='ocrx_word' id='word_1_372' title='bbox 210 2292 252 2315; x_wconf 86' lang='lat' dir='ltr'><strong>ret</strong></span> <span class='ocrx_word' id='word_1_373' title='bbox 260 2292 350 2323; x_wconf 86' lang='lat' dir='ltr'><strong>gratos</strong></span> <span class='ocrx_word' id='word_1_374' title='bbox 363 2293 424 2314; x_wconf 89' lang='lat' dir='ltr'><strong>esse</strong></span> <span class='ocrx_word' id='word_1_375' title='bbox 441 2289 574 2320; x_wconf 88' lang='lat' dir='ltr'><strong>oportere.</strong></span> <span class='ocrx_word' id='word_1_376' title='bbox 588 2283 680 2318; x_wconf 87' lang='lat' dir='ltr'><strong>Neque</strong></span> <span class='ocrx_word' id='word_1_377' title='bbox 693 2282 764 2310; x_wconf 89' lang='lat' dir='ltr'><strong>enim</strong></span> <span class='ocrx_word' id='word_1_378' title='bbox 779 2282 814 2309; x_wconf 90' lang='lat' dir='ltr'><strong>ibi</strong></span> <span class='ocrx_word' id='word_1_379' title='bbox 826 2281 952 2317; x_wconf 62' lang='lat' dir='ltr'><strong>prmeepit</strong></span> <span class='ocrx_word' id='word_1_380' title='bbox 967 2285 996 2308; x_wconf 92' lang='lat' dir='ltr'><strong>ut</strong></span> 
     </span>
    </p>
   </div>
   <div class='ocr_carea' id='block_1_49' title="bbox 209 2327 995 2364">
    <p class='ocr_par' dir='ltr' id='par_1_49' title="bbox 209 2327 995 2364">
     <span class='ocr_line' id='line_1_49' title="bbox 209 2327 995 2364; baseline -0.01 -3"><span class='ocrx_word' id='word_1_381' title='bbox 209 2342 238 2361; x_wconf 88' lang='lat' dir='ltr'><strong>se</strong></span> <span class='ocrx_word' id='word_1_382' title='bbox 249 2333 426 2362; x_wconf 78' lang='lat' dir='ltr'><strong>celebrarent,</strong></span> <span class='ocrx_word' id='word_1_383' title='bbox 441 2333 488 2359; x_wconf 89' lang='lat' dir='ltr'><strong>sed</strong></span> <span class='ocrx_word' id='word_1_384' title='bbox 500 2334 528 2357; x_wconf 93' lang='lat' dir='ltr'><strong>ut</strong></span> <span class='ocrx_word' id='word_1_385' title='bbox 541 2329 635 2357; x_wconf 85' lang='lat' dir='ltr'><strong>darent</strong></span> <span class='ocrx_word' id='word_1_386' title='bbox 646 2328 759 2364; x_wconf 77' lang='lat' dir='ltr'><strong>gloriam</strong></span> <span class='ocrx_word' id='word_1_387' title='bbox 776 2328 830 2355; x_wconf 87' lang='lat' dir='ltr'><strong>Deo</strong></span> <span class='ocrx_word' id='word_1_388' title='bbox 843 2336 851 2354; x_wconf 88' lang='lat'><strong>:</strong></span> <span class='ocrx_word' id='word_1_389' title='bbox 865 2335 913 2363; x_wconf 84' lang='lat' dir='ltr'><strong>per</strong></span> <span class='ocrx_word' id='word_1_390' title='bbox 923 2327 995 2354; x_wconf 91' lang='lat' dir='ltr'><strong>hunc</strong></span> 
     </span>
    </p>
   </div>
   <div class='ocr_carea' id='block_1_50' title="bbox 210 2372 997 2414">
    <p class='ocr_par' dir='ltr' id='par_1_50' title="bbox 210 2372 997 2414">
     <span class='ocr_line' id='line_1_50' title="bbox 210 2372 997 2414; baseline -0.009 -8"><span class='ocrx_word' id='word_1_391' title='bbox 210 2378 316 2414; x_wconf 73' lang='lat' dir='ltr'><strong>quidem</strong></span> <span class='ocrx_word' id='word_1_392' title='bbox 331 2377 464 2413; x_wconf 87' lang='lat' dir='ltr'><strong>leprosum</strong></span> <span class='ocrx_word' id='word_1_393' title='bbox 475 2376 577 2403; x_wconf 87' lang='lat' dir='ltr'><strong>docens</strong></span> <span class='ocrx_word' id='word_1_394' title='bbox 588 2382 636 2402; x_wconf 90' lang='lat' dir='ltr'><strong>nos</strong></span> <span class='ocrx_word' id='word_1_395' title='bbox 649 2394 656 2406; x_wconf 83' lang='lat'><strong>,</strong></span> <span class='ocrx_word' id='word_1_396' title='bbox 671 2377 699 2401; x_wconf 90' lang='lat' dir='ltr'><strong>ut</strong></span> <span class='ocrx_word' id='word_1_397' title='bbox 712 2373 770 2401; x_wconf 89' lang='lat' dir='ltr'><strong>sine</strong></span> <span class='ocrx_word' id='word_1_398' title='bbox 782 2372 850 2400; x_wconf 77' lang='lat' dir='ltr'><strong>fastu</strong></span> <span class='ocrx_word' id='word_1_399' title='bbox 865 2373 947 2400; x_wconf 88' lang='lat' dir='ltr'><strong>simus</strong></span> <span class='ocrx_word' id='word_1_400' title='bbox 969 2377 997 2400; x_wconf 94' lang='lat' dir='ltr'><strong>et</strong></span> 
     </span>
    </p>
   </div>
   <div class='ocr_carea' id='block_1_51' title="bbox 209 2417 997 2457">
    <p class='ocr_par' dir='ltr' id='par_1_51' title="bbox 209 2417 997 2457">
     <span class='ocr_line' id='line_1_51' title="bbox 209 2417 997 2457; baseline -0.009 -6"><span class='ocrx_word' id='word_1_401' title='bbox 209 2431 304 2451; x_wconf 87' lang='lat' dir='ltr'><strong>vanam</strong></span> <span class='ocrx_word' id='word_1_402' title='bbox 318 2423 428 2457; x_wconf 85' lang='lat' dir='ltr'><strong>gloriam</strong></span> <span class='ocrx_word' id='word_1_403' title='bbox 442 2421 590 2456; x_wconf 75' lang='lat' dir='ltr'><strong>fugiamus;</strong></span> <span class='ocrx_word' id='word_1_404' title='bbox 607 2427 654 2455; x_wconf 89' lang='lat' dir='ltr'><strong>per</strong></span> <span class='ocrx_word' id='word_1_405' title='bbox 668 2419 743 2446; x_wconf 91' lang='lat' dir='ltr'><strong>illum</strong></span> <span class='ocrx_word' id='word_1_406' title='bbox 756 2425 831 2451; x_wconf 88' lang='lat' dir='ltr'><strong>vero,</strong></span> <span class='ocrx_word' id='word_1_407' title='bbox 850 2421 878 2445; x_wconf 92' lang='lat' dir='ltr'><strong>ut</strong></span> <span class='ocrx_word' id='word_1_408' title='bbox 890 2417 957 2453; x_wconf 84' lang='lat' dir='ltr'><strong>grati</strong></span> <span class='ocrx_word' id='word_1_409' title='bbox 969 2421 997 2444; x_wconf 88' lang='lat' dir='ltr'><strong>et</strong></span> 
     </span>
    </p>
   </div>
   <div class='ocr_carea' id='block_1_52' title="bbox 209 2462 996 2500">
    <p class='ocr_par' dir='ltr' id='par_1_52' title="bbox 209 2462 996 2500">
     <span class='ocr_line' id='line_1_52' title="bbox 209 2462 996 2500; baseline -0.009 -4"><span class='ocrx_word' id='word_1_410' title='bbox 209 2469 402 2497; x_wconf 84' lang='lat' dir='ltr'><strong>beneficiorum</strong></span> <span class='ocrx_word' id='word_1_411' title='bbox 416 2473 548 2494; x_wconf 85' lang='lat' dir='ltr'><strong>memores</strong></span> <span class='ocrx_word' id='word_1_412' title='bbox 563 2474 570 2492; x_wconf 94' lang='lat'>:</span> <span class='ocrx_word' id='word_1_413' title='bbox 584 2470 664 2500; x_wconf 90' lang='lat' dir='ltr'><strong>atque</strong></span> <span class='ocrx_word' id='word_1_414' title='bbox 677 2471 725 2491; x_wconf 86' lang='lat' dir='ltr'><strong>nos</strong></span> <span class='ocrx_word' id='word_1_415' title='bbox 743 2464 884 2491; x_wconf 86' lang='lat' dir='ltr'><strong>instituens</strong></span> <span class='ocrx_word' id='word_1_416' title='bbox 899 2462 996 2498; x_wconf 87' lang='lat' dir='ltr'><strong>ubique</strong></span> 
     </span>
    </p>
   </div>
   <div class='ocr_carea' id='block_1_53' title="bbox 209 2507 995 2543">
    <p class='ocr_par' dir='ltr' id='par_1_53' title="bbox 209 2507 995 2543">
     <span class='ocr_line' id='line_1_53' title="bbox 209 2507 995 2543; baseline -0.01 -1"><span class='ocrx_word' id='word_1_417' title='bbox 209 2519 237 2541; x_wconf 91' lang='lat' dir='ltr'><strong>nt</strong></span> <span class='ocrx_word' id='word_1_418' title='bbox 262 2513 367 2541; x_wconf 90' lang='lat' dir='ltr'><strong>laudem</strong></span> <span class='ocrx_word' id='word_1_419' title='bbox 384 2511 500 2539; x_wconf 60' lang='lat' dir='ltr'><strong>Domino.</strong></span> <span class='ocrx_word' id='word_1_420' title='bbox 509 2510 664 2538; x_wconf 82' lang='lat' dir='ltr'><strong>referamus.</strong></span> <span class='ocrx_word' id='word_1_421' title='bbox 679 2509 745 2543; x_wconf 83' lang='lat' dir='ltr'><strong>Quia</strong></span> <span class='ocrx_word' id='word_1_422' title='bbox 765 2508 837 2536; x_wconf 87' lang='lat' dir='ltr'><strong>enim</strong></span> <span class='ocrx_word' id='word_1_423' title='bbox 862 2507 995 2541; x_wconf 83' lang='lat' dir='ltr'><strong>homines,</strong></span> 
     </span>
    </p>
   </div>
   <div class='ocr_carea' id='block_1_54' title="bbox 209 2554 994 2595">
    <p class='ocr_par' dir='ltr' id='par_1_54' title="bbox 209 2554 994 2595">
     <span class='ocr_line' id='line_1_54' title="bbox 209 2554 994 2595; baseline -0.008 -8"><span class='ocrx_word' id='word_1_424' title='bbox 209 2565 238 2587; x_wconf 91' lang='lat' dir='ltr'><strong>ut</strong></span> <span class='ocrx_word' id='word_1_425' title='bbox 251 2559 404 2595; x_wconf 88' lang='lat' dir='ltr'><strong>pluritnum,</strong></span> <span class='ocrx_word' id='word_1_426' title='bbox 418 2565 479 2585; x_wconf 90' lang='lat' dir='ltr'><strong>eum</strong></span> <span class='ocrx_word' id='word_1_427' title='bbox 492 2556 585 2584; x_wconf 87' lang='lat' dir='ltr'><strong>morbo</strong></span> <span class='ocrx_word' id='word_1_428' title='bbox 599 2556 732 2588; x_wconf 86' lang='lat' dir='ltr'><strong>laborant,</strong></span> <span class='ocrx_word' id='word_1_429' title='bbox 748 2555 794 2583; x_wconf 91' lang='lat' dir='ltr'><strong>Dei</strong></span> <span class='ocrx_word' id='word_1_430' title='bbox 809 2554 994 2587; x_wconf 83' lang='lat' dir='ltr'><strong>recordamur,</strong></span> 
     </span>
    </p>
   </div>
   <div class='ocr_carea' id='block_1_55' title="bbox 209 2600 997 2641">
    <p class='ocr_par' dir='ltr' id='par_1_55' title="bbox 209 2600 997 2641">
     <span class='ocr_line' id='line_1_55' title="bbox 209 2600 997 2641; baseline -0.008 -8"><span class='ocrx_word' id='word_1_431' title='bbox 209 2605 304 2633; x_wconf 90' lang='lat' dir='ltr'><strong>morbo</strong></span> <span class='ocrx_word' id='word_1_432' title='bbox 313 2610 402 2632; x_wconf 83' lang='lat' dir='ltr'><strong>autem</strong></span> <span class='ocrx_word' id='word_1_433' title='bbox 415 2602 525 2638; x_wconf 88' lang='lat' dir='ltr'><strong>depulso</strong></span> <span class='ocrx_word' id='word_1_434' title='bbox 536 2623 543 2636; x_wconf 94' lang='lat'><strong>,</strong></span> <span class='ocrx_word' id='word_1_435' title='bbox 559 2602 695 2641; x_wconf 70' lang='lat' dir='ltr'><strong>segniores</strong></span> <span class='ocrx_word' id='word_1_436' title='bbox 709 2600 823 2628; x_wconf 83' lang='lat' dir='ltr'><strong>evadunt</strong></span> <span class='ocrx_word' id='word_1_437' title='bbox 843 2609 849 2627; x_wconf 89' lang='lat'><strong>:</strong></span> <span class='ocrx_word' id='word_1_438' title='bbox 862 2600 957 2635; x_wconf 89' lang='lat' dir='ltr'><strong>jubens</strong></span> <span class='ocrx_word' id='word_1_439' title='bbox 969 2604 997 2627; x_wconf 91' lang='lat' dir='ltr'><strong>et</strong></span> 
     </span>
    </p>
   </div>
   <div class='ocr_carea' id='block_1_56' title="bbox 208 2645 994 2687">
    <p class='ocr_par' dir='ltr' id='par_1_56' title="bbox 208 2645 994 2687">
     <span class='ocr_line' id='line_1_56' title="bbox 208 2645 994 2687; baseline -0.008 -9"><span class='ocrx_word' id='word_1_440' title='bbox 208 2659 295 2687; x_wconf 59' lang='grc' dir='ltr'><strong>εει-ος</strong></span> <span class='ocrx_word' id='word_1_441' title='bbox 309 2658 337 2678; x_wconf 84' lang='lat' dir='ltr'><strong>et</strong></span> <span class='ocrx_word' id='word_1_442' title='bbox 356 2656 440 2677; x_wconf 83' lang='lat' dir='ltr'><strong>sanos</strong></span> <span class='ocrx_word' id='word_1_443' title='bbox 450 2649 556 2677; x_wconf 87' lang='lat' dir='ltr'><strong>assidue</strong></span> <span class='ocrx_word' id='word_1_444' title='bbox 577 2649 603 2675; x_wconf 89' lang='lat' dir='ltr'><strong>in</strong></span> <span class='ocrx_word' id='word_1_445' title='bbox 618 2651 706 2674; x_wconf 88' lang='lat' dir='ltr'><strong>mente</strong></span> <span class='ocrx_word' id='word_1_446' title='bbox 731 2645 870 2674; x_wconf 88' lang='lat' dir='ltr'><strong>Dominum</strong></span> <span class='ocrx_word' id='word_1_447' title='bbox 886 2645 994 2678; x_wconf 81' lang='lat' dir='ltr'><strong>habere,</strong></span> 
     </span>
    </p>
   </div>
   <div class='ocr_carea' id='block_1_57' title="bbox 208 2693 757 2733">
    <p class='ocr_par' dir='ltr' id='par_1_57' title="bbox 208 2693 757 2733">
     <span class='ocr_line' id='line_1_57' title="bbox 208 2693 757 2733; baseline -0.009 -7"><span class='ocrx_word' id='word_1_448' title='bbox 208 2698 274 2726; x_wconf 83' lang='lat' dir='ltr'><strong>dicit</strong></span> <span class='ocrx_word' id='word_1_449' title='bbox 289 2706 296 2726; x_wconf 93' lang='lat'>:</span> <span class='ocrx_word' id='word_1_450' title='bbox 310 2696 352 2724; x_wconf 83' lang='lat' dir='ltr'><strong>Da</strong></span> <span class='ocrx_word' id='word_1_451' title='bbox 363 2696 471 2733; x_wconf 78' lang='lat' dir='ltr'><strong>gloriam</strong></span> <span class='ocrx_word' id='word_1_452' title='bbox 483 2695 537 2723; x_wconf 86' lang='lat' dir='ltr'><strong>Deo</strong></span> <span class='ocrx_word' id='word_1_453' title='bbox 547 2694 635 2731; x_wconf 71' lang='lat' dir='ltr'><strong>(lacn.</strong></span> <span class='ocrx_word' id='word_1_454' title='bbox 651 2694 677 2723; x_wconf 88' lang='lat'><strong>9.</strong></span> <span class='ocrx_word' id='word_1_455' title='bbox 692 2693 727 2722; x_wconf 69' lang='grc'><strong>24</strong></span> <span class='ocrx_word' id='word_1_456' title='bbox 737 2695 757 2729; x_wconf 95' lang='grc'><strong>).</strong></span> 
     </span>
    </p>
   </div>
   <div class='ocr_carea' id='block_1_58' title="bbox 243 2828 798 2863">
    <p class='ocr_par' dir='ltr' id='par_1_58' title="bbox 243 2828 798 2863">
     <span class='ocr_line' id='line_1_58' title="bbox 243 2828 798 2863; baseline -0.014 -7"><span class='ocrx_word' id='word_1_457' title='bbox 243 2833 251 2848; x_wconf 84' lang='grc' dir='ltr'><strong>ι</strong></span> <span class='ocrx_word' id='word_1_458' title='bbox 268 2835 338 2863; x_wconf 58' lang='lat' dir='ltr'><strong>{una</strong></span> <span class='ocrx_word' id='word_1_459' title='bbox 348 2828 547 2863; x_wconf 71' lang='lat' dir='ltr'><strong>alioslegendum</strong></span> <span class='ocrx_word' id='word_1_460' title='bbox 561 2829 637 2857; x_wconf 79' lang='lat' dir='ltr'><strong>esset,</strong></span> <span class='ocrx_word' id='word_1_461' title='bbox 648 2830 798 2851; x_wconf 69' lang='lat' dir='ltr'><strong>Numanum.</strong></span> 
     </span>
    </p>
   </div>
   <div class='ocr_carea' id='block_1_59' title="bbox 241 2861 495 2894">
    <p class='ocr_par' dir='ltr' id='par_1_59' title="bbox 241 2861 495 2894">
     <span class='ocr_line' id='line_1_59' title="bbox 241 2861 495 2894; baseline -0.02 -6"><span class='ocrx_word' id='word_1_462' title='bbox 241 2864 253 2880; x_wconf 79' lang='grc'><strong>¹</strong></span> <span class='ocrx_word' id='word_1_463' title='bbox 266 2861 495 2894; x_wconf 72' lang='lat' dir='ltr'><strong>Savil.,auditores.</strong></span> 
     </span>
    </p>
   </div>
   <div class='ocr_carea' id='block_1_60' title="bbox 687 113 1338 147">
    <p class='ocr_par' dir='ltr' id='par_1_60' title="bbox 687 113 1338 147">
     <span class='ocr_line' id='line_1_60' title="bbox 687 113 1338 147; baseline 0.009 -6"><span class='ocrx_word' id='word_1_464' title='bbox 687 113 718 141; x_wconf 77' lang='lat' dir='ltr'><strong>IN</strong></span> <span class='ocrx_word' id='word_1_465' title='bbox 736 113 937 143; x_wconf 61' lang='lat' dir='ltr'><strong>MATTHEUM</strong></span> <span class='ocrx_word' id='word_1_466' title='bbox 952 115 1066 144; x_wconf 79' lang='lat' dir='ltr'><strong>IIOMIL.</strong></span> <span class='ocrx_word' id='word_1_467' title='bbox 1086 115 1169 145; x_wconf 74' lang='lat' dir='ltr'><strong>XXV.</strong></span> <span class='ocrx_word' id='word_1_468' title='bbox 1188 119 1223 145; x_wconf 81' lang='lat' dir='ltr'><strong>al.</strong></span> <span class='ocrx_word' id='word_1_469' title='bbox 1243 116 1338 147; x_wconf 64' lang='lat' dir='ltr'><strong>XXVI.</strong></span> 
     </span>
    </p>
   </div>
   <div class='ocr_carea' id='block_1_61' title="bbox 1087 173 1835 211">
    <p class='ocr_par' dir='ltr' id='par_1_61' title="bbox 1087 173 1835 211">
     <span class='ocr_line' id='line_1_61' title="bbox 1087 173 1835 211; baseline 0.013 -11"><span class='ocrx_word' id='word_1_470' title='bbox 1087 173 1202 201; x_wconf 69' lang='lat' dir='ltr'><strong>Christus</strong></span> <span class='ocrx_word' id='word_1_471' title='bbox 1215 175 1290 202; x_wconf 85' lang='lat' dir='ltr'><strong>modo</strong></span> <span class='ocrx_word' id='word_1_472' title='bbox 1303 175 1381 211; x_wconf 79' lang='lat' dir='ltr'><strong>legem</strong></span> <span class='ocrx_word' id='word_1_473' title='bbox 1390 175 1513 210; x_wconf 65' lang='lat' dir='ltr'><strong>servabat,</strong></span> <span class='ocrx_word' id='word_1_474' title='bbox 1523 177 1599 205; x_wconf 76' lang='lat' dir='ltr'><strong>mdo</strong></span> <span class='ocrx_word' id='word_1_475' title='bbox 1607 186 1658 207; x_wconf 84' lang='lat' dir='ltr'><strong>non</strong></span> <span class='ocrx_word' id='word_1_476' title='bbox 1670 181 1792 210; x_wconf 72' lang='lat' dir='ltr'><strong>servabat.</strong></span> <span class='ocrx_word' id='word_1_477' title='bbox 1802 199 1835 205; x_wconf 92' lang='lat'><strong><em>—</em></strong></span> 
     </span>
    </p>
   </div>
   <div class='ocr_carea' id='block_1_62' title="bbox 1050 219 1836 261">
    <p class='ocr_par' dir='ltr' id='par_1_62' title="bbox 1050 219 1836 261">
     <span class='ocr_line' id='line_1_62' title="bbox 1050 219 1836 261; baseline 0.014 -15"><span class='ocrx_word' id='word_1_478' title='bbox 1050 219 1104 247; x_wconf 90' lang='lat' dir='ltr'><strong>Cur</strong></span> <span class='ocrx_word' id='word_1_479' title='bbox 1122 225 1210 248; x_wconf 86' lang='lat' dir='ltr'><strong>autem</strong></span> <span class='ocrx_word' id='word_1_480' title='bbox 1228 223 1354 257; x_wconf 77' lang='lat' dir='ltr'><strong>przccepit</strong></span> <span class='ocrx_word' id='word_1_481' title='bbox 1374 228 1402 250; x_wconf 93' lang='lat' dir='ltr'><strong>ut</strong></span> <span class='ocrx_word' id='word_1_482' title='bbox 1424 223 1577 252; x_wconf 87' lang='lat' dir='ltr'><strong>ostenderet</strong></span> <span class='ocrx_word' id='word_1_483' title='bbox 1593 232 1624 253; x_wconf 80' lang='lat' dir='ltr'><strong>se</strong></span> <span class='ocrx_word' id='word_1_484' title='bbox 1638 227 1781 261; x_wconf 79' lang='lat' dir='ltr'><strong>sacerdoti,</strong></span> <span class='ocrx_word' id='word_1_485' title='bbox 1809 235 1836 258; x_wconf 89' lang='lat' dir='ltr'><strong>et</strong></span> 
     </span>
    </p>
   </div>
   <div class='ocr_carea' id='block_1_63' title="bbox 1050 265 1836 308">
    <p class='ocr_par' dir='ltr' id='par_1_63' title="bbox 1050 265 1836 308">
     <span class='ocr_line' id='line_1_63' title="bbox 1050 265 1836 308; baseline 0.013 -15"><span class='ocrx_word' id='word_1_486' title='bbox 1050 265 1149 294; x_wconf 90' lang='lat' dir='ltr'><strong>donum</strong></span> <span class='ocrx_word' id='word_1_487' title='bbox 1163 267 1293 296; x_wconf 81' lang='lat' dir='ltr'><strong>otierret?</strong></span> <span class='ocrx_word' id='word_1_488' title='bbox 1304 269 1338 296; x_wconf 90' lang='lat' dir='ltr'><strong>Ut</strong></span> <span class='ocrx_word' id='word_1_489' title='bbox 1346 269 1390 297; x_wconf 92' lang='lat' dir='ltr'><strong>hic</strong></span> <span class='ocrx_word' id='word_1_490' title='bbox 1404 269 1489 305; x_wconf 81' lang='lat' dir='ltr'><strong>legem</strong></span> <span class='ocrx_word' id='word_1_491' title='bbox 1503 270 1636 306; x_wconf 85' lang='lat' dir='ltr'><strong>impleret.</strong></span> <span class='ocrx_word' id='word_1_492' title='bbox 1658 272 1751 308; x_wconf 86' lang='lat' dir='ltr'><strong>Neque</strong></span> <span class='ocrx_word' id='word_1_493' title='bbox 1765 275 1836 303; x_wconf 80' lang='lat' dir='ltr'><strong>enim</strong></span> 
     </span>
    </p>
   </div>
   <div class='ocr_carea' id='block_1_64' title="bbox 1051 312 1836 352">
    <p class='ocr_par' dir='ltr' id='par_1_64' title="bbox 1051 312 1836 352">
     <span class='ocr_line' id='line_1_64' title="bbox 1051 312 1836 352; baseline 0.011 -13"><span class='ocrx_word' id='word_1_494' title='bbox 1051 312 1148 347; x_wconf 88' lang='lat' dir='ltr'><strong>ubique</strong></span> <span class='ocrx_word' id='word_1_495' title='bbox 1163 313 1380 348; x_wconf 76' lang='lat' dir='ltr'><strong>solvebatillam,</strong></span> <span class='ocrx_word' id='word_1_496' title='bbox 1404 320 1432 343; x_wconf 94' lang='lat' dir='ltr'><strong>ut</strong></span> <span class='ocrx_word' id='word_1_497' title='bbox 1448 324 1498 344; x_wconf 89' lang='lat' dir='ltr'><strong>nec</strong></span> <span class='ocrx_word' id='word_1_498' title='bbox 1511 324 1618 352; x_wconf 84' lang='lat' dir='ltr'><strong>semper</strong></span> <span class='ocrx_word' id='word_1_499' title='bbox 1631 320 1772 352; x_wconf 83' lang='lat' dir='ltr'><strong>servabat;</strong></span> <span class='ocrx_word' id='word_1_500' title='bbox 1788 322 1836 349; x_wconf 83' lang='lat' dir='ltr'><strong>sed</strong></span> 
     </span>
    </p>
   </div>
   <div class='ocr_carea' id='block_1_65' title="bbox 1049 358 1835 401">
    <p class='ocr_par' dir='ltr' id='par_1_65' title="bbox 1049 358 1835 401">
     <span class='ocr_line' id='line_1_65' title="bbox 1049 358 1835 401; baseline 0.011 -16"><span class='ocrx_word' id='word_1_501' title='bbox 1049 358 1131 386; x_wconf 88' lang='lat' dir='ltr'><strong>tnodo</strong></span> <span class='ocrx_word' id='word_1_502' title='bbox 1140 359 1214 393; x_wconf 88' lang='lat' dir='ltr'><strong>illud,</strong></span> <span class='ocrx_word' id='word_1_503' title='bbox 1226 361 1306 388; x_wconf 92' lang='lat' dir='ltr'><strong>modo</strong></span> <span class='ocrx_word' id='word_1_504' title='bbox 1319 361 1389 388; x_wconf 86' lang='lat' dir='ltr'><strong>aliud</strong></span> <span class='ocrx_word' id='word_1_505' title='bbox 1403 371 1409 388; x_wconf 89' lang='lat'>:</span> <span class='ocrx_word' id='word_1_506' title='bbox 1422 362 1498 395; x_wconf 89' lang='lat' dir='ltr'><strong>illud,</strong></span> <span class='ocrx_word' id='word_1_507' title='bbox 1513 367 1541 390; x_wconf 93' lang='lat' dir='ltr'><strong>ut</strong></span> <span class='ocrx_word' id='word_1_508' title='bbox 1552 362 1649 391; x_wconf 80' lang='lat' dir='ltr'><strong>futurae</strong></span> <span class='ocrx_word' id='word_1_509' title='bbox 1657 364 1835 401; x_wconf 76' lang='lat' dir='ltr'><strong>philosophia:</strong></span> 
     </span>
    </p>
   </div>
   <div class='ocr_carea' id='block_1_66' title="bbox 1050 404 1837 443">
    <p class='ocr_par' dir='ltr' id='par_1_66' title="bbox 1050 404 1837 443">
     <span class='ocr_line' id='line_1_66' title="bbox 1050 404 1837 443; baseline 0.013 -13"><span class='ocrx_word' id='word_1_510' title='bbox 1050 404 1118 431; x_wconf 86' lang='lat' dir='ltr'><strong>viam</strong></span> <span class='ocrx_word' id='word_1_511' title='bbox 1134 411 1256 439; x_wconf 87' lang='lat' dir='ltr'><strong>pararet;</strong></span> <span class='ocrx_word' id='word_1_512' title='bbox 1276 406 1356 440; x_wconf 89' lang='lat' dir='ltr'><strong>istud,</strong></span> <span class='ocrx_word' id='word_1_513' title='bbox 1376 413 1404 435; x_wconf 90' lang='lat' dir='ltr'><strong>ut</strong></span> <span class='ocrx_word' id='word_1_514' title='bbox 1418 408 1600 443; x_wconf 79' lang='lat' dir='ltr'><strong>impudentem</strong></span> <span class='ocrx_word' id='word_1_515' title='bbox 1612 409 1718 438; x_wconf 91' lang='lat' dir='ltr'><strong>interim</strong></span> <span class='ocrx_word' id='word_1_516' title='bbox 1731 411 1837 440; x_wconf 65' lang='lat' dir='ltr'><strong>iudico-</strong></span> 
     </span>
    </p>
   </div>
   <div class='ocr_carea' id='block_1_67' title="bbox 1049 451 1836 487">
    <p class='ocr_par' dir='ltr' id='par_1_67' title="bbox 1049 451 1836 487">
     <span class='ocr_line' id='line_1_67' title="bbox 1049 451 1836 487; baseline 0.011 -10"><span class='ocrx_word' id='word_1_517' title='bbox 1049 458 1107 478; x_wconf 92' lang='lat' dir='ltr'><strong>rum</strong></span> <span class='ocrx_word' id='word_1_518' title='bbox 1119 451 1234 486; x_wconf 88' lang='lat' dir='ltr'><strong>linguam</strong></span> <span class='ocrx_word' id='word_1_519' title='bbox 1245 457 1392 486; x_wconf 83' lang='lat' dir='ltr'><strong>coerceret,</strong></span> <span class='ocrx_word' id='word_1_520' title='bbox 1407 458 1433 481; x_wconf 89' lang='lat' dir='ltr'><strong>et</strong></span> <span class='ocrx_word' id='word_1_521' title='bbox 1445 453 1478 481; x_wconf 91' lang='lat' dir='ltr'><strong>ad</strong></span> <span class='ocrx_word' id='word_1_522' title='bbox 1493 454 1598 482; x_wconf 89' lang='lat' dir='ltr'><strong>illorum</strong></span> <span class='ocrx_word' id='word_1_523' title='bbox 1620 455 1797 485; x_wconf 78' lang='lat' dir='ltr'><strong>inﬁrmitatem</strong></span> <span class='ocrx_word' id='word_1_524' title='bbox 1807 466 1836 487; x_wconf 86' lang='lat' dir='ltr'><strong>se</strong></span> 
     </span>
    </p>
   </div>
   <div class='ocr_carea' id='block_1_68' title="bbox 1049 496 1834 538">
    <p class='ocr_par' dir='ltr' id='par_1_68' title="bbox 1049 496 1834 538">
     <span class='ocr_line' id='line_1_68' title="bbox 1049 496 1834 538; baseline 0.011 -15"><span class='ocrx_word' id='word_1_525' title='bbox 1049 496 1212 525; x_wconf 83' lang='lat' dir='ltr'><strong>demitteret.</strong></span> <span class='ocrx_word' id='word_1_526' title='bbox 1228 498 1327 534; x_wconf 85' lang='lat' dir='ltr'><strong>Ecquid</strong></span> <span class='ocrx_word' id='word_1_527' title='bbox 1342 499 1447 527; x_wconf 86' lang='lat' dir='ltr'><strong>miraris</strong></span> <span class='ocrx_word' id='word_1_528' title='bbox 1458 520 1465 532; x_wconf 87' lang='lat'><strong>,</strong></span> <span class='ocrx_word' id='word_1_529' title='bbox 1480 500 1502 527; x_wconf 89' lang='lat' dir='ltr'><strong>si</strong></span> <span class='ocrx_word' id='word_1_530' title='bbox 1517 500 1549 528; x_wconf 83' lang='lat' dir='ltr'><strong>in-</strong></span> <span class='ocrx_word' id='word_1_531' title='bbox 1557 501 1687 537; x_wconf 83' lang='lat' dir='ltr'><strong>principio</strong></span> <span class='ocrx_word' id='word_1_532' title='bbox 1700 503 1725 530; x_wconf 90' lang='lat' dir='ltr'><strong>id</strong></span> <span class='ocrx_word' id='word_1_533' title='bbox 1740 505 1834 538; x_wconf 80' lang='lat' dir='ltr'><strong>egerit,</strong></span> 
     </span>
    </p>
   </div>
   <div class='ocr_carea' id='block_1_69' title="bbox 1048 543 1836 584">
    <p class='ocr_par' dir='ltr' id='par_1_69' title="bbox 1048 543 1836 584">
     <span class='ocr_line' id='line_1_69' title="bbox 1048 543 1836 584; baseline 0.011 -15"><span class='ocrx_word' id='word_1_534' title='bbox 1048 543 1154 578; x_wconf 89' lang='lat' dir='ltr'><strong>quando</strong></span> <span class='ocrx_word' id='word_1_535' title='bbox 1164 548 1191 571; x_wconf 89' lang='lat' dir='ltr'><strong>et</strong></span> <span class='ocrx_word' id='word_1_536' title='bbox 1200 545 1311 579; x_wconf 83' lang='lat' dir='ltr'><strong>apostoli</strong></span> <span class='ocrx_word' id='word_1_537' title='bbox 1326 551 1467 581; x_wconf 85' lang='lat' dir='ltr'><strong>postquam</strong></span> <span class='ocrx_word' id='word_1_538' title='bbox 1480 547 1547 581; x_wconf 84' lang='lat' dir='ltr'><strong>jussi</strong></span> <span class='ocrx_word' id='word_1_539' title='bbox 1565 552 1627 575; x_wconf 86' lang='lat' dir='ltr'><strong>sunt</strong></span> <span class='ocrx_word' id='word_1_540' title='bbox 1638 548 1672 576; x_wconf 80' lang='lat' dir='ltr'><strong>ad</strong></span> <span class='ocrx_word' id='word_1_541' title='bbox 1684 554 1776 584; x_wconf 85' lang='lat' dir='ltr'><strong>gentes</strong></span> <span class='ocrx_word' id='word_1_542' title='bbox 1786 551 1836 577; x_wconf 85' lang='lat' dir='ltr'><strong>mi-</strong></span> 
     </span>
    </p>
   </div>
   <div class='ocr_carea' id='block_1_70' title="bbox 1048 591 1835 628">
    <p class='ocr_par' dir='ltr' id='par_1_70' title="bbox 1048 591 1835 628">
     <span class='ocr_line' id='line_1_70' title="bbox 1048 591 1835 628; baseline 0.009 -13"><span class='ocrx_word' id='word_1_543' title='bbox 1048 595 1134 623; x_wconf 83' lang='lat' dir='ltr'><strong>grare,</strong></span> <span class='ocrx_word' id='word_1_544' title='bbox 1150 593 1176 616; x_wconf 88' lang='lat' dir='ltr'><strong>et</strong></span> <span class='ocrx_word' id='word_1_545' title='bbox 1192 594 1282 624; x_wconf 89' lang='lat' dir='ltr'><strong>portas</strong></span> <span class='ocrx_word' id='word_1_546' title='bbox 1306 591 1410 625; x_wconf 89' lang='lat' dir='ltr'><strong>aperire</strong></span> <span class='ocrx_word' id='word_1_547' title='bbox 1424 591 1456 619; x_wconf 87' lang='lat' dir='ltr'><strong>ad</strong></span> <span class='ocrx_word' id='word_1_548' title='bbox 1473 591 1620 620; x_wconf 88' lang='lat' dir='ltr'><strong>doctrinam</strong></span> <span class='ocrx_word' id='word_1_549' title='bbox 1634 600 1682 628; x_wconf 91' lang='lat' dir='ltr'><strong>per</strong></span> <span class='ocrx_word' id='word_1_550' title='bbox 1696 597 1779 622; x_wconf 86' lang='lat' dir='ltr'><strong>totum</strong></span> <span class='ocrx_word' id='word_1_551' title='bbox 1793 603 1835 622; x_wconf 92' lang='lat' dir='ltr'><strong>or-</strong></span> 
     </span>
    </p>
   </div>
   <div class='ocr_carea' id='block_1_71' title="bbox 1047 637 1833 673">
    <p class='ocr_par' dir='ltr' id='par_1_71' title="bbox 1047 637 1833 673">
     <span class='ocr_line' id='line_1_71' title="bbox 1047 637 1833 673; baseline 0 -7"><span class='ocrx_word' id='word_1_552' title='bbox 1047 638 1110 666; x_wconf 85' lang='lat' dir='ltr'><strong>bem</strong></span> <span class='ocrx_word' id='word_1_553' title='bbox 1137 637 1335 673; x_wconf 79' lang='lat' dir='ltr'><strong>spargendam,</strong></span> <span class='ocrx_word' id='word_1_554' title='bbox 1359 637 1444 673; x_wconf 80' lang='lat' dir='ltr'><strong>legem</strong></span> <span class='ocrx_word' id='word_1_555' title='bbox 1471 637 1633 671; x_wconf 68' lang='lat' dir='ltr'><strong>uxr-ludere,</strong></span> <span class='ocrx_word' id='word_1_556' title='bbox 1657 646 1728 666; x_wconf 90' lang='lat' dir='ltr'><strong>nova</strong></span> <span class='ocrx_word' id='word_1_557' title='bbox 1755 639 1833 667; x_wconf 85' lang='lat' dir='ltr'><strong>insti-</strong></span> 
     </span>
    </p>
   </div>
   <div class='ocr_carea' id='block_1_72' title="bbox 1048 683 1829 720">
    <p class='ocr_par' dir='ltr' id='par_1_72' title="bbox 1048 683 1829 720">
     <span class='ocr_line' id='line_1_72' title="bbox 1048 683 1829 720; baseline -0.001 -9"><span class='ocrx_word' id='word_1_558' title='bbox 1048 688 1134 716; x_wconf 85' lang='lat' dir='ltr'><strong>tuere,</strong></span> <span class='ocrx_word' id='word_1_559' title='bbox 1146 687 1235 711; x_wconf 86' lang='lat' dir='ltr'><strong>vetera</strong></span> <span class='ocrx_word' id='word_1_560' title='bbox 1250 683 1382 718; x_wconf 84' lang='lat' dir='ltr'><strong>abrogare</strong></span> <span class='ocrx_word' id='word_1_561' title='bbox 1392 684 1484 710; x_wconf 89' lang='lat' dir='ltr'><strong>omnla</strong></span> <span class='ocrx_word' id='word_1_562' title='bbox 1494 692 1502 714; x_wconf 86' lang='lat'><strong>;</strong></span> <span class='ocrx_word' id='word_1_563' title='bbox 1514 685 1594 713; x_wconf 89' lang='lat' dir='ltr'><strong>modo</strong></span> <span class='ocrx_word' id='word_1_564' title='bbox 1609 685 1693 720; x_wconf 83' lang='lat' dir='ltr'><strong>legem</strong></span> <span class='ocrx_word' id='word_1_565' title='bbox 1709 690 1829 717; x_wconf 80' lang='lat' dir='ltr'><strong>servare,</strong></span> 
     </span>
    </p>
   </div>
   <div class='ocr_carea' id='block_1_73' title="bbox 1048 726 1832 763">
    <p class='ocr_par' dir='ltr' id='par_1_73' title="bbox 1048 726 1832 763">
     <span class='ocr_line' id='line_1_73' title="bbox 1048 726 1832 763; baseline 0 -10"><span class='ocrx_word' id='word_1_566' title='bbox 1048 726 1128 754; x_wconf 93' lang='lat' dir='ltr'><strong>modo</strong></span> <span class='ocrx_word' id='word_1_567' title='bbox 1142 726 1214 753; x_wconf 89' lang='lat' dir='ltr'><strong>illam</strong></span> <span class='ocrx_word' id='word_1_568' title='bbox 1229 726 1374 761; x_wconf 82' lang='lat' dir='ltr'><strong>transgredi</strong></span> <span class='ocrx_word' id='word_1_569' title='bbox 1384 726 1632 761; x_wconf 86' lang='lat' dir='ltr'><strong>deprehenduntur.</strong></span> <span class='ocrx_word' id='word_1_570' title='bbox 1648 727 1754 763; x_wconf 86' lang='lat' dir='ltr'><strong>thuid</strong></span> <span class='ocrx_word' id='word_1_571' title='bbox 1771 726 1832 759; x_wconf 86' lang='lat' dir='ltr'><strong>hoc,</strong></span> 
     </span>
    </p>
   </div>
   <div class='ocr_carea' id='block_1_74' title="bbox 1048 773 1834 809">
    <p class='ocr_par' dir='ltr' id='par_1_74' title="bbox 1048 773 1834 809">
     <span class='ocr_line' id='line_1_74' title="bbox 1048 773 1834 809; baseline -0.001 -8"><span class='ocrx_word' id='word_1_572' title='bbox 1048 773 1172 809; x_wconf 86' lang='lat' dir='ltr'><strong>inquies,</strong></span> <span class='ocrx_word' id='word_1_573' title='bbox 1197 773 1230 801; x_wconf 88' lang='lat' dir='ltr'><strong>ad</strong></span> <span class='ocrx_word' id='word_1_574' title='bbox 1256 774 1322 808; x_wconf 81' lang='lat' dir='ltr'><strong>legis</strong></span> <span class='ocrx_word' id='word_1_575' title='bbox 1345 773 1492 801; x_wconf 88' lang='lat' dir='ltr'><strong>custodiam</strong></span> <span class='ocrx_word' id='word_1_576' title='bbox 1517 773 1629 805; x_wconf 79' lang='lat' dir='ltr'><strong>confert,</strong></span> <span class='ocrx_word' id='word_1_577' title='bbox 1654 773 1726 807; x_wconf 88' lang='lat' dir='ltr'><strong>quod</strong></span> <span class='ocrx_word' id='word_1_578' title='bbox 1753 773 1834 806; x_wconf 83' lang='lat' dir='ltr'><strong>dicat,</strong></span> 
     </span>
    </p>
   </div>
   <div class='ocr_carea' id='block_1_75' title="bbox 1050 818 1834 856">
    <p class='ocr_par' dir='ltr' id='par_1_75' title="bbox 1050 818 1834 856">
     <span class='ocr_line' id='line_1_75' title="bbox 1050 818 1834 856; baseline -0.001 -9"><span class='ocrx_word' id='word_1_579' title='bbox 1050 819 1159 847; x_wconf 72' lang='lat' dir='ltr'><strong>Ostende</strong></span> <span class='ocrx_word' id='word_1_580' title='bbox 1182 824 1206 846; x_wconf 87' lang='lat' dir='ltr'><strong>te</strong></span> <span class='ocrx_word' id='word_1_581' title='bbox 1226 819 1348 846; x_wconf 69' lang='lat' dir='ltr'><strong>sacerdoti</strong></span> <span class='ocrx_word' id='word_1_582' title='bbox 1368 818 1439 856; x_wconf 76' lang='lat' dir='ltr'><strong>(Leu.</strong></span> <span class='ocrx_word' id='word_1_583' title='bbox 1456 819 1520 854; x_wconf 60' lang='lat' dir='ltr'><strong>id)?</strong></span> <span class='ocrx_word' id='word_1_584' title='bbox 1533 818 1590 846; x_wconf 88' lang='lat' dir='ltr'><strong>Non</strong></span> <span class='ocrx_word' id='word_1_585' title='bbox 1610 826 1702 853; x_wconf 86' lang='lat' dir='ltr'><strong>parum</strong></span> <span class='ocrx_word' id='word_1_586' title='bbox 1721 818 1834 847; x_wconf 85' lang='lat' dir='ltr'><strong>confert.</strong></span> 
     </span>
    </p>
   </div>
   <div class='ocr_carea' id='block_1_76' title="bbox 1049 864 1834 900">
    <p class='ocr_par' dir='ltr' id='par_1_76' title="bbox 1049 864 1834 900">
     <span class='ocr_line' id='line_1_76' title="bbox 1049 864 1834 900; baseline -0.001 -8"><span class='ocrx_word' id='word_1_587' title='bbox 1049 865 1113 893; x_wconf 84' lang='lat' dir='ltr'><strong>Erat</strong></span> <span class='ocrx_word' id='word_1_588' title='bbox 1124 865 1227 900; x_wconf 77' lang='lat' dir='ltr'><strong>quippe</strong></span> <span class='ocrx_word' id='word_1_589' title='bbox 1235 865 1275 892; x_wconf 81' lang='lat' dir='ltr'><strong>lex</strong></span> <span class='ocrx_word' id='word_1_590' title='bbox 1290 869 1375 897; x_wconf 90' lang='lat' dir='ltr'><strong>vetus,</strong></span> <span class='ocrx_word' id='word_1_591' title='bbox 1396 868 1425 891; x_wconf 94' lang='lat' dir='ltr'><strong>ut</strong></span> <span class='ocrx_word' id='word_1_592' title='bbox 1438 864 1559 900; x_wconf 91' lang='lat' dir='ltr'><strong>leprosus</strong></span> <span class='ocrx_word' id='word_1_593' title='bbox 1571 864 1712 891; x_wconf 86' lang='lat' dir='ltr'><strong>mundatus</strong></span> <span class='ocrx_word' id='word_1_594' title='bbox 1726 871 1764 891; x_wconf 84' lang='lat' dir='ltr'><strong>ne</strong></span> <span class='ocrx_word' id='word_1_595' title='bbox 1782 864 1834 891; x_wconf 89' lang='lat' dir='ltr'><strong>sibi</strong></span> 
     </span>
    </p>
   </div>
   <div class='ocr_carea' id='block_1_77' title="bbox 1048 910 1835 946">
    <p class='ocr_par' dir='ltr' id='par_1_77' title="bbox 1048 910 1835 946">
     <span class='ocr_line' id='line_1_77' title="bbox 1048 910 1835 946; baseline -0.001 -8"><span class='ocrx_word' id='word_1_596' title='bbox 1048 911 1193 946; x_wconf 68' lang='lat' dir='ltr'><strong>probandae</strong></span> <span class='ocrx_word' id='word_1_597' title='bbox 1215 911 1392 939; x_wconf 73' lang='lat' dir='ltr'><strong>mundatienis</strong></span> <span class='ocrx_word' id='word_1_598' title='bbox 1415 911 1600 938; x_wconf 83' lang='lat' dir='ltr'><strong>auctoritatem</strong></span> <span class='ocrx_word' id='word_1_599' title='bbox 1623 916 1776 945; x_wconf 76' lang='lat' dir='ltr'><strong>arrogaret,-</strong></span> <span class='ocrx_word' id='word_1_600' title='bbox 1789 910 1835 938; x_wconf 87' lang='lat' dir='ltr'><strong>sed</strong></span> 
     </span>
    </p>
   </div>
   <div class='ocr_carea' id='block_1_78' title="bbox 1047 955 1837 991">
    <p class='ocr_par' dir='ltr' id='par_1_78' title="bbox 1047 955 1837 991">
     <span class='ocr_line' id='line_1_78' title="bbox 1047 955 1837 991; baseline -0.004 -6"><span class='ocrx_word' id='word_1_601' title='bbox 1047 965 1077 985; x_wconf 88' lang='lat' dir='ltr'><strong>se</strong></span> <span class='ocrx_word' id='word_1_602' title='bbox 1089 956 1242 985; x_wconf 87' lang='lat' dir='ltr'><strong>ostenderet</strong></span> <span class='ocrx_word' id='word_1_603' title='bbox 1253 956 1405 990; x_wconf 80' lang='lat' dir='ltr'><strong>sacerdoti,</strong></span> <span class='ocrx_word' id='word_1_604' title='bbox 1420 955 1561 991; x_wconf 78' lang='lat' dir='ltr'><strong>ipsiusque</strong></span> <span class='ocrx_word' id='word_1_605' title='bbox 1577 956 1618 984; x_wconf 81' lang='lat' dir='ltr'><strong>rei</strong></span> <span class='ocrx_word' id='word_1_606' title='bbox 1631 955 1837 983; x_wconf 74' lang='lat' dir='ltr'><strong>demonstratio-</strong></span> 
     </span>
    </p>
   </div>
   <div class='ocr_carea' id='block_1_79' title="bbox 1047 1001 1836 1038">
    <p class='ocr_par' dir='ltr' id='par_1_79' title="bbox 1047 1001 1836 1038">
     <span class='ocr_line' id='line_1_79' title="bbox 1047 1001 1836 1038; baseline -0.004 -8"><span class='ocrx_word' id='word_1_607' title='bbox 1047 1011 1108 1031; x_wconf 91' lang='lat' dir='ltr'><strong>nem</strong></span> <span class='ocrx_word' id='word_1_608' title='bbox 1122 1003 1252 1038; x_wconf 75' lang='lat' dir='ltr'><strong>przeberet</strong></span> <span class='ocrx_word' id='word_1_609' title='bbox 1264 1023 1272 1036; x_wconf 92' lang='lat'><strong>,</strong></span> <span class='ocrx_word' id='word_1_610' title='bbox 1288 1006 1317 1029; x_wconf 90' lang='lat' dir='ltr'><strong>ut</strong></span> <span class='ocrx_word' id='word_1_611' title='bbox 1335 1002 1418 1037; x_wconf 83' lang='lat' dir='ltr'><strong>ipsius</strong></span> <span class='ocrx_word' id='word_1_612' title='bbox 1440 1001 1543 1029; x_wconf 82' lang='lat' dir='ltr'><strong>calculo</strong></span> <span class='ocrx_word' id='word_1_613' title='bbox 1559 1001 1664 1028; x_wconf 81' lang='lat' dir='ltr'><strong>mundis</strong></span> <span class='ocrx_word' id='word_1_614' title='bbox 1677 1008 1836 1028; x_wconf 83' lang='lat' dir='ltr'><strong>annumera-</strong></span> 
     </span>
    </p>
   </div>
   <div class='ocr_carea' id='block_1_80' title="bbox 1047 1046 1836 1081">
    <p class='ocr_par' dir='ltr' id='par_1_80' title="bbox 1047 1046 1836 1081">
     <span class='ocr_line' id='line_1_80' title="bbox 1047 1046 1836 1081; baseline -0.003 -5"><span class='ocrx_word' id='word_1_615' title='bbox 1047 1054 1132 1077; x_wconf 87' lang='lat' dir='ltr'><strong>retur.</strong></span> <span class='ocrx_word' id='word_1_616' title='bbox 1144 1048 1201 1076; x_wconf 88' lang='lat' dir='ltr'><strong>Nisi</strong></span> <span class='ocrx_word' id='word_1_617' title='bbox 1222 1048 1293 1076; x_wconf 89' lang='lat' dir='ltr'><strong>enim</strong></span> <span class='ocrx_word' id='word_1_618' title='bbox 1307 1047 1432 1076; x_wconf 88' lang='lat' dir='ltr'><strong>sacerdos</strong></span> <span class='ocrx_word' id='word_1_619' title='bbox 1451 1047 1572 1081; x_wconf 83' lang='lat' dir='ltr'><strong>dixisset,</strong></span> <span class='ocrx_word' id='word_1_620' title='bbox 1587 1047 1742 1075; x_wconf 84' lang='lat' dir='ltr'><strong>mundatum</strong></span> <span class='ocrx_word' id='word_1_621' title='bbox 1755 1046 1836 1074; x_wconf 85' lang='lat' dir='ltr'><strong>fuisse</strong></span> 
     </span>
    </p>
   </div>
   <div class='ocr_carea' id='block_1_81' title="bbox 1048 1093 1836 1130">
    <p class='ocr_par' dir='ltr' id='par_1_81' title="bbox 1048 1093 1836 1130">
     <span class='ocr_line' id='line_1_81' title="bbox 1048 1093 1836 1130; baseline -0.003 -8"><span class='ocrx_word' id='word_1_622' title='bbox 1048 1095 1192 1130; x_wconf 85' lang='lat' dir='ltr'><strong>leprosum,</strong></span> <span class='ocrx_word' id='word_1_623' title='bbox 1211 1094 1234 1122; x_wconf 88' lang='lat' dir='ltr'><strong>is</strong></span> <span class='ocrx_word' id='word_1_624' title='bbox 1250 1101 1311 1122; x_wconf 88' lang='lat' dir='ltr'><strong>cum</strong></span> <span class='ocrx_word' id='word_1_625' title='bbox 1331 1093 1473 1122; x_wconf 90' lang='lat' dir='ltr'><strong>immundis</strong></span> <span class='ocrx_word' id='word_1_626' title='bbox 1492 1098 1568 1121; x_wconf 83' lang='lat' dir='ltr'><strong>extra</strong></span> <span class='ocrx_word' id='word_1_627' title='bbox 1583 1098 1669 1121; x_wconf 88' lang='lat' dir='ltr'><strong>castra</strong></span> <span class='ocrx_word' id='word_1_628' title='bbox 1684 1093 1836 1121; x_wconf 85' lang='lat' dir='ltr'><strong>mansisset.</strong></span> 
     </span>
    </p>
   </div>
   <div class='ocr_carea' id='block_1_82' title="bbox 1048 1138 1836 1174">
    <p class='ocr_par' dir='ltr' id='par_1_82' title="bbox 1048 1138 1836 1174">
     <span class='ocr_line' id='line_1_82' title="bbox 1048 1138 1836 1174; baseline -0.006 -5"><span class='ocrx_word' id='word_1_629' title='bbox 1048 1141 1110 1169; x_wconf 90' lang='lat' dir='ltr'><strong>Ideo</strong></span> <span class='ocrx_word' id='word_1_630' title='bbox 1125 1141 1162 1168; x_wconf 86' lang='lat' dir='ltr'><strong>ait</strong></span> <span class='ocrx_word' id='word_1_631' title='bbox 1173 1162 1181 1174; x_wconf 91' lang='lat'><strong>,</strong></span> <span class='ocrx_word' id='word_1_632' title='bbox 1205 1140 1315 1168; x_wconf 79' lang='lat' dir='ltr'><strong>Ostende</strong></span> <span class='ocrx_word' id='word_1_633' title='bbox 1334 1145 1357 1167; x_wconf 87' lang='lat' dir='ltr'><strong>te</strong></span> <span class='ocrx_word' id='word_1_634' title='bbox 1371 1139 1510 1171; x_wconf 74' lang='lat' dir='ltr'><strong>sacerdoti,</strong></span> <span class='ocrx_word' id='word_1_635' title='bbox 1525 1143 1549 1166; x_wconf 82' lang='lat' dir='ltr'><strong>et</strong></span> <span class='ocrx_word' id='word_1_636' title='bbox 1567 1138 1632 1173; x_wconf 72' lang='lat' dir='ltr'><strong>offer</strong></span> <span class='ocrx_word' id='word_1_637' title='bbox 1643 1139 1755 1170; x_wconf 82' lang='lat' dir='ltr'><strong>donum,</strong></span> <span class='ocrx_word' id='word_1_638' title='bbox 1770 1138 1836 1173; x_wconf 83' lang='lat' dir='ltr'><strong>quod</strong></span> 
     </span>
    </p>
   </div>
   <div class='ocr_carea' id='block_1_83' title="bbox 1048 1184 1836 1221">
    <p class='ocr_par' dir='ltr' id='par_1_83' title="bbox 1048 1184 1836 1221">
     <span class='ocr_line' id='line_1_83' title="bbox 1048 1184 1836 1221; baseline -0.004 -8"><span class='ocrx_word' id='word_1_639' title='bbox 1048 1186 1166 1221; x_wconf 75' lang='lat' dir='ltr'><strong>praecepit</strong></span> <span class='ocrx_word' id='word_1_640' title='bbox 1180 1185 1291 1221; x_wconf 71' lang='lat' dir='ltr'><strong>Moyses.</strong></span> <span class='ocrx_word' id='word_1_641' title='bbox 1305 1185 1362 1213; x_wconf 88' lang='lat' dir='ltr'><strong>Non</strong></span> <span class='ocrx_word' id='word_1_642' title='bbox 1383 1185 1459 1219; x_wconf 80' lang='lat' dir='ltr'><strong>dixit,</strong></span> <span class='ocrx_word' id='word_1_643' title='bbox 1481 1184 1557 1219; x_wconf 86' lang='lat' dir='ltr'><strong>Quod</strong></span> <span class='ocrx_word' id='word_1_644' title='bbox 1570 1184 1686 1220; x_wconf 76' lang='lat' dir='ltr'><strong>praecepi</strong></span> <span class='ocrx_word' id='word_1_645' title='bbox 1707 1191 1756 1219; x_wconf 87' lang='lat' dir='ltr'><strong>ego</strong></span> <span class='ocrx_word' id='word_1_646' title='bbox 1766 1193 1778 1216; x_wconf 87' lang='lat'><strong>;.</strong></span> <span class='ocrx_word' id='word_1_647' title='bbox 1789 1186 1836 1211; x_wconf 84' lang='lat' dir='ltr'><strong>sed</strong></span> 
     </span>
    </p>
   </div>
   <div class='ocr_carea' id='block_1_84' title="bbox 1048 1230 1838 1266">
    <p class='ocr_par' dir='ltr' id='par_1_84' title="bbox 1048 1230 1838 1266">
     <span class='ocr_line' id='line_1_84' title="bbox 1048 1230 1838 1266; baseline -0.004 -7"><span class='ocrx_word' id='word_1_648' title='bbox 1048 1232 1153 1259; x_wconf 89' lang='lat' dir='ltr'><strong>interim</strong></span> <span class='ocrx_word' id='word_1_649' title='bbox 1174 1231 1208 1258; x_wconf 92' lang='lat' dir='ltr'><strong>ad</strong></span> <span class='ocrx_word' id='word_1_650' title='bbox 1228 1231 1313 1266; x_wconf 89' lang='lat' dir='ltr'><strong>legem</strong></span> <span class='ocrx_word' id='word_1_651' title='bbox 1328 1231 1449 1264; x_wconf 86' lang='lat' dir='ltr'><strong>remittit,</strong></span> <span class='ocrx_word' id='word_1_652' title='bbox 1477 1235 1505 1258; x_wconf 93' lang='lat' dir='ltr'><strong>ut</strong></span> <span class='ocrx_word' id='word_1_653' title='bbox 1526 1230 1642 1265; x_wconf 87' lang='lat' dir='ltr'><strong>undique</strong></span> <span class='ocrx_word' id='word_1_654' title='bbox 1665 1238 1696 1257; x_wconf 91' lang='lat' dir='ltr'><strong>os</strong></span> <span class='ocrx_word' id='word_1_655' title='bbox 1719 1230 1838 1265; x_wconf 80' lang='lat' dir='ltr'><strong>ipsorqu</strong></span> 
     </span>
    </p>
   </div>
   <div class='ocr_carea' id='block_1_85' title="bbox 1048 1275 1836 1312">
    <p class='ocr_par' dir='ltr' id='par_1_85' title="bbox 1048 1275 1836 1312">
     <span class='ocr_line' id='line_1_85' title="bbox 1048 1275 1836 1312; baseline -0.005 -6"><span class='ocrx_word' id='word_1_656' title='bbox 1048 1278 1163 1306; x_wconf 89' lang='lat' dir='ltr'><strong>claudat.</strong></span> <span class='ocrx_word' id='word_1_657' title='bbox 1186 1277 1227 1305; x_wconf 87' lang='lat' dir='ltr'><strong>Ne</strong></span> <span class='ocrx_word' id='word_1_658' title='bbox 1247 1277 1369 1305; x_wconf 82' lang='lat' dir='ltr'><strong>dicerent</strong></span> <span class='ocrx_word' id='word_1_659' title='bbox 1388 1277 1478 1309; x_wconf 84' lang='lat' dir='ltr'><strong>enim,</strong></span> <span class='ocrx_word' id='word_1_660' title='bbox 1493 1277 1580 1312; x_wconf 92' lang='lat' dir='ltr'><strong>ipsum</strong></span> <span class='ocrx_word' id='word_1_661' title='bbox 1604 1276 1656 1304; x_wconf 84' lang='lat' dir='ltr'><strong>sibi</strong></span> <span class='ocrx_word' id='word_1_662' title='bbox 1668 1275 1836 1304; x_wconf 81' lang='lat' dir='ltr'><strong>sacerdotum</strong></span> 
     </span>
    </p>
   </div>
   <div class='ocr_carea' id='block_1_86' title="bbox 1049 1321 1838 1358">
    <p class='ocr_par' dir='ltr' id='par_1_86' title="bbox 1049 1321 1838 1358">
     <span class='ocr_line' id='line_1_86' title="bbox 1049 1321 1838 1358; baseline -0.004 -7"><span class='ocrx_word' id='word_1_663' title='bbox 1049 1323 1178 1351; x_wconf 87' lang='lat' dir='ltr'><strong>honorem</strong></span> <span class='ocrx_word' id='word_1_664' title='bbox 1199 1323 1330 1358; x_wconf 84' lang='lat' dir='ltr'><strong>rapuisse,</strong></span> <span class='ocrx_word' id='word_1_665' title='bbox 1354 1330 1421 1358; x_wconf 77' lang='lat' dir='ltr'><strong>opus</strong></span> <span class='ocrx_word' id='word_1_666' title='bbox 1435 1323 1493 1357; x_wconf 83' lang='lat' dir='ltr'><strong>ipse</strong></span> <span class='ocrx_word' id='word_1_667' title='bbox 1507 1322 1639 1358; x_wconf 86' lang='lat' dir='ltr'><strong>implevit,</strong></span> <span class='ocrx_word' id='word_1_668' title='bbox 1652 1321 1838 1357; x_wconf 86' lang='lat' dir='ltr'><strong>probationem</strong></span> 
     </span>
    </p>
   </div>
   <div class='ocr_carea' id='block_1_87' title="bbox 1048 1368 1837 1406">
    <p class='ocr_par' dir='ltr' id='par_1_87' title="bbox 1048 1368 1837 1406">
     <span class='ocr_line' id='line_1_87' title="bbox 1048 1368 1837 1406; baseline -0.005 -8"><span class='ocrx_word' id='word_1_669' title='bbox 1048 1371 1112 1406; x_wconf 81' lang='lat' dir='ltr'><strong>ipsis</strong></span> <span class='ocrx_word' id='word_1_670' title='bbox 1128 1370 1238 1403; x_wconf 89' lang='lat' dir='ltr'><strong>remisit,</strong></span> <span class='ocrx_word' id='word_1_671' title='bbox 1264 1373 1292 1397; x_wconf 90' lang='lat' dir='ltr'><strong>et</strong></span> <span class='ocrx_word' id='word_1_672' title='bbox 1312 1370 1372 1397; x_wconf 89' lang='lat' dir='ltr'><strong>illos</strong></span> <span class='ocrx_word' id='word_1_673' title='bbox 1396 1369 1583 1397; x_wconf 84' lang='lat' dir='ltr'><strong>miraculorum</strong></span> <span class='ocrx_word' id='word_1_674' title='bbox 1605 1375 1713 1396; x_wconf 85' lang='lat' dir='ltr'><strong>suorum</strong></span> <span class='ocrx_word' id='word_1_675' title='bbox 1735 1368 1837 1403; x_wconf 89' lang='lat' dir='ltr'><strong>judices</strong></span> 
     </span>
    </p>
   </div>
   <div class='ocr_carea' id='block_1_88' title="bbox 1047 1414 1838 1450">
    <p class='ocr_par' dir='ltr' id='par_1_88' title="bbox 1047 1414 1838 1450">
     <span class='ocr_line' id='line_1_88' title="bbox 1047 1414 1838 1450; baseline -0.005 -6"><span class='ocrx_word' id='word_1_676' title='bbox 1047 1416 1195 1444; x_wconf 84' lang='lat' dir='ltr'><strong>constituit.</strong></span> <span class='ocrx_word' id='word_1_677' title='bbox 1210 1416 1324 1443; x_wconf 87' lang='lat' dir='ltr'><strong>Tantum</strong></span> <span class='ocrx_word' id='word_1_678' title='bbox 1339 1415 1425 1447; x_wconf 88' lang='lat' dir='ltr'><strong>abest,</strong></span> <span class='ocrx_word' id='word_1_679' title='bbox 1440 1415 1536 1450; x_wconf 84' lang='lat' dir='ltr'><strong>inquit,</strong></span> <span class='ocrx_word' id='word_1_680' title='bbox 1551 1418 1582 1442; x_wconf 88' lang='lat' dir='ltr'><strong>ut</strong></span> <span class='ocrx_word' id='word_1_681' title='bbox 1593 1421 1707 1449; x_wconf 82' lang='lat' dir='ltr'><strong>pugnem</strong></span> <span class='ocrx_word' id='word_1_682' title='bbox 1721 1414 1763 1441; x_wconf 90' lang='lat' dir='ltr'><strong>vel</strong></span> <span class='ocrx_word' id='word_1_683' title='bbox 1775 1421 1838 1441; x_wconf 81' lang='lat' dir='ltr'><strong>eum</strong></span> 
     </span>
    </p>
   </div>
   <div class='ocr_carea' id='block_1_89' title="bbox 1048 1462 1837 1500">
    <p class='ocr_par' dir='ltr' id='par_1_89' title="bbox 1048 1462 1837 1500">
     <span class='ocr_line' id='line_1_89' title="bbox 1048 1462 1837 1500; baseline -0.004 -8"><span class='ocrx_word' id='word_1_684' title='bbox 1048 1464 1149 1500; x_wconf 77' lang='lat' dir='ltr'><strong>Moyse,</strong></span> <span class='ocrx_word' id='word_1_685' title='bbox 1163 1464 1204 1492; x_wconf 87' lang='lat' dir='ltr'><strong>vel</strong></span> <span class='ocrx_word' id='word_1_686' title='bbox 1216 1471 1276 1492; x_wconf 89' lang='lat' dir='ltr'><strong>cum</strong></span> <span class='ocrx_word' id='word_1_687' title='bbox 1290 1463 1483 1496; x_wconf 82' lang='lat' dir='ltr'><strong>sacerdotibus,</strong></span> <span class='ocrx_word' id='word_1_688' title='bbox 1495 1468 1524 1490; x_wconf 92' lang='lat' dir='ltr'><strong>ut</strong></span> <span class='ocrx_word' id='word_1_689' title='bbox 1537 1471 1596 1496; x_wconf 90' lang='lat' dir='ltr'><strong>eos,</strong></span> <span class='ocrx_word' id='word_1_690' title='bbox 1610 1463 1655 1498; x_wconf 89' lang='lat' dir='ltr'><strong>qui</strong></span> <span class='ocrx_word' id='word_1_691' title='bbox 1669 1470 1689 1490; x_wconf 87' lang='lat' dir='ltr'><strong>a-</strong></span> <span class='ocrx_word' id='word_1_692' title='bbox 1698 1470 1742 1490; x_wconf 91' lang='lat' dir='ltr'><strong>me</strong></span> <span class='ocrx_word' id='word_1_693' title='bbox 1756 1462 1837 1490; x_wconf 87' lang='lat' dir='ltr'><strong>bene-</strong></span> 
     </span>
    </p>
   </div>
   <div class='ocr_carea' id='block_1_90' title="bbox 1049 1508 1765 1545">
    <p class='ocr_par' dir='ltr' id='par_1_90' title="bbox 1049 1508 1765 1545">
     <span class='ocr_line' id='line_1_90' title="bbox 1049 1508 1765 1545; baseline -0.003 -7"><span class='ocrx_word' id='word_1_694' title='bbox 1049 1510 1110 1538; x_wconf 83' lang='lat' dir='ltr'><strong>ﬂcio</strong></span> <span class='ocrx_word' id='word_1_695' title='bbox 1123 1509 1209 1538; x_wconf 71' lang='lat' dir='ltr'><strong>allecti</strong></span> <span class='ocrx_word' id='word_1_696' title='bbox 1223 1513 1286 1538; x_wconf 90' lang='lat' dir='ltr'><strong>sunt</strong></span> <span class='ocrx_word' id='word_1_697' title='bbox 1296 1530 1304 1543; x_wconf 95' lang='lat'><strong>,</strong></span> <span class='ocrx_word' id='word_1_698' title='bbox 1318 1509 1432 1543; x_wconf 83' lang='lat' dir='ltr'><strong>mittam,</strong></span> <span class='ocrx_word' id='word_1_699' title='bbox 1445 1509 1490 1545; x_wconf 91' lang='lat' dir='ltr'><strong>qui</strong></span> <span class='ocrx_word' id='word_1_700' title='bbox 1506 1508 1558 1536; x_wconf 88' lang='lat' dir='ltr'><strong>illis</strong></span> <span class='ocrx_word' id='word_1_701' title='bbox 1571 1508 1765 1544; x_wconf 85' lang='lat' dir='ltr'><strong>obtemperent.</strong></span> 
     </span>
    </p>
   </div>
   <div class='ocr_carea' id='block_1_91' title="bbox 1085 1553 1833 1591">
    <p class='ocr_par' dir='ltr' id='par_1_91' title="bbox 1085 1553 1833 1591">
     <span class='ocr_line' id='line_1_91' title="bbox 1085 1553 1833 1591; baseline -0.004 -8"><span class='ocrx_word' id='word_1_702' title='bbox 1085 1556 1112 1584; x_wconf 81' lang='lat'><strong>5.</strong></span> <span class='ocrx_word' id='word_1_703' title='bbox 1128 1555 1197 1590; x_wconf 86' lang='lat' dir='ltr'><strong>Quid</strong></span> <span class='ocrx_word' id='word_1_704' title='bbox 1217 1562 1299 1591; x_wconf 90' lang='lat' dir='ltr'><strong>porro</strong></span> <span class='ocrx_word' id='word_1_705' title='bbox 1319 1555 1384 1583; x_wconf 91' lang='lat' dir='ltr'><strong>illud</strong></span> <span class='ocrx_word' id='word_1_706' title='bbox 1398 1559 1458 1588; x_wconf 89' lang='lat' dir='ltr'><strong>est,</strong></span> <span class='ocrx_word' id='word_1_707' title='bbox 1474 1553 1508 1582; x_wconf 81' lang='lat' dir='ltr'><strong>In</strong></span> <span class='ocrx_word' id='word_1_708' title='bbox 1529 1553 1698 1582; x_wconf 69' lang='lat' dir='ltr'><strong>testimonium</strong></span> <span class='ocrx_word' id='word_1_709' title='bbox 1720 1554 1792 1580; x_wconf 74' lang='lat' dir='ltr'><strong>illis?</strong></span> <span class='ocrx_word' id='word_1_710' title='bbox 1805 1553 1833 1581; x_wconf 91' lang='lat' dir='ltr'><strong>In</strong></span> 
     </span>
    </p>
   </div>
   <div class='ocr_carea' id='block_1_92' title="bbox 1048 1599 1837 1638">
    <p class='ocr_par' dir='ltr' id='par_1_92' title="bbox 1048 1599 1837 1638">
     <span class='ocr_line' id='line_1_92' title="bbox 1048 1599 1837 1638; baseline -0.004 -8"><span class='ocrx_word' id='word_1_711' title='bbox 1048 1602 1273 1638; x_wconf 84' lang='lat' dir='ltr'><strong>redargutionem,</strong></span> <span class='ocrx_word' id='word_1_712' title='bbox 1296 1601 1322 1628; x_wconf 91' lang='lat' dir='ltr'><strong>in</strong></span> <span class='ocrx_word' id='word_1_713' title='bbox 1341 1600 1549 1634; x_wconf 76' lang='lat' dir='ltr'><strong>accusationem,</strong></span> <span class='ocrx_word' id='word_1_714' title='bbox 1570 1599 1593 1628; x_wconf 90' lang='lat' dir='ltr'><strong>si</strong></span> <span class='ocrx_word' id='word_1_715' title='bbox 1621 1607 1673 1627; x_wconf 91' lang='lat' dir='ltr'><strong>non</strong></span> <span class='ocrx_word' id='word_1_716' title='bbox 1701 1600 1784 1634; x_wconf 90' lang='lat' dir='ltr'><strong>probe</strong></span> <span class='ocrx_word' id='word_1_717' title='bbox 1808 1607 1837 1627; x_wconf 89' lang='lat' dir='ltr'><strong>sc</strong></span> 
     </span>
    </p>
   </div>
   <div class='ocr_carea' id='block_1_93' title="bbox 1048 1645 1835 1685">
    <p class='ocr_par' dir='ltr' id='par_1_93' title="bbox 1048 1645 1835 1685">
     <span class='ocr_line' id='line_1_93' title="bbox 1048 1645 1835 1685; baseline -0.005 -8"><span class='ocrx_word' id='word_1_718' title='bbox 1048 1649 1188 1685; x_wconf 84' lang='lat' dir='ltr'><strong>gesserint.</strong></span> <span class='ocrx_word' id='word_1_719' title='bbox 1203 1649 1270 1683; x_wconf 89' lang='lat' dir='ltr'><strong>Quia</strong></span> <span class='ocrx_word' id='word_1_720' title='bbox 1284 1648 1356 1675; x_wconf 89' lang='lat' dir='ltr'><strong>enim</strong></span> <span class='ocrx_word' id='word_1_721' title='bbox 1366 1647 1500 1681; x_wconf 87' lang='lat' dir='ltr'><strong>dicebant,</strong></span> <span class='ocrx_word' id='word_1_722' title='bbox 1514 1646 1550 1675; x_wconf 91' lang='lat' dir='ltr'><strong>Ut</strong></span> <span class='ocrx_word' id='word_1_723' title='bbox 1561 1646 1730 1674; x_wconf 88' lang='lat' dir='ltr'><strong>seductorem</strong></span> <span class='ocrx_word' id='word_1_724' title='bbox 1745 1650 1772 1674; x_wconf 88' lang='lat' dir='ltr'><strong>et</strong></span> <span class='ocrx_word' id='word_1_725' title='bbox 1786 1645 1835 1673; x_wconf 90' lang='lat' dir='ltr'><strong>de-</strong></span> 
     </span>
    </p>
   </div>
   <div class='ocr_carea' id='block_1_94' title="bbox 1048 1691 1835 1730">
    <p class='ocr_par' dir='ltr' id='par_1_94' title="bbox 1048 1691 1835 1730">
     <span class='ocr_line' id='line_1_94' title="bbox 1048 1691 1835 1730; baseline -0.004 -8"><span class='ocrx_word' id='word_1_726' title='bbox 1048 1701 1184 1730; x_wconf 89' lang='lat' dir='ltr'><strong>ceptorem</strong></span> <span class='ocrx_word' id='word_1_727' title='bbox 1198 1694 1382 1729; x_wconf 90' lang='lat' dir='ltr'><strong>persequimur</strong></span> <span class='ocrx_word' id='word_1_728' title='bbox 1393 1713 1401 1724; x_wconf 85' lang='lat'><strong>.</strong></span> <span class='ocrx_word' id='word_1_729' title='bbox 1417 1698 1446 1720; x_wconf 91' lang='lat' dir='ltr'><strong>ut</strong></span> <span class='ocrx_word' id='word_1_730' title='bbox 1460 1692 1516 1720; x_wconf 88' lang='lat' dir='ltr'><strong>Deo</strong></span> <span class='ocrx_word' id='word_1_731' title='bbox 1529 1691 1713 1720; x_wconf 87' lang='lat' dir='ltr'><strong>adversarium</strong></span> <span class='ocrx_word' id='word_1_732' title='bbox 1727 1696 1754 1719; x_wconf 92' lang='lat' dir='ltr'><strong>et</strong></span> <span class='ocrx_word' id='word_1_733' title='bbox 1767 1691 1835 1727; x_wconf 83' lang='lat' dir='ltr'><strong>legis</strong></span> 
     </span>
    </p>
   </div>
   <div class='ocr_carea' id='block_1_95' title="bbox 1049 1737 1837 1776">
    <p class='ocr_par' dir='ltr' id='par_1_95' title="bbox 1049 1737 1837 1776">
     <span class='ocr_line' id='line_1_95' title="bbox 1049 1737 1837 1776; baseline -0.005 -8"><span class='ocrx_word' id='word_1_734' title='bbox 1049 1746 1274 1776; x_wconf 78' lang='lat' dir='ltr'><strong>transgressorem</strong></span> <span class='ocrx_word' id='word_1_735' title='bbox 1286 1748 1292 1766; x_wconf 95' lang='lat'>:</span> <span class='ocrx_word' id='word_1_736' title='bbox 1305 1739 1346 1767; x_wconf 89' lang='lat' dir='ltr'><strong>Tu</strong></span> <span class='ocrx_word' id='word_1_737' title='bbox 1360 1738 1437 1771; x_wconf 91' lang='lat' dir='ltr'><strong>mihi,</strong></span> <span class='ocrx_word' id='word_1_738' title='bbox 1446 1738 1543 1773; x_wconf 90' lang='lat' dir='ltr'><strong>inquit,</strong></span> <span class='ocrx_word' id='word_1_739' title='bbox 1554 1738 1631 1766; x_wconf 86' lang='lat' dir='ltr'><strong>testis</strong></span> <span class='ocrx_word' id='word_1_740' title='bbox 1643 1737 1697 1765; x_wconf 89' lang='lat' dir='ltr'><strong>eris</strong></span> <span class='ocrx_word' id='word_1_741' title='bbox 1710 1737 1755 1765; x_wconf 90' lang='lat' dir='ltr'><strong>illo</strong></span> <span class='ocrx_word' id='word_1_742' title='bbox 1769 1741 1837 1764; x_wconf 87' lang='lat' dir='ltr'><strong>tem-</strong></span> 
     </span>
    </p>
   </div>
   <div class='ocr_carea' id='block_1_96' title="bbox 1048 1784 1837 1822">
    <p class='ocr_par' dir='ltr' id='par_1_96' title="bbox 1048 1784 1837 1822">
     <span class='ocr_line' id='line_1_96' title="bbox 1048 1784 1837 1822; baseline -0.006 -8"><span class='ocrx_word' id='word_1_743' title='bbox 1048 1794 1124 1822; x_wconf 88' lang='lat' dir='ltr'><strong>pore,</strong></span> <span class='ocrx_word' id='word_1_744' title='bbox 1137 1794 1179 1814; x_wconf 90' lang='lat' dir='ltr'><strong>me</strong></span> <span class='ocrx_word' id='word_1_745' title='bbox 1194 1793 1247 1813; x_wconf 92' lang='lat' dir='ltr'><strong>non</strong></span> <span class='ocrx_word' id='word_1_746' title='bbox 1260 1792 1321 1813; x_wconf 89' lang='lat' dir='ltr'><strong>esse</strong></span> <span class='ocrx_word' id='word_1_747' title='bbox 1338 1784 1404 1819; x_wconf 78' lang='lat' dir='ltr'><strong>legis</strong></span> <span class='ocrx_word' id='word_1_748' title='bbox 1424 1788 1649 1819; x_wconf 88' lang='lat' dir='ltr'><strong>transgressorem</strong></span> <span class='ocrx_word' id='word_1_749' title='bbox 1664 1791 1672 1810; x_wconf 89' lang='lat'><strong>:</strong></span> <span class='ocrx_word' id='word_1_750' title='bbox 1688 1790 1748 1810; x_wconf 83' lang='lat' dir='ltr'><strong>nam</strong></span> <span class='ocrx_word' id='word_1_751' title='bbox 1762 1787 1837 1817; x_wconf 87' lang='lat' dir='ltr'><strong>post-</strong></span> 
     </span>
    </p>
   </div>
   <div class='ocr_carea' id='block_1_97' title="bbox 1048 1828 1836 1868">
    <p class='ocr_par' dir='ltr' id='par_1_97' title="bbox 1048 1828 1836 1868">
     <span class='ocr_line' id='line_1_97' title="bbox 1048 1828 1836 1868; baseline -0.006 -9"><span class='ocrx_word' id='word_1_752' title='bbox 1048 1839 1127 1868; x_wconf 83' lang='lat' dir='ltr'><strong>quam</strong></span> <span class='ocrx_word' id='word_1_753' title='bbox 1143 1836 1168 1859; x_wconf 91' lang='lat' dir='ltr'><strong>te</strong></span> <span class='ocrx_word' id='word_1_754' title='bbox 1183 1830 1284 1864; x_wconf 89' lang='lat' dir='ltr'><strong>curavi,</strong></span> <span class='ocrx_word' id='word_1_755' title='bbox 1302 1836 1328 1858; x_wconf 90' lang='lat' dir='ltr'><strong>te</strong></span> <span class='ocrx_word' id='word_1_756' title='bbox 1338 1829 1371 1857; x_wconf 89' lang='lat' dir='ltr'><strong>ad</strong></span> <span class='ocrx_word' id='word_1_757' title='bbox 1386 1830 1472 1865; x_wconf 87' lang='lat' dir='ltr'><strong>legem</strong></span> <span class='ocrx_word' id='word_1_758' title='bbox 1486 1828 1604 1860; x_wconf 89' lang='lat' dir='ltr'><strong>remitto,</strong></span> <span class='ocrx_word' id='word_1_759' title='bbox 1615 1833 1693 1863; x_wconf 92' lang='lat' dir='ltr'><strong>atque</strong></span> <span class='ocrx_word' id='word_1_760' title='bbox 1703 1828 1736 1855; x_wconf 85' lang='lat' dir='ltr'><strong>ad</strong></span> <span class='ocrx_word' id='word_1_761' title='bbox 1746 1834 1836 1855; x_wconf 89' lang='lat' dir='ltr'><strong>sacer-</strong></span> 
     </span>
    </p>
   </div>
   <div class='ocr_carea' id='block_1_98' title="bbox 1048 1873 1837 1913">
    <p class='ocr_par' dir='ltr' id='par_1_98' title="bbox 1048 1873 1837 1913">
     <span class='ocr_line' id='line_1_98' title="bbox 1048 1873 1837 1913; baseline -0.008 -8"><span class='ocrx_word' id='word_1_762' title='bbox 1048 1879 1139 1905; x_wconf 89' lang='lat' dir='ltr'><strong>dotum</strong></span> <span class='ocrx_word' id='word_1_763' title='bbox 1153 1877 1337 1913; x_wconf 87' lang='lat' dir='ltr'><strong>probationem</strong></span> <span class='ocrx_word' id='word_1_764' title='bbox 1348 1884 1356 1908; x_wconf 89' lang='lat'><strong>;</strong></span> <span class='ocrx_word' id='word_1_765' title='bbox 1367 1875 1393 1903; x_wconf 91' lang='lat' dir='ltr'><strong>id</strong></span> <span class='ocrx_word' id='word_1_766' title='bbox 1413 1874 1485 1911; x_wconf 90' lang='lat' dir='ltr'><strong>quod</strong></span> <span class='ocrx_word' id='word_1_767' title='bbox 1499 1879 1557 1902; x_wconf 84' lang='lat' dir='ltr'><strong>erat</strong></span> <span class='ocrx_word' id='word_1_768' title='bbox 1570 1874 1682 1901; x_wconf 88' lang='lat' dir='ltr'><strong>colentis</strong></span> <span class='ocrx_word' id='word_1_769' title='bbox 1699 1873 1794 1908; x_wconf 82' lang='lat' dir='ltr'><strong>legem,</strong></span> <span class='ocrx_word' id='word_1_770' title='bbox 1808 1877 1837 1900; x_wconf 87' lang='lat' dir='ltr'><strong>et</strong></span> 
     </span>
    </p>
   </div>
   <div class='ocr_carea' id='block_1_99' title="bbox 1047 1919 1834 1960">
    <p class='ocr_par' dir='ltr' id='par_1_99' title="bbox 1047 1919 1834 1960">
     <span class='ocr_line' id='line_1_99' title="bbox 1047 1919 1834 1960; baseline -0.009 -8"><span class='ocrx_word' id='word_1_771' title='bbox 1047 1925 1164 1960; x_wconf 85' lang='lat' dir='ltr'><strong>Moysem</strong></span> <span class='ocrx_word' id='word_1_772' title='bbox 1175 1922 1341 1955; x_wconf 75' lang='lat' dir='ltr'><strong>honoraritis,</strong></span> <span class='ocrx_word' id='word_1_773' title='bbox 1359 1929 1408 1949; x_wconf 91' lang='lat' dir='ltr'><strong>nec</strong></span> <span class='ocrx_word' id='word_1_774' title='bbox 1421 1921 1538 1956; x_wconf 84' lang='lat' dir='ltr'><strong>antiquis</strong></span> <span class='ocrx_word' id='word_1_775' title='bbox 1557 1919 1723 1955; x_wconf 84' lang='lat' dir='ltr'><strong>dogmatibus</strong></span> <span class='ocrx_word' id='word_1_776' title='bbox 1737 1919 1834 1946; x_wconf 88' lang='lat' dir='ltr'><strong>adver-</strong></span> 
     </span>
    </p>
   </div>
   <div class='ocr_carea' id='block_1_100' title="bbox 1047 1964 1835 2004">
    <p class='ocr_par' dir='ltr' id='par_1_100' title="bbox 1047 1964 1835 2004">
     <span class='ocr_line' id='line_1_100' title="bbox 1047 1964 1835 2004; baseline -0.009 -6"><span class='ocrx_word' id='word_1_777' title='bbox 1047 1971 1141 1998; x_wconf 89' lang='lat' dir='ltr'><strong>santis.</strong></span> <span class='ocrx_word' id='word_1_778' title='bbox 1155 1969 1230 2004; x_wconf 85' lang='lat' dir='ltr'><strong>Quod</strong></span> <span class='ocrx_word' id='word_1_779' title='bbox 1252 1969 1274 1996; x_wconf 85' lang='lat' dir='ltr'><strong>si</strong></span> <span class='ocrx_word' id='word_1_780' title='bbox 1297 1968 1362 1995; x_wconf 89' lang='lat' dir='ltr'><strong>nihil</strong></span> <span class='ocrx_word' id='word_1_781' title='bbox 1377 1967 1439 1995; x_wconf 86' lang='lat' dir='ltr'><strong>inde</strong></span> <span class='ocrx_word' id='word_1_782' title='bbox 1460 1966 1526 1995; x_wconf 87' lang='lat' dir='ltr'><strong>lucri</strong></span> <span class='ocrx_word' id='word_1_783' title='bbox 1540 1965 1679 2001; x_wconf 87' lang='lat' dir='ltr'><strong>percipere</strong></span> <span class='ocrx_word' id='word_1_784' title='bbox 1691 1964 1835 1997; x_wconf 85' lang='lat' dir='ltr'><strong>debebant,</strong></span> 
     </span>
    </p>
   </div>
   <div class='ocr_carea' id='block_1_101' title="bbox 1047 2010 1836 2047">
    <p class='ocr_par' dir='ltr' id='par_1_101' title="bbox 1047 2010 1836 2047">
     <span class='ocr_line' id='line_1_101' title="bbox 1047 2010 1836 2047; baseline -0.011 -2"><span class='ocrx_word' id='word_1_785' title='bbox 1047 2017 1111 2045; x_wconf 91' lang='lat' dir='ltr'><strong>hinc</strong></span> <span class='ocrx_word' id='word_1_786' title='bbox 1139 2015 1257 2044; x_wconf 83' lang='lat' dir='ltr'><strong>maxime</strong></span> <span class='ocrx_word' id='word_1_787' title='bbox 1284 2019 1372 2042; x_wconf 89' lang='lat' dir='ltr'><strong>tamen</strong></span> <span class='ocrx_word' id='word_1_788' title='bbox 1402 2012 1490 2040; x_wconf 90' lang='lat' dir='ltr'><strong>discas</strong></span> <span class='ocrx_word' id='word_1_789' title='bbox 1512 2015 1626 2047; x_wconf 88' lang='lat' dir='ltr'><strong>quantus</strong></span> <span class='ocrx_word' id='word_1_790' title='bbox 1651 2018 1734 2046; x_wconf 87' lang='lat' dir='ltr'><strong>penes</strong></span> <span class='ocrx_word' id='word_1_791' title='bbox 1761 2010 1836 2037; x_wconf 89' lang='lat' dir='ltr'><strong>illum</strong></span> 
     </span>
    </p>
   </div>
   <div class='ocr_carea' id='block_1_102' title="bbox 1047 2055 1838 2098">
    <p class='ocr_par' dir='ltr' id='par_1_102' title="bbox 1047 2055 1838 2098">
     <span class='ocr_line' id='line_1_102' title="bbox 1047 2055 1838 2098; baseline -0.011 -7"><span class='ocrx_word' id='word_1_792' title='bbox 1047 2063 1083 2091; x_wconf 90' lang='lat' dir='ltr'><strong>sit</strong></span> <span class='ocrx_word' id='word_1_793' title='bbox 1094 2062 1159 2098; x_wconf 84' lang='lat' dir='ltr'><strong>legis</strong></span> <span class='ocrx_word' id='word_1_794' title='bbox 1172 2061 1258 2088; x_wconf 91' lang='lat' dir='ltr'><strong>honor</strong></span> <span class='ocrx_word' id='word_1_795' title='bbox 1271 2080 1279 2094; x_wconf 92' lang='lat'><strong>,</strong></span> <span class='ocrx_word' id='word_1_796' title='bbox 1292 2059 1352 2095; x_wconf 89' lang='lat' dir='ltr'><strong>quia</strong></span> <span class='ocrx_word' id='word_1_797' title='bbox 1375 2066 1435 2086; x_wconf 90' lang='lat' dir='ltr'><strong>cum</strong></span> <span class='ocrx_word' id='word_1_798' title='bbox 1459 2057 1595 2093; x_wconf 66' lang='lat' dir='ltr'><strong>prasciret</strong></span> <span class='ocrx_word' id='word_1_799' title='bbox 1614 2057 1675 2084; x_wconf 88' lang='lat' dir='ltr'><strong>illos</strong></span> <span class='ocrx_word' id='word_1_800' title='bbox 1688 2055 1754 2083; x_wconf 91' lang='lat' dir='ltr'><strong>nihil</strong></span> <span class='ocrx_word' id='word_1_801' title='bbox 1773 2055 1838 2083; x_wconf 89' lang='lat' dir='ltr'><strong>inde</strong></span> 
     </span>
    </p>
   </div>
   <div class='ocr_carea' id='block_1_103' title="bbox 1047 2105 1836 2142">
    <p class='ocr_par' dir='ltr' id='par_1_103' title="bbox 1047 2105 1836 2142">
     <span class='ocr_line' id='line_1_103' title="bbox 1047 2105 1836 2142; baseline -0.013 -5"><span class='ocrx_word' id='word_1_802' title='bbox 1047 2109 1150 2137; x_wconf 89' lang='lat' dir='ltr'><strong>l&#39;rnctus</strong></span> <span class='ocrx_word' id='word_1_803' title='bbox 1162 2111 1335 2142; x_wconf 86' lang='lat' dir='ltr'><strong>percepturos</strong></span> <span class='ocrx_word' id='word_1_804' title='bbox 1351 2111 1410 2132; x_wconf 87' lang='lat' dir='ltr'><strong>esse</strong></span> <span class='ocrx_word' id='word_1_805' title='bbox 1421 2124 1428 2138; x_wconf 90' lang='lat'><strong>,</strong></span> <span class='ocrx_word' id='word_1_806' title='bbox 1445 2107 1533 2131; x_wconf 91' lang='lat' dir='ltr'><strong>tamen</strong></span> <span class='ocrx_word' id='word_1_807' title='bbox 1548 2110 1608 2138; x_wconf 75' lang='lat' dir='ltr'><strong>quae</strong></span> <span class='ocrx_word' id='word_1_808' title='bbox 1621 2108 1704 2137; x_wconf 85' lang='lat' dir='ltr'><strong>penes</strong></span> <span class='ocrx_word' id='word_1_809' title='bbox 1717 2109 1746 2128; x_wconf 90' lang='lat' dir='ltr'><strong>se</strong></span> <span class='ocrx_word' id='word_1_810' title='bbox 1758 2105 1836 2128; x_wconf 87' lang='lat' dir='ltr'><strong>erant</strong></span> 
     </span>
    </p>
   </div>
   <div class='ocr_carea' id='block_1_104' title="bbox 1047 2148 1835 2189">
    <p class='ocr_par' dir='ltr' id='par_1_104' title="bbox 1047 2148 1835 2189">
     <span class='ocr_line' id='line_1_104' title="bbox 1047 2148 1835 2189; baseline -0.013 -5"><span class='ocrx_word' id='word_1_811' title='bbox 1047 2156 1135 2184; x_wconf 88' lang='lat' dir='ltr'><strong>omnia</strong></span> <span class='ocrx_word' id='word_1_812' title='bbox 1146 2153 1284 2189; x_wconf 87' lang='lat' dir='ltr'><strong>implebat.</strong></span> <span class='ocrx_word' id='word_1_813' title='bbox 1301 2152 1365 2180; x_wconf 88' lang='lat' dir='ltr'><strong>Nam</strong></span> <span class='ocrx_word' id='word_1_814' title='bbox 1387 2151 1439 2178; x_wconf 74' lang='lat' dir='ltr'><strong>hoc</strong></span> <span class='ocrx_word' id='word_1_815' title='bbox 1451 2150 1537 2184; x_wconf 87' lang='lat' dir='ltr'><strong>ipsum</strong></span> <span class='ocrx_word' id='word_1_816' title='bbox 1554 2148 1712 2184; x_wconf 68' lang='lat' dir='ltr'><strong>prmsciebat</strong></span> <span class='ocrx_word' id='word_1_817' title='bbox 1725 2152 1752 2175; x_wconf 86' lang='lat' dir='ltr'><strong>et</strong></span> <span class='ocrx_word' id='word_1_818' title='bbox 1764 2155 1835 2183; x_wconf 73' lang='lat' dir='ltr'><strong>prte-</strong></span> 
     </span>
    </p>
   </div>
   <div class='ocr_carea' id='block_1_105' title="bbox 1047 2194 1839 2235">
    <p class='ocr_par' dir='ltr' id='par_1_105' title="bbox 1047 2194 1839 2235">
     <span class='ocr_line' id='line_1_105' title="bbox 1047 2194 1839 2235; baseline -0.013 -5"><span class='ocrx_word' id='word_1_819' title='bbox 1047 2202 1162 2231; x_wconf 88' lang='lat' dir='ltr'><strong>dicebat.</strong></span> <span class='ocrx_word' id='word_1_820' title='bbox 1175 2200 1267 2235; x_wconf 85' lang='lat' dir='ltr'><strong>Neque</strong></span> <span class='ocrx_word' id='word_1_821' title='bbox 1288 2198 1359 2226; x_wconf 85' lang='lat' dir='ltr'><strong>enim</strong></span> <span class='ocrx_word' id='word_1_822' title='bbox 1377 2196 1483 2225; x_wconf 85' lang='lat' dir='ltr'><strong>dicebat</strong></span> <span class='ocrx_word' id='word_1_823' title='bbox 1494 2216 1502 2229; x_wconf 92' lang='lat'><strong>,</strong></span> <span class='ocrx_word' id='word_1_824' title='bbox 1518 2195 1547 2223; x_wconf 84' lang='lat' dir='ltr'><strong>In</strong></span> <span class='ocrx_word' id='word_1_825' title='bbox 1559 2194 1772 2223; x_wconf 83' lang='lat' dir='ltr'><strong>emendationem</strong></span> <span class='ocrx_word' id='word_1_826' title='bbox 1789 2200 1839 2222; x_wconf 82' lang='lat' dir='ltr'><strong>eo-</strong></span> 
     </span>
    </p>
   </div>
   <div class='ocr_carea' id='block_1_106' title="bbox 1047 2239 1836 2282">
    <p class='ocr_par' dir='ltr' id='par_1_106' title="bbox 1047 2239 1836 2282">
     <span class='ocr_line' id='line_1_106' title="bbox 1047 2239 1836 2282; baseline -0.014 -6"><span class='ocrx_word' id='word_1_827' title='bbox 1047 2256 1118 2282; x_wconf 89' lang='lat' dir='ltr'><strong>rum,</strong></span> <span class='ocrx_word' id='word_1_828' title='bbox 1132 2253 1228 2281; x_wconf 83' lang='lat' dir='ltr'><strong>neque,</strong></span> <span class='ocrx_word' id='word_1_829' title='bbox 1244 2245 1273 2272; x_wconf 67' lang='lat' dir='ltr'><strong>In</strong></span> <span class='ocrx_word' id='word_1_830' title='bbox 1294 2243 1443 2272; x_wconf 89' lang='lat' dir='ltr'><strong>doctrinam</strong></span> <span class='ocrx_word' id='word_1_831' title='bbox 1467 2249 1582 2274; x_wconf 89' lang='lat' dir='ltr'><strong>eorum;</strong></span> <span class='ocrx_word' id='word_1_832' title='bbox 1605 2239 1663 2274; x_wconf 87' lang='lat' dir='ltr'><strong>sed,</strong></span> <span class='ocrx_word' id='word_1_833' title='bbox 1677 2239 1711 2267; x_wconf 85' lang='lat' dir='ltr'><strong>In</strong></span> <span class='ocrx_word' id='word_1_834' title='bbox 1724 2239 1836 2267; x_wconf 78' lang='lat' dir='ltr'><strong>testimo-</strong></span> 
     </span>
    </p>
   </div>
   <div class='ocr_carea' id='block_1_107' title="bbox 1047 2284 1835 2323">
    <p class='ocr_par' dir='ltr' id='par_1_107' title="bbox 1047 2284 1835 2323">
     <span class='ocr_line' id='line_1_107' title="bbox 1047 2284 1835 2323; baseline -0.013 -2"><span class='ocrx_word' id='word_1_835' title='bbox 1047 2294 1119 2322; x_wconf 77' lang='lat' dir='ltr'><strong>nium</strong></span> <span class='ocrx_word' id='word_1_836' title='bbox 1131 2293 1192 2323; x_wconf 75' lang='grc' dir='ltr'><strong>ἰιιὶε,</strong></span> <span class='ocrx_word' id='word_1_837' title='bbox 1206 2291 1232 2318; x_wconf 87' lang='lat' dir='ltr'><strong>id</strong></span> <span class='ocrx_word' id='word_1_838' title='bbox 1245 2294 1296 2323; x_wconf 86' lang='lat' dir='ltr'><strong>est,</strong></span> <span class='ocrx_word' id='word_1_839' title='bbox 1315 2289 1343 2317; x_wconf 75' lang='grc' dir='ltr'><strong>ιιι</strong></span> <span class='ocrx_word' id='word_1_840' title='bbox 1358 2287 1567 2319; x_wconf 87' lang='lat' dir='ltr'><strong>accusationem,</strong></span> <span class='ocrx_word' id='word_1_841' title='bbox 1581 2285 1608 2313; x_wconf 89' lang='lat' dir='ltr'><strong>iu</strong></span> <span class='ocrx_word' id='word_1_842' title='bbox 1626 2284 1835 2312; x_wconf 80' lang='lat' dir='ltr'><strong>confutationem</strong></span> 
     </span>
    </p>
   </div>
   <div class='ocr_carea' id='block_1_108' title="bbox 1047 2331 1834 2371">
    <p class='ocr_par' dir='ltr' id='par_1_108' title="bbox 1047 2331 1834 2371">
     <span class='ocr_line' id='line_1_108' title="bbox 1047 2331 1834 2371; baseline -0.014 -3"><span class='ocrx_word' id='word_1_843' title='bbox 1047 2345 1075 2368; x_wconf 90' lang='lat' dir='ltr'><strong>et</strong></span> <span class='ocrx_word' id='word_1_844' title='bbox 1090 2340 1117 2367; x_wconf 92' lang='lat' dir='ltr'><strong>in</strong></span> <span class='ocrx_word' id='word_1_845' title='bbox 1131 2337 1324 2369; x_wconf 89' lang='lat' dir='ltr'><strong>testimonium,</strong></span> <span class='ocrx_word' id='word_1_846' title='bbox 1342 2335 1413 2371; x_wconf 91' lang='lat' dir='ltr'><strong>quod</strong></span> <span class='ocrx_word' id='word_1_847' title='bbox 1427 2334 1500 2362; x_wconf 90' lang='lat' dir='ltr'><strong>tibia</strong></span> <span class='ocrx_word' id='word_1_848' title='bbox 1522 2340 1566 2361; x_wconf 88' lang='lat' dir='ltr'><strong>me</strong></span> <span class='ocrx_word' id='word_1_849' title='bbox 1586 2332 1674 2359; x_wconf 89' lang='lat' dir='ltr'><strong>omnia</strong></span> <span class='ocrx_word' id='word_1_850' title='bbox 1690 2331 1758 2359; x_wconf 80' lang='lat' dir='ltr'><strong>facta</strong></span> <span class='ocrx_word' id='word_1_851' title='bbox 1771 2332 1834 2358; x_wconf 87' lang='lat' dir='ltr'><strong>sint.</strong></span> 
     </span>
    </p>
   </div>
   <div class='ocr_carea' id='block_1_109' title="bbox 1048 2378 1836 2420">
    <p class='ocr_par' dir='ltr' id='par_1_109' title="bbox 1048 2378 1836 2420">
     <span class='ocr_line' id='line_1_109' title="bbox 1048 2378 1836 2420; baseline -0.014 -6"><span class='ocrx_word' id='word_1_852' title='bbox 1048 2387 1115 2415; x_wconf 86' lang='lat' dir='ltr'><strong>Cum</strong></span> <span class='ocrx_word' id='word_1_853' title='bbox 1130 2384 1281 2420; x_wconf 63' lang='lat' dir='ltr'><strong>praescirem</strong></span> <span class='ocrx_word' id='word_1_854' title='bbox 1300 2388 1347 2409; x_wconf 87' lang='lat' dir='ltr'><strong>eos</strong></span> <span class='ocrx_word' id='word_1_855' title='bbox 1360 2381 1420 2409; x_wconf 86' lang='lat' dir='ltr'><strong>sine</strong></span> <span class='ocrx_word' id='word_1_856' title='bbox 1431 2378 1618 2408; x_wconf 85' lang='lat' dir='ltr'><strong>emendatione</strong></span> <span class='ocrx_word' id='word_1_857' title='bbox 1632 2384 1785 2410; x_wconf 87' lang='lat' dir='ltr'><strong>mansuros,</strong></span> <span class='ocrx_word' id='word_1_858' title='bbox 1801 2384 1836 2404; x_wconf 80' lang='lat' dir='ltr'><strong>ne</strong></span> 
     </span>
    </p>
   </div>
   <div class='ocr_carea' id='block_1_110' title="bbox 1048 2422 1837 2467">
    <p class='ocr_par' dir='ltr' id='par_1_110' title="bbox 1048 2422 1837 2467">
     <span class='ocr_line' id='line_1_110' title="bbox 1048 2422 1837 2467; baseline -0.014 -7"><span class='ocrx_word' id='word_1_859' title='bbox 1048 2433 1088 2461; x_wconf 87' lang='lat' dir='ltr'><strong>sic</strong></span> <span class='ocrx_word' id='word_1_860' title='bbox 1101 2431 1208 2467; x_wconf 90' lang='lat' dir='ltr'><strong>quidem</strong></span> <span class='ocrx_word' id='word_1_861' title='bbox 1222 2437 1282 2465; x_wconf 69' lang='lat' dir='ltr'><strong>quae</strong></span> <span class='ocrx_word' id='word_1_862' title='bbox 1295 2429 1383 2455; x_wconf 78' lang='lat' dir='ltr'><strong>facere</strong></span> <span class='ocrx_word' id='word_1_863' title='bbox 1405 2425 1547 2461; x_wconf 88' lang='lat' dir='ltr'><strong>oportebat</strong></span> <span class='ocrx_word' id='word_1_864' title='bbox 1567 2423 1644 2451; x_wconf 88' lang='lat' dir='ltr'><strong>omisi</strong></span> <span class='ocrx_word' id='word_1_865' title='bbox 1657 2431 1664 2456; x_wconf 89' lang='lat'><strong>;</strong></span> <span class='ocrx_word' id='word_1_866' title='bbox 1679 2423 1717 2450; x_wconf 92' lang='lat' dir='ltr'><strong>illi</strong></span> <span class='ocrx_word' id='word_1_867' title='bbox 1730 2430 1794 2451; x_wconf 74' lang='lat' dir='ltr'><strong>vero</strong></span> <span class='ocrx_word' id='word_1_868' title='bbox 1807 2422 1837 2449; x_wconf 87' lang='lat' dir='ltr'><strong>in</strong></span> 
     </span>
    </p>
   </div>
   <div class='ocr_carea' id='block_1_111' title="bbox 1048 2468 1836 2512">
    <p class='ocr_par' dir='ltr' id='par_1_111' title="bbox 1048 2468 1836 2512">
     <span class='ocr_line' id='line_1_111' title="bbox 1048 2468 1836 2512; baseline -0.015 -5"><span class='ocrx_word' id='word_1_869' title='bbox 1048 2478 1148 2508; x_wconf 89' lang='lat' dir='ltr'><strong>malitia</strong></span> <span class='ocrx_word' id='word_1_870' title='bbox 1161 2485 1209 2505; x_wconf 90' lang='lat' dir='ltr'><strong>sua</strong></span> <span class='ocrx_word' id='word_1_871' title='bbox 1219 2475 1403 2512; x_wconf 87' lang='lat' dir='ltr'><strong>perstiterunt.</strong></span> <span class='ocrx_word' id='word_1_872' title='bbox 1418 2472 1474 2500; x_wconf 83' lang='lat' dir='ltr'><strong>Hoc</strong></span> <span class='ocrx_word' id='word_1_873' title='bbox 1486 2476 1513 2499; x_wconf 91' lang='lat' dir='ltr'><strong>et</strong></span> <span class='ocrx_word' id='word_1_874' title='bbox 1522 2470 1586 2498; x_wconf 88' lang='lat' dir='ltr'><strong>alibi</strong></span> <span class='ocrx_word' id='word_1_875' title='bbox 1600 2469 1698 2498; x_wconf 89' lang='lat' dir='ltr'><strong>dicitur</strong></span> <span class='ocrx_word' id='word_1_876' title='bbox 1713 2477 1720 2496; x_wconf 92' lang='lat'>:</span> <span class='ocrx_word' id='word_1_877' title='bbox 1732 2468 1836 2496; x_wconf 71' lang='lat' dir='ltr'><strong>Prtedi-</strong></span> 
     </span>
    </p>
   </div>
   <div class='ocr_carea' id='block_1_112' title="bbox 1049 2515 1834 2556">
    <p class='ocr_par' dir='ltr' id='par_1_112' title="bbox 1049 2515 1834 2556">
     <span class='ocr_line' id='line_1_112' title="bbox 1049 2515 1834 2556; baseline -0.015 -4"><span class='ocrx_word' id='word_1_878' title='bbox 1049 2524 1203 2552; x_wconf 82' lang='lat' dir='ltr'><strong>cabiturhoc</strong></span> <span class='ocrx_word' id='word_1_879' title='bbox 1223 2519 1417 2556; x_wconf 75' lang='lat' dir='ltr'><strong>euangeliumin</strong></span> <span class='ocrx_word' id='word_1_880' title='bbox 1438 2517 1553 2545; x_wconf 69' lang='lat' dir='ltr'><strong>universo</strong></span> <span class='ocrx_word' id='word_1_881' title='bbox 1567 2515 1671 2548; x_wconf 77' lang='lat' dir='ltr'><strong>mundo,</strong></span> <span class='ocrx_word' id='word_1_882' title='bbox 1684 2515 1711 2542; x_wconf 84' lang='lat' dir='ltr'><strong>in</strong></span> <span class='ocrx_word' id='word_1_883' title='bbox 1722 2515 1834 2542; x_wconf 68' lang='lat' dir='ltr'><strong>testimoo</strong></span> 
     </span>
    </p>
   </div>
   <div class='ocr_carea' id='block_1_113' title="bbox 1049 2560 1835 2603">
    <p class='ocr_par' dir='ltr' id='par_1_113' title="bbox 1049 2560 1835 2603">
     <span class='ocr_line' id='line_1_113' title="bbox 1049 2560 1835 2603; baseline -0.015 -5"><span class='ocrx_word' id='word_1_884' title='bbox 1049 2572 1120 2599; x_wconf 83' lang='lat' dir='ltr'><strong>nium</strong></span> <span class='ocrx_word' id='word_1_885' title='bbox 1134 2568 1249 2596; x_wconf 79' lang='lat' dir='ltr'><strong>omnibus</strong></span> <span class='ocrx_word' id='word_1_886' title='bbox 1263 2565 1387 2603; x_wconf 72' lang='lat' dir='ltr'><strong>gentibus,</strong></span> <span class='ocrx_word' id='word_1_887' title='bbox 1401 2569 1423 2591; x_wconf 83' lang='lat' dir='ltr'><strong>et</strong></span> <span class='ocrx_word' id='word_1_888' title='bbox 1434 2569 1493 2591; x_wconf 83' lang='lat' dir='ltr'><strong>tunc</strong></span> <span class='ocrx_word' id='word_1_889' title='bbox 1506 2563 1585 2590; x_wconf 83' lang='lat' dir='ltr'><strong>veniet</strong></span> <span class='ocrx_word' id='word_1_890' title='bbox 1596 2562 1654 2596; x_wconf 78' lang='lat' dir='ltr'><strong>ﬁm&#39;s</strong></span> <span class='ocrx_word' id='word_1_891' title='bbox 1669 2560 1774 2597; x_wconf 81' lang='lat' dir='ltr'><strong>(Matth.</strong></span> <span class='ocrx_word' id='word_1_892' title='bbox 1789 2560 1835 2588; x_wconf 68' lang='grc'><strong>24.</strong></span> 
     </span>
    </p>
   </div>
   <div class='ocr_carea' id='block_1_114' title="bbox 1050 2607 1838 2652">
    <p class='ocr_par' dir='ltr' id='par_1_114' title="bbox 1050 2607 1838 2652">
     <span class='ocr_line' id='line_1_114' title="bbox 1050 2607 1838 2652; baseline -0.014 -7"><span class='ocrx_word' id='word_1_893' title='bbox 1050 2617 1094 2652; x_wconf 70' lang='lat' dir='ltr'><strong>id)</strong></span> <span class='ocrx_word' id='word_1_894' title='bbox 1108 2625 1114 2643; x_wconf 88' lang='lat'><strong>:</strong></span> <span class='ocrx_word' id='word_1_895' title='bbox 1130 2614 1252 2651; x_wconf 85' lang='lat' dir='ltr'><strong>gentibus</strong></span> <span class='ocrx_word' id='word_1_896' title='bbox 1265 2612 1375 2644; x_wconf 89' lang='lat' dir='ltr'><strong>scilicet,</strong></span> <span class='ocrx_word' id='word_1_897' title='bbox 1392 2618 1444 2638; x_wconf 85' lang='lat' dir='ltr'><strong>non</strong></span> <span class='ocrx_word' id='word_1_898' title='bbox 1455 2609 1651 2641; x_wconf 89' lang='lat' dir='ltr'><strong>obedientibus,</strong></span> <span class='ocrx_word' id='word_1_899' title='bbox 1666 2613 1719 2635; x_wconf 88' lang='lat' dir='ltr'><strong>non</strong></span> <span class='ocrx_word' id='word_1_900' title='bbox 1733 2607 1838 2635; x_wconf 73' lang='lat' dir='ltr'><strong>obtem-</strong></span> 
     </span>
    </p>
   </div>
   <div class='ocr_carea' id='block_1_115' title="bbox 1050 2653 1840 2699">
    <p class='ocr_par' dir='ltr' id='par_1_115' title="bbox 1050 2653 1840 2699">
     <span class='ocr_line' id='line_1_115' title="bbox 1050 2653 1840 2699; baseline -0.014 -8"><span class='ocrx_word' id='word_1_901' title='bbox 1050 2661 1213 2699; x_wconf 87' lang='lat' dir='ltr'><strong>perantibus.</strong></span> <span class='ocrx_word' id='word_1_902' title='bbox 1225 2659 1264 2687; x_wconf 80' lang='lat' dir='ltr'><strong>Ne</strong></span> <span class='ocrx_word' id='word_1_903' title='bbox 1274 2658 1333 2694; x_wconf 88' lang='lat' dir='ltr'><strong>quis</strong></span> <span class='ocrx_word' id='word_1_904' title='bbox 1341 2657 1410 2684; x_wconf 92' lang='lat' dir='ltr'><strong>enim</strong></span> <span class='ocrx_word' id='word_1_905' title='bbox 1423 2656 1535 2687; x_wconf 88' lang='lat' dir='ltr'><strong>diceret,</strong></span> <span class='ocrx_word' id='word_1_906' title='bbox 1544 2655 1597 2682; x_wconf 89' lang='lat' dir='ltr'><strong>Cur</strong></span> <span class='ocrx_word' id='word_1_907' title='bbox 1604 2654 1728 2682; x_wconf 87' lang='lat' dir='ltr'><strong>omnibus</strong></span> <span class='ocrx_word' id='word_1_908' title='bbox 1739 2653 1840 2688; x_wconf 78' lang='lat' dir='ltr'><strong>praedi-</strong></span> 
     </span>
    </p>
   </div>
   <div class='ocr_carea' id='block_1_116' title="bbox 1049 2700 1833 2742">
    <p class='ocr_par' dir='ltr' id='par_1_116' title="bbox 1049 2700 1833 2742">
     <span class='ocr_line' id='line_1_116' title="bbox 1049 2700 1833 2742; baseline -0.017 -4"><span class='ocrx_word' id='word_1_909' title='bbox 1049 2718 1106 2742; x_wconf 87' lang='lat' dir='ltr'><strong>cas,</strong></span> <span class='ocrx_word' id='word_1_910' title='bbox 1117 2716 1177 2736; x_wconf 89' lang='lat' dir='ltr'><strong>cum</strong></span> <span class='ocrx_word' id='word_1_911' title='bbox 1192 2714 1246 2734; x_wconf 89' lang='lat' dir='ltr'><strong>non</strong></span> <span class='ocrx_word' id='word_1_912' title='bbox 1266 2712 1360 2733; x_wconf 89' lang='lat' dir='ltr'><strong>omnes</strong></span> <span class='ocrx_word' id='word_1_913' title='bbox 1374 2702 1500 2731; x_wconf 87' lang='lat' dir='ltr'><strong>credituri</strong></span> <span class='ocrx_word' id='word_1_914' title='bbox 1515 2701 1588 2729; x_wconf 87' lang='lat' dir='ltr'><strong>sint?</strong></span> <span class='ocrx_word' id='word_1_915' title='bbox 1601 2700 1637 2729; x_wconf 89' lang='lat' dir='ltr'><strong>Ut</strong></span> <span class='ocrx_word' id='word_1_916' title='bbox 1657 2701 1747 2728; x_wconf 87' lang='lat' dir='ltr'><strong>omnia</strong></span> <span class='ocrx_word' id='word_1_917' title='bbox 1763 2706 1833 2732; x_wconf 86' lang='lat' dir='ltr'><strong>mea,</strong></span> 
     </span>
    </p>
   </div>
   <div class='ocr_carea' id='block_1_117' title="bbox 1050 2746 1840 2790">
    <p class='ocr_par' dir='ltr' id='par_1_117' title="bbox 1050 2746 1840 2790">
     <span class='ocr_line' id='line_1_117' title="bbox 1050 2746 1840 2790; baseline -0.014 -7"><span class='ocrx_word' id='word_1_918' title='bbox 1050 2756 1097 2787; x_wconf 88' lang='lat' dir='ltr'><strong>ait,</strong></span> <span class='ocrx_word' id='word_1_919' title='bbox 1109 2753 1264 2790; x_wconf 77' lang='lat' dir='ltr'><strong>praestitisse</strong></span> <span class='ocrx_word' id='word_1_920' title='bbox 1282 2750 1383 2782; x_wconf 85' lang='lat' dir='ltr'><strong>videar,</strong></span> <span class='ocrx_word' id='word_1_921' title='bbox 1404 2753 1432 2776; x_wconf 87' lang='lat' dir='ltr'><strong>et</strong></span> <span class='ocrx_word' id='word_1_922' title='bbox 1452 2755 1531 2776; x_wconf 92' lang='lat' dir='ltr'><strong>nemo</strong></span> <span class='ocrx_word' id='word_1_923' title='bbox 1543 2755 1587 2775; x_wconf 88' lang='lat' dir='ltr'><strong>me</strong></span> <span class='ocrx_word' id='word_1_924' title='bbox 1608 2751 1700 2782; x_wconf 81' lang='lat' dir='ltr'><strong>postea</strong></span> <span class='ocrx_word' id='word_1_925' title='bbox 1716 2746 1840 2774; x_wconf 80' lang='lat' dir='ltr'><strong>incusare</strong></span> 
     </span>
    </p>
   </div>
   <div class='ocr_carea' id='block_1_118' title="bbox 1051 2790 1838 2838">
    <p class='ocr_par' dir='ltr' id='par_1_118' title="bbox 1051 2790 1838 2838">
     <span class='ocr_line' id='line_1_118' title="bbox 1051 2790 1838 2838; baseline -0.014 -10"><span class='ocrx_word' id='word_1_926' title='bbox 1051 2800 1146 2838; x_wconf 82' lang='lat' dir='ltr'><strong>possit,</strong></span> <span class='ocrx_word' id='word_1_927' title='bbox 1157 2797 1228 2834; x_wconf 89' lang='lat' dir='ltr'><strong>quod</strong></span> <span class='ocrx_word' id='word_1_928' title='bbox 1241 2805 1294 2825; x_wconf 93' lang='lat' dir='ltr'><strong>non</strong></span> <span class='ocrx_word' id='word_1_929' title='bbox 1307 2795 1430 2824; x_wconf 89' lang='lat' dir='ltr'><strong>audierit.</strong></span> <span class='ocrx_word' id='word_1_930' title='bbox 1449 2794 1517 2821; x_wconf 88' lang='lat' dir='ltr'><strong>Nam</strong></span> <span class='ocrx_word' id='word_1_931' title='bbox 1528 2793 1585 2828; x_wconf 88' lang='lat' dir='ltr'><strong>ipsa</strong></span> <span class='ocrx_word' id='word_1_932' title='bbox 1597 2790 1838 2838; x_wconf 39' lang='lat' dir='ltr'><strong>praedicatio‘testi-</strong></span> 
     </span>
    </p>
   </div>
   <div class='ocr_carea' id='block_1_119' title="bbox 1055 2834 1842 2877">
    <p class='ocr_par' dir='ltr' id='par_1_119' title="bbox 1055 2834 1842 2877">
     <span class='ocr_line' id='line_1_119' title="bbox 1055 2834 1842 2877; baseline -0.018 -2"><span class='ocrx_word' id='word_1_933' title='bbox 1055 2834 1174 2875; x_wconf 66' lang='lat' dir='ltr'><strong>monium</strong></span> <span class='ocrx_word' id='word_1_934' title='bbox 1188 2849 1279 2874; x_wconf 88' lang='lat' dir='ltr'><strong>contra</strong></span> <span class='ocrx_word' id='word_1_935' title='bbox 1298 2843 1363 2871; x_wconf 79' lang='lat' dir='ltr'><strong>feret</strong></span> <span class='ocrx_word' id='word_1_936' title='bbox 1382 2850 1388 2869; x_wconf 89' lang='lat'>:</span> <span class='ocrx_word' id='word_1_937' title='bbox 1411 2848 1460 2869; x_wconf 84' lang='lat' dir='ltr'><strong>nec</strong></span> <span class='ocrx_word' id='word_1_938' title='bbox 1477 2843 1603 2877; x_wconf 84' lang='lat' dir='ltr'><strong>poterunt</strong></span> <span class='ocrx_word' id='word_1_939' title='bbox 1626 2841 1716 2874; x_wconf 78' lang='lat' dir='ltr'><strong>postea</strong></span> <span class='ocrx_word' id='word_1_940' title='bbox 1737 2834 1842 2867; x_wconf 64' lang='lat' dir='ltr'><strong>dicere,</strong></span> 
     </span>
    </p>
   </div>
  </div>
