2067 3132
222 180 283 209 Non
302 175 473 205 “divinus:
495 181 558 203 nam
577 180 667 202 sermo
686 172 791 207 pietatis
810 171 836 198 in
853 170 918 198 ﬁnes
933 170 1005 198 orbis

222 232 304 253 term
314 228 468 259 ρωῃοεθιιε
479 225 520 249 est
531 218 619 254 (Paul.
628 219 672 247 ts.
683 218 723 253 5).

257 269 366 298 Herdis
376 267 531 296 exhortatio.
547 265 667 300 Beneﬁcii
689 264 813 295 custodia,
827 267 864 290 est
878 263 932 298 ejus
952 269 1005 288 me-

223 316 314 344 moria.
330 313 491 343 Eucharistia
514 321 560 340 cur
582 312 618 339 sic
638 311 788 345 appelletur.
802 323 838 329 -—
851 308 913 335 Hzec
928 307 1007 342 igitur

223 368 274 390 llus
284 367 390 396 quoque
404 359 551 394 cogitantes
562 378 570 390 ,
586 364 645 392 qua
659 360 748 383 nostra
768 360 829 381 sunt
841 354 929 381 oinnia
944 361 1006 388 erga

223 407 371 443 proximum
395 404 552 440 impleamus
565 424 572 435 ,
589 403 696 436 Deoque
708 408 815 435 semper
834 400 934 435 gratias
945 406 1008 434 aga-

221 459 290 481 mus.
299 451 405 479 Etenim
418 449 562 478 absurdum
577 452 658 478 esset.
678 454 738 474 cum
758 446 876 482 quoﬁdie
889 446 945 480 ejus
959 445 1006 472 be-

225 498 326 527 neﬁciis
341 497 469 528 fruamur.
486 502 520 522 ο
533 494 614 522 verbo
628 493 735 528 quidem
748 492 806 526 ejus
816 492 929 526 gratiam
942 498 1006 518 con-

222 544 300 577 ﬁteri,
316 551 377 571 cum
389 542 503 570 maxime
515 540 649 568 confessio
665 539 708 566 illa
735 546 832 567 novam
861 537 939 564 nobis
954 537 1006 564 uti-

220 590 320 617 litatem
334 587 428 616 afferat
440 588 460 614 ³.
480 586 570 621 Neque
585 586 654 612 enim
669 584 714 612 ille
727 584 806 611 rebus
820 588 880 618 eget
895 583 1004 615 nostris,

220 635 268 663 Sed
281 641 329 662 nos
344 633 402 668 ejus
412 632 506 668 opibus
518 639 637 666 egemus.
651 630 717 658 Nam
727 631 872 665 gratiarum
883 628 953 656 actio
968 628 1006 656 illi

221 680 327 716 quidem
348 679 414 708 nihil
434 678 539 713 adjicit,
561 676 609 704 sed
623 683 671 703 nos
689 676 738 710 ipsi
760 675 844 709 magis
863 674 1006 703 familiares

219 727 291 753 facit.
315 725 381 752 Nam
407 723 430 751 si
451 723 587 750 hominum
609 721 736 749 beneﬁcia
758 720 783 748 in
798 724 915 748 mentem
930 727 1006 747 revo-

218 779 320 803 cemus,
336 770 421 805 magis
430 777 522 797 eorum
533 775 624 795 amore
637 766 822 795 succendimur
833 775 840 792 :
852 766 936 793 multo
949 772 1006 792 ma-

217 818 258 853 gis
279 817 303 845 si
318 817 422 844 Domini
441 823 503 851 erga
523 822 573 843 nos
594 813 722 842 beneﬁcia
735 812 840 840 assidue
863 813 889 840 in
917 817 1006 839 meme

217 870 373 895 versemus.
395 862 429 889 ad
449 861 507 897 ejus
525 861 649 889 mandata
673 859 804 887 servanda
830 858 1004 886 studiosiores

217 910 326 937 erimus.
341 908 403 936 Ideo
416 908 514 935 Paulus
528 906 635 934 dicebat
650 914 657 933 ε
672 905 743 933 Grati
758 909 834 932 estote
849 903 958 938 (Colon.
975 903 1002 930 5.

218 955 283 991 15).
297 954 421 982 Beneﬁcii
433 953 504 981 enim
515 952 614 988 optima
624 951 744 979 custodia
758 955 799 978 est
810 949 930 978 beneﬁcii
947 956 1004 975 me-

219 1001 310 1033 moria,
325 1005 354 1028 et
366 999 470 1027 assidua
488 998 632 1034 gratiarum
645 997 726 1024 actio.
741 996 856 1031 Ideoque
871 994 1004 1022 horrenda

218 1047 263 1074 illa
275 1046 411 1082 mysteria,
428 1050 480 1072 tam
496 1044 622 1072 salutaria
637 1050 697 1078 qute
711 1042 738 1070 in
756 1042 867 1077 singulis
885 1040 1004 1068 collectis

217 1092 396 1124 celebramus,
409 1090 576 1118 Eucharistia
594 1088 770 1123 appellantur.
784 1087 847 1122 quia
858 1085 1003 1114 beneﬁcio-

218 1145 276 1164 rum
292 1137 436 1164 multorum
449 1134 669 1163 commemoratio
683 1138 756 1166 sunt,
771 1138 903 1167 caputque
917 1133 1004 1166 ipsum

217 1184 313 1211 divinas
341 1182 513 1218 providentius
535 1180 702 1212 ostendunt,
719 1187 821 1214 nosque
845 1186 893 1214 per
915 1179 1004 1206 omnia

216 1233 345 1264 apparant
365 1228 398 1255 ad
417 1227 516 1263 gratias
529 1225 656 1261 agendas.
671 1225 737 1252 Nam
753 1225 776 1252 si
791 1233 823 1251 ex
840 1224 942 1259 virgine
957 1232 1004 1251 na-

216 1275 256 1302 sci
277 1281 402 1308 magnum
424 1277 465 1301 est
484 1272 659 1304 miraculum.
680 1278 712 1298 ac
732 1275 841 1305 stupore
867 1270 1004 1304 perculsus

216 1319 378 1355 ovangelista
400 1319 522 1350 dicebat,
550 1317 607 1344 Hoc
633 1322 717 1344 autent
745 1321 825 1343 totum
848 1317 942 1351 factum
967 1320 1003 1342 at

218 1367 322 1401 (Matth.
338 1367 365 1394 1.
379 1365 434 1400 22)
447 1374 454 1393 :
469 1364 600 1392 immolari
616 1371 664 1398 pro
677 1363 752 1390 nobis
768 1363 793 1390 in
811 1370 873 1397 quo,
893 1369 1002 1396 quasso,

216 1418 363 1440 statuemus
376 1411 455 1438 loco?
476 1410 542 1438 Nam
559 1410 580 1437 si
599 1408 672 1436 nasci
689 1408 780 1435 Totum
801 1413 927 1440 vocatur,
942 1415 1004 1435 cru-

215 1457 284 1492 ciﬁgi
303 1477 311 1489 ,
323 1462 351 1484 et
362 1455 516 1491 sanguinem
533 1461 580 1489 pro
593 1454 670 1481 nobis
685 1453 832 1485 eﬁ'underc,
846 1460 877 1480 ac
886 1453 1003 1487 seipsum

215 1503 280 1530 dare
301 1503 327 1530 in
337 1502 426 1530 cibum
439 1506 467 1529 et
486 1500 638 1528 convivium
656 1499 803 1534 spirituale,
818 1507 871 1532 quo
895 1498 1003 1526 nomine

215 1547 419 1583 appellandum?
432 1546 537 1575 Gratias
549 1553 613 1581 ergo
626 1545 664 1572 illi
686 1545 793 1572 assidue
811 1551 937 1579 agamus;
953 1544 1003 1572 hoc

216 1594 349 1629 praecedat
373 1599 401 1622 et
418 1593 498 1622 verba
523 1597 549 1620 et
563 1599 644 1627 opera
669 1597 770 1619 nostra.
794 1591 899 1619 Gratias
913 1596 1001 1618 autem

215 1648 325 1675 agamus
337 1647 389 1667 non
411 1647 459 1675 pro
473 1640 570 1667 nostris
584 1643 696 1670 tantum,
718 1638 764 1666 sed
780 1639 858 1665 etiam
875 1645 922 1672 pro
936 1638 1002 1665 alie-

216 1687 258 1714 nis
280 1686 375 1716 bouis:
398 1686 433 1713 ita
446 1685 517 1713 enim
531 1690 559 1713 et
583 1684 707 1711 invidiam
731 1683 824 1710 tollere
847 1684 1001 1717 poterimus.

215 1732 404 1766 caritatemque
425 1730 524 1762 fovere.
548 1729 775 1764 sinceriuremquc
797 1728 894 1755 facere.
913 1728 1003 1763 Neque

216 1778 286 1804 cnim
298 1777 398 1813 poteris
410 1776 536 1811 deinceps
551 1775 662 1804 invideri
682 1775 708 1803 in
725 1775 768 1808 iis,
786 1775 820 1802 de
834 1775 930 1809 quibus
943 1783 1004 1810 gra-

219 1825 268 1850 tias
281 1825 338 1858 agis
351 1823 474 1849 Domino.
494 1822 597 1850 idcirco
609 1820 735 1850 sacerdos
748 1829 796 1856 pro
809 1821 874 1848 orbe
886 1841 894 1854 ,
910 1829 957 1855 pro
970 1820 1003 1848 iis

217 1869 260 1903 qui
271 1872 332 1897 ante
343 1868 458 1898 fuerunt,
471 1875 519 1902 pro
530 1868 562 1895 iis
572 1867 617 1902 qui
628 1875 698 1896 nunc
708 1872 779 1899 sunt,
789 1875 837 1901 pro
849 1866 882 1894 iis
891 1867 934 1901 qui
946 1867 1002 1899 jam

217 1914 282 1946 nati.
298 1921 347 1948 pro
360 1914 464 1944 futuris.
481 1920 530 1940 nos
542 1913 642 1947 gratias
661 1920 740 1947 agere
760 1912 855 1946 jubet,
871 1912 1002 1939 sacriﬁcio

218 1961 263 1988 illo
276 1959 422 1995 proposito.
443 1959 499 1988 Hoc
509 1959 582 1986 enim
598 1966 647 1987 nos
658 1963 688 1986 et
700 1965 715 1985 a
729 1962 800 1987 terra
814 1958 918 1990 liberat,
933 1962 960 1985 et
975 1957 1001 1984 in

222 2006 316 2034 calum
344 2004 481 2037 transfert.
510 2004 673 2039 angelusque
697 2012 733 2031 ex
760 2004 909 2031 hominibus
929 2003 1000 2031 facit.

217 2052 283 2080 Nam
293 2056 321 2079 et
333 2051 380 2084 illi.
395 2056 495 2079 statuto
505 2051 599 2082 choro.
612 2059 660 2086 pro
670 2051 805 2078 beneﬁciis
813 2050 889 2077 nobis
899 2050 1002 2077 collatis

216 2098 315 2133 gratias
327 2102 409 2133 agunt
434 2097 498 2128 Deo.
512 2097 629 2124 dicentes
646 2105 652 2123 ι
667 2096 755 2124 Gloria
769 2097 795 2122 in
809 2096 912 2123 excelsis
927 2095 980 2122 Deo
993 2115 1001 2127 ,

216 2144 280 2171 etin
301 2149 368 2171 terra
382 2151 450 2177 plus,
474 2143 500 2169 in
523 2142 662 2169 hominibus
682 2142 862 2176 beneplacitum
876 2141 886 2176 (
897 2141 960 2167 Luc.
973 2141 1001 2168 2.

218 2190 274 2225 Η).
290 2190 324 2217 Et
337 2189 400 2224 quid
411 2189 444 2217 ad
458 2196 508 2216 nos
520 2210 527 2222 ,
546 2189 660 2223 inquies,
676 2188 720 2222 qui
737 2195 785 2215 nec
806 2188 831 2214 in
848 2191 918 2214 terra
929 2207 936 2219 ,
954 2193 1003 2214 nec

217 2237 339 2264 homines
360 2238 426 2263 sunt
442 2235 448 2262 t
476 2235 532 2263 bno
543 2235 658 2262 maxime
670 2234 702 2260 ad
717 2241 784 2261 nos:
802 2241 862 2260 nam
875 2233 910 2260 ita
926 2232 1002 2259 insti-

217 2283 265 2309 tuti
276 2289 378 2313 amns,
407 2285 435 2308 ut
457 2287 603 2308 conservos
620 2279 772 2314 diligamus,
797 2279 831 2306 ita
846 2283 875 2306 ut
897 2278 1002 2306 illorum

218 2332 297 2362 bona.
312 2333 402 2357 nostra
414 2336 475 2356 esse
489 2327 683 2355 existimemus.

252 2377 280 2404 4.
295 2375 357 2403 Ideo
370 2380 397 2402 et.
409 2373 505 2401 Paulus
517 2374 544 2400 in
561 2372 685 2407 Epistolis
696 2372 750 2399 suis
765 2372 860 2406 ubique
873 2378 920 2406 pro
932 2370 1003 2398 orbis

219 2421 299 2449 totius
311 2421 387 2449 bonis
400 2420 498 2454 gratias
513 2419 575 2453 agit.
597 2417 650 2445 Nos
665 2418 752 2452 itaque
766 2424 813 2451 pro
826 2417 922 2443 nostris
933 2436 940 2449 ,
955 2423 1004 2451 pro

218 2466 311 2494 alienis
324 2486 331 2498 .
350 2473 398 2500 pro
414 2464 503 2500 parvis
513 2484 520 2496 .
535 2471 583 2498 pro
597 2463 699 2498 magnis
712 2461 816 2490 assidue
834 2462 932 2497 gratias
943 2469 1005 2496 aga-

218 2520 287 2539 mus.
303 2511 490 2538 Etiamsieuitu
501 2518 608 2544 parvum
620 2510 652 2536 sit
665 2509 690 2536 id
703 2508 774 2544 quod
784 2508 876 2540 datur,
891 2508 932 2535 vel
944 2507 1005 2535 hinc

219 2565 343 2592 magnum
364 2556 478 2584 efﬁcitur
497 2556 566 2590 quod
579 2563 594 2582 a
611 2555 664 2582 Deo
687 2554 775 2582 datum
791 2554 844 2585 sit;
871 2554 922 2581 imo
943 2561 1005 2581 vero

220 2603 287 2632 nillil
309 2610 418 2638 parvum
437 2602 471 2629 ab
492 2602 536 2630 illo
557 2602 650 2632 datur.
665 2609 717 2628 non
734 2600 819 2627 solum
831 2599 900 2634 quod
913 2599 1005 2627 abillo

220 2649 387 2684 prtebeatur,
402 2647 449 2675 sed
461 2648 542 2676 etiam
556 2647 611 2682 ipsa
624 2652 717 2674 natura
732 2654 789 2673 sua.
805 2644 840 2673 Ut
852 2651 939 2672 autem
954 2643 1005 2671 alia

219 2695 309 2722 inania
328 2694 448 2726 mittam.
466 2701 526 2728 quae
543 2700 651 2720 arenam
673 2699 783 2719 numero
800 2692 907 2718 vincunt
923 2699 929 2718 :
943 2691 1005 2725 quid

209 2748 268 2775 .par
280 2744 322 2769 est
332 2747 381 2776 pro
393 2738 471 2767 nobis
484 2737 561 2767 factas
570 2737 738 2771 teconomiae,
749 2737 805 2765 sive
814 2736 1005 2764 incarnationi?

254 2821 456 2855 ξηριξωιαιμιυιη
472 2820 578 2847 mimo
602 2817 720 2851 confessio
743 2817 786 2843 illa
807 2822 920 2850 magnam
939 2814 1007 2840 nobis

225 2851 354 2878 utilitatem
364 2851 459 2884 aﬁ‘erat.

620 117 649 144 S.
676 113 813 145 JOANNIS
831 111 1067 142 CHRYSOSTOII
1085 112 1244 141 AllClﬂEP.
1263 113 1519 142 GONSTANTINOP

1790 114 1846 143 552

1061 168 1137 202 Qnod
1152 169 1223 196 enim
1245 169 1280 196 illi
1301 169 1522 204 pretiosissimum
1536 169 1653 196 oumimn
1668 174 1734 199 crat.
1752 171 1846 205 unige-

1060 213 1145 241 nitum
1159 213 1251 241 Filium
1263 221 1312 247 pro
1326 214 1402 242 nobis
1415 214 1527 241 inimicis
1537 214 1607 241 dedit
1622 223 1629 242 :
1641 222 1690 242 nec
1703 215 1777 242 dedit
1791 223 1849 242 mo-

1059 260 1095 287 do
1115 259 1201 292 nobis,
1217 259 1263 286 sed
1289 264 1316 287 et
1337 260 1410 287 illum
1431 259 1457 287 in
1479 267 1596 286 mensum
1617 260 1694 288 nobis
1713 262 1847 297 apposuit,

1060 307 1147 334 omnia
1159 314 1207 340 pro
1217 306 1292 333 nobis
1306 307 1414 338 faciens,
1428 312 1455 334 et
1467 306 1564 338 dando,
1575 311 1601 334 et
1613 314 1662 334 nos
1673 314 1722 342 pro
1733 306 1775 334 his
1787 314 1847 342 gra-

1060 357 1103 380 tos
1122 352 1272 380 efﬁciendo.
1295 353 1361 386 Quia
1381 353 1451 379 enim
1473 357 1501 380 ut
1521 352 1662 387 plurimum
1677 344 1794 387 ingratus
1807 357 1848 379 est

1061 400 1140 425 homo
1151 419 1158 430 ,
1173 398 1270 433 ubique
1285 399 1342 432 ipse
1353 399 1461 432 suscipit
1475 403 1500 426 et
1515 402 1624 433 apparat
1637 406 1667 424 ra
1682 406 1741 433 qme
1753 398 1786 425 ad
1800 405 1847 425 no-

1059 448 1141 471 strain
1160 449 1222 471 sunt
1236 445 1387 472 utilitatem.
1408 445 1440 472 Et
1454 445 1523 480 quod
1540 446 1564 472 in
1579 444 1678 473 Judaeis
1692 445 1797 480 agebat.
1813 453 1846 472 ex

1060 491 1134 522 locis.
1151 490 1313 524 temporibus
1332 496 1358 518 et
1379 491 1451 518 festis
1473 491 1598 518 beneﬁcia
1619 491 1683 524 ipsis
1701 491 1726 517 in
1745 498 1848 518 memo-

1060 536 1126 563 riam
1142 543 1269 563 revocans
1281 556 1287 567 ,
1307 535 1419 570 idipsum
1434 537 1513 563 etiam
1527 536 1569 563 hic
1584 535 1645 563 fecit
1657 557 1662 567 ,
1676 543 1709 563 ex
1724 535 1846 563 sacriﬁcii

1060 580 1139 608 modo
1152 579 1185 608 ad
1202 588 1345 615 perennem
1360 581 1481 608 beneﬁcii
1499 582 1608 616 hujusce
1627 581 1781 608 memoriam
1797 589 1846 609 nos

1060 628 1197 654 inducens.
1211 627 1255 654 Sic
1270 634 1348 654 nemo
1363 627 1396 653 ita
1413 627 1522 659 studuit,
1538 635 1585 654 nos
1601 627 1698 661 probos
1709 647 1715 659 ,
1736 634 1846 661 magnos

1059 677 1086 699 et
1106 680 1152 706 per
1172 672 1261 699 omnia
1280 676 1368 706 gratos
1388 671 1511 703 efﬁcere.
1526 676 1554 698 ut
1565 672 1610 706 qui
1627 680 1675 698 nos
1690 672 1751 699 fecit
1765 672 1845 699 Deus.

1058 718 1223 752 Quapropter
1236 724 1283 744 nos
1298 722 1325 745 et
1340 717 1436 744 invitos
1449 725 1519 752 διξερε
1531 723 1558 745 et
1571 717 1682 752 plurima
1695 717 1846 752 ignorantes

1058 763 1193 791 beneﬁciis
1207 764 1295 790 afﬁcit.
1312 763 1338 791 Si
1347 769 1434 791 autem
1447 764 1472 791 id
1482 765 1551 799 quod
1564 765 1663 791 dictum
1674 765 1843 795 estmiraris:

1058 818 1111 837 non
1127 811 1152 838 in
1167 810 1281 838 obscuro
1295 811 1418 845 quopiam
1434 811 1491 838 viro
1501 833 1507 844 ,
1523 811 1569 838 sed
1590 811 1616 838 in
1633 812 1709 839 beato
1723 812 1804 838 Paulo
1818 811 1844 838 id

1057 857 1200 891 contigisse
1218 857 1368 885 ostendam.
1391 857 1492 884 Etenim
1510 857 1602 885 beatus
1617 858 1660 885 ille
1674 859 1763 885 multis
1776 858 1846 892 peri-

1057 903 1124 930 culis
1136 907 1163 930 et
1177 904 1302 930 utrumuis
1317 904 1485 937 exercitatus,
1501 911 1572 939 saepe
1585 905 1693 939 rogabat
1708 905 1801 938 Deum,
1816 910 1845 931 ut

1057 949 1091 975 ab
1105 956 1133 976 se
1147 949 1305 976 tentatioues
1319 949 1435 977 auferret
1449 959 1455 976 :
1468 954 1648 977 verumtamen
1663 958 1715 977 non
1729 951 1761 977 ad
1776 951 1845 985 peti-

1059 995 1157 1022 tionem
1168 1016 1175 1026 .
1190 994 1236 1022 sed
1256 995 1289 1022 ad
1309 995 1448 1022 utilitatem
1463 996 1521 1030 ejus
1534 997 1650 1031 respexit
1666 996 1748 1029 Deus;
1765 997 1845 1031 idque

1059 1039 1199 1066 declarans
1213 1039 1250 1066 ait
1265 1048 1271 1065 :
1288 1039 1385 1074 Sufficit
1396 1040 1441 1066 tibi
1452 1041 1533 1075 gratia
1546 1049 1600 1067 mea
1611 1049 1621 1068 .'
1631 1049 1691 1067 nam
1701 1042 1778 1068 uirtus
1789 1050 1845 1068 mea

1056 1085 1083 1111 in
1097 1085 1244 1118 infirmitate
1257 1085 1386 1119 perﬁcitur
1398 1086 1407 1120 (
1419 1086 1445 1112 3.
1459 1085 1517 1113 Cor.
1531 1086 1573 1113 ΓΞ.
1588 1085 1632 1122 9
1655 1087 1746 1121 Itaque
1759 1087 1845 1121 prius-

1057 1139 1135 1166 quam
1149 1131 1185 1158 illi
1200 1139 1307 1158 causam
1321 1132 1476 1166 explicaret,
1491 1133 1604 1161 invitmn
1617 1133 1750 1160 alliciebat
1764 1133 1846 1161 bene-

1057 1177 1127 1209 ﬁcio,
1140 1177 1220 1204 etiam
1234 1177 1409 1212 ignorantem.
1424 1177 1493 1211 Quid
1508 1178 1588 1213 igitur
1601 1186 1725 1214 magnum
1740 1179 1843 1214 poscit,

1056 1231 1115 1250 cum
1130 1223 1164 1250 de
1177 1229 1248 1250 tanta
1263 1223 1427 1259 providentia
1439 1229 1529 1259 gratos
1546 1232 1594 1253 nos
1607 1232 1666 1253 esse
1677 1225 1753 1260 jubet
1760 1225 1843 1253 1βοὶ)-

1057 1274 1234 1304 temperemus
1249 1270 1347 1305 itaque,
1361 1275 1388 1297 et
1404 1271 1452 1298 hoc
1467 1271 1563 1306 ubique
1576 1278 1722 1299 servemus.
1738 1271 1843 1299 Etenim

1055 1314 1162 1342 Judazos
1175 1315 1239 1342 nillil
1250 1315 1289 1343 sic
1305 1315 1435 1350 perdidit,
1450 1324 1528 1351 quam
1540 1316 1610 1351 quod
1626 1316 1719 1352 ingrati
1731 1322 1820 1344 essent
1834 1326 1842 1344 :

1056 1361 1206 1396 multasque
1221 1361 1279 1388 illas
1289 1366 1315 1388 et
1328 1361 1480 1396 frequentes
1493 1362 1582 1397 plagas
1597 1362 1662 1390 nihil
1675 1362 1746 1390 aliud
1760 1370 1840 1398 quam

1056 1407 1107 1435 hoc
1122 1408 1225 1435 induxit
1240 1416 1246 1434 :
1264 1408 1317 1434 imo
1331 1408 1412 1436 etiam
1426 1413 1488 1436 ante
1505 1409 1595 1444 plagas
1614 1409 1729 1436 animam
1749 1417 1843 1437 eorum

1055 1453 1171 1490 perdidit
1183 1458 1210 1481 et
1223 1453 1399 1481 labefactavit.
1416 1454 1516 1490 Ingrati
1528 1455 1594 1481 enim
1604 1463 1661 1489 spes
1671 1460 1698 1482 ut
1708 1455 1844 1484 hilernalia

1056 1500 1148 1534 pruina
1161 1499 1238 1535 (Sap.
1253 1500 1296 1527 16.
1308 1499 1365 1535 29),
1379 1500 1465 1535 inquit
1479 1509 1485 1528 :
1501 1500 1536 1527 ita
1550 1505 1655 1535 torpere
1665 1506 1692 1529 et
1705 1501 1789 1529 emori
1801 1509 1844 1530 co-

1055 1547 1093 1581 git
1106 1546 1230 1579 animam,
1248 1551 1276 1573 ut
1291 1546 1332 1573 illa
1347 1553 1470 1581 corpora.
1484 1546 1540 1574 Hoc
1553 1554 1616 1574 vero
1627 1547 1743 1581 procedit
1757 1555 1789 1575 ex
1800 1556 1844 1576 ar-

1055 1592 1174 1627 rogantia
1187 1613 1194 1625 ,
1209 1591 1279 1625 quod
1294 1599 1323 1619 se
1336 1592 1395 1627 quis
1410 1596 1484 1627 putet
1499 1593 1606 1627 dignum
1619 1592 1758 1620 beneﬁcio.
1772 1593 1843 1620 Con-

1056 1639 1133 1665 tritus
1147 1643 1245 1670 autent,
1258 1646 1310 1665 non
1322 1645 1370 1673 pro
1382 1638 1458 1666 bonis
1474 1643 1585 1668 tantum.
1597 1640 1643 1666 sed
1657 1639 1736 1666 etiam
1749 1647 1796 1674 pro
1809 1640 1843 1668 iis

1055 1691 1114 1718 qua:
1128 1683 1238 1710 adversa
1254 1687 1379 1718 putantur
1389 1704 1396 1717 ,
1410 1684 1510 1718 gratias
1524 1683 1630 1711 habebit
1646 1684 1711 1716 Deo,
1722 1689 1750 1712 et
1759 1692 1844 1719 quan-

1056 1729 1151 1756 tumvis
1165 1730 1289 1764 patiatur,
1300 1737 1351 1756 non
1363 1737 1392 1757 se
1403 1733 1491 1757 tamen
1504 1729 1602 1764 aliquid
1614 1729 1720 1764 indigne
1735 1737 1842 1764 passum

1056 1775 1166 1811 putabit.
1189 1775 1224 1803 Et
1239 1782 1286 1802 nos
1301 1775 1388 1810 itaque
1402 1780 1502 1810 quanto
1516 1775 1599 1810 magis
1610 1775 1637 1802 in
1650 1775 1747 1802 virtute
1762 1776 1844 1810 protl-

1055 1823 1156 1850 ciemus
1168 1843 1176 1854 ,
1197 1826 1270 1849 tanto
1285 1822 1367 1856 magis
1384 1829 1433 1849 nos
1451 1823 1522 1856 ipsos
1536 1826 1706 1849 conteramus
1721 1830 1728 1848 :
1742 1822 1842 1850 etenim

1056 1868 1107 1895 hoc
1122 1868 1236 1895 maxime
1251 1867 1333 1894 virtus
1344 1872 1394 1895 est.
1405 1867 1480 1895 Sicut
1489 1867 1560 1894 enim
1575 1872 1674 1902 quanto
1687 1868 1789 1895 acutius
1804 1869 1842 1894 vi.

1055 1914 1159 1947 demus,
1175 1918 1247 1941 tanto
1261 1913 1344 1948 magis
1359 1913 1501 1940 ediscimus
1513 1917 1640 1947 quantum
1655 1920 1668 1939 a
1681 1913 1746 1940 caelo
1756 1912 1841 1940 diste-

1055 1967 1114 1986 mus
1129 1969 1135 1986 :
1151 1959 1191 1986 sic
1209 1963 1308 1994 quanto
1329 1959 1412 1993 magis
1432 1958 1458 1984 in
1478 1958 1574 1985 virtute
1590 1958 1751 1992 proﬁcimus,
1769 1962 1842 1985 latim

1056 2005 1139 2039 inagis
1149 2005 1276 2032 docemur
1288 2009 1415 2039 quantum
1427 2005 1461 2031 sit
1477 2005 1545 2031 inter
1557 2004 1638 2031 Deum
1653 2009 1680 2032 et
1693 2012 1742 2032 nos
1756 2005 1841 2032 inter-

1055 2051 1163 2078 vallum.
1180 2051 1233 2078 Nec
1246 2058 1310 2078 sane
1323 2050 1431 2077 minima
1447 2057 1508 2084 pars
1520 2054 1561 2077 est
1574 2050 1746 2084 philosophiae
1758 2071 1766 2083 ,
1779 2057 1840 2077 cum

1056 2097 1179 2124 meritum
1192 2101 1312 2124 nostrum
1324 2095 1480 2130 dignoscere
1495 2102 1646 2130 possumus.
1658 2095 1706 2122 ilic
1719 2095 1791 2122 enim
1802 2103 1847 2122 se-

1057 2144 1143 2178 ipsum
1169 2143 1284 2170 maxime
1307 2143 1389 2174 novit.
1411 2142 1455 2176 qui
1479 2149 1508 2169 se
1530 2141 1595 2168 nihil
1617 2149 1678 2170 esse
1697 2142 1839 2169 existimat.

1056 2189 1171 2224 Ideoque
1185 2188 1264 2216 David
1279 2192 1307 2215 et
1319 2187 1462 2219 Abraham,
1477 2195 1536 2214 cum
1547 2187 1579 2214 ad
1594 2194 1726 2214 summum
1736 2187 1841 2214 virtutis

1058 2236 1189 2271 fastigium
1203 2235 1395 2267 ascendissent,
1411 2238 1474 2261 tunc
1488 2233 1602 2262 maritae
1616 2233 1684 2260 hanc
1694 2239 1842 2261 exercuere

1057 2284 1180 2309 virtutem
1192 2291 1198 2308 :
1207 2286 1234 2308 et
1249 2281 1292 2308 hic
1301 2281 1406 2315 quidem
1415 2288 1444 2307 se
1455 2280 1590 2315 pulverem
1601 2284 1627 2307 et
1637 2279 1752 2307 cinerem
1762 2278 1839 2316 (Gen.

1056 2329 1101 2356 i8.
1116 2328 1161 2363 27)
1173 2349 1180 2361 ,
1199 2328 1243 2355 ille
1256 2334 1319 2354 vero
1333 2334 1363 2354 se
1375 2334 1492 2354 vermem
1507 2326 1618 2353 vocabat
1638 2325 1722 2361 (Psal.
1736 2325 1782 2353 2|.
1794 2325 1821 2360 7)
1833 2333 1840 2352 :

1056 2383 1087 2402 ac
1102 2375 1223 2402 similiter
1236 2380 1329 2400 omnes
1342 2375 1424 2399 sancti
1438 2380 1466 2399 se
1479 2372 1592 2399 miseros
1605 2371 1748 2407 pnedicant
1759 2379 1766 2398 :
1777 2379 1841 2399 con-

1057 2426 1096 2448 tra
1112 2428 1175 2447 vero
1196 2420 1219 2447 is
1239 2420 1283 2455 qui
1305 2419 1454 2454 arrogantia
1476 2418 1628 2451 extollitur,
1648 2425 1707 2445 sese
1728 2418 1842 2445 maxime

1057 2467 1175 2494 omnium
1186 2466 1299 2501 ignorat.
1310 2464 1487 2498 Quamobrem
1495 2463 1528 2490 de
1536 2463 1656 2498 superbis
1666 2463 1744 2499 vulgo
1753 2463 1843 2490 dicere

1058 2513 1174 2540 solemus
1190 2520 1197 2538 ε
1210 2511 1267 2538 Non
1281 2518 1310 2538 se
1327 2511 1409 2542 novit,
1424 2508 1453 2536 se
1467 2516 1575 2544 prorsus
1590 2509 1703 2543 ignorat.
1714 2508 1765 2541 Qui
1780 2515 1844 2535 vero

1058 2568 1087 2588 se
1101 2561 1213 2594 ignorat.
1225 2566 1304 2592 quem
1319 2558 1409 2584 novit?
1422 2555 1649 2590 Quemadmodum
1662 2555 1732 2583 enim
1742 2555 1786 2590 qui
1798 2562 1844 2582 se-

1059 2608 1143 2641 ipsum
1157 2605 1271 2636 noverit,
1287 2604 1375 2630 omnia
1387 2606 1531 2637 cognoscet
1547 2610 1553 2628 :
1565 2602 1604 2629 sic
1617 2602 1661 2636 qui
1676 2608 1706 2629 se
1719 2601 1824 2636 ignorat
1835 2620 1843 2632 .

1059 2659 1145 2687 neque
1155 2651 1205 2677 alia
1221 2650 1332 2677 noverit.
1349 2649 1419 2676 Talis
1433 2649 1477 2675 ille
1489 2652 1547 2675 erat
1558 2647 1603 2682 qui
1615 2647 1720 2675 dicebat
1737 2657 1743 2675 :
1757 2647 1844 2681 Supra

1059 2699 1133 2726 cwlos
1148 2705 1239 2731 ponam
1251 2697 1342 2723 saliunt
1354 2704 1437 2722 meum
1451 2694 1534 2730 (lsai.
1551 2695 1595 2722 Ν.
1608 2695 1642 2722 15
1652 2694 1672 2730 ).
1691 2694 1758 2727 Quin
1772 2695 1844 2721 enim

1059 2745 1174 2779 Sl'ipSﬂn'l
1190 2743 1328 2778 ignoravit,
1340 2746 1435 2769 extera
1446 2748 1550 2775 quoque
1560 2741 1648 2767 oninia
1660 2740 1796 2775 ignoravit.
1811 2740 1844 2768 At

1059 2799 1111 2818 non
1126 2789 1233 2821 Paulus,
1247 2789 1290 2823 qui
1304 2795 1332 2815 se
1345 2787 1492 2815 abortivum
1505 2791 1531 2814 et
1543 2787 1680 2813 minimum
1693 2790 1845 2814 sanctorunt

1062 2835 1220 2871 appellabat,
1233 2841 1317 2870 neque
1331 2838 1390 2869 post
1404 2837 1442 2861 tot
1455 2837 1579 2868 tantaque
1589 2832 1715 2868 pwclara
1725 2839 1806 2867 opera
1816 2839 1846 2861 se
