2067 3132
155 157 207 186 533

155 212 268 249 apostoli
288 212 396 239 nomine
409 211 518 247 dignum
531 218 591 238 esse
604 211 713 246 putabat
728 211 765 246 (l.
778 209 837 237 Car.
854 211 897 238 15.
912 211 939 238 8.

154 261 194 294 9).
211 259 286 286 Ilunc
301 257 390 293 itaque
404 257 559 285 aemulemur
574 260 600 284 et
615 256 759 283 imitentur.
776 255 941 283 Imitabimur

153 310 242 334 autem
252 305 275 332 si
289 312 304 331 a
317 309 388 332 terra
408 311 439 331 ac
454 303 565 331 terrenis
578 302 689 337 negotiis
708 302 858 330 liberemur.
872 302 940 329 Nihil

153 350 224 379 enim
235 351 272 378 ita
285 349 460 385 ignorantiam
476 349 516 376 sui
532 349 616 383 parit,
632 353 661 375 ut
673 349 839 375 saecularium
852 356 941 375 rerqu

152 397 264 425 affectus
277 405 285 424 :
298 395 418 430 nihilque
431 395 466 422 ita
479 395 645 422 szecularium
660 402 749 421 rerum
763 394 885 421 allectum
897 401 942 428 pa-

153 444 188 472 rit
199 463 207 475 ,
220 447 250 470 ut
263 441 412 477 ignorantia
425 441 465 468 sui
481 449 488 467 :
502 440 633 475 siqttidem
647 447 729 467 unum
744 439 842 474 pendet
853 439 886 465 ab
900 439 940 465 al-

154 495 221 516 tero.
232 488 307 516 Sicut
317 487 388 515 enim
398 487 420 514 is
432 487 476 522 qui
487 490 623 514 externam
632 486 742 520 gloriam
755 490 826 512 amat
836 489 863 512 et
875 492 943 519 prrc-

153 536 236 564 sentia
251 542 346 570 magna
361 541 419 562 esse
430 537 514 568 putat,
526 532 629 560 etiamsi
643 531 668 559 id
681 531 777 558 millies
790 531 940 563 tentaverit,

154 583 216 610 huic
230 589 284 609 non
300 581 415 616 seipsum
429 587 509 607 nosse
521 578 677 606 conceditur
690 586 698 605 :
714 578 752 605 sic
766 578 809 613 qui
823 578 941 612 seipsum

153 628 276 664 despicit,
289 634 318 655 se
331 626 406 654 facile
419 629 571 661 cognoscet.
582 624 649 652 Cum
661 632 723 652 vero
735 631 794 651 sese
806 623 939 657 didicerit,

621 152 654 180 IN
672 152 871 181 MATTllrEUM
893 153 1005 180 llOtllL.
1027 153 1120 180 XXVI.
1141 154 1176 180 al.
1197 152 1303 180 XXVII.

1727 152 1778 180 554

993 210 1025 237 ad
1040 215 1150 238 caeteras
1164 218 1257 238 omnes
1268 210 1372 238 virtutis
1386 216 1473 245 partes
1486 210 1622 244 procedet.
1643 209 1678 238 Ut
1702 211 1781 246 igitur

994 256 1129 290 pulchram
1146 256 1214 284 hanc
1229 256 1367 284 scientiam
1380 257 1558 291 adipiscamur
1570 277 1577 287 .
1593 256 1694 283 liberati
1709 264 1724 283 a
1740 264 1782 284 rc-

993 301 1041 328 bus
1054 302 1130 328 ﬂuxis
1141 302 1274 335 omnibus,
1287 310 1346 336 qua!
1356 309 1478 336 magnam
1491 302 1515 329 in
1527 302 1604 329 nobis
1617 302 1782 329 succendunt

994 347 1137 378 ﬂammato,
1149 351 1176 375 et
1190 348 1316 374 vilitatem
1332 353 1449 375 nostram
1465 352 1552 375 notam
1568 348 1707 380 habentes,
1724 356 1780 375 om-

994 401 1054 420 nem
1067 393 1238 421 exhibeantus
1250 394 1424 422 humilitatem
1439 400 1517 429 atque
1530 395 1737 429 philosophiam,
1753 400 1783 422 ut

994 444 1021 466 et
1037 440 1177 473 praesentia
1193 444 1219 466 et
1233 441 1319 468 futura
1335 440 1403 467 bona
1419 448 1630 475 consequamur,
1651 441 1734 476 gratia
1756 446 1783 468 et

994 485 1174 513 misericordia
1190 487 1292 513 Domini
1305 487 1387 513 nostri
1401 486 1464 514 Jesu
1478 487 1574 514 Chriin
1588 508 1595 520 ,
1609 487 1715 521 quicum
1731 487 1782 514 Pa-

995 532 1026 558 tri
1040 532 1135 566 gloria,
1153 533 1302 567 imperium,
1318 533 1414 566 honor,
1426 541 1485 560 cunt
1499 539 1603 565 sancto,
1619 533 1689 560 bono
1704 538 1730 559 et
1742 533 1783 559 vi-

994 578 1071 605 viﬂro
1084 579 1193 613 Spiritu,
1207 587 1276 607 nttnc
1296 584 1323 608 et
1346 588 1452 615 semper
1473 585 1497 607 et
1520 579 1544 607 in
1563 580 1658 607 smcula
1672 579 1784 607 smculo-

994 633 1064 652 rtnn.
1078 626 1173 652 Anien.

696 742 871 774 HOMILIA
894 743 1011 775 XXVI.
1034 744 1075 775 al.
1096 743 1231 775 XXVII.

152 830 218 858 Cn.
233 828 260 856 8.
272 835 298 854 v.
313 827 340 854 5.
365 825 427 852 Cum
448 828 531 850 autem
549 824 675 857 ingressus
691 824 754 848 esset
772 818 941 853 Capernaum,

190 874 294 903 accessit
311 873 345 900 ad
364 879 420 899 eum
435 870 557 902 centurio,
572 875 665 903 rogans
679 875 746 899 eum,
758 866 784 893 6.
798 869 821 891 et
836 865 942 891 dicens:

188 921 308 952 Domine,
319 926 381 954 puer
395 925 464 944 meus
471 916 539 951 jacet
550 915 576 942 in
585 915 658 941 domo
667 912 832 949 paralyticus,
845 915 867 938 et
879 910 944 938 male

191 971 330 1002 torquetur.

190 1013 218 1040 ι.
232 1012 366 1046 Leprosus
379 1008 498 1044 quidem.
514 1013 575 1034 cum
593 1003 774 1033 descendisset
787 1002 821 1030 de
835 1007 924 1029 monte
934 1022 942 1034 ,

153 1058 269 1086 accessit
283 1066 290 1084 :
306 1056 349 1083 hic
370 1062 433 1082 vero
454 1053 574 1081 centurio
586 1072 593 1085 ,
614 1055 753 1085 postquam
775 1049 899 1076 intrasset
918 1047 943 1074 in

154 1105 333 1140 Capernaum.
347 1101 401 1128 Cur
418 1106 481 1134 ergo
493 1119 501 1131 ,
517 1105 602 1133 neque
616 1096 658 1123 ltic
671 1103 758 1130 neque
772 1095 817 1122 ille
831 1094 858 1122 in
869 1101 945 1120 mon-

155 1155 209 1177 tem
228 1145 416 1176 accesserunt?
438 1145 496 1172 Non
518 1144 552 1171 ob
575 1142 737 1177 segnitiem:
753 1147 812 1167 nam
833 1143 945 1173 uterque

155 1195 209 1222 ﬁde
221 1193 331 1221 ardebat
340 1193 366 1225 ';
382 1190 428 1219 sed
439 1198 473 1217 ne
484 1189 624 1216 docentem
639 1185 849 1220 interpellarent.
860 1185 946 1211 Acce-

155 1241 223 1269 dens
237 1243 327 1266 autem
339 1237 405 1265 dixit
418 1245 425 1263 :
440 1235 508 1262 Puer
523 1242 594 1261 meus
606 1234 675 1268 jacet
689 1233 715 1259 in
730 1233 804 1258 domo
818 1229 944 1266 paralyti-

156 1296 212 1320 ενι,
222 1291 245 1313 et
256 1285 323 1312 male
333 1287 470 1319 torquetur.
483 1281 595 1315 Quidam
608 1281 699 1307 dicunt
709 1286 780 1311 enm,
793 1283 821 1305 ut
834 1284 893 1304 sese
903 1284 946 1303 ex-

156 1337 273 1364 cusaret,
295 1338 402 1359 causam
425 1329 533 1361 dixisse,
557 1336 604 1355 cur
623 1334 683 1354 eum
708 1334 758 1352 non
780 1324 944 1352 adduxisset.

156 1379 215 1406 Non
226 1378 296 1405 enim
310 1380 423 1411 poterat,
437 1375 568 1409 inquiunt,
580 1372 738 1407 paralyticus
747 1370 790 1405 qui
806 1369 947 1404 torqueba-

159 1430 217 1458 tur,
233 1429 259 1451 et
275 1427 422 1451 extremum
435 1421 489 1456 jam
504 1420 610 1447 efﬂabat
623 1418 733 1445 halitum
751 1417 858 1452 gestari.
879 1415 944 1442 Nam

158 1479 219 1498 eum
228 1470 282 1505 jam
298 1470 324 1497 in
337 1468 463 1496 extremis
479 1467 559 1494 fuisse
571 1469 662 1493 narrat
675 1465 708 1491 ita
723 1464 807 1491 Lucas
823 1471 829 1489 :
846 1462 879 1489 Et
892 1469 946 1488 mo-

158 1519 254 1545 riturus
268 1521 322 1544 erat
335 1515 409 1551 (Luc.
424 1515 450 1541 7.
463 1513 501 1549 2).
518 1513 573 1547 Ego
584 1518 646 1539 vero
660 1510 685 1537 id
699 1514 760 1545 puto
773 1510 876 1544 signum
887 1514 947 1535 esse

159 1570 261 1597 magme
275 1562 345 1588 illius
359 1561 431 1593 ﬂdel,
445 1564 472 1587 et
484 1558 567 1586 ntulto
581 1556 699 1592 majoris,
709 1562 787 1590 quam
798 1561 891 1582 eorum
901 1552 946 1587 qui

160 1618 207 1643 per
220 1613 318 1636 tectum
331 1606 493 1634 demiserunt
506 1604 600 1640 (Marc.
611 1603 638 1630 2.
651 1603 689 1637 4).
704 1601 770 1635 Quia
783 1600 854 1628 enim
865 1599 947 1635 probe

158 1654 261 1682 sciebat
271 1653 329 1683 solo
340 1651 444 1679 Domini
455 1655 587 1686 praecepto
595 1650 726 1684 jacentem
737 1654 846 1682 surgere
857 1652 946 1680 posse,

159 1699 324 1736 superﬂuum
338 1698 447 1734 putabat
460 1704 519 1725 esse
533 1697 619 1730 ipsum
633 1695 775 1722 adducere.
789 1692 856 1726 Quid
869 1691 948 1726 igitur

160 1747 257 1778 Jesus?
278 1745 353 1780 Quod
377 1752 505 1779 nusquam
522 1743 635 1775 fecerat,
651 1742 693 1769 hic
712 1740 781 1768 fecit.
798 1740 862 1767 Cum
876 1738 947 1766 enim

162 1794 259 1829 ubique
272 1791 475 1828 supplicantium
487 1790 650 1818 voluntatem
664 1791 829 1822 sequeretur,
840 1785 882 1812 hic
891 1791 949 1820 pro—

161 1840 231 1872 silit,
246 1846 294 1866 nec
310 1845 339 1865 se
354 1842 506 1865 curaturum
521 1840 622 1863 tantum
634 1855 640 1867 ,
657 1833 705 1861 sed
719 1834 827 1860 domum
843 1837 948 1866 quoque

163 1892 300 1915 venturum
315 1886 462 1920 pollicetur.
479 1884 505 1911 ld
519 1891 582 1910 vero
595 1882 665 1915 facit,
677 1886 707 1908 ut
719 1878 883 1907 centurionis
895 1878 948 1904 vir-

163 1937 246 1960 ttttem
259 1931 401 1959 discamus.
413 1930 468 1957 Nisi
481 1928 552 1957 enim
565 1928 615 1955 hoc
628 1926 801 1962 promisisset,
812 1923 859 1952 sed
868 1923 949 1950 dixis-

162 1983 212 2009 set,
231 1977 313 2008 Vade,
327 1981 434 2002 sanetur
447 1983 512 2010 puer
528 1979 587 2000 ttms
603 1982 610 1999 ε
625 1972 688 1998 nihil
701 1973 793 1997 horum
809 1975 950 2004 cognosce-

163 2029 263 2050 remus.
281 2021 395 2055 Idipsum
413 2020 490 2046 etiam
505 2026 566 2053 erga
580 2016 745 2044 thnissam
758 2015 895 2042 mulierem
909 2012 948 2040 Ie-

162 2069 208 2098 cit,
224 2067 273 2094 etsi
295 2065 428 2093 contrario
451 2064 530 2091 modo
553 2062 656 2100 (Marc.
679 2063 703 2088 7.
723 2061 766 2088 ‘26.
793 2069 846 2096 sqq.
858 2060 877 2094 ).
901 2059 949 2086 Hic

162 2114 233 2141 enim
247 2120 295 2140 nec
308 2115 415 2139 vocatus
427 2110 450 2137 in
462 2109 580 2140 domum,
592 2115 621 2135 se
633 2115 692 2135 esse
705 2111 843 2134 venturum
856 2110 949 2140 sponte

163 2159 236 2189 dicit,
249 2163 278 2185 ut
288 2158 374 2184 discas
384 2154 546 2183 centurionis
557 2153 636 2181 ﬁdem
649 2153 809 2186 multamque
822 2151 950 2178 humilita-

165 2211 218 2233 tem
231 2213 238 2230 :
253 2205 278 2231 in
295 2203 432 2230 thnissa
452 2209 515 2228 vero
533 2200 632 2227 donum
654 2199 785 2234 denegat,
813 2198 950 2232 ipsamque

164 2254 379 2285 perseverantem
395 2248 421 2274 in
436 2246 545 2274 dubium
554 2245 670 2280 coniicit.
683 2243 749 2271 Nam
762 2251 821 2270 cum
832 2250 911 2278 sagax
923 2246 951 2269 et

166 2296 264 2329 peritus
277 2294 311 2321 sit
325 2293 453 2324 medicus,
463 2291 595 2319 contraria
605 2290 746 2318 contrariis
759 2290 855 2317 elicere
866 2289 949 2317 novit.

166 2341 200 2368 Et
213 2340 256 2367 hic
269 2339 376 2375 quidem
390 2346 436 2373 per
449 2342 625 2373 spontaneum
639 2337 780 2364 adventum
793 2357 800 2368 ,
817 2336 871 2363 illic
885 2344 950 2363 vero

166 2394 212 2420 per
223 2385 373 2412 diuturnam
388 2384 552 2414 dilationem,
563 2387 590 2410 et
598 2382 730 2417 repulsam
743 2382 821 2409 tidem
833 2381 951 2408 mulieris

165 2432 260 2467 aperit.
272 2431 316 2459 Sic
326 2431 406 2458 etiam
416 2437 477 2464 erga
492 2428 671 2456 Abrahamnm
683 2428 743 2455 fecit
757 2428 850 2455 dicens
866 2437 873 2454 :
891 2426 951 2454 Non

165 2478 249 2505 celabo
260 2485 366 2513 puerum
376 2485 457 2503 meum
467 2475 594 2502 Abraham
607 2474 682 2509 (Gen.
695 2475 738 2502 18.
750 2474 795 2509 ΓΙ)
807 2484 813 2502 :
826 2478 854 2501 ut
864 2475 951 2502 discas

167 2523 236 2550 illius
248 2531 383 2554 amorem,
397 2526 425 2549 et
436 2526 560 2556 quantam
575 2520 608 2548 de
621 2521 744 2550 Sodomis
758 2520 950 2555 providentiam

166 2572 280 2603 gereret.
296 2568 328 2595 Et
338 2567 382 2602 qui
393 2567 425 2594 ad
439 2566 532 2594 Lotum
544 2566 616 2593 missi
628 2570 713 2598 erant,
728 2566 829 2600 ingredi
844 2566 952 2592 domum

167 2615 226 2649 eius
243 2615 346 2646 nolunt,
363 2613 466 2647 utjusti
479 2612 685 2647 hospitalitatem
701 2612 845 2638 ediscercs.

203 2659 362 2687 Centurionis
372 2659 445 2693 ﬁdes.
454 2673 490 2678 —
499 2659 566 2691 Quid
579 2659 657 2693 igitur
664 2659 700 2685 ait
710 2658 847 2685 centurio?
860 2658 886 2685 8.
899 2657 954 2684 Do-

167 2707 245 2739 mine,
257 2714 307 2733 non
319 2713 376 2732 sum
386 2705 487 2740 dignus,
501 2709 528 2731 ut
540 2705 617 2731 intres
630 2705 676 2731 sub
689 2708 778 2731 tectum
793 2712 884 2730 meum.
900 2706 954 2730 Au-

169 2752 272 2779 diamus
293 2754 423 2785 quotquot
444 2749 565 2776 volumus
594 2749 729 2776 Christum
759 2749 900 2784 excipere,
924 2752 954 2776 ut

170 2804 241 2825 nunc
260 2796 340 2823 etiam
360 2802 510 2830 possumus.
535 2795 680 2823 Audiamus
699 2799 726 2823 et
749 2795 900 2829 imitemur,
923 2802 954 2823 ac

827 2861 843 2873 ιο

204 2874 213 2891 ¹
230 2873 337 2905 Quidam,
348 2873 458 2906 utrinque
469 2877 534 2899 recto
545 2873 614 2906 ﬁdes.

996 826 1056 846 cum
1071 820 1126 854 pari
1142 819 1215 848 illum
1227 821 1315 848 studio
1327 821 1334 837 ί
1348 822 1509 857 excipiamus
1524 832 1530 850 :
1546 831 1605 851 cutn
1625 824 1695 852 enim
1717 833 1784 860 pan-

996 873 1085 900 perem
1095 887 1101 897 ,
1116 867 1277 894 esurientem
1288 873 1315 894 et
1330 868 1428 895 nudum
1442 869 1543 904 excipis
1553 890 1560 901 ,
1576 870 1648 897 illum
1662 875 1689 898 et
1703 878 1783 898 exec-

997 912 1058 947 pisli
1072 917 1099 939 et
1112 913 1211 940 alutsti.
1227 913 1279 940 Sed
1292 919 1388 941 tantum
1399 915 1439 942 dic
1452 916 1534 947 verba,
1546 921 1569 943 et
1582 917 1711 944 sanabitur
1724 925 1785 952 puer

997 966 1076 984 meus.
1100 959 1166 986 Vide
1179 960 1362 988 centurionem
1378 961 1487 996 perinde
1498 967 1577 996 atque
1591 963 1725 997 leprosum
1738 971 1785 990 ve-

996 1012 1052 1031 ram
1067 1004 1100 1032 de
1113 1005 1218 1033 Christo
1232 1006 1354 1034 habuisse
1365 1007 1526 1042 opinionem.
1543 1008 1606 1035 Nam
1618 1013 1645 1036 et
1655 1009 1711 1042 ipse
1721 1017 1786 1042 quo-

997 1057 1048 1084 que
1072 1058 1124 1078 non
1146 1051 1223 1082 dixit,
1241 1051 1330 1087 Roga;
1351 1061 1402 1079 non
1417 1053 1493 1086 dixit,
1511 1053 1632 1085 Precare,
1650 1054 1785 1088 supplico;

997 1095 1043 1122 sed
1055 1096 1151 1127 solum,
1166 1096 1278 1131 Impera.
1291 1097 1392 1125 Deinde
1406 1098 1513 1129 timens,
1526 1106 1559 1125 ne
1570 1106 1617 1133 per
1629 1098 1786 1126 modestiam

997 1147 1131 1173 renucrct,
1147 1141 1213 1169 dixit
1228 1151 1233 1169 :
1248 1142 1275 1170 9.
1291 1142 1360 1170 Nam
1371 1149 1394 1170 et
1406 1152 1450 1179 ego
1462 1144 1535 1171 homo
1545 1153 1600 1171 sum
1611 1145 1655 1172 sub
1667 1150 1787 1181 potestate

998 1187 1159 1220 constitutus,
1174 1187 1266 1215 habens
1276 1189 1321 1215 sub
1335 1197 1375 1216 me
1387 1190 1497 1222 milites;
1512 1195 1534 1216 et
1547 1190 1603 1217 dico
1618 1191 1685 1220 huic,
1704 1190 1785 1224 Vnde,

998 1237 1021 1259 et
1033 1234 1100 1260 vadit
1113 1241 1122 1260 :
1134 1238 1158 1260 et
1172 1234 1226 1266 alii,
1245 1235 1315 1268 Veni,
1329 1240 1353 1262 et
1367 1237 1432 1266 venit
1445 1245 1454 1262 :
1467 1241 1489 1263 ct
1501 1244 1571 1263 servo
1584 1245 1648 1269 meo,
1662 1237 1716 1264 Fac
1726 1239 1784 1270 hoc,

998 1284 1021 1306 et
1036 1279 1108 1314 facit.
1125 1279 1158 1306 Et
1172 1281 1234 1315 quid
1248 1281 1318 1312 inde,
1328 1282 1441 1317 inquies,
1451 1282 1473 1310 si
1484 1284 1603 1310 centurio
1615 1284 1654 1311 sic
1667 1284 1770 1318 snspica
1780 1299 1787 1305 -

1001 1329 1042 1352 tus
1055 1325 1106 1352 sit?
1120 1325 1184 1352 Nam
1199 1325 1224 1352 id
1239 1326 1377 1360 qumritur,
1394 1328 1414 1354 si
1432 1328 1482 1354 hoc
1496 1327 1616 1355 Christus
1630 1329 1768 1363 protulerit
1778 1349 1786 1361 .

999 1373 1026 1396 et
1038 1370 1242 1398 continuaverit.
1257 1371 1373 1399 Pulchre
1386 1377 1413 1400 et
1426 1373 1567 1400 admodum
1583 1374 1728 1408 prudenter
1744 1375 1787 1401 di-

999 1415 1048 1442 cis.
1069 1416 1138 1450 Ergo
1154 1416 1204 1444 ltoc
1218 1417 1303 1451 ipsum
1319 1418 1455 1445 videamus
1470 1427 1476 1445 :
1492 1426 1553 1446 nam
1568 1419 1732 1447 inveniemus
1746 1420 1787 1446 id-

1000 1463 1085 1496 ipsum
1098 1463 1168 1497 quod
1184 1463 1210 1491 in
1225 1464 1328 1499 lt-proso
1342 1464 1386 1492 hic
1403 1465 1501 1493 factum
1518 1473 1588 1493 esse.
1610 1466 1788 1500 Quemadmo-

1000 1508 1062 1536 dum
1076 1509 1145 1536 enim
1159 1510 1280 1544 leprosus
1291 1532 1299 1543 ,
1315 1511 1345 1538 Si
1363 1511 1398 1538 vis
1409 1532 1416 1544 ,
1437 1512 1502 1539 dixit
1517 1513 1620 1548 (neque
1635 1521 1666 1540 ex
1683 1514 1788 1548 lcproso

1000 1559 1101 1582 tantum
1121 1556 1293 1584 conﬂrntatur
1312 1556 1408 1584 Christi
1432 1558 1547 1592 potentia
1560 1579 1567 1590 ,
1589 1559 1636 1586 sed
1656 1559 1735 1586 etiam
1754 1567 1788 1587 ex

999 1599 1098 1628 Christi
1113 1609 1177 1628 voce
1194 1610 1201 1628 :
1216 1610 1268 1629 non
1290 1602 1369 1630 modo
1389 1603 1460 1630 enim
1480 1604 1537 1638 ejus
1558 1604 1710 1638 opinionem
1734 1612 1788 1632 n0n

1001 1646 1137 1680 refutavit,
1150 1648 1196 1675 sed
1212 1648 1291 1675 etiam
1305 1649 1483 1683 conﬁrmavit,
1497 1657 1556 1677 cum
1573 1650 1599 1677 id
1613 1650 1683 1685 quod
1695 1659 1788 1686 super-

1001 1693 1083 1720 ﬂuum
1094 1694 1232 1721 videbatur
1241 1702 1300 1722 esse
1312 1694 1418 1730 adjecit,
1432 1700 1458 1723 et
1473 1696 1550 1729 dixit,
1567 1695 1639 1729 Volo,
1654 1697 1786 1730 mundare,

1002 1743 1028 1767 ut
1043 1740 1099 1775 ejus
1112 1741 1271 1768 sententiam
1287 1741 1404 1769 [innaret
1414 1744 1424 1776 )
1442 1753 1448 1770 :
1463 1742 1502 1770 sic
1515 1747 1541 1769 et
1556 1742 1606 1770 ltoc
1620 1743 1678 1771 loco
1694 1744 1788 1778 explo-

1001 1785 1113 1812 randum
1125 1791 1185 1819 est,
1201 1794 1264 1814 num
1278 1787 1340 1821 quid
1354 1787 1439 1815 simile
1455 1788 1550 1815 factum
1564 1789 1597 1815 sit
1614 1796 1620 1816 :
1637 1796 1697 1816 nam
1713 1789 1788 1817 inve-

1002 1831 1107 1858 niemus
1121 1832 1234 1866 idipsum
1249 1832 1292 1860 hic
1303 1833 1440 1861 accidisse.
1454 1834 1520 1861 Ctnn
1532 1834 1602 1861 enim
1617 1835 1736 1862 centurio
1748 1840 1787 1862 ta-

1001 1877 1035 1905 lia
1049 1878 1167 1911 dixisset,
1183 1884 1210 1906 et
1223 1884 1302 1906 tantm
1317 1881 1439 1914 potestati
1457 1881 1635 1908 testimonium
1648 1882 1785 1914 dedisset,

1002 1932 1054 1952 non
1069 1925 1149 1952 modo
1164 1933 1216 1953 ll0tl
1233 1925 1403 1960 reprehendit
1413 1947 1420 1957 ,
1439 1927 1486 1954 sed
1505 1930 1531 1954 et
1544 1927 1717 1962 approbavit,
1733 1927 1788 1955 imo

1001 1971 1115 2006 amplius
1130 1971 1263 2006 quidpiam
1279 1972 1349 1998 fecit.
1365 1971 1456 2007 Neque
1474 1972 1559 1999 solum
1575 1972 1641 2000 dixit
1654 1973 1787 2008 evangelh

1002 2021 1052 2047 sta,
1067 2016 1202 2044 Christum
1219 2018 1276 2051 ejus
1288 2017 1357 2044 dicta
1373 2017 1510 2050 laudasse;
1524 2018 1571 2046 sed
1586 2023 1613 2045 et
1625 2019 1709 2046 laudis
1723 2019 1788 2045 sub-

1002 2062 1141 2090 limitatem
1156 2062 1275 2090 indicans
1287 2063 1363 2095 dixit,
1374 2071 1434 2090 eum
1447 2063 1604 2090 admiratum
1621 2071 1690 2096 esse,
1704 2072 1790 2100 neque

1003 2114 1103 2137 tanttnn
1115 2109 1272 2136 admiratum
1288 2118 1357 2142 esse,
1367 2109 1413 2137 sed
1425 2110 1503 2138 etiam
1515 2111 1586 2137 omni
1599 2115 1730 2145 pnesente
1743 2119 1790 2146 po-

1002 2156 1075 2190 pulo,
1091 2156 1150 2183 aliis
1164 2156 1313 2190 exemplum
1329 2155 1436 2182 dedisse
1447 2176 1454 2186 ,
1473 2160 1500 2182 ut
1517 2155 1591 2183 illutn
1611 2156 1788 2184 imitarentur.

1003 2201 1096 2229 Viden‘
1114 2201 1249 2236 quomodo
1261 2201 1357 2235 singuli
1371 2201 1416 2235 qui
1434 2200 1644 2228 testiﬁcabantur
1658 2201 1707 2236 ipsi
1720 2222 1727 2233 ,
1742 2209 1791 2237 po-

1004 2248 1112 2276 tentiam
1136 2248 1217 2282 ipsius
1240 2247 1420 2274 mirabantur?
1442 2247 1474 2274 Et
1494 2247 1635 2282 stupebant
1654 2247 1738 2275 turba:
1756 2248 1791 2275 de

1003 2292 1122 2319 doctrina
1140 2292 1208 2325 ejus,
1229 2293 1288 2327 quia
1310 2297 1443 2327 tamquam
1457 2297 1614 2328 potestatem
1627 2293 1728 2321 habt-ns
1742 2294 1790 2321 do-

1004 2339 1096 2371 cebat;
1113 2346 1162 2366 nec
1171 2339 1255 2366 solum
1270 2347 1322 2366 non
1337 2339 1518 2373 reprehendit,
1530 2340 1577 2367 sed
1587 2341 1667 2367 etiam
1678 2348 1737 2368 cum
1751 2341 1791 2368 eis

1005 2384 1039 2412 de
1054 2389 1145 2412 monte
1158 2384 1306 2418 descendit,
1320 2392 1351 2412 ac
1366 2385 1471 2419 leproso
1486 2385 1621 2417 mundato,
1638 2386 1744 2414 illorutn
1756 2387 1791 2414 de

1004 2438 1034 2458 se
1048 2430 1198 2465 opinionem
1213 2430 1335 2457 tirntavit.
1351 2430 1457 2457 Dicebat
1477 2430 1538 2462 ille,
1554 2430 1585 2458 Si
1603 2431 1654 2464 vis,
1670 2436 1740 2466 potes
1752 2440 1793 2459 me

1004 2476 1145 2508 mundare;
1167 2484 1216 2503 nec
1229 2475 1308 2502 modo
1322 2476 1394 2503 illum
1409 2484 1461 2503 non
1475 2477 1619 2510 increpavit
1630 2497 1637 2508 ,
1652 2477 1697 2504 sed
1710 2476 1793 2505 etiam

1007 2528 1034 2549 ut
1049 2523 1105 2557 ipse
1117 2523 1228 2554 dixerat,
1245 2522 1284 2549 sic
1296 2522 1340 2549 ille
1353 2522 1463 2549 curavit.
1479 2522 1594 2549 Rursum
1607 2522 1650 2550 hic
1663 2527 1790 2550 centena-

1006 2569 1061 2595 rius
1074 2568 1179 2595 dicebat
1191 2577 1197 2594 :
1209 2567 1257 2594 llic
1267 2567 1339 2594 verbo
1350 2571 1455 2600 tantum,
1462 2572 1485 2595 et
1495 2567 1622 2594 sanabitur
1632 2576 1694 2603 puer
1704 2577 1773 2595 meus
1784 2577 1792 2596 :

1006 2619 1033 2642 et
1046 2614 1179 2641 admirans
1193 2613 1278 2647 ipsum
1289 2612 1394 2640 dicebat.
1409 2621 1415 2639 :
1430 2612 1473 2640 10.
1489 2612 1548 2639 Non
1563 2613 1644 2640 inveni
1654 2618 1750 2640 tantum
1762 2615 1793 2648 ﬁ-

1006 2661 1063 2688 dem
1077 2661 1104 2686 in
1118 2659 1209 2686 Israel.

1041 2706 1068 2733 Ξ.
1085 2706 1119 2734 Ut
1130 2710 1215 2732 autem
1229 2704 1362 2732 contrario
1376 2704 1497 2739 exemplo
1510 2704 1572 2732 illud
1585 2705 1688 2732 ediscas
1703 2714 1710 2733 :
1724 2713 1791 2740 quo-

1007 2752 1078 2779 niam
1098 2750 1198 2778 Martha
1220 2750 1285 2777 nihil
1305 2749 1399 2776 horum
1416 2749 1529 2782 dixerat,
1553 2750 1599 2777 sed
1619 2750 1792 2782 contrarium,

1010 2796 1190 2831 Quodcumque
1211 2795 1352 2830 poposceris
1371 2803 1388 2821 ιι
1408 2794 1473 2827 Deo,
1492 2795 1559 2823 dabit
1578 2795 1621 2822 tibi
1638 2795 1726 2832 (Joan.
1748 2795 1792 2823 Il.

1040 2875 1049 2891 ¹
1066 2873 1163 2905 quidam
1173 2872 1274 2904 habent,
1285 2871 1344 2904 ﬁde,
1355 2878 1407 2904 pro,
1419 2871 1507 2898 studio.
