2067 3132
273 186 320 221 22)
332 194 339 213 :
354 192 407 214 non
422 183 501 212 modo
514 191 566 211 non
581 183 685 211 laudata
698 187 750 216 est,
763 182 867 210 etiamsi
881 187 942 210 nuta
955 182 1062 210 Christo

274 235 346 260 esset
357 231 392 259 ab
401 238 486 266 eoque
503 230 666 265 diligeretur,
685 235 712 257 et
729 229 784 264 ipsa
799 228 942 256 admodum
964 229 1064 257 coleret

273 286 352 308 eum:
368 277 415 306 sed
428 277 507 305 etiam
521 276 555 303 ab
579 276 636 312 ipso
658 276 797 303 emendata
819 275 867 302 l'uit
881 279 909 302 ut
928 283 988 310 quae
1010 282 1064 302 non

275 323 343 351 bene
357 323 478 351 dixisset.
492 321 557 349 Nam
571 321 677 349 dicebat
691 320 728 347 illi
744 329 750 345 ε
766 320 858 347 Nonne
872 320 982 346 dicebam
996 319 1039 346 tibi
1053 327 1064 347 :

274 369 306 396 Si
317 367 464 400 credideris.
480 367 572 394 videbis
587 367 694 402 gloriam
711 365 759 392 Dei
775 365 863 400 (Joan.
877 365 919 392 il.
937 364 1004 400 ‘0)?
1025 365 1064 392 sic

274 414 346 442 illam
372 413 570 449 reprehendens
592 411 662 448 quod
688 412 805 439 nondum
828 411 995 439 credidisset.
1024 411 1063 439 Ac

274 468 379 488 rursum
391 461 451 494 quia
466 459 570 487 dicebat
586 468 593 486 :
609 458 777 492 Quaecumque
791 458 890 491 petieris
904 466 920 484 a
935 457 998 489 Deo,
1013 458 1062 484 da-

272 506 307 533 bit
322 507 366 534 tibi
381 506 449 534 Deus
465 514 473 533 :
486 506 557 533 illam
572 513 587 533 a
602 505 647 533 tali
662 505 787 540 opinione
801 505 934 533 abducens
947 505 1062 533 docens-

272 560 334 587 que,
350 552 399 579 sibi
413 560 465 579 non
478 559 545 586 opus
558 559 617 579 esse
632 555 660 578 ut
672 551 706 578 ab
719 551 770 578 alio
783 551 926 585 aeciperct,
941 550 988 578 sed
1003 557 1062 579 esse

234 627 236 630 ν
273 605 303 625 se
318 598 446 625 bonorum
469 597 579 629 fontem,
605 596 692 623 dixit:
709 595 762 631 Ego
787 604 843 623 sunt
868 596 1016 623 resurrectio
1039 601 1063 623 et

273 644 323 670 vim
340 643 418 678 (Ibid.
432 651 455 670 υ.
473 642 530 678 25).
551 642 578 669 ld
591 647 642 674 est,
661 642 718 669 Non
741 641 774 669 ab
795 642 848 669 alio
861 641 988 676 operandi
1008 642 1061 669 vim

272 693 411 722 exspecto,
425 688 472 715 sed
487 695 519 715 ex
535 688 636 722 meipso
648 688 736 714 omnia
751 688 829 714 iacio.
843 687 985 722 Propterea
998 695 1063 715 cen-

272 734 405 760 turionem
429 733 550 765 miratur,
567 733 666 768 totiqnc
691 734 788 767 populo
807 733 892 768 ipsum
912 734 1061 769 anteponit,

272 780 344 814 mgni
359 779 460 806 honore
471 779 561 810 donat.
575 780 694 814 aliosque
707 779 739 806 ad
753 787 814 807 eum
831 779 987 806 imitandum
999 787 1061 813 pro-

272 831 357 853 vocat.
372 825 479 853 Utvero
491 825 579 853 discas
594 826 679 860 ipsum
695 825 754 852 ideo
767 826 823 852 haec
839 825 949 858 dixisse,
969 830 997 851 ut
1010 832 1063 852 cae-

272 877 344 898 teros
356 871 389 898 ad
403 871 481 898 ﬁdem
495 871 606 898 similem
630 871 788 901 institueret.
809 871 869 898 audi
892 870 1062 905 evangelista

271 918 449 953 diligentiam,
467 918 599 953 quomodo
620 925 715 952 nt-mpe
740 917 852 952 idipsum
875 917 1061 945 subindicave-

271 965 327 991 rit:
343 972 404 991 nam
420 964 467 996 ait,
487 964 625 991 Conversus
644 963 730 995 Jesux,
754 963 911 998 sequentibus
929 971 956 990 se
974 963 1038 990 dixit
1051 972 1061 990 .-

271 1011 427 1040 Noninueni
449 1017 545 1038 tantam
569 1012 645 1046 [idem
666 1011 692 1038 in
713 1011 802 1038 Israel.
823 1011 893 1045 Ergo
913 1018 1007 1046 magna
1027 1010 1062 1038 de

278 1056 323 1084 illo
329 1058 498 1092 existimare,
510 1058 536 1085 id
546 1058 665 1086 maxime
675 1058 735 1086 ﬁdei
743 1063 794 1091 est,
803 1066 971 1094 regnumque
983 1059 1062 1085 caelo-

271 1112 329 1131 rum
356 1109 383 1131 et
395 1104 447 1131 alia
471 1103 541 1131 bona
564 1103 698 1130 conciliat.
720 1102 811 1137 Neque
825 1103 897 1129 enim
919 1102 1060 1129 verborum

270 1155 348 1177 tenus
366 1151 452 1184 ipsum
466 1149 590 1182 laudavit,
606 1149 653 1176 sed
672 1154 778 1183 propter
792 1148 870 1175 ﬁdem
883 1148 942 1183 ejus
960 1155 1060 1183 aegrum

270 1195 320 1230 ipsi
335 1203 428 1222 sanum
443 1194 569 1228 restituit,
587 1193 804 1229 splendidamque
824 1193 872 1229 ipsi
889 1194 971 1220 nectit
983 1201 1061 1221 coro-

270 1250 342 1275 nam,
356 1250 388 1270 ac
399 1250 492 1277 magna
506 1241 635 1276 promittit
647 1240 715 1267 dona
732 1240 773 1267 his
790 1240 898 1267 verbis:
914 1240 958 1267 il.
983 1239 1061 1266 Multi

276 1288 308 1314 ab
321 1289 420 1314 oriente
438 1293 462 1314 et
483 1288 615 1314 occidente
631 1288 742 1320 venient,
759 1293 784 1316 et
800 1289 948 1315 recumbent
958 1290 986 1315 in
1002 1290 1062 1315 δίιιι

274 1334 407 1362 Abraham
416 1335 424 1350 '
430 1339 454 1361 et
463 1334 541 1361 Isaac
547 1339 572 1362 et
578 1334 672 1361 Iacob:
681 1335 715 1361 i2
720 1334 771 1369 ﬁlii
777 1340 865 1362 autem
874 1335 947 1370 regni
954 1335 1061 1369 ejicien-

262 1385 308 1407 tur
321 1381 399 1415 foras.
416 1381 482 1415 Quia
496 1381 567 1408 enim
582 1381 663 1408 multa
679 1380 834 1408 exhibuerat
848 1380 983 1412 miracula,
998 1387 1058 1406 cum

269 1427 362 1462 majori
376 1428 502 1462 deinceps
515 1426 612 1454 ﬁducia
632 1431 660 1455 et
680 1427 802 1454 libertate
822 1427 892 1461 ipsos
905 1426 1057 1461 alloquitur.

268 1473 377 1506 Deinde,
394 1482 428 1502 ne
440 1474 501 1509 quis
515 1477 619 1508 putaret
631 1481 662 1501 se
678 1481 711 1500 ex
726 1473 878 1500 adulatione
890 1473 934 1500 illa
946 1473 1055 1505 dixisse,

267 1523 348 1554 utque
359 1527 453 1547 omnes
466 1519 609 1553 discerent,
622 1519 667 1546 illo
679 1526 742 1546 vere
760 1519 849 1546 animo
871 1519 952 1546 fuisse
966 1523 1058 1546 centu-

266 1565 379 1597 rionem,
395 1565 432 1592 ait
445 1573 452 1591 :
464 1565 508 1592 15.
529 1565 614 1597 Vade;
628 1570 655 1591 ut
669 1564 806 1597 credidisti,
823 1565 868 1598 fiat
882 1564 934 1591 tibi.
949 1564 1058 1591 Statim-

265 1618 319 1646 que
333 1610 418 1646 ipsum
429 1618 497 1646 opus
509 1616 649 1645 sequutum
665 1615 715 1643 est,
729 1610 800 1645 quod
818 1610 888 1637 illius
900 1610 1016 1636 animum
1029 1614 1057 1637 et

265 1656 426 1684 voluntatem
443 1657 639 1684 testiﬁcaretur.
661 1655 695 1682 Et
708 1661 812 1683 sanatus
827 1661 863 1683 est
876 1664 938 1690 puer
957 1657 1011 1691 ejus
1024 1656 1056 1682 ab

265 1703 328 1728 hora
340 1702 396 1729 illa.
410 1702 485 1736 Quod
496 1702 577 1729 etiam
591 1703 616 1729 in
629 1702 831 1737 Syropluenissa
846 1702 953 1737 contigit
973 1711 979 1729 ε
994 1710 1054 1729 nam

264 1748 331 1776 dixit
343 1748 401 1776 illi:
417 1748 439 1775 0
453 1749 552 1779 mulier,
568 1757 660 1784 magno
673 1753 708 1774 est
722 1748 785 1782 [idea
799 1753 841 1774 tua
854 1756 863 1780 ;
877 1748 922 1782 ﬂat
934 1748 977 1774 tibi
991 1748 1055 1776 sicut

265 1795 312 1821 vis.
324 1793 358 1820 Et
371 1799 460 1820 sanata
471 1798 509 1820 est
523 1794 578 1828 [ilia
590 1795 645 1828 ejus
660 1793 766 1827 (Matth.
781 1794 824 1821 15.
840 1793 896 1828 28).
911 1794 976 1827 Quia
989 1801 1054 1821 vero

264 1840 348 1868 Lucas
368 1840 444 1875 (Cap.
469 1840 496 1875 7)
518 1840 568 1868 hoc
587 1840 743 1867 miraculum
766 1847 885 1872 narrans,
908 1841 957 1867 alia
972 1840 1054 1868 multa

264 1885 366 1917 inserit,
380 1893 440 1920 qua:
460 1885 583 1913 videntur
603 1886 718 1920 aliquam
737 1885 833 1913 oﬁ'erre
852 1885 1051 1919 differentiam;

263 1931 321 1958 lucc
340 1932 497 1959 excutienda
512 1937 540 1959 et
561 1932 687 1959 solvenda
710 1932 787 1959 nobis
807 1937 878 1959 Sunt.
898 1932 966 1966 Quid
987 1940 1052 1968 ergo

263 1976 327 2003 dicit
341 1976 446 2003 Lucas?
458 1977 545 2011 Ipsum
565 1978 668 2004 misisse
685 1977 805 2004 seniorcs
821 1977 983 2009 Judmornm,
1006 1986 1052 2004 ro-

261 2027 356 2057 gantes
375 2028 404 2049 ut
428 2023 539 2050 veniret.
569 2023 707 2050 Matthmus
729 2031 794 2050 vero
819 2024 855 2050 ait
880 2024 1051 2051 accedentem

262 2068 349 2102 ipsum
364 2067 471 2101 dixisse.
494 2068 553 2095 Non
566 2077 622 2095 sum
634 2069 735 2103 dignus.
751 2068 863 2102 Quidam
878 2077 942 2096 vero
962 2069 1053 2096 dicunt

263 2121 316 2140 non
329 2120 389 2140 esse
400 2113 523 2140 eumdem
538 2114 635 2148 ipsum,
648 2115 697 2141 etsi
710 2114 794 2141 multa
807 2114 861 2141 sint
879 2114 1002 2149 utrinque
1015 2115 1052 2141 si-

262 2159 344 2186 milia.
367 2159 405 2186 Dc
427 2159 473 2186 illo
494 2167 607 2195 namque
622 2160 687 2187 dicit
703 2170 709 2187 :
726 2161 889 2197 Synagogam
903 2162 974 2188 nobis
986 2162 1051 2188 azdi-

262 2204 356 2238 ﬁcaoit.
378 2209 402 2231 et
416 2209 513 2240 gentem
535 2205 617 2241 diligit
631 2204 705 2240 (Luc.
728 2207 755 2233 7.
776 2207 822 2241 5);
839 2206 872 2234 de
891 2206 942 2235 hoc
962 2212 1050 2234 autem

261 2249 327 2277 dicit
336 2249 415 2277 Iesus
430 2260 437 2277 :
454 2249 542 2285 Neque
555 2251 582 2278 in
601 2251 684 2278 Israel
702 2256 797 2278 tantam
817 2252 892 2286 ﬁdem
907 2253 998 2279 inveni.
1014 2253 1051 2280 De

261 2294 308 2322 illo
322 2301 411 2322 autem
425 2304 477 2323 non
492 2296 568 2330 dixit,
584 2296 660 2324 Multi
676 2297 773 2324 venient
787 2297 817 2323 ab
837 2298 929 2324 oriente
945 2299 966 2330 ',
982 2298 1051 2326 unde

261 2341 404 2369 verisimile
414 2342 450 2369 sit
466 2342 551 2377 ipsum
569 2342 689 2370 Judaeum
707 2342 798 2370 fuisse.
814 2343 882 2376 Quid
904 2351 968 2378 ergo
980 2344 1052 2371 dice-

261 2389 340 2415 mus!
354 2387 398 2416 Sic
415 2388 520 2416 facilem
534 2395 594 2416 esse
608 2389 767 2416 solutionem
785 2397 791 2415 :
806 2389 934 2423 quatritur
950 2393 1050 2422 autem,

262 2438 349 2460 utrum
368 2434 404 2461 sit
425 2440 499 2461 vera.
521 2433 583 2461 Mihi
605 2438 677 2462 certe
696 2433 801 2461 videtur
819 2433 941 2461 eumdem
965 2435 1050 2469 ipsum

261 2487 331 2507 esse.
357 2479 497 2513 Quomodo
521 2487 595 2515 ergo,
618 2480 736 2515 inquies,
761 2480 899 2507 Mattlueus
918 2480 1050 2508 dicentem

263 2525 336 2552 illum
349 2525 480 2561 perhibet,
497 2525 558 2553 Non
575 2534 631 2553 sum
652 2527 743 2562 dignus
761 2532 790 2553 ut
809 2527 886 2554 intres
899 2527 944 2554 sub
960 2532 1052 2554 lectum

263 2580 343 2598 nth
358 2580 367 2599 :
380 2572 464 2600 Lucas
477 2580 541 2601 vero
554 2573 600 2604 ait,
621 2573 726 2600 misisse
740 2578 862 2600 vocatum
883 2578 910 2600 ul
930 2574 1052 2601 veniret?

265 2618 374 2646 Videtur
392 2619 458 2647 mihi
472 2619 557 2647 Lucas
574 2620 751 2647 adulationem
775 2620 911 2647 Judaicam
933 2620 1052 2647 subindi-

261 2671 333 2697 care,
349 2664 523 2701 hominesque
542 2667 567 2693 in
592 2666 741 2693 calamitate
757 2670 893 2693 versantes
915 2665 1051 2692 instabiles

268 2712 653 2748 essc,subindequcconsilium
664 2718 777 2740 mutare.
789 2712 939 2740 Verisimile
952 2713 1051 2747 quippe

295 2795 303 2811 ι
322 2794 373 2823 Alii.
386 2795 529 2829 reaortberu»
553 2800 618 2829 cum
635 2795 763 2829 Abraham.
781 2793 1008 2829 Pattlopostiidom.
1020 2792 1050 2824 ﬁ-

263 2825 290 2850 lii
296 2830 381 2859 autem
393 2827 463 2859 regni
473 2826 636 2859 eiicieruurin
644 2827 753 2859 tenebras
767 2825 908 2859 exteriores.
933 2854 938 2859 _

293 2857 304 2873 ⁸
319 2861 372 2884 ttss.
384 2856 490 2890 plurimi,
502 2857 571 2884 multi
579 2857 611 2883 ab
618 2857 709 2884 oriente
721 2860 744 2883 et
754 2856 877 2884 occiduae
884 2856 987 2882 amicus.

635 124 664 153 S.
682 123 822 153 JOANNIS
839 117 1075 154 CHRYSOSTOII
1093 121 1253 152 ARCHIEP.
1271 122 1538 154 CONSTANTINOI’.

1854 121 1906 151 336

1118 185 1160 208 est
1176 182 1357 209 centurionem
1373 189 1434 210 cum
1448 181 1524 209 abire
1543 181 1622 209 vellet
1638 181 1774 210 detentum
1794 180 1877 209 fuisse
1891 190 1907 209 a

1116 225 1214 254 Judaais
1236 227 1405 255 adulantibus
1428 227 1630 263 dicentibusque
1649 235 1657 253 :
1679 226 1733 254 Nos
1759 225 1856 253 ibimus
1879 231 1907 254 et

1116 272 1278 300 adducemus
1292 280 1363 300 eum.
1379 272 1446 300 Vide
1468 273 1556 308 itaque
1569 272 1782 299 adhortationem
1798 271 1910 299 illorum

1115 316 1266 346 adulatione
1275 320 1390 354 plenam.
1406 317 1496 353 Diligit
1511 319 1587 351 enim,
1603 318 1734 353 inquiunt,
1748 322 1846 353 gentem
1859 326 1906 344 no-

1115 367 1203 395 stram.
1218 368 1241 391 et
1260 372 1414 400 synagogam
1432 364 1505 391 nobis
1530 364 1677 391 construxit.
1703 362 1794 398 Neque
1818 363 1909 390 sciunt

1116 409 1186 438 unde
1198 411 1283 438 virum
1306 412 1414 440 laudare
1434 420 1481 448 par
1503 412 1548 440 sit.
1574 410 1639 438 Nam
1661 418 1722 438 cum
1745 409 1906 449 oportuisset

1115 455 1215 490 dicere,
1232 457 1322 485 Voluit
1334 458 1390 494 ipse
1410 459 1450 486 ire
1470 462 1601 493 rogatum,
1619 464 1669 484 nos
1690 460 1778 483 autem
1792 455 1908 483 retinui-

1115 510 1186 534 mus,
1197 503 1376 533 calamitatem
1390 504 1592 533 considerantes
1606 508 1634 530 et
1647 509 1745 538 corpus
1755 502 1819 529 illud
1832 501 1909 529 domi

1113 549 1203 585 jacere
1220 550 1359 583 videntes;
1375 556 1454 587 atque
1473 550 1512 578 sic
1532 550 1589 585 ejus
1613 549 1675 577 ﬁdei
1695 547 1906 584 magnitudinem

1114 602 1248 630 exponere
1265 605 1271 622 :
1287 596 1323 623 illi
1345 597 1436 631 utique
1455 596 1506 624 hoc
1527 603 1579 623 non
1597 595 1703 627 dicunt;
1729 601 1816 629 neque
1833 594 1906 621 enim

1117 642 1361 681 volebant.invidia
1381 651 1477 678 nempe
1495 643 1570 675 moti,
1586 642 1635 669 viri
1655 641 1734 669 ﬁdem
1745 640 1883 668 declarare
1898 650 1905 668 :

1114 687 1162 716 sed
1177 689 1327 716 maluerunt
1340 689 1398 724 ejus
1416 689 1540 716 virtutem
1558 688 1693 723 obtegere,
1707 694 1756 722 pro
1770 693 1824 721 quo
1842 693 1906 720 sup-

1116 733 1197 769 plices
1210 734 1382 767 accedebant,
1399 742 1432 762 ne
1454 735 1590 762 videretur
1609 740 1722 769 magnus
1740 740 1799 761 esse
1821 732 1843 759 is
1861 732 1910 766 qui

1114 785 1229 812 rogaret,
1251 789 1302 808 neu
1324 781 1402 809 ﬁdem
1421 780 1480 816 ejus
1502 781 1688 816 praedicantes,
1709 779 1748 807 sic
1767 786 1834 810 rem.
1857 785 1908 812 pro

1114 833 1165 860 qua
1181 830 1320 857 venerant,
1333 826 1501 860 perlicerent.
1514 826 1593 853 Livor
1606 826 1677 853 enim
1689 830 1805 852 mentem
1819 831 1906 851 extra:-

1114 878 1175 898 care
1187 871 1265 899 solet.
1281 871 1334 899 Sed
1348 872 1393 906 qui
1415 876 1517 899 secreta
1541 872 1624 904 novit,
1647 870 1736 898 invitis
1755 869 1806 896 illia
1818 868 1907 896 virum

1114 917 1265 945 celebravit.
1280 917 1356 951 Quod
1371 923 1458 944 autem
1473 917 1537 944 illud
1556 924 1647 945 verum
1664 916 1708 948 sit,
1725 915 1786 943 audi
1805 914 1906 942 Lucam

1114 962 1199 997 ipsum
1226 964 1397 998 interpretem
1420 964 1465 999 qui
1491 963 1530 990 sic
1559 963 1616 990 ait:
1631 963 1676 990 illo
1693 969 1746 989 non
1762 962 1841 997 longe
1861 961 1904 988 di-

1113 1013 1211 1039 stante,
1228 1010 1333 1037 misisse
1347 1009 1380 1036 ad
1395 1009 1467 1036 illum
1488 1009 1532 1044 qui
1545 1009 1666 1036 dicereut
1687 1018 1693 1035 :
1714 1007 1833 1039 Domine,
1849 1007 1905 1034 noli

1113 1055 1217 1082 vexari:
1231 1063 1281 1082 non
1308 1056 1374 1082 enim
1400 1064 1456 1082 sum
1482 1056 1573 1091 dignus
1593 1060 1620 1082 ut
1646 1055 1691 1082 sub
1710 1059 1801 1082 tectum
1821 1061 1909 1080 meum

1114 1101 1191 1127 intres
1213 1100 1297 1136 (Luc.
1320 1102 1346 1128 7.
1364 1102 1411 1135 6).
1435 1101 1502 1129 Cum
1521 1101 1592 1129 enim
1610 1107 1625 1127 a
1646 1100 1798 1128 Iudaeorum
1817 1099 1904 1127 mole.

1113 1146 1162 1172 stia
1176 1146 1243 1173 liber
1256 1146 1315 1179 luit,
1332 1151 1393 1174 tunc
1406 1147 1477 1174 misit
1490 1147 1535 1182 qui
1554 1146 1676 1174 dicerent
1690 1155 1697 1172 ε
1709 1145 1747 1173 Ne
1763 1150 1841 1181 putes
1860 1151 1905 1172 me

1112 1199 1144 1218 ex
1159 1192 1270 1226 segnitie
1290 1200 1341 1219 non
1362 1193 1486 1224 venisse;
1502 1192 1549 1220 sed
1565 1199 1608 1220 me
1621 1199 1673 1219 non
1688 1191 1796 1227 dignum
1809 1190 1903 1218 existi-

1113 1239 1193 1272 mavi,
1207 1239 1251 1274 qui
1267 1244 1292 1266 te
1307 1240 1453 1274 reciperent
1468 1239 1551 1266 domi.

1147 1285 1173 1313 5.
1188 1285 1244 1313 Etsi
1259 1293 1323 1313 vero
1338 1286 1477 1314 Matthaeus
1494 1286 1564 1313 dicat
1581 1293 1634 1313 non
1656 1292 1705 1319 per
1724 1283 1833 1317 amicos,
1853 1283 1905 1312 sed

1112 1331 1185 1358 illum
1201 1332 1287 1367 ipsum
1301 1331 1358 1359 hac
1371 1332 1481 1365 dixisse,
1495 1331 1561 1359 nihil
1576 1331 1601 1359 id
1615 1331 1648 1358 ad
1662 1338 1720 1358 rem
1731 1330 1793 1358 facit
1805 1339 1812 1357 :
1825 1337 1902 1365 qua.

1112 1378 1178 1405 ritur
1191 1378 1261 1405 enim
1272 1379 1357 1406 solum
1373 1386 1435 1405 num
1451 1384 1563 1414 uterque
1578 1378 1629 1405 viri
1648 1377 1793 1405 studiosam
1803 1377 1900 1405 volun-

1112 1428 1191 1450 tatem
1205 1423 1390 1456 declaraverit,
1405 1428 1666 1458 consentaneamque
1679 1424 1750 1451 circa
1763 1423 1900 1450 Christum

1110 1469 1168 1504 ejus
1194 1470 1358 1504 opinionem.
1389 1469 1541 1497 Verisimile
1563 1474 1652 1497 autem
1675 1473 1732 1501 est,
1759 1473 1904 1504 postquam

1110 1516 1209 1543 amicos
1220 1516 1346 1549 misisset,
1361 1517 1466 1544 venisse
1479 1517 1563 1551 ipsum
1575 1515 1692 1551 illudque
1703 1515 1812 1543 dixisse.
1821 1515 1899 1548 Quod

1109 1562 1131 1589 si
1143 1561 1192 1588 hoc
1206 1570 1258 1589 non
1274 1562 1371 1590 dixerit
1385 1562 1478 1594 Lucas,
1498 1567 1526 1589 at
1547 1570 1632 1597 neque
1651 1562 1715 1589 illud
1735 1561 1874 1589 Matthaus
1888 1569 1898 1588 :

1109 1615 1162 1634 non
1177 1608 1248 1643 quod
1271 1613 1363 1636 mutuo
1383 1609 1409 1636 in
1431 1610 1584 1636 narratione
1610 1613 1737 1644 pugnent,
1757 1608 1804 1636 sed
1825 1606 1898 1644 quod

1108 1655 1176 1682 alter
1190 1656 1367 1689 pr:ctermissa
1387 1655 1422 1683 ab
1436 1655 1521 1682 altero
1537 1660 1637 1682 narret.
1659 1654 1725 1682 Vide
1737 1659 1825 1682 autem
1843 1660 1903 1689 quo

1108 1704 1185 1734 pacto
1199 1700 1276 1728 ﬁdem
1292 1701 1349 1735 ejus
1371 1700 1456 1728 Lucas
1474 1700 1526 1727 alio
1545 1700 1624 1727 modo
1643 1700 1770 1735 przcdicet
1782 1699 1874 1727 dicens
1889 1719 1898 1726 .

1108 1744 1248 1772 Maritum:
1260 1751 1313 1772 erat
1328 1755 1399 1780 puer.
1414 1747 1538 1774 Attamen
1551 1754 1636 1781 neque
1652 1746 1701 1773 hoc
1713 1746 1785 1773 illum
1805 1745 1831 1772 in
1846 1745 1894 1773 dc-

1107 1791 1285 1825 sperationem
1311 1792 1440 1827 cctijecit.
1472 1800 1507 1820 ne
1535 1800 1550 1819 a
1571 1800 1618 1827 spe
1639 1792 1768 1825 detrusit;
1789 1792 1837 1820 Sed
1856 1793 1897 1819 sic

1106 1837 1185 1864 etiam
1201 1838 1374 1871 superstitem
1392 1838 1448 1866 fore
1466 1839 1594 1873 speravit.
1615 1838 1690 1872 Quod
1709 1838 1730 1865 si
1755 1837 1896 1865 Matthzcus

1105 1883 1212 1918 quidem
1232 1888 1322 1910 narret
1333 1883 1467 1910 Christum
1483 1883 1592 1917 dixisse,
1612 1891 1641 1911 se
1655 1889 1754 1911 tantam
1769 1883 1794 1910 in
1814 1882 1899 1912 Israel-

1106 1937 1158 1956 non
1172 1930 1305 1957 invenisse
1325 1929 1414 1962 ﬁdem,
1428 1937 1480 1965 quo
1504 1930 1622 1957 declarat
1641 1930 1727 1964 ipsum
1746 1929 1895 1956 Israelitam

1105 1983 1158 2003 non
1183 1975 1280 2009 fuisse;
1306 1976 1390 2004 Lucas
1413 1984 1487 2009 vero,
1512 1976 1597 2012 ipsum
1621 1983 1781 2012 synagogam
1807 1975 1894 2003 mdiﬁ-
1944 1968 1947 1971 ’

1104 2028 1180 2049 casse
1196 2030 1202 2048 :
1219 2030 1304 2057 neque
1321 2022 1378 2050 htec
1399 2023 1540 2057 pugnantia
1556 2027 1627 2050 sunt.
1650 2022 1738 2049 Potuit
1752 2022 1822 2049 enim
1839 2029 1894 2048 non

1104 2067 1211 2095 Judaaus
1225 2075 1384 2103 synagogam
1406 2073 1519 2100 struere,
1535 2072 1695 2103 gentemque
1713 2067 1834 2102 diligere.
1853 2067 1894 2094 Tu

1104 2121 1168 2141 vero
1180 2122 1213 2141 ne
1229 2114 1407 2149 perfunctorie
1426 2114 1495 2142 dicta
1510 2114 1568 2149 ejus
1581 2115 1714 2149 explores,
1729 2113 1776 2142 sed
1796 2113 1896 2149 praele-

1103 2164 1205 2187 cturam
1221 2160 1278 2195 ejus
1291 2160 1386 2195 adjice,
1402 2165 1429 2188 et
1444 2164 1505 2187 tunc
1525 2159 1574 2187 viri
1592 2160 1715 2187 virtutem
1737 2159 1895 2195 perspicies.

1104 2206 1206 2234 Etenim
1222 2211 1310 2234 tantus
1328 2207 1406 2242 vulgo
1422 2211 1463 2234 est
1484 2214 1577 2233 eorum
1595 2206 1639 2241 qui
1659 2205 1828 2241 praefecturas
1848 2213 1897 2240 ge-

1104 2257 1165 2279 runt
1180 2251 1272 2285 fastus,
1288 2256 1316 2278 ut
1330 2260 1364 2279 ne
1379 2251 1484 2287 quidem
1504 2252 1529 2279 in
1553 2250 1745 2278 calamitatibus
1765 2257 1826 2278 sese
1843 2250 1895 2279 de-

1104 2299 1229 2334 primant.
1254 2299 1318 2326 Nam
1335 2299 1376 2331 is.
1403 2299 1446 2334 qui
1467 2298 1537 2333 apud
1563 2297 1693 2325 Joannem
1718 2301 1894 2329 memoratur,

1105 2343 1178 2370 illum
1192 2344 1217 2371 in
1231 2343 1340 2371 domum
1356 2344 1437 2370 trahit
1449 2348 1476 2370 et
1488 2343 1553 2371 dicit
1569 2352 1575 2370 :
1592 2343 1730 2374 Descende,
1747 2343 1896 2382 priusquam

1104 2391 1173 2425 ﬁlius
1187 2399 1256 2418 mea:
1272 2391 1393 2417 moriatur
1405 2390 1494 2426 (Joan.
1509 2391 1536 2417 4.
1552 2390 1608 2424 49).
1624 2390 1672 2417 Hic
1687 2397 1751 2417 vero
1765 2397 1818 2417 non
1832 2389 1870 2416 ita
1885 2397 1893 2415 :

1103 2436 1150 2463 sed
1164 2441 1217 2463 tam
1232 2436 1287 2468 illo,
1299 2443 1377 2470 quam
1390 2436 1432 2467 iis,
1444 2436 1486 2471 qui
1499 2443 1545 2470 per
1556 2440 1654 2462 tectum
1670 2435 1795 2463 lectulum
1809 2434 1896 2462 demi-

1104 2485 1205 2514 serunt,
1221 2482 1388 2516 prwstantior
1409 2486 1459 2508 est.
1473 2481 1530 2508 Non
1552 2481 1623 2508 enim
1641 2482 1806 2516 corporalem
1825 2488 1895 2516 pra-

1104 2528 1215 2555 sentiam
1232 2528 1353 2562 requirit,
1370 2535 1455 2562 neque
1470 2535 1553 2562 prope
1565 2527 1697 2555 medicum
1706 2532 1834 2562 aegrotum
1847 2527 1897 2555 de-

1104 2574 1178 2606 tulit;
1195 2574 1220 2601 id
1234 2574 1304 2608 quod
1319 2578 1405 2600 tamen
1416 2582 1467 2600 non
1483 2581 1590 2608 parvam
1604 2574 1827 2601 existimationem
1838 2581 1894 2608 pra:

1103 2626 1133 2646 se
1147 2619 1242 2651 ferret;
1257 2618 1305 2646 sed
1318 2626 1348 2645 ea
1363 2627 1422 2652 qua:
1443 2618 1526 2645 Deum
1545 2618 1657 2646 decebat
1669 2614 1794 2653 opinione
1813 2618 1898 2646 {ultus

1103 2665 1140 2692 ait
1155 2673 1162 2692 :
1180 2664 1227 2691 Dic
1240 2664 1314 2691 verba
1332 2665 1422 2691 solum.
1448 2663 1538 2699 Neque
1554 2664 1629 2691 initio
1642 2664 1717 2698 dictt,
1742 2664 1791 2691 Die
1807 2664 1893 2697 verba,

1103 2711 1150 2738 sed
1161 2710 1344 2746 aegritudinem
1354 2715 1455 2738 tantum
1463 2710 1582 2738 declarat
1596 2719 1602 2737 :
1616 2710 1651 2737 ob
1661 2718 1783 2746 magnam
1795 2711 1896 2746 quippe

1103 2757 1277 2784 humilitatem
1292 2764 1344 2784 non
1367 2756 1475 2791 putabat
1496 2755 1630 2784 Christum
1651 2756 1739 2784 statim
1754 2764 1810 2784 rem
1825 2763 1894 2784 con-

1103 2809 1251 2832 cessurum.
1268 2807 1296 2830 et
1308 2802 1416 2829 domum
1428 2801 1571 2839 petiturum
1582 2809 1652 2829 esse.
1667 2801 1728 2829 Ideo
1736 2808 1797 2829 cum
1807 2801 1897 2836 ipsum

1104 2849 1206 2877 audivit
1219 2849 1360 2882 dicentem,
1381 2848 1436 2884 Ego
1450 2848 1550 2876 verum;
1564 2848 1655 2876 curabo
1675 2852 1823 2883 eum,'tuac
1849 2846 1903 2879 ait.
