2067 3132
179 151 230 179 531

183 208 229 234 Dic
241 206 324 234 verba.
337 205 429 242 Neque
439 206 512 233 illum
525 206 559 233 ita
573 213 672 234 mceror
682 207 806 239 turbavit,
820 206 866 233 sed
883 207 963 233 etiam

180 255 206 281 in
220 253 371 281 calamitate
395 252 640 287 pbilosophabatur,
665 260 718 279 non
743 257 796 279 tam
820 252 967 287 respiciens

179 300 212 327 ad
227 299 299 334 pueri
315 299 504 332 valetudinem,
519 305 597 333 quam
611 305 645 325 ne
658 297 722 333 quid
738 298 794 333 ipse
814 297 902 325 minus
917 298 966 325 de-

179 349 270 373 center
290 345 401 372 taceret.
425 345 589 379 Quamquam
609 351 662 371 non
689 344 746 379 ipse
771 345 894 379 petebat,
919 344 965 372 sed

177 390 300 418 Christus
312 398 371 418 sese
383 390 479 418 obtulit
493 398 500 416 :
515 394 629 417 attamen
643 389 682 417 sic
704 397 809 424 quoque
831 390 918 417 timuit
931 397 966 417 ne

178 436 245 465 ultra
268 444 347 471 quam
362 436 475 472 dignitas
498 443 545 463 sua
565 435 710 471 postularet
729 436 872 471 acciperet,
897 443 965 463 neve

177 489 234 509 rem
248 489 356 517 gravem
369 482 480 509 subiret.
492 481 615 509 Vidistin‘
627 481 685 516 ejus
702 481 884 516 prudentiam?
899 482 964 509 Per-

178 527 264 562 pende
276 527 427 555 Judteorum
438 527 577 554 stultitiam
592 526 746 560 dicentium,
762 526 860 563 Dignus
875 532 911 554 est
925 528 965 555 cui

177 574 285 609 gratiam
297 575 412 609 conferas
426 572 502 608 (Luc.
514 573 540 599 7.
551 573 591 607 4).
605 572 672 600 Cum
686 577 822 607 oporteret
834 572 867 600 ad
881 572 964 600 mise-

177 619 318 647 ricordiam
331 619 393 646 Jesn
408 618 560 654 confugere,
582 618 618 646 illi
633 618 788 653 dignitatem
806 619 963 651 obtendunt,

177 673 263 700 neque
273 672 327 700 quo
346 669 423 700 pacto
442 664 587 692 obtendere
608 664 724 699 oportuit
743 665 842 692 sciunt.
866 665 963 692 Verum

177 719 230 739 non
244 711 278 738 ita
293 711 353 742 ille;
369 710 415 738 sed
434 718 464 737 se
482 709 591 737 omnino
613 710 749 745 indignum
767 710 872 738 dicebat
892 717 962 744 esse,

177 765 229 783 non
250 756 329 784 modo
351 756 484 788 beneficii,
507 756 553 783 sed
574 756 652 783 etiam
672 756 716 791 qui
742 755 877 784 Christum
891 755 963 783 domi

176 803 316 837 reciperet.
332 802 510 836 Quamobrem
524 809 585 829 cum
605 802 725 834 dixisset,
748 801 817 828 Puer
831 809 899 829 meus
916 803 962 837 ja-

174 853 224 880 cet,
239 855 290 875 non
307 848 452 882 snbjunxit,
477 848 533 880 Dic,
549 852 681 880 metuens,
695 855 729 875 ne
751 847 873 883 indignus
892 852 964 876 esset

176 895 222 922 tali
233 895 304 922 dono
320 904 327 921 :
341 895 388 922 sed
407 894 584 922 calamitatem
608 894 693 921 solum
716 893 869 922 declaravit.
896 894 962 928 Quia

175 949 242 971 vero
256 940 320 968 vidit
337 940 473 968 Christum
495 947 554 968 sese
575 940 608 967 ad
627 940 743 968 euadunt
759 947 908 975 parantem,
929 948 963 968 ne

174 989 214 1016 sic
225 988 332 1024 quidem
346 986 392 1016 ille
406 986 432 1013 in
446 994 502 1013 rem
517 986 631 1013 oblatam
649 986 751 1019 insiliit,
765 986 812 1014 sed
833 985 921 1014 adhuc
935 988 962 1014 in

173 1034 257 1069 gradu
270 1034 319 1061 sibi
335 1032 490 1070 congruenti
502 1032 608 1061 mansit.
621 1031 647 1060 Si
662 1032 722 1067 quis
736 1039 800 1060 vero
814 1032 894 1065 dicat,
908 1033 962 1060 Cur

173 1080 296 1108 Christus
315 1080 389 1108 illum
412 1088 464 1108 non
485 1081 584 1116 pariter
598 1078 757 1107 honoravit?
773 1078 885 1106 dixerim
900 1086 960 1114 ego,

173 1135 298 1162 magnum
310 1127 359 1162 ipsi
371 1127 499 1155 honorem
513 1127 646 1155 retulisse.
661 1125 751 1155 Primo
761 1126 878 1161 quidem,
892 1126 962 1160 quod

173 1172 292 1200 animum
306 1179 468 1208 pronamque
482 1172 642 1200 voluntatem
658 1171 814 1204 ostenderit,
829 1179 887 1206 qua:
903 1179 960 1198 ma-

173 1218 246 1246 xime
255 1218 387 1253 apparuit,
403 1218 463 1253 quia
482 1218 539 1253 ipse
558 1218 585 1245 in
598 1218 707 1246 domum
727 1218 785 1252 ejus
799 1225 852 1245 non
869 1216 960 1249 venit;

173 1263 301 1297 secundo,
316 1263 388 1299 quod
407 1263 480 1291 illum
504 1264 530 1291 in
554 1271 664 1299 regnum
686 1263 872 1296 introduxerit,
886 1272 962 1291 emn-

174 1319 226 1345 que
237 1311 282 1338 toti
296 1310 414 1338 Iudaica:
430 1310 500 1344 genti
515 1310 697 1345 praeposuerit.
712 1310 779 1344 Quia
793 1310 863 1337 enim
879 1317 908 1337 se
921 1310 961 1337 in-

173 1358 281 1392 dignum
305 1356 470 1392 judicaverat
490 1357 534 1392 qui
559 1356 694 1384 Christum
719 1357 790 1384 domi
818 1356 959 1392 reciperet,

175 1404 253 1430 etiam
269 1410 351 1438 regno
362 1402 456 1438 dignus
468 1402 579 1430 effectus
593 1407 642 1434 est,
656 1407 684 1430 et
693 1401 784 1430 eadem
797 1410 856 1437 qua:
874 1401 960 1429 Abra-

176 1448 235 1476 ham
249 1454 426 1483 consequutus
437 1453 479 1476 est
491 1448 569 1476 bona.
581 1447 615 1475 Et
625 1455 676 1483 qua
693 1447 726 1475 de
738 1455 827 1480 causa,
846 1447 960 1482 inquies,

175 1495 307 1529 leprosus,
329 1495 372 1529 qui
395 1494 437 1521 his
455 1494 554 1528 majora
576 1493 741 1527 exhibuerat,
764 1501 817 1521 non
843 1493 962 1521 laudatus

174 1542 231 1568 est?
245 1540 336 1576 Neque
347 1540 416 1568 enim
428 1541 493 1568 dixit
506 1540 560 1573 ille,
573 1539 622 1567 Dic
634 1540 705 1567 verbo
717 1548 726 1572 ;
743 1540 788 1567 sed
803 1540 873 1575 quod
884 1541 962 1576 longe

175 1588 261 1623 majus
274 1594 341 1621 erat,
356 1587 428 1615 Velis
443 1587 625 1614 tantummodo
641 1595 647 1613 :
663 1587 688 1614 id
701 1587 771 1621 quod
785 1587 819 1614 de
830 1587 906 1614 Patre
925 1587 963 1614 ait

175 1634 303 1669 propheta
319 1642 325 1660 :
343 1632 451 1665 Omnia,
478 1641 639 1668 quteeumque
663 1632 757 1662 voluit,
790 1633 849 1668 fecit
875 1632 960 1668 (Paul.

175 1679 235 1706 “5.
250 1679 277 1706 3.
294 1678 374 1714 [11]).
391 1679 485 1705 Verum
501 1678 547 1705 ille
561 1684 666 1712 quoque
682 1678 805 1704 laudatus
824 1681 874 1705 est.
895 1677 961 1705 Cum

175 1725 244 1751 enim
256 1724 333 1754 dixit,
349 1723 420 1757 O/fer
429 1723 532 1756 donum,
545 1724 613 1759 quod
623 1724 740 1758 prmepit
755 1723 865 1759 Moyses,
880 1724 907 1751 in
926 1729 964 1750 te-

175 1771 319 1797 stimonium
338 1771 398 1803 illis,
415 1770 481 1797 nihil
494 1770 564 1797 aliud
580 1773 636 1797 erat
653 1777 730 1805 quam
746 1770 844 1803 dicere,
864 1770 904 1797 Tu
916 1778 962 1798 ac-

175 1815 282 1842 cusabis
299 1815 368 1848 illos,
388 1816 448 1850 quia
467 1815 615 1843 credidisti.
637 1815 761 1850 Alioquin
780 1823 831 1843 non
852 1816 962 1850 perinde

176 1866 232 1888 erat
255 1861 386 1892 Judaeum,
410 1866 488 1896 atque
511 1866 664 1888 extraneum
690 1861 814 1896 gentilem
841 1861 961 1889 credere.

177 1907 250 1941 Quod
265 1908 335 1934 enim
349 1907 468 1934 centurio
482 1907 589 1934 Judacus
603 1914 655 1934 non
669 1912 749 1939 esset,
769 1906 794 1934 id
818 1907 901 1942 liquet
920 1907 963 1934 vel

177 1961 207 1981 ex
219 1961 252 1981 eo
262 1953 333 1988 quod
345 1954 466 1980 centurio
480 1957 560 1986 esset,
576 1957 603 1980 et
623 1952 692 1987 quod
709 1952 829 1980 Christus
841 1952 938 1980 dixerit
954 1961 962 1980 :

178 1998 266 2035 Neque
279 1999 306 2025 in
322 1998 401 2026 Israel
413 2003 508 2026 tantam
520 1999 596 2033 ﬁdem
609 1998 701 2026 inueni.

211 2046 239 2073 4.
253 2045 369 2080 Eratque
387 2045 505 2079 profecto
523 2052 566 2072 res
581 2052 685 2079 magna,
706 2044 839 2072 hominem
859 2045 902 2079 qui
918 2052 965 2072 ex-

179 2097 216 2119 tra
231 2092 382 2119 Iudaeorum
392 2091 539 2126 catalogum
554 2096 621 2124 erat,
637 2095 709 2118 tanta
719 2090 752 2117 de
769 2090 876 2118 Christo
890 2091 963 2125 cogi-

179 2143 257 2165 tasse.
274 2137 350 2170 Nam,
364 2142 392 2165 ut
409 2137 473 2164 mihi
492 2137 604 2168 videtur,
618 2144 749 2171 supernos
769 2136 813 2163 ille
831 2137 965 2163 exercitus

179 2188 268 2211 mente
281 2188 455 2217 conceperat;
479 2182 648 2216 morbosque,
665 2187 776 2208 mortem
790 2182 894 2216 aliaque
908 2189 965 2208 om-

179 2230 220 2258 nia
236 2230 271 2257 ila
283 2229 390 2257 Christo
409 2229 526 2264 subjecta
542 2236 610 2260 esse,
626 2233 654 2255 ut
671 2228 767 2255 milites
786 2228 847 2256 sibi.
865 2228 965 2262 Quam-

179 2276 270 2304 obrem
284 2276 388 2304 dicebat
402 2284 409 2302 :
425 2275 493 2302 Nam
505 2284 550 2311 ego
565 2276 639 2302 homo
649 2284 704 2302 sum
717 2275 761 2302 sub
776 2280 895 2311 potestate
906 2284 966 2302 con-

179 2325 299 2355 stitutus;
324 2324 374 2350 hoc
396 2328 447 2356 est,
470 2322 510 2350 Tu
533 2322 612 2354 Deus,
636 2330 685 2357 ego
706 2322 785 2349 horno
809 2331 815 2349 :
841 2330 891 2357 ego
917 2322 966 2349 sub

181 2373 322 2405 potestate,
337 2373 364 2395 tu
380 2376 431 2396 non
444 2369 493 2395 sub
514 2373 653 2402 potestate.
666 2367 694 2395 Si
709 2375 758 2402 ego
776 2368 864 2402 igitur.
887 2367 966 2394 homo

179 2420 207 2443 et
220 2415 270 2443 sub
293 2419 433 2450 potestate.
452 2418 524 2441 tanta
546 2421 652 2448 possum
669 2421 676 2440 :
693 2413 775 2440 multo
799 2414 881 2448 magis
899 2413 965 2447 ipse,

181 2463 224 2497 qui
238 2467 265 2490 et
281 2461 350 2489 Deus
363 2465 405 2488 est
417 2466 444 2488 et
457 2460 505 2488 sub
528 2464 658 2495 potestate
677 2467 729 2487 non
751 2464 808 2492 est;
826 2460 882 2486 vult
896 2460 966 2487 enim

181 2517 215 2536 ex
235 2515 338 2535 summa
362 2507 560 2542 prmeminentia
582 2507 634 2534 hoc
654 2506 691 2534 illi
718 2507 840 2539 suadere,
860 2515 890 2534 se
913 2515 965 2534 non

181 2555 267 2582 simile
281 2554 433 2588 exemplum
459 2552 563 2586 alierre,
583 2553 630 2580 sed
643 2554 680 2580 rei
702 2553 781 2588 longe
794 2553 966 2581 sublimior-is.

181 2600 247 2628 Nam
267 2600 290 2627 si
306 2607 366 2635 ego,
383 2599 476 2634 inquit,
501 2599 545 2634 qui
567 2606 614 2633 par
627 2598 753 2633 subjectis
775 2606 845 2631 smn,
872 2603 898 2626 et
918 2599 969 2626 sub

182 2650 314 2682 potestate
335 2645 503 2676 constitutus,
517 2645 552 2672 ob
565 2653 672 2680 parvam
696 2650 782 2672 tamen
807 2645 969 2679 praefectura:

182 2693 378 2725 auctoritatem,
395 2696 467 2718 tanta
483 2699 588 2726 possum
605 2691 709 2717 nemine
727 2696 906 2726 repugnante;
921 2690 969 2718 sed

182 2746 240 2774 qua:
255 2739 359 2773 impero
381 2737 480 2770 omnia,
504 2738 611 2764 diversa
630 2737 692 2764 licet
706 2737 768 2768 sint,
785 2735 969 2771 exsequutioni

183 2783 358 2815 mandantur;
375 2783 426 2809 Alii
439 2783 503 2810 enim
515 2783 583 2815 dico,
599 2782 676 2814 Vade,
690 2787 712 2809 et
722 2782 789 2808 vadit
803 2789 812 2808 :
824 2782 878 2814 alii,
897 2781 969 2815 Velit,

183 2833 206 2856 et
218 2829 284 2856 venit
300 2836 310 2856 :
325 2829 404 2863 longe
421 2829 519 2862 majora
543 2834 569 2855 tu
590 2829 697 2863 poteris.
711 2827 821 2861 Quidam
843 2827 913 2854 hunc
932 2827 972 2853 lo-

183 2881 243 2902 cum
254 2875 291 2903 ita
303 2875 396 2910 legunt
410 2885 416 2902 :
433 2875 463 2902 Si
477 2875 542 2902 enim
556 2882 600 2910 ego
614 2874 688 2915 homo
701 2881 758 2900 cum
771 2873 828 2906 sim,
843 2877 868 2900 ct
887 2873 971 2900 inter-

654 149 686 177 IN
705 149 907 178 MATTHEUM
928 147 1039 176 llOMlL.
1062 148 1154 177 XXVI.
1176 151 1210 177 al.
1231 151 1336 179 XXVII.

1754 155 1806 183 7.18

1019 206 1161 239 punctione
1172 208 1257 242 posita
1271 208 1442 243 subjungnnt,
1462 210 1506 236 sub
1521 215 1639 243 potestate
1651 202 1743 240 [iubens
1760 214 1806 240 sub

1018 260 1057 279 me
1070 253 1169 281 milites.
1180 254 1220 281 Tu
1232 262 1296 281 vero
1304 256 1457 283 consideres
1472 257 1559 290 velim,
1573 259 1707 292 quomodo
1715 263 1804 287 osten-

1017 297 1063 325 dat
1074 298 1159 333 ipsum
1176 301 1253 326 etiam
1269 301 1345 327 morti
1363 306 1390 328 ut
1409 309 1485 328 servo
1509 302 1650 337 imperare,
1668 308 1695 330 et
1709 306 1803 338 praeci-

1018 350 1082 378 pere
1095 348 1124 371 ut
1134 344 1281 372 dominum.
1296 345 1363 372 Cum
1374 347 1444 373 euitn
1458 347 1529 378 dicit,
1550 347 1623 379 Veni,
1638 353 1662 375 et
1677 349 1752 382 venit,
1766 354 1803 382 ct,

1022 388 1101 421 Vade.
1115 394 1138 416 et
1154 391 1231 423 vadit,
1256 391 1282 418 id
1305 391 1436 426 signiﬁcat
1451 401 1457 419 :
1474 392 1503 420 Si
1515 392 1626 427 jnsseris
1642 401 1693 421 nan
1714 395 1804 422 venire

1016 439 1129 462 mortem
1146 443 1226 470 super
1242 445 1312 468 eum,
1326 445 1377 464 non
1396 438 1492 465 veniet.
1514 438 1605 466 Viden’
1619 447 1696 474 quam
1720 440 1803 468 fidelis

1015 481 1104 508 esset?
1116 481 1191 515 Quod
1210 483 1280 509 enim
1305 484 1427 511 omnibus
1454 490 1543 519 postea
1563 485 1664 513 clarum
1687 486 1802 514 futurum

1016 530 1083 559 erat,
1100 527 1275 562 omnibusque
1288 534 1392 561 notum,
1408 529 1451 556 hic
1463 530 1516 564 jam
1533 531 1617 565 palam
1632 531 1703 565 facit,
1718 532 1802 566 ipsum

1016 579 1113 606 nempe
1133 572 1231 600 habere
1249 578 1404 608 potestatem
1431 575 1522 603 mortis
1542 581 1568 603 et
1588 577 1657 610 vitat,
1675 585 1805 613 posseqne

1016 617 1049 643 ad
1065 622 1154 651 portas
1167 619 1260 645 mortis
1270 619 1403 648 deducere
1417 628 1447 648 ac
1457 621 1593 649 reducere.
1608 622 1699 657 Neque
1712 623 1744 653 de
1756 624 1804 650 mi-

1016 663 1106 692 litibus
1121 665 1206 693 solum
1228 665 1303 698 dixit,
1318 667 1364 694 sed
1380 667 1458 694 etiam
1474 667 1508 695 de
1520 668 1613 700 servis,
1630 669 1700 703 quod
1721 670 1804 703 majo-

1015 710 1053 739 ris
1067 711 1249 747 obsequentize
1259 717 1326 739 erat.
1347 713 1470 741 Attamen
1486 718 1585 741 tantam
1600 714 1700 742 habens
1712 715 1802 748 fidem,

1016 763 1047 784 se
1067 757 1201 792 indignum
1216 759 1323 792 putabat
1336 766 1343 791 ;
1364 758 1486 786 Christus
1500 765 1588 787 autem
1603 761 1747 788 ostendens
1761 762 1802 788 di-

1015 809 1097 837 gnum
1117 803 1190 830 illum
1211 810 1281 836 esse,
1297 804 1373 838 cujus
1385 804 1492 831 domum
1509 806 1629 838 intraret,
1646 806 1729 832 multo
1748 814 1804 833 ma-

1013 847 1072 882 jora
1096 849 1121 875 ci
1145 849 1268 880 contulit,
1284 850 1368 884 ipsum
1395 850 1529 878 admirans
1551 856 1628 886 atque
1646 853 1800 886 prtcdicans.

1015 893 1144 927 pluraque
1168 893 1234 920 darts
1253 902 1332 928 quam
1347 895 1469 929 petierat.
1494 895 1571 922 Venit
1586 896 1656 923 enim
1683 897 1803 931 corporis

1015 939 1128 967 salutem
1145 947 1226 975 puero
1245 947 1377 975 qurereus.
1393 945 1419 968 et
1441 946 1551 976 accepto
1570 949 1652 977 regno
1669 942 1801 970 discessit.

1017 984 1110 1012 Viden‘
1129 985 1262 1020 quomodo
1275 985 1329 1020 jam
1356 986 1492 1019 impletum
1520 992 1574 1013 crat
1603 987 1676 1019 illud,
1694 987 1804 1020 Quwrite

1015 1039 1119 1066 regnum
1128 1031 1256 1063 actarum,
1270 1036 1292 1057 et
1303 1031 1355 1058 ha'c
1367 1032 1451 1058 omnia
1459 1031 1610 1066 adjiciantur
1619 1032 1686 1059 nobis
1697 1032 1735 1068 (Μ
1739 1034 1802 1059 uttlt.

1016 1077 1042 1104 6.
1057 1077 1121 1113 55)?
1139 1077 1207 1110 Quia
1221 1077 1290 1104 enim
1306 1077 1414 1104 multam
1434 1077 1511 1105 fidem
1526 1083 1552 1105 et
1570 1079 1744 1106 humilitatem
1758 1087 1803 1106 ex-

1015 1123 1148 1155 hibuerat,
1163 1129 1190 1150 et
1204 1123 1298 1151 cadum
1312 1123 1395 1156 dedit,
1406 1127 1432 1150 et
1446 1124 1520 1158 pueri
1531 1124 1669 1152 sanitatem
1685 1125 1782 1159 adjecit
1794 1133 1800 1151 :

1014 1177 1064 1198 nec
1075 1171 1160 1205 ipsum
1174 1170 1218 1197 illo
1233 1173 1334 1197 tantum
1346 1169 1423 1197 modo
1435 1170 1584 1203 honoravit,
1595 1170 1641 1197 sed
1652 1171 1731 1198 etiam
1744 1178 1804 1197 cum

1014 1217 1130 1244 ostendit
1153 1216 1250 1251 quibus
1271 1217 1363 1250 ejectis
1388 1216 1432 1243 ille
1459 1216 1682 1244 introduceretur.
1716 1217 1803 1251 Atque

1013 1263 1110 1290 exinde
1124 1263 1247 1290 omnibus
1270 1267 1360 1290 notum
1381 1263 1452 1296 facit,
1468 1271 1501 1290 ex
1528 1263 1578 1290 title
1600 1264 1710 1290 salutem
1733 1271 1801 1295 esse.

1013 1317 1066 1338 non
1082 1317 1114 1336 ex
1128 1309 1159 1337 Iis
1174 1317 1232 1344 qum
1246 1309 1390 1336 secundum
1405 1309 1489 1344 legent
1505 1313 1579 1336 erant
1589 1309 1720 1344 operibus.
1735 1309 1804 1342 Qua-

1014 1361 1121 1394 propter
1136 1356 1299 1386 nouJudteis
1317 1361 1430 1390 tantum,
1451 1357 1496 1384 sed
1510 1358 1588 1384 etiam
1612 1357 1733 1392 gentibus
1755 1357 1804 1384 hoc

1013 1404 1113 1431 donum
1141 1405 1303 1439 propositum
1324 1407 1388 1434 erit:
1413 1402 1465 1430 imo
1481 1402 1521 1429 bis
1537 1402 1622 1436 potius
1642 1410 1719 1437 quam
1741 1402 1802 1429 illis.

1013 1449 1052 1479 Ne
1063 1450 1159 1485 putetis
1178 1450 1259 1483 enim,
1282 1450 1375 1484 inquit,
1392 1450 1415 1477 id
1439 1453 1463 1477 in
1478 1448 1632 1475 centurione
1652 1453 1750 1474 tantum
1767 1447 1805 1474 fa-

1014 1501 1085 1524 ctum
1099 1503 1168 1527 esse.
1185 1496 1231 1523 sed
1247 1497 1272 1523 in
1289 1501 1344 1524 toto
1359 1497 1422 1523 orbe
1434 1496 1546 1530 idipsnm
1566 1494 1627 1523 erit.
1648 1494 1701 1520 Hoc.
1717 1499 1803 1520 autem

1014 1541 1090 1573 dixit.
1113 1549 1160 1576 per
1178 1543 1341 1577 prophetiam
1363 1542 1397 1569 de
1411 1543 1533 1576 gentibus
1553 1543 1674 1577 loquens,
1688 1541 1805 1577 ipsisque

1015 1586 1111 1614 bonam
1138 1594 1211 1621 spem
1231 1587 1356 1614 otl‘erens.
1378 1588 1480 1615 Etenim
1505 1596 1537 1614 ex
1561 1588 1669 1615 Galila-a
1684 1589 1801 1622 gentium

1014 1637 1091 1661 erant
1100 1633 1144 1667 qui
1157 1633 1336 1668 sequebantur
1354 1642 1424 1660 eum.
1439 1634 1501 1660 llaec
1515 1641 1593 1668 porro
1607 1634 1721 1665 dicebat,
1737 1642 1803 1667 geu-

1014 1681 1056 1704 tes
1070 1685 1124 1704 non
1145 1678 1236 1705 sinens
1255 1678 1373 1704 animum
1400 1677 1576 1712 despondere,
1600 1677 1805 1712 .ludieorumque

1015 1721 1112 1750 fastum
1125 1722 1287 1757 deprimens.
1301 1722 1341 1750 Ne
1353 1728 1441 1750 autem
1456 1723 1497 1750 bis
1509 1723 1586 1750 dictis
1599 1723 1746 1750 offenderet
1757 1731 1804 1750 au-

1015 1767 1125 1799 ditores,
1142 1776 1209 1795 neve
1226 1768 1391 1799 occasionem
1408 1768 1538 1803 przcberet
1550 1768 1647 1801 ullam;
1662 1777 1713 1796 non
1731 1769 1804 1804 prius

1015 1813 1050 1840 de
1062 1814 1183 1848 gentibus
1197 1813 1330 1848 loquutus,
1347 1814 1393 1841 sed
1416 1815 1554 1841 occasione
1569 1819 1643 1848 capta
1658 1822 1690 1841 ex
1709 1819 1802 1841 centu-

1015 1859 1101 1892 rione,
1115 1866 1150 1886 ne
1162 1866 1257 1886 nomen
1269 1858 1374 1894 quidem
1383 1859 1499 1894 gentiutn
1513 1864 1603 1893 aperte
1617 1859 1700 1894 ponit.
1712 1858 1804 1894 Neque

1015 1905 1087 1933 enim
1101 1905 1177 1938 dixit,
1189 1905 1260 1932 Multi
1275 1913 1309 1932 ex
1328 1905 1469 1940 gentibus;
1490 1905 1546 1937 sed,
1562 1905 1638 1932 Multi
1661 1913 1692 1932 ea;
1709 1906 1804 1932 oriente

1016 1956 1040 1978 et
1054 1951 1190 1984 occidente,
1206 1951 1276 1986 quod
1295 1958 1389 1987 gentes
1410 1952 1501 1986 utique
1522 1952 1697 1986 signiﬁcabat,
1719 1960 1805 1987 neque

1016 2002 1104 2025 tamen
1118 1998 1272 2026 offendebat
1285 1998 1435 2031 auditores;
1453 1998 1599 2025 involutum
1613 1999 1683 2025 enim
1696 2003 1754 2025 erat
1766 1998 1804 2025 di-

1016 2049 1097 2072 ctum.
1113 2044 1203 2080 Neque
1220 2045 1270 2072 hoc
1290 2050 1390 2072 tantum
1405 2046 1483 2072 modo
1497 2046 1562 2073 lenit
1574 2045 1643 2072 hanc
1656 2053 1750 2072 novam
1762 2046 1804 2072 in-

1017 2091 1174 2125 solitamqne
1192 2090 1350 2123 doctrinam,
1366 2091 1412 2118 sed
1431 2091 1501 2126 qunti
1524 2092 1610 2118 sitnnn
1624 2091 1738 2118 Abrahae
1757 2099 1805 2125 pro

1017 2144 1100 2171 regno
1115 2137 1244 2172 posuerit.
1260 2137 1350 2171 Neque
1364 2137 1434 2164 enim
1455 2137 1505 2164 hoc
1519 2138 1582 2171 ipsis
1597 2142 1687 2164 notum
1707 2145 1803 2164 nomen

1017 2189 1075 2210 erat
1090 2192 1097 2210 :
1113 2183 1248 2218 magisque
1266 2183 1324 2210 illos
1340 2183 1479 2210 mordebat
1494 2183 1626 2210 Abraham
1642 2184 1667 2210 in
1689 2183 1804 2210 medium

1017 2229 1156 2256 adductus.
1179 2229 1348 2263 Quapropter
1366 2228 1481 2256 Joannes
1503 2229 1567 2255 nihil
1587 2229 1675 2255 statim
1703 2229 1736 2255 de
1757 2236 1804 2263 ge-

1019 2275 1105 2303 benna
1127 2274 1272 2306 dixit;sed
1296 2275 1365 2309 quod
1381 2275 1463 2309 magis
1484 2275 1543 2302 illos
1564 2275 1803 2309 pungebatattulit,

1020 2322 1108 2349 Nolite
1118 2322 1208 2352 dicere,
1227 2320 1328 2348 Patrem
1340 2321 1458 2348 habemus
1467 2321 1593 2347 Abraham
1609 2320 1712 2356 (Matth.
1725 2320 1749 2347 5.
1766 2321 1803 2355 9).

1019 2369 1085 2396 Cum
1100 2368 1141 2396 his
1153 2367 1224 2394 aliud
1238 2368 1317 2394 etiam
1334 2367 1463 2402 providet,
1478 2375 1511 2394 ne
1524 2367 1644 2394 videatur
1663 2367 1744 2394 veteri
1765 2367 1804 2394 vi-

1019 2415 1097 2442 vendi
1111 2414 1230 2441 instituto
1243 2413 1391 2441 contrarius
1405 2421 1475 2440 esse.
1491 2413 1557 2440 Nam
1578 2413 1622 2447 qui
1644 2411 1807 2447 patriarchas

1020 2460 1177 2492 admiratur,
1191 2466 1336 2494 eortnnqne
1355 2459 1427 2486 sinus
1441 2464 1540 2486 sortetn
1566 2459 1695 2485 bonorum
1715 2458 1807 2492 appel-

1020 2506 1067 2538 lat,
1091 2506 1160 2532 hanc
1179 2504 1356 2539 suspicionem
1378 2504 1488 2531 omnino
1523 2508 1549 2531 et
1578 2503 1704 2530 radicitus
1728 2504 1805 2530 tollit.

1020 2550 1103 2578 Nemo
1120 2550 1207 2585 itaque
1225 2557 1303 2576 uuam
1325 2557 1385 2577 esse
1400 2554 1473 2584 putet
1492 2550 1724 2576 comminationem
1738 2557 1744 2575 :
1759 2549 1805 2576 du-

1020 2598 1081 2633 plex
1093 2597 1191 2632 quippe
1207 2601 1249 2624 est
1271 2596 1324 2624 illis
1332 2595 1612 2631 supplicium,duplex
1634 2596 1673 2623 his
1695 2595 1804 2622 ltetitia:

1022 2643 1074 2671 illis
1087 2643 1202 2678 quidetn,
1225 2650 1276 2669 non
1296 2642 1366 2676 quod
1384 2641 1531 2669 exciderint
1546 2647 1658 2674 tantum,
1673 2642 1718 2669 sed
1738 2641 1810 2677 quod

1022 2697 1055 2717 ex
1070 2689 1183 2724 propriis
1198 2688 1358 2720 exciderint;
1372 2688 1413 2715 bis
1428 2695 1492 2715 vero
1506 2695 1557 2715 non
1572 2687 1642 2723 quod
1655 2692 1752 2715 sortem
1767 2695 1808 2714 ac-

1022 2735 1153 2770 ceperint,
1175 2734 1221 2761 sed
1236 2733 1305 2768 quod
1320 2741 1399 2768 quam
1420 2741 1471 2760 non
1493 2734 1681 2768 exspectabant
1699 2741 1809 2768 accepe-

1023 2781 1077 2808 rint
1092 2789 1099 2808 :
1116 2779 1156 2807 his
1168 2780 1244 2807 tertia
1254 2779 1387 2814 adjicitur,
1402 2779 1471 2815 quod
1484 2778 1510 2806 bi
1524 2786 1554 2807 ea
1568 2787 1627 2814 qua:
1641 2779 1674 2806 ad
1685 2779 1744 2806 illos
1756 2786 1809 2812 per-

1024 2826 1144 2854 tinebant
1159 2825 1319 2860 acceperint.
1341 2824 1423 2852 Filios
1444 2829 1532 2853 autem
1554 2825 1626 2860 regni
1649 2830 1726 2852 vocat
1741 2824 1808 2856 illos,

1027 2872 1122 2908 quibus
1130 2878 1240 2907 regnum
1257 2875 1375 2906 paratum
1390 2875 1465 2905 erat;
1480 2870 1549 2906 quod
1564 2871 1678 2899 maxime
1689 2870 1748 2898 illos
1759 2868 1809 2896 do-
