2067 3134
243 137 296 166 339

244 195 302 223 lore
313 193 456 222 afﬁciebat.
470 192 612 229 Postquam
628 193 744 222 ostendit
754 193 824 220 enim
835 192 896 220 illos
916 200 950 219 ex
971 199 1032 227 pro-

244 241 373 268 missione
386 240 411 267 in
422 240 484 268 sinu
502 239 616 267 Abrahae
631 247 700 272 esse,
720 239 783 266 hinc
802 239 862 266 illos
874 238 964 265 statim
984 245 1034 264 ex-

243 286 337 314 cludit.
356 285 466 319 Deinde,
486 285 547 321 quia
570 285 621 312 hoc
645 285 744 312 dictum
757 285 808 312 lata
821 284 951 311 sententia
965 288 1034 316 erat,

244 333 271 360 id
283 333 359 368 signo
370 332 519 365 conﬁrmat,
537 330 759 368 quemadmodum
774 336 801 358 et
823 331 897 366 signa
916 338 950 357 ex
966 337 1035 364 prte-

244 378 363 407 dictione
376 386 464 406 rerum
476 386 535 413 qua:
545 382 636 413 postea
649 381 795 405 evenerunt
809 381 973 404 asseruntur.

281 435 308 462 5.
331 434 381 469 Qui
405 434 483 470 igitur
513 441 566 461 non
589 433 673 462 credit
697 437 760 461 tunc
782 437 904 461 sanatum
923 439 1034 467 puerum

244 480 338 513 fuisse,
353 480 376 508 is
388 481 429 507 vel
443 488 476 508 ex
489 479 638 515 propheta,
655 487 714 514 qua:
724 479 779 513 jam
794 478 901 513 impleta
916 477 974 510 fuit,
991 478 1034 504 in-

244 526 357 554 ducatur
370 530 400 553 ut
411 525 512 553 credat.
536 525 601 552 Nam
617 524 756 560 prophetia
772 528 834 551 ante
854 528 978 551 eventum
1000 530 1034 550 ex

244 574 322 608 signo
333 578 396 600 tunc
409 572 478 600 facto
489 577 550 599 nota
565 571 689 599 omnibus
701 571 758 598 fuit.
776 570 890 605 Ideoque
900 577 960 597 cum
977 569 1036 596 haec

244 624 308 646 ante
321 618 491 653 praedixisset
504 638 512 649 ,
526 622 590 644 tunc
602 617 778 652 paralyticnm
792 616 890 648 erexit,
905 621 933 642 ut
949 615 1035 642 lutnra

245 672 278 690 ex
291 662 468 699 prasentibns
481 668 666 690 assererentur
678 683 686 695 ,
699 667 727 689 et
742 669 757 689 a
773 661 866 696 majori
882 661 969 688 minus
989 661 1036 687 llr-

245 714 372 737 maretur.
388 708 454 736 Nam
469 707 540 744 quod
555 708 654 735 virtute
678 707 780 742 pra-diti
795 706 872 734 bonis
895 706 1016 733 fruantur
1026 725 1035 738 ,

245 755 341 790 hisque
359 754 474 789 oppositi
497 761 589 789 partas
603 753 699 787 luant,
724 753 750 780 id
772 760 787 780 a
806 751 1038 780 verisimilitudine

245 808 299 828 non
312 800 459 829 abhorret:
475 800 528 827 imo
543 805 570 827 et
584 800 678 827 rationi
693 803 721 826 et
732 799 820 833 legum
840 798 957 833 aequitati
973 804 1038 824 con-

245 851 402 874 sentaneum
415 851 470 877 est;
486 845 660 881 paralyticnm
670 849 758 871 autetn
772 844 879 870 ﬁrmare
893 847 920 870 et
932 850 1036 876 curare,

246 892 332 926 majus
341 899 420 927 quam
435 896 526 918 natura
541 891 621 918 ferret
631 894 700 918 erat.
715 891 840 916 Attamen
853 889 885 916 ad
898 896 956 917 rem
965 889 1036 916 illam

247 945 368 973 magnam
388 942 468 973 atque
486 937 634 965 mirabilem
650 944 702 964 non
725 943 818 971 parum
842 935 955 963 contulit
972 942 1038 962 ceu-

248 986 334 1016 turio;
359 983 384 1010 id
406 983 476 1018 quod
497 983 578 1010 etiam
602 981 725 1010 Christus
745 981 883 1009 declarans
905 980 1011 1008 dicebat
1029 988 1036 1006 :

253 1030 322 1057 Vade
335 1050 342 1062 ,
365 1035 389 1058 st
409 1030 472 1057 sicut
495 1029 624 1056 credidisti
646 1029 691 1062 ﬁat
707 1027 888 1055 tibi.Vidistin'
903 1026 1039 1062 quomodo

248 1077 369 1104 restituta
381 1084 462 1111 puero
475 1076 576 1103 sanitas
599 1080 626 1102 et
637 1075 736 1102 Christi
753 1075 894 1110 potentiam
908 1079 935 1102 et
947 1078 1039 1101 centu-

248 1122 332 1149 rionis
347 1122 424 1149 iidem
439 1121 631 1155 praedicaverit,
645 1126 673 1148 et
686 1121 756 1155 quod
772 1120 890 1147 lnturnm
902 1124 960 1147 erat
973 1126 1039 1147 con-

249 1168 406 1196 ﬁrmaverit.
431 1168 486 1195 lmo
499 1176 562 1195 vero
582 1167 671 1195 omnia
691 1166 790 1194 Christi
807 1166 950 1201 potentiam
971 1173 1040 1200 prtu-

247 1213 383 1241 dicabant.
398 1213 455 1240 Non
470 1213 540 1240 enim
554 1220 651 1247 corpus
666 1217 766 1238 tanttttn
782 1211 856 1246 pueri
875 1211 1038 1244 sanavit,sed

248 1258 328 1286 etiam
340 1258 504 1285 centurionis
521 1258 636 1284 animam
653 1258 678 1284 in
695 1257 773 1284 ﬁdem
789 1265 836 1292 per
850 1257 976 1284 miracula
996 1261 1040 1284 at-

249 1305 339 1332 traxit.
355 1304 394 1332 Tn
410 1312 473 1332 vero
496 1312 530 1332 ne
550 1305 575 1331 id
596 1309 697 1331 unitum
717 1305 867 1340 perpendas
879 1325 886 1336 ,
910 1305 980 1339 quod
997 1304 1041 1332 hic

250 1349 403 1382 crediderit,
425 1350 469 1377 ille
482 1355 590 1377 sanatus
603 1350 647 1382 sit,
662 1350 709 1377 sed
722 1351 760 1378 rei
774 1350 938 1378 celeritatem
959 1351 1041 1377 mira-

251 1403 299 1428 re;
322 1404 382 1423 nam
402 1395 455 1423 hoc
477 1396 639 1431 evangelista
663 1396 807 1424 declaravit
821 1405 827 1424 :
842 1396 876 1423 Et
889 1402 993 1424 sanatus
1005 1402 1042 1424 est

253 1442 354 1476 paterin
376 1442 421 1469 illa
445 1443 508 1469 hora
522 1450 532 1469 :
546 1442 616 1478 quod
631 1442 711 1469 etiam
732 1442 767 1470 de
788 1443 894 1477 leproso
914 1443 1039 1476 dicebat,

250 1486 389 1521 Confestim
403 1488 539 1515 mundatus
561 1493 607 1516 est.
631 1487 689 1515 Non
711 1488 782 1516 enim
797 1488 915 1516 curando
932 1489 1018 1516 solum
1033 1510 1041 1522 ,

250 1533 299 1560 sed
313 1533 393 1561 etiam
415 1533 440 1560 id
455 1534 636 1568 inexspectato
659 1534 738 1561 modo
758 1539 785 1562 et
809 1535 835 1562 in
855 1541 992 1564 momento
1006 1536 1043 1563 ta-

252 1578 359 1612 ciendo,
374 1579 519 1613 potentiam
533 1578 700 1607 ostendebat.
717 1579 807 1615 Neque
821 1580 873 1608 hoc
887 1580 967 1608 modo
982 1586 1043 1607 tan-

253 1627 309 1651 tum
321 1624 397 1659 juvat
416 1624 541 1660 utilisque
555 1629 616 1657 est,
638 1624 686 1652 sed
705 1625 777 1660 quod
790 1626 870 1653 etiam
891 1626 1045 1661 frequenter

252 1669 316 1698 dum
331 1669 458 1698 miracula
479 1674 564 1704 patrat
573 1690 580 1701 ,
593 1669 628 1697 de
641 1677 723 1705 regno
735 1677 887 1698 sermonem
903 1672 1004 1705 aperiat
1018 1676 1046 1699 et

253 1724 347 1744 omnes
364 1716 398 1744 ad
412 1714 474 1744 illud
489 1715 614 1744 attrahat.
631 1716 735 1744 Etenim
749 1723 809 1743 cum
822 1724 852 1744 se
871 1716 977 1745 Iudaeos
990 1718 1045 1753 eje-

255 1766 358 1789 cturum
371 1762 530 1795 minabatur,
546 1771 599 1791 non
611 1768 639 1790 nt
652 1764 761 1798 ejiceret
775 1763 940 1795 minabatur;
955 1764 1000 1791 sed
1018 1768 1046 1791 ut

256 1813 329 1835 ructu
351 1808 410 1836 illos
434 1809 459 1836 in
485 1816 596 1844 regnum
623 1817 671 1845 per
696 1810 774 1837 verba
798 1818 844 1837 sua
868 1809 1044 1845 pertraheret.

256 1855 332 1889 Quod
345 1856 367 1883 si
382 1856 446 1883 nihil
460 1855 522 1884 hinc
537 1856 602 1884 lucri
617 1856 738 1884 fecerunt
748 1877 756 1890 ,
772 1857 796 1884 id
813 1857 929 1891 ipsorum
942 1858 1045 1884 crimen

257 1906 314 1934 est,
337 1902 508 1936 omniumque
529 1902 574 1936 qui
602 1902 658 1936 pari
682 1902 775 1930 morbo
801 1902 963 1930 laborarunt.
988 1902 1046 1930 Non

258 1949 328 1975 enim
340 1948 438 1975 Jndreis
447 1949 531 1975 solum
543 1948 568 1975 id
580 1948 686 1982 accidit,
700 1949 746 1975 sed
760 1949 851 1976 multis
861 1949 940 1976 etiam
953 1956 1046 1976 eorum

258 1995 302 2029 qni
321 1987 502 2022 crediderunt.
525 1994 592 2022 Nam
606 1994 687 2022 Judas
710 1995 780 2022 ﬁlius
793 1995 869 2030 regni
883 2000 941 2023 erat
955 2000 982 2022 et
999 2003 1048 2022 an.

258 2040 324 2067 divit
346 2048 406 2068 cttm
422 2041 569 2075 discipulis,
585 2041 710 2068 Sedebitis
731 2049 807 2075 super
826 2042 897 2068 sedes
915 2041 1047 2068 duodecim

259 2086 376 2121 (Matth.
402 2087 445 2114 l9.
473 2086 537 2122 28);
562 2087 609 2114 sed
631 2087 715 2114 iactus
735 2093 776 2115 est
802 2087 930 2122 gehenna:
958 2088 1046 2120 ﬁlius;

260 2132 386 2168 Ethiops
400 2138 487 2160 autem
502 2133 555 2164 ille,
570 2133 698 2160 barbartts
711 2141 771 2160 cum
786 2137 875 2167 esset,
890 2141 923 2160 ex
937 2141 1048 2161 numero

260 2185 352 2205 corntn
374 2178 419 2213 qui
438 2178 472 2204 ab
495 2178 597 2205 oriente
611 2182 639 2205 et
653 2178 792 2206 occidente
813 2183 963 2211 venerunt,
987 2186 1048 2206 cum

262 2222 413 2255 Abraham,
435 2223 508 2250 Isaac
533 2227 561 2249 et
581 2222 664 2250 .Iucub
687 2231 786 2250 corona
807 2223 958 2251 donabitur.
974 2222 1001 2250 ld
1021 2228 1050 2251 et

262 2277 331 2296 nunc
345 2270 439 2303 agitur.
457 2268 533 2295 Multi
543 2269 624 2301 enim,
640 2269 733 2304 inquit,
749 2274 822 2296 erunt
835 2270 909 2304 primi
922 2269 1049 2296 novissimi

261 2319 284 2341 et
295 2314 423 2341 novissimi
444 2314 519 2349 primi
533 2313 614 2349 (Ibid.
630 2322 653 2340 υ.
669 2314 724 2349 50).
749 2314 804 2342 Hoc
826 2319 914 2342 autem
932 2315 1048 2348 dicebat,

262 2368 292 2389 nt
307 2369 391 2396 neque
406 2361 431 2388 Ιιὶ
454 2361 589 2395 negligant
601 2381 608 2391 ,
623 2367 655 2387 ac
669 2360 691 2387 si
705 2367 756 2387 non
771 2361 872 2394 possint
887 2361 984 2392 redire,
1004 2368 1050 2388 ne-

262 2415 314 2442 que
328 2407 364 2434 illi
379 2406 454 2441 quasi
475 2410 576 2433 stantes
590 2405 735 2433 conﬁdant.
760 2405 815 2433 Huc
835 2411 862 2433 et
881 2405 997 2433 Joannes
1015 2406 1050 2433 ab

263 2452 375 2480 exordio
394 2451 586 2487 praetmntinbat
597 2451 707 2479 dicens:
728 2451 817 2478 Potest
835 2451 900 2478 Deus
914 2460 945 2478 ea:
957 2451 1051 2486 lapidi-

264 2499 310 2525 bus
331 2498 370 2524 Itis
390 2498 511 2525 stuct'tare
533 2497 598 2532 ﬁlios
624 2497 732 2524 Abrahc
757 2497 845 2533 (Ibid.
870 2498 898 2525 5.
913 2497 961 2533 9).
983 2498 1050 2531 Quia

265 2544 336 2571 enim
351 2543 402 2570 hoc
412 2548 568 2571 eventurum
582 2547 650 2576 erat,
665 2543 710 2570 diu
725 2548 787 2571 ante
802 2544 1006 2579 praznuntiatur,
1022 2548 1052 2572 ut

266 2597 346 2617 nemo
359 2589 393 2616 de
403 2589 441 2616 rei
453 2589 592 2616 insolentia
606 2589 766 2616 turbaretur.
780 2589 875 2616 Verum
890 2589 945 2621 ille,
958 2593 1051 2626 utpote

267 2635 358 2668 homo,
381 2634 526 2662 secundum
546 2639 653 2669 captum
694 2642 773 2662 suum
817 2634 875 2662 hate
917 2636 1050 2671 dicebat;

264 2677 392 2706 Christus
407 2680 508 2708 autem,
528 2683 584 2703 rent
600 2680 628 2702 ut
648 2675 799 2702 certissime
819 2674 938 2700 futuram
958 2674 1048 2708 operi-

265 2724 317 2752 bus
327 2727 355 2751 et
367 2722 499 2757 exemplis
518 2721 689 2750 conﬁrmavit
700 2722 750 2755 (η).

302 2805 338 2835 (tl)
351 2804 434 2830 Gra’ce
456 2803 569 2829 ediderat
580 2803 664 2829 Montl‘.
681 2811 687 2828 :
705 2804 768 2828 Ἀλὶέ
781 2803 868 2831 ἐκεῖνος
946 2803 978 2835 ὡς
989 2801 1052 2835 eve:-

270 2834 369 2867 χύμενον(
387 2835 443 2859 αὐτὸ
455 2836 529 2867 λέγειί
542 2836 662 2867 ἄνθρωπος
672 2836 715 2866 γὰρ
725 2835 762 2867 ἠγ·
774 2834 940 2867 saeuum;
950 2834 982 2860 ὡς
993 2834 1050 2867 15gb!-

269 2863 316 2893 ἶαίς
327 2866 448 2897 ἐσόμενον,
460 2863 502 2895 τήν
522 2866 568 2890 ἀπὸ
585 2863 636 2890 ’τῶν
746 2863 988 2896 ἁπάδιιξιίπαρόχων.
999 2863 1051 2888 Hoc

613 136 642 165 S.
659 135 798 165 JOANNIS
815 134 1050 164 CHRYSOSTOMI
1068 135 1224 165 ARCHIEP.
1244 137 1510 167 ωΝετΑΝτιΝυρ.

1819 145 1872 172 540

1124 195 1297 228 Ρηεσιιπιριὶο
1305 196 1424 224 uitanda.
1435 197 1532 224 Contra
1541 198 1783 229 Manicheam—Ne
1793 202 1874 238 igitur

1089 242 1214 276 ﬁdamus,
1225 243 1277 272 etsi
1296 249 1409 277 stemus,
1427 246 1474 274 sed
1489 246 1567 273 nobis
1583 247 1648 281 ipsis
1663 247 1785 275 dicamus
1799 258 1805 275 :
1822 248 1873 280 Qui

1088 289 1273 323 oideturstare,
1284 291 1370 317 uideat
1378 300 1409 318 ne
1417 293 1495 319 cadat
1501 293 1524 328 (l
1532 313 1538 318 .
1548 292 1606 320 Cor.
1617 293 1659 320 10.
1672 293 1726 327 12).
1735 293 1773 320 Ne
1781 294 1874 329 despe-

1089 341 1190 367 remus,
1205 335 1250 369 qui
1267 337 1395 370 prostrati
1412 337 1549 372 jacemus,
1566 337 1614 365 sed
1628 338 1750 366 dicamus
1765 349 1770 366 :
1788 339 1873 366 Num-

1089 380 1151 414 quid
1161 381 1205 414 qui
1217 381 1297 413 cadit,
1314 389 1366 408 non
1380 383 1510 417 resurget?
1523 382 1585 417 (Ier.
1594 383 1664 417 SJ).
1680 384 1784 411 Etenim
1796 385 1873 412 multi

1087 422 1132 457 qui
1147 423 1179 450 ad
1193 423 1279 458 ipsum
1291 423 1351 451 eazli
1366 425 1493 452 verticem
1506 424 1685 452 ascenderant
1697 444 1705 458 ,
1719 425 1764 460 qui
1777 425 1878 460 patien-

1087 469 1152 496 tiam
1167 477 1288 504 magnam
1302 470 1480 499 exhibuerant
1490 492 1497 503 ,
1513 471 1648 499 deserwm
1662 475 1857 506 occupaverant
1869 492 1876 503 .

1088 515 1226 542 mulierem
1242 523 1276 543 ne
1297 517 1322 543 in
1336 517 1438 544 somnis
1456 517 1564 552 quidem
1578 517 1718 550 viderant,
1741 523 1775 546 ex
1797 525 1877 553 parra

1088 560 1248 595 negligentia
1269 562 1429 596 supplantati
1452 567 1522 594 sunt,
1546 568 1573 590 et
1591 563 1617 589 in
1638 563 1723 597 ipsum
1749 564 1874 598 nequitias

1088 606 1242 634 barathrum
1257 608 1369 643 dejecti;
1392 609 1437 636 alii
1453 613 1546 636 contra
1559 617 1593 637 ex
1605 610 1699 638 eodem
1713 609 1838 638 barathro
1851 611 1877 638 in

1087 653 1183 680 caelum
1205 654 1403 686 ascenderunt,
1417 659 1497 690 atque
1517 663 1532 683 a
1552 663 1632 684 scena
1645 660 1672 684 et
1687 656 1825 684 orchestra
1845 657 1877 684 ad

1088 699 1234 735 angelicam
1249 701 1331 728 vitam
1353 702 1476 729 conversi
1494 706 1570 735 sunt;
1588 707 1741 738 tantamque
1754 703 1878 732 virtutem

1088 745 1268 774 eahibuerunt
1279 767 1286 776 .
1303 751 1332 774 ut
1349 747 1487 775 dmmonas
1506 748 1654 782 pellerent,
1670 749 1806 784 multaque
1828 749 1877 775 alia

1089 791 1185 818 similia
1201 792 1275 827 signa
1291 792 1410 820 ederent.
1426 793 1473 820 llis
1485 794 1614 828 exemplis
1629 794 1715 828 plena:
1729 799 1790 822 sunt
1804 794 1878 822 Scri-

1089 841 1185 872 ptnrzc,
1200 837 1278 872 plena
1293 838 1430 866 hominum
1444 839 1508 866 vita.
1524 838 1583 866 Jam
1597 839 1731 867 fornicarii
1745 845 1772 867 et
1786 839 1879 867 molles

1089 883 1295 912 Manichaeorum
1315 893 1361 912 ora
1376 886 1566 921 comprimunt,
1587 886 1633 921 qui
1647 886 1739 913 dicunt
1751 886 1878 913 malitiam

1090 937 1151 957 esse
1164 931 1301 958 immotam
1317 951 1325 964 ,
1348 931 1446 960 diaboli
1467 940 1524 960 rem
1537 937 1663 967 agentes,
1687 938 1714 960 et
1728 941 1820 960 eorum
1835 934 1878 967 qui

1090 977 1182 1004 virtuti
1196 984 1305 1012 operam
1320 977 1384 1005 dare
1397 978 1497 1005 vellent
1509 986 1603 1006 manus
1622 978 1800 1006 dissolventes
1812 999 1820 1010 .
1843 979 1881 1006 vi-

1092 1028 1198 1058 tamque
1210 1031 1316 1052 omnem
1331 1029 1490 1052 evertentes.
1505 1024 1570 1051 Nam
1586 1025 1629 1059 qui
1644 1024 1700 1052 haec
1718 1024 1881 1059 persuadere

1090 1076 1222 1097 conantur
1232 1091 1239 1102 ,
1255 1078 1308 1098 non
1328 1071 1414 1098 futura
1430 1076 1531 1098 tantum
1544 1071 1731 1106 pessumdant;
1747 1071 1794 1098 sed
1810 1079 1881 1104 ιιι-ειδ-

1090 1118 1176 1144 sentia
1189 1125 1294 1153 quoque
1306 1125 1354 1152 pro
1364 1117 1432 1144 virili
1447 1125 1492 1145 sns
1510 1118 1596 1153 deque
1611 1122 1728 1145 vertunt.
1743 1117 1881 1151 Quomodo

1091 1162 1164 1191 enim
1185 1163 1211 1190 in
1234 1163 1351 1198 nequitia
1374 1163 1466 1191 vivens
1489 1163 1619 1198 quispiam
1632 1184 1640 1195 ,
1660 1163 1751 1190 virtuti
1771 1170 1880 1198 operam

1091 1208 1157 1237 dare
1178 1209 1300 1242 studeat,
1323 1209 1345 1236 si
1367 1216 1397 1237 se
1417 1208 1451 1236 ad
1474 1209 1546 1236 illam
1568 1214 1704 1237 revertere
1727 1216 1779 1236 non
1803 1216 1882 1244 posse

1092 1259 1175 1290 putet.
1191 1255 1213 1282 si
1229 1262 1282 1282 non
1294 1254 1386 1282 credat
1400 1262 1430 1282 se
1449 1255 1475 1282 in
1489 1255 1585 1282 melius
1597 1262 1674 1289 posse
1686 1255 1802 1282 mutari?
1815 1255 1880 1282 Nam

1092 1301 1114 1328 si
1128 1308 1209 1333 nunc,
1225 1300 1357 1328 stantibus
1372 1301 1484 1336 legibus,
1500 1301 1607 1329 indictis
1620 1301 1766 1336 suppliciis,
1784 1309 1882 1336 propo-

1092 1348 1142 1375 sita
1156 1347 1238 1382 gloria
1250 1368 1257 1379 ,
1280 1355 1339 1382 qua:
1354 1347 1453 1374 multos
1467 1349 1583 1375 excitare
1605 1347 1705 1382 possit;
1718 1355 1779 1374 cum
1793 1352 1820 1375 et
1833 1355 1881 1382 ge-

1093 1393 1181 1422 henna
1197 1398 1376 1429 exspectetur,
1393 1398 1420 1421 et
1432 1401 1541 1429 regnum
1557 1394 1726 1428 promittatur
1737 1414 1744 1425 ,
1757 1401 1818 1421 cum
1833 1394 1883 1420 im-

1095 1441 1169 1476 probi
1183 1440 1324 1473 dedecore,
1351 1440 1413 1468 boni
1432 1440 1554 1468 laudibus
1574 1440 1734 1470 afﬁciantur.
1760 1441 1802 1467 vix
1823 1440 1883 1475 qni-

1094 1487 1166 1522 piam
1181 1487 1264 1515 velint
1276 1487 1382 1514 virtutis
1394 1487 1506 1514 sudores
1516 1487 1609 1514 adire:
1623 1487 1664 1514 his
1682 1487 1804 1520 sublatis,
1819 1487 1884 1522 quid

1095 1532 1222 1568 impediet
1233 1533 1375 1568 quominus
1388 1533 1476 1560 omnia
1492 1540 1598 1568 pessum
1609 1533 1691 1560 eant?

1130 1580 1157 1607 6.
1179 1578 1242 1606 Cum
1256 1580 1351 1614 ﬁducia
1374 1583 1398 1606 et
1413 1580 1501 1607 tintore
1522 1588 1566 1614 per
1580 1586 1713 1615 angustant
1734 1580 1799 1607 viam
1813 1580 1883 1607 ince-

1095 1625 1215 1652 dendum.
1224 1625 1347 1660 Exemplo
1359 1625 1463 1652 Dauidis
1476 1625 1644 1660 vigilantiam,
1657 1625 1777 1659 ﬁduciam
1792 1631 1815 1653 et
1830 1634 1885 1660 par-

1096 1672 1227 1699 ttitentiam
1239 1671 1534 1699 docemur.—Videntes
1548 1673 1638 1706 itaque
1651 1671 1772 1699 fraudem
1792 1672 1885 1707 nequi-

1097 1719 1213 1753 tiamque
1231 1718 1390 1745 diabolicam
1403 1738 1410 1751 ,
1432 1717 1558 1753 ipsosque
1577 1725 1681 1745 necnon
1703 1725 1750 1746 eos
1770 1718 1816 1753 qui
1839 1718 1885 1745 fati

1097 1764 1170 1799 leges
1184 1768 1302 1792 statuere
1315 1767 1448 1798 satagunt,
1463 1763 1575 1791 adversa
1590 1763 1700 1796 sentire,
1713 1768 1741 1790 et
1753 1765 1885 1791 contraria

1098 1809 1294 1844 legislatoribus
1304 1813 1486 1842 externorum,
1497 1813 1526 1836 et
1535 1808 1581 1836 Dei
1591 1809 1599 1824 ¹
1608 1808 1734 1842 oraculis,
1746 1814 1774 1836 et
1784 1814 1887 1836 natura:

1097 1855 1256 1887 ratiociniis,
1277 1859 1305 1882 et
1317 1854 1452 1882 communi
1469 1854 1586 1881 omnium
1601 1854 1718 1889 Opinioni
1730 1875 1738 1887 ,
1755 1854 1885 1887 barbaris,

1097 1906 1125 1929 et
1138 1901 1254 1937 Scythis,
1269 1905 1295 1928 et
1308 1900 1466 1932 Thracibus,
1479 1899 1640 1935 demumque
1652 1899 1758 1927 caneris
1770 1900 1886 1927 homini-

1099 1951 1159 1983 bus,
1173 1950 1322 1985 vigilemus,
1337 1948 1426 1976 dilecti
1442 1969 1450 1981 ,
1472 1953 1552 1982 atque
1568 1947 1619 1974 illis
1640 1947 1764 1974 omnibus
1776 1948 1833 1974 vale
1843 1947 1886 1974 di-

1097 2002 1205 2030 centes,
1228 1996 1381 2024 incedamus
1401 2003 1450 2030 per
1463 1998 1600 2029 angustam
1624 1993 1694 2021 viam
1713 2001 1773 2021 cum
1792 1993 1887 2021 ﬁducia

1099 2048 1126 2071 et
1140 2043 1251 2074 timore;
1265 2050 1326 2070 cum
1350 2042 1443 2069 timore
1456 2041 1572 2076 quidem,
1588 2041 1623 2068 ob
1642 2040 1785 2076 praecipitia
1800 2041 1888 2067 utrin-

1099 2097 1151 2125 que
1164 2090 1247 2125 posita
1259 2097 1267 2122 ;
1281 2096 1341 2116 cum
1357 2088 1450 2116 ﬁducia
1464 2096 1527 2116 vero
1538 2108 1545 2121 ,
1561 2087 1596 2116 ob
1607 2087 1702 2115 ducent
1717 2087 1767 2114 viae
1784 2087 1886 2114 Iesum.

1100 2135 1153 2164 lter
1166 2143 1276 2171 agamus
1297 2134 1379 2162 sobrii
1394 2141 1425 2162 ac
1443 2134 1545 2169 vigiles.
1565 2133 1631 2161 Nam
1646 2134 1668 2161 si
1689 2133 1732 2160 vel
1753 2133 1887 2168 paululum

1100 2184 1159 2218 quis
1173 2181 1316 2215 dormitet,
1343 2181 1431 2208 statim
1445 2188 1474 2208 se
1490 2181 1650 2215 praecipitem
1671 2180 1724 2207 dat.
1739 2179 1797 2207 Non
1817 2179 1887 2206 enim

1100 2235 1193 2256 sumus
1209 2227 1381 2262 perfectiores
1396 2226 1504 2258 Davide,
1524 2225 1569 2260 qui
1583 2233 1616 2252 ex
1628 2232 1707 2260 parva
1729 2225 1887 2260 negligentia

1101 2274 1128 2301 in
1144 2273 1244 2308 peccati
1259 2272 1413 2300 barathrum
1429 2271 1500 2304 ruit,
1521 2271 1569 2298 sed
1585 2271 1673 2298 statim
1699 2271 1824 2299 surrexit.
1848 2270 1888 2298 Ne

1100 2327 1165 2354 ergo
1177 2323 1330 2354 peccantem
1343 2318 1430 2345 solum
1445 2317 1581 2351 respicias,
1595 2316 1642 2344 sed
1656 2317 1735 2343 etiam
1751 2319 1888 2351 peccatum

1101 2365 1264 2392 abluentem.
1277 2364 1335 2392 Non
1354 2364 1425 2391 enim
1442 2363 1502 2391 ideo
1514 2367 1615 2390 tantum
1630 2363 1687 2390 haec
1700 2363 1809 2390 historia
1820 2363 1889 2390 scri-

1102 2415 1147 2445 pta
1159 2415 1219 2442 est,
1237 2415 1266 2437 ut
1278 2409 1379 2444 lapsum
1395 2409 1531 2444 respicias,
1546 2408 1592 2436 sed
1607 2413 1635 2436 ut
1649 2413 1801 2444 surgentem
1813 2409 1892 2436 mire-

1101 2455 1139 2483 ris
1160 2464 1168 2482 :
1198 2458 1228 2482 ut
1248 2453 1335 2482 discas
1364 2457 1424 2488 post
1445 2453 1546 2488 lapsum
1559 2474 1567 2486 ,
1591 2454 1726 2489 quomodo
1749 2461 1888 2489 resurgere

1101 2506 1233 2537 oporteat.
1259 2501 1486 2535 Quemadmodum
1507 2502 1578 2529 enim
1601 2501 1698 2528 medici
1719 2501 1889 2536 gravissimos

1102 2548 1211 2576 morbos
1233 2547 1259 2575 in
1282 2547 1378 2575 libellis
1400 2546 1574 2581 describunt,
1605 2551 1685 2582 atque
1706 2547 1743 2574 ita
1765 2546 1890 2574 medendi

1134 2606 1143 2622 ¹
1162 2603 1218 2634 Alii,
1230 2602 1328 2630 Christi.

1098 2645 1189 2678 "had
1202 2644 1312 2678 litteram
1324 2651 1330 2669 :
1345 2645 1436 2678 ferum
1447 2642 1490 2678 ille
1500 2643 1545 2678 hoc
1562 2643 1676 2677 pradieit
1685 2648 1777 2670 tantum
1788 2649 1815 2671 ut
1825 2652 1869 2677 pos

1198 2674 1420 2713 9',‘,"..‘"".'!.!'9"'°
1431 2683 1440 2701 -'
1452 2673 1567 2713 ρηνίεξυέ
1582 2680 1676 2713 artem,
1695 2681 1719 2702 ιιι
1731 2673 1878 2713 amni!»

1097 2705 1306 2740 turum,operibus
1317 2705 1459 2740 (dictorum)
1477 2705 1683 2740 conﬁrmationem
1696 2707 1818 2740 exhibens.
1833 2705 1882 2733 [ἕη-

1098 2735 1130 2760 de
1142 2735 1216 2770 patet;
1224 2735 1388 2770 interpretem
1405 2735 1535 2770 aberrasse
1552 2744 1606 2762 cum
1619 2739 1703 2770 verba,
1715 2740 1746 2766 ὡς
1757 2739 1881 2770 ἐνδεχόμε-

1096 2774 1145 2799 yov,
1157 2766 1266 2799 reddere
1281 2766 1386 2792 credidit
1398 2767 1538 2798 scribendo,
1550 2768 1680 2793 secundum
1692 2766 1789 2799 captam
1799 2766 1880 2799 tam,

1097 2796 1154 2835 bis}.
1169 2797 1267 2835 plurimi
1279 2804 1322 2828 pro
1329 2799 1507 2835 ‘a'wlipurnog'ya‘tp
1525 2796 1563 2828 ἦν,
1574 2796 1830 2835 habeutL-ttpib‘roeygp

1096 2818 1191 2882 app":
1197 2818 1292 2884 E'eiiipi
1296 2818 1877 2861 ἐξῇ’ἑῖἆὲῆιὶἷὶηῶἷιϋῖὸιῗ.”ἐδῗῖᾶἱιᾶ.Ῥῖεῇἱῖ

1095 2864 1108 2881 2
1149 2864 1220 2883 ocum
1224 2878 1229 2883 .
1266 2866 1313 2884 οη.

1165 2865 1229 2883 cum.
1245 2865 1313 2884 ινιτ.
