2067 3134
239 157 288 185 3H

239 214 393 242 methodqu
407 214 474 241 alios
494 214 607 246 docent,
622 221 652 242 ut
665 214 690 241 in
713 214 857 249 majoribus
869 213 1025 245 exercitati,

238 263 355 289 minores
368 261 540 296 tegritudiues
557 261 658 288 facilius
677 267 827 296 superent:
850 262 889 289 sic
908 267 937 290 et
959 263 1028 290 Deus

236 307 392 342 gravissima
415 312 523 342 peccata
545 307 570 334 itt
593 307 709 334 medium
732 307 862 341 adduxit,
886 313 915 335 ut
936 309 980 343 qui
1001 309 1028 336 in

235 354 339 390 exiguis
372 354 437 389 lapsi
462 358 576 386 essent,
604 361 697 381 eorum
723 354 847 388 exemplo
880 354 1027 383 faciliorem

235 399 396 428 emendandi
418 400 548 426 rationem
568 399 730 427 invenirent.
742 399 768 427 Si
782 401 854 427 enim
868 401 967 435 majora
983 409 1027 429 re-

235 445 352 472 medium
369 445 528 478 habuerunt,
544 446 629 472 nutlto
641 446 743 473 facilius
757 447 869 473 minora.
886 447 1028 474 Videamus

234 490 314 524 igitur
330 498 382 525 qua
398 491 500 518 ratione
513 491 699 526 mgrotaverit,
722 499 776 526 qua
792 491 970 519 valetudinem
983 500 1026 519 re—

233 536 400 571 cuperaverit
417 537 458 564 vir
480 536 524 564 ille
546 537 649 564 beatus.
673 536 737 570 Qua:
758 537 837 572 igitur
851 537 936 564 morbi
959 538 1027 565 ratio

233 582 305 609 fuit?
320 582 465 610 blwcltatus
480 587 531 616 est,
547 587 572 609 et
581 582 689 610 occidit.
705 583 762 610 Non
777 583 848 610 enim
862 591 957 611 vereor
969 584 1026 611 haec

234 636 328 663 magna
352 636 419 656 voce
434 629 579 663 publicare.
595 629 660 656 Nam
678 630 700 656 si
716 629 830 664 Spiritus
846 635 953 658 sanctus
972 638 1024 658 non

233 680 309 710 turpe
324 675 487 703 existimavit
511 684 583 709 esse,
597 676 666 704 hanc
682 681 763 703 totam
785 677 922 705 historiam
935 678 1024 713 publi-

232 729 305 754 care,
322 722 406 749 multo
421 722 506 757 magis
517 729 567 749 nos
579 722 651 751 illam
667 730 720 749 non
734 723 848 750 obscure
866 723 966 751 referre
979 723 1025 750 de-

233 767 335 795 bemus.
350 768 518 803 Quapropter
539 776 592 796 non
607 769 688 797 modo
708 769 765 796 haec
779 770 928 804 praedicabo
947 790 955 803 ,
976 769 1024 798 sed

233 815 304 842 aliud
318 822 425 850 quoque
447 815 582 851 adjiciam.
604 815 709 843 Etenim
724 816 767 850 qui
789 816 848 843 lucc
866 816 1021 849 occultant,

232 862 280 897 viri
304 861 375 889 illius
399 861 525 888 virtutem
546 861 754 889 obscuraut:ac
776 862 844 889 sicut
869 862 886 889 ii
906 862 950 897 qui
965 862 1024 896 ejus

231 896 292 935 cum
312 907 436 935 Goliatho
467 915 582 943 pugnam
605 912 739 941 tacerent,
759 916 811 936 non
834 896 957 943 exiguam
971 909 1022 944 ipsi

231 962 356 982 coronam
381 955 545 988 adimerent,
561 954 672 989 perinde
685 955 802 983 facerent
822 956 866 991 qui
886 955 954 983 hanc
979 956 1022 983 hi-

231 1003 340 1029 storiam
356 1006 599 1036 prretercurrerent.
616 1003 711 1029 Annon
725 1010 783 1030 rem
805 1002 881 1030 vobis
897 1003 1022 1037 inexspe-

231 1053 328 1075 ctatam
352 1048 431 1076 dico?
446 1048 497 1076 Sed
519 1048 649 1076 tantillum
672 1048 872 1083 praestolamini,
892 1052 918 1075 et
931 1048 1022 1076 scietis

231 1102 279 1121 uos
296 1094 352 1121 Iure
375 1094 436 1129 jure
455 1095 481 1121 in
504 1094 621 1121 medium
644 1094 795 1129 protulisse.
820 1093 882 1121 Ideo
908 1101 1022 1128 namque

230 1145 366 1175 peccatum
382 1141 524 1175 amplifico,
537 1140 616 1176 idque
631 1141 814 1175 inexspectata
830 1140 954 1175 loquendi
967 1141 1019 1171 via,

230 1191 259 1213 ut
273 1186 414 1221 pharmaca
426 1194 517 1221 parem
531 1186 692 1220 copiosiora.
703 1185 771 1219 Quid
786 1185 874 1220 itaque
885 1185 1021 1220 propono?

231 1232 360 1259 Virtutem
384 1231 452 1264 viri;
469 1232 495 1260 id
510 1231 580 1267 quod
599 1232 705 1266 gravius
727 1231 827 1259 crimen
848 1231 939 1259 efﬁcit.
962 1230 1019 1259 Non

227 1278 298 1304 cuitu
321 1286 368 1313 par
381 1282 422 1305 est
442 1278 468 1305 in
495 1278 618 1306 omnibus
638 1282 665 1305 et
685 1278 754 1306 circa
770 1285 864 1306 omnes
879 1277 928 1305 hac
943 1279 969 1305 in
990 1285 1020 1305 re

226 1323 355 1358 judiciutu
372 1332 378 1350 :
395 1323 515 1350 Potentes
529 1323 599 1351 enim
613 1344 621 1357 ,
642 1323 748 1358 inquit,
765 1328 878 1358 potenter
897 1327 1020 1350 tormenta

227 1371 352 1406 patientur
367 1371 443 1407 (Sep.
458 1371 485 1398 6.
497 1371 542 1405 7);
557 1375 593 1403 et,
610 1370 660 1404 Qui
673 1370 740 1397 novit
755 1371 905 1397 voluntatem
923 1369 1020 1396 domini

226 1417 276 1447 sui,
291 1421 314 1443 et
332 1424 382 1443 non
394 1417 454 1451 facit
466 1436 474 1449 ,
489 1416 618 1452 vapulabit
632 1416 719 1443 multis
743 1415 819 1451 (Luc.
835 1416 877 1443 12.
894 1415 951 1451 47).
969 1415 1020 1442 Ila-

225 1470 278 1497 que
292 1462 377 1497 major
399 1462 515 1497 cognitio
530 1462 639 1497 majoris
652 1466 693 1489 est
715 1469 796 1489 causa
810 1461 941 1496 supplicii.
957 1461 1019 1489 Ideo

225 1509 351 1536 sacerdos
364 1509 408 1544 qui
421 1509 447 1536 in
464 1509 547 1544 paria,
563 1513 644 1544 atque
658 1508 772 1540 subditi,
789 1508 884 1536 incidit
897 1513 1016 1543 peccata,

226 1562 278 1581 non
294 1562 381 1589 pares,
397 1554 445 1582 sed
460 1555 544 1582 multo
569 1555 706 1590 graviores
726 1554 800 1582 dabit
821 1562 924 1589 poenas.
951 1553 1018 1581 For—

225 1605 297 1629 tasse
318 1601 380 1628 dum
403 1609 446 1629 me
459 1601 556 1630 videtis
576 1601 739 1636 amplilicare
754 1602 854 1629 crimen
872 1622 879 1634 ,
905 1602 1018 1629 tremitis

225 1653 251 1674 et
265 1648 419 1675 formidatis.
443 1652 470 1675 et
492 1655 535 1675 me
557 1647 631 1683 quasi
652 1655 700 1682 per
722 1647 867 1682 prarcipitia
891 1647 1016 1675 inceden-

226 1698 277 1720 tem
305 1694 448 1721 miramini.
471 1694 527 1729 Ego
547 1701 613 1722 vero
631 1698 734 1721 tantum
754 1695 825 1722 circa
844 1694 909 1728 justi
936 1695 1018 1722 virtu-

224 1743 277 1765 tem
291 1743 317 1766 et
329 1740 422 1766 merita
435 1739 550 1771 conﬁdo,
565 1744 594 1766 ut
607 1739 687 1766 etiam
701 1739 811 1767 ulterius
838 1739 993 1774 progrediar
1008 1748 1015 1766 :

224 1790 322 1820 quanto
351 1785 421 1812 enim
444 1786 528 1821 magis
550 1785 651 1813 crimen
671 1785 774 1821 augebo
787 1806 794 1818 ,
816 1789 890 1813 tanto
907 1785 1016 1821 majori-

225 1832 273 1858 bus
296 1832 420 1859 Davidem
455 1831 577 1860 laudibus
597 1832 734 1859 celebrare
759 1836 863 1867 potero.
892 1832 926 1860 Et
951 1831 1014 1867 quid

225 1878 266 1905 his
292 1878 379 1913 majus
392 1899 400 1911 ,
426 1878 545 1913 inquies,
570 1877 689 1913 proferre
707 1878 818 1913 possis?
838 1878 920 1906 Multo
941 1883 1016 1906 certe

225 1924 336 1959 majora.
360 1923 589 1958 Quemadmodum
620 1924 691 1951 enim
719 1924 793 1951 Caini
827 1924 929 1952 crimen
961 1932 1015 1951 non

225 1971 311 1998 credes
331 1971 410 1998 modo
431 1975 509 2004 erat,
532 1970 579 1998 sed
602 1970 828 2006 multisemdibus
850 1971 944 2005 pejus;
961 1978 1014 1998 non

225 2017 296 2043 enim
309 2016 436 2049 alienum,
452 2015 498 2044 sed
514 2015 641 2048 fratrem;
657 2021 685 2044 et
698 2018 816 2050 fratrem,
833 2024 887 2044 non
913 2016 1015 2045 Iteden-

225 2068 277 2090 tem
294 2084 302 2096 ,
324 2062 371 2090 sed
396 2062 489 2089 laesum
505 2062 621 2095 occidit;
637 2069 691 2089 non
713 2067 773 2097 post
786 2063 882 2090 multas
897 2067 1014 2097 patratas

224 2108 321 2141 cmdes,
338 2107 385 2135 sed
404 2108 461 2142 ipse
480 2108 674 2136 exsecrandum
698 2109 786 2136 scelus
801 2109 873 2144 prior
888 2109 989 2137 invenit
1005 2116 1011 2135 :

224 2155 262 2182 sic
275 2155 300 2181 iu
313 2153 364 2181 hoc
377 2161 431 2188 quo
445 2153 478 2190 de
494 2154 597 2189 agimus
609 2154 744 2189 exemplo,
763 2162 816 2181 non
830 2155 918 2182 cmdcs
933 2155 1013 2182 modo

224 2201 324 2228 facinus
337 2200 387 2227 hoc
397 2192 470 2233 erat';
485 2208 537 2227 non
549 2200 619 2227 enim
634 2201 674 2227 vir
684 2209 699 2228 e
711 2201 788 2228 trivio
803 2200 933 2229 homicida
945 2206 1011 2234 erat,

223 2248 270 2274 sed
291 2247 437 2282 propheta;
459 2254 512 2274 non
527 2246 666 2274 laedentem
679 2267 687 2279 ,
711 2247 758 2274 sed
778 2247 869 2274 laesum
892 2248 1010 2275 occidit:

224 2293 301 2320 laesus
314 2293 410 2327 quippe
429 2291 515 2319 fuerat
531 2299 563 2319 ex
576 2292 708 2320 adulterio
727 2300 786 2319 cum
802 2300 886 2320 uxore
909 2301 917 2319 :
934 2297 1013 2328 atque

224 2339 274 2367 Itoc
290 2339 370 2366 etiam
386 2339 473 2366 scelus
487 2338 599 2366 addidit.
623 2338 760 2366 Videtisne
786 2338 919 2374 quomodo
939 2339 1012 2373 justo

224 2385 280 2411 viro
292 2392 345 2412 non
362 2392 479 2419 parcam,
496 2389 522 2412 et
533 2385 591 2412 sine
610 2385 664 2412 ullo
683 2389 894 2420 temperamento
909 2385 1011 2412 scelcra

222 2431 280 2466 ejus
293 2431 475 2459 recenseam?
496 2431 620 2458 Attamen
644 2431 678 2457 ita
700 2431 733 2458 de
762 2430 833 2457 illius
855 2431 1013 2466 purgatione

221 2477 342 2510 conﬁdo,
368 2481 397 2504 ut
411 2481 470 2512 post
492 2481 593 2504 tantum
615 2477 746 2504 scelerum
770 2477 874 2504 culmen
888 2498 895 2509 ,
921 2481 1010 2511 optem

221 2523 315 2550 adesse
334 2522 504 2556 Manichaeos,
525 2522 570 2557 qui
592 2521 649 2549 haec
669 2522 785 2548 maxime
803 2522 963 2555 traducunt,
985 2527 1011 2549 et

221 2568 425 2602 Marcionistas,
441 2573 471 2595 ut
491 2568 598 2595 illorum
620 2575 666 2595 ora
687 2569 794 2603 egregie
822 2568 954 2595 claudam.
971 2568 1011 2595 llli

222 2623 335 2650 namque
343 2616 435 2643 dicunt
443 2615 528 2650 ipsum
540 2619 566 2643 et
574 2615 704 2642 cecidisse
714 2620 741 2642 et
749 2615 909 2642 moechatuui
918 2615 1009 2647 fuisse;

221 2670 270 2697 ego
283 2669 348 2690 vero
363 2669 414 2689 non
431 2661 457 2688 id
478 2666 579 2688 tantum
602 2661 679 2694 dico,
705 2661 751 2688 sed
776 2661 908 2695 duplicem
929 2660 1011 2688 fuisse

221 2707 323 2735 ea-dem
336 2708 516 2735 demonstravi
529 2726 538 2738 ,
562 2711 617 2734 tum
632 2706 702 2742 quod
717 2707 760 2734 ille
777 2706 832 2741 jam
847 2711 909 2734 ante
932 2707 1012 2734 ltesus

203 2787 208 2794 1
221 2754 265 2783 sit.
280 2758 335 2782 tum
348 2753 419 2788 quod
434 2757 513 2780 tautae
526 2753 663 2788 dignitatis
676 2756 748 2780 esset
763 2753 785 2780 is
799 2753 844 2787 qui
859 2752 965 2780 occidit.

257 2801 283 2827 7.
304 2799 440 2827 Peccatum
456 2800 559 2826 Davidis
577 2804 709 2834 quantum.
729 2799 816 2834 Ipsius
840 2804 895 2834 post
909 2800 1010 2834 lapsum

221 2850 314 2878 quanta
331 2846 419 2872 virtus.
444 2860 480 2865 ——
505 2845 562 2872 Non
583 2845 654 2872 enim
676 2852 725 2880 par
746 2849 787 2872 est
806 2846 907 2873 crimen
925 2846 1010 2873 virum

222 2891 320 2927 Spiritu
332 2895 425 2921 sancto
438 2891 585 2927 diguatum,
606 2895 645 2920 tot
658 2891 794 2920 beneﬁciis
808 2890 941 2925 allectum,
964 2892 1009 2927 qui

707 155 740 184 IN
761 154 965 183 hlA'l‘TII/EUM
984 154 1100 182 IIOIIIL.
1122 154 1216 182 XXVI.
1237 157 1272 184 al.
1294 157 1402 185 XXVII.

1826 167 1877 195 3&2

1086 217 1185 240 tantam
1206 219 1364 248 potestatem
1386 220 1444 243 erat
1465 217 1586 252 adeptus,
1612 218 1637 246 in
1654 220 1698 247 tali
1721 226 1798 250 :etate
1820 223 1876 251 haec

1083 258 1199 287 facinora
1213 261 1330 295 aggredi,
1345 265 1424 297 atque
1437 262 1551 297 idipsum
1563 266 1709 299 perpetrari
1722 274 1737 293 a
1750 268 1817 302 viro,
1833 271 1876 297 cui

1082 305 1149 332 nihil
1163 313 1256 334 eorum
1271 311 1415 342 competat.
1439 307 1563 336 Attamen
1580 309 1642 338 hinc
1655 312 1801 341 mirabilior
1814 321 1877 342 eva-

1081 350 1122 378 dit
1137 352 1178 378 vir
1200 352 1244 379 ille
1266 352 1352 385 fortis,
1373 353 1443 388 quod
1467 355 1493 382 in
1517 355 1675 390 profundum
1694 359 1819 394 nequitia:
1838 360 1874 388 la-

1082 403 1155 431 psus,
1177 405 1228 424 non
1242 398 1331 425 animo
1343 398 1481 433 defecerit,
1507 409 1559 429 non
1572 401 1731 437 desperarit,
1754 413 1807 432 non
1829 414 1874 433 se-

1082 441 1167 475 ipsum
1183 444 1306 478 supinum
1322 445 1475 480 projeeerit,
1499 447 1568 474 letali
1584 448 1693 476 vulnere
1705 451 1845 479 confossus
1859 460 1874 479 a

1080 489 1198 523 diabolo,
1224 491 1270 519 sed
1284 492 1347 524 cito,
1365 493 1418 520 imo
1431 494 1532 527 statim,
1549 502 1643 529 magna
1656 502 1716 522 cum
1728 497 1874 525 vehemen-

1081 537 1116 562 tia
1132 536 1216 571 majus
1231 537 1357 565 inllixerit
1371 539 1477 572 vulnus,
1498 547 1578 574 quam
1595 546 1743 575 acceperat.
1759 539 1875 572 Perinde

1081 586 1161 616 atque
1178 582 1199 609 si
1220 583 1245 609 in
1260 583 1317 610 acie
1332 583 1460 612 barbarus
1475 586 1606 620 quispiam
1626 586 1652 613 iu
1668 595 1715 615 cor
1730 589 1771 616 vel
1786 589 1812 617 in
1826 589 1874 618 he-

1079 634 1127 662 par
1141 629 1241 655 strenui
1257 629 1306 656 viri
1320 629 1423 657 hastam
1440 630 1567 665 infixerit,
1587 637 1615 660 et
1628 634 1772 662 secundam
1788 636 1873 672 magis

1078 673 1184 701 letalem
1200 675 1302 711 plagam
1317 676 1459 711 addiderit,
1481 683 1535 706 tum
1551 680 1595 708 ille
1615 681 1705 715 lapsus
1718 682 1871 717 plagarum-

1077 727 1129 754 qne
1144 721 1272 755 sanguine
1284 722 1470 756 circumfusus,
1483 725 1537 752 cito
1547 727 1701 760 surrexerit,
1715 727 1871 765 hastamque

1077 766 1185 794 vibrans
1200 767 1304 795 hostem
1318 769 1477 803 confoderit,
1498 775 1525 798 et
1547 772 1664 800 occisum
1686 775 1774 802 statim
1796 775 1870 804 humi

1078 818 1239 847 prostratum
1254 815 1391 850 reliquerit
1406 825 1413 843 :
1430 817 1468 844 sic
1481 823 1508 844 et
1522 826 1601 851 nunc,
1615 827 1668 854 quo
1678 820 1805 855 majorem
1819 822 1871 850 Da-

1076 859 1145 887 vidis
1158 861 1260 896 plagam
1280 861 1390 896 dixeris,
1414 870 1448 890 eo
1467 864 1657 894 mirabiliorem
1671 867 1787 896 confossi
1807 870 1869 897 ani-

1077 913 1149 932 mum
1172 906 1307 938 ostendis,
1330 908 1399 942 quod
1421 913 1480 942 post
1504 910 1599 938 vulnus
1619 916 1672 939 tam
1693 920 1792 948 grave,
1820 923 1868 950 po-

1075 952 1157 979 tuerit
1170 956 1198 979 et
1218 960 1339 988 surgere,
1356 958 1382 981 et
1400 955 1424 981 in
1441 954 1529 983 fronte
1543 957 1603 984 valli
1613 962 1695 992 stare,
1711 959 1868 996 hostemque

1075 1002 1256 1032 prosternere.
1271 999 1327 1028 Hec
1341 1008 1406 1028 vero
1420 1007 1547 1036 quantum
1562 1003 1606 1033 sit.
1617 1005 1704 1033 sciunt
1717 1014 1810 1035 omnes
1821 1010 1866 1043 qui

1075 1045 1100 1071 in
1110 1044 1199 1079 gravia
1215 1045 1282 1080 lapsi
1295 1051 1358 1074 sunt
1372 1051 1490 1082 peccata.
1502 1047 1560 1076 Non
1573 1049 1645 1077 enim
1659 1051 1694 1078 ita
1709 1051 1785 1080 fortis
1798 1059 1866 1081 stre-

1077 1091 1179 1125 nuique
1191 1091 1274 1119 animi
1288 1097 1329 1119 est
1342 1097 1415 1119 recta
1426 1092 1593 1119 incedentem
1606 1100 1717 1120 cursum
1734 1094 1864 1128 perlicere

1077 1137 1112 1172 (is
1119 1137 1191 1164 enim
1199 1138 1329 1165 comitem
1339 1137 1501 1172 habetspetu
1508 1138 1606 1166 bonam
1614 1139 1796 1167 concitantem
1805 1148 1864 1167 ner-

1076 1190 1126 1211 vos
1136 1187 1164 1211 et
1174 1183 1344 1210 alacritatem
1359 1182 1524 1218 addentem),
1538 1188 1637 1218 utpost
1645 1185 1720 1212 mille
1733 1192 1860 1218 coronas,

1076 1233 1189 1263 tropaea,
1198 1228 1335 1262 victorias,
1343 1229 1460 1264 graviter
1467 1228 1571 1264 lapsum
1580 1237 1661 1264 posse
1669 1231 1795 1258 eumdem
1802 1239 1861 1259 eur-

1076 1282 1137 1302 num
1145 1274 1234 1302 denuo
1242 1272 1409 1309 repetere.Ut
1415 1279 1505 1302 autem
1515 1275 1541 1302 id
1547 1277 1620 1310 quod
1627 1276 1689 1304 dico
1695 1277 1861 1305 clariuseva-

1071 1319 1126 1353 dat,
1151 1320 1226 1348 aliud
1245 1321 1334 1356 priore
1355 1329 1409 1350 non
1429 1323 1518 1350 minus
1539 1319 1690 1359 exemplum
1706 1325 1862 1354 inmedium

1073 1368 1148 1395 vobis
1171 1367 1291 1402 proferre
1312 1369 1431 1396 tentabo.
1459 1369 1550 1405 Cogita
1571 1370 1635 1398 mihi
1657 1372 1862 1406 gubernatorem

1071 1414 1154 1441 maria
1178 1413 1250 1442 mille
1271 1422 1421 1448 emensum,
1449 1422 1509 1450 post
1531 1421 1630 1444 tantam
1656 1418 1861 1453 navigationem,

1071 1464 1131 1494 post
1154 1459 1250 1487 multas
1274 1465 1456 1495 tempestates,
1483 1462 1617 1497 scopulos,
1639 1463 1749 1497 fluctus,
1773 1466 1863 1493 multis

1071 1505 1228 1533 instructum
1250 1507 1378 1534 mercium
1403 1507 1524 1539 sarcinis,
1542 1508 1567 1535 in
1592 1508 1651 1544 ipso
1673 1515 1766 1544 portus
1791 1512 1862 1538 ostio

1070 1552 1234 1586 demersum,
1254 1553 1298 1588 qui
1320 1554 1362 1580 vix
1377 1561 1393 1582 e
1407 1558 1480 1581 tanto
1493 1554 1630 1589 naufragio
1649 1556 1734 1584 nudus
1744 1557 1862 1593 effugere

1071 1600 1185 1634 potuerit
1200 1609 1207 1630 ;
1221 1607 1274 1635 quo
1290 1600 1333 1627 ille
1347 1601 1437 1628 animo
1452 1601 1532 1628 fuerit
1544 1609 1606 1637 erga
1624 1603 1817 1638 navigationem
1835 1608 1861 1632 et

1071 1646 1171 1672 marina
1183 1646 1318 1680 pericula?
1332 1654 1395 1674 num
1408 1646 1452 1673 ille
1463 1647 1576 1674 voluerit
1588 1655 1724 1683 umquam,
1741 1649 1791 1676 nisi
1805 1651 1862 1676 ani-

1069 1693 1104 1719 mi
1118 1693 1153 1719 sit
1166 1692 1308 1720 admodum
1319 1693 1431 1726 strenui,
1443 1693 1483 1720 vel
1497 1693 1569 1726 litus,
1582 1694 1624 1721 vel
1634 1700 1749 1729 portum,
1759 1696 1801 1724 vel
1815 1704 1860 1724 na-

1071 1747 1128 1766 vem
1144 1739 1223 1766 ullam
1238 1739 1394 1774 respicere?
1410 1739 1468 1766 Non
1483 1739 1573 1774 utique
1585 1744 1649 1775 puto
1663 1749 1669 1766 :
1685 1740 1731 1768 sed
1746 1742 1862 1769 occulta~

1069 1790 1113 1812 tus
1122 1785 1229 1819 iacebit,
1246 1785 1315 1813 diem
1327 1785 1352 1812 in
1367 1791 1472 1813 noctem
1482 1790 1599 1819 vertens,
1612 1788 1738 1822 omnique
1751 1795 1798 1823 spe
1813 1789 1861 1816 de-

1068 1832 1194 1863 stitutus;
1215 1831 1349 1866 maletque
1363 1831 1443 1858 vitam
1458 1831 1596 1859 mendicus
1608 1840 1697 1867 agere,
1710 1841 1788 1868 quam
1804 1834 1859 1869 pri-

1069 1877 1152 1904 stinos
1165 1876 1239 1904 adire
1252 1876 1368 1904 labores.
1383 1878 1418 1904 At
1431 1884 1484 1904 non
1500 1877 1561 1904 talis
1576 1877 1625 1905 fuit
1637 1878 1680 1906 hic
1691 1879 1731 1906 vir
1745 1880 1837 1907 beatus
1853 1890 1860 1908 :

1068 1923 1114 1950 sed
1138 1928 1197 1958 post
1212 1927 1313 1950 tantum
1327 1922 1504 1958 naufragium,
1527 1929 1586 1958 post
1601 1929 1640 1952 tot
1654 1925 1758 1953 labores
1772 1931 1799 1953 et
1813 1934 1859 1954 su-

1068 1968 1158 2001 dores,
1183 1975 1236 1995 non
1258 1969 1354 1996 mansit
1378 1969 1517 2002 occultus;
1542 1969 1588 1997 sed
1619 1971 1706 1998 navim
1732 1973 1856 2004 extraxit,

1067 2015 1244 2050 cxpansisque
1265 2015 1340 2048 velis,
1365 2019 1393 2042 et
1415 2019 1525 2050 accepto
1548 2016 1738 2051 gubernaculo,
1756 2018 1860 2046 labores

1067 2062 1141 2094 adiit,
1162 2066 1189 2088 et
1211 2061 1325 2096 majores
1347 2069 1424 2096 quam
1451 2062 1524 2097 prius
1545 2062 1650 2090 divitias
1670 2064 1782 2098 adeptus
1806 2070 1857 2092 est.

1068 2107 1142 2141 Quod
1165 2107 1187 2133 si
1210 2112 1283 2134 stare
1309 2113 1336 2133 et
1363 2106 1464 2140 lapsunt
1490 2114 1541 2133 non
1564 2115 1671 2142 semper
1690 2109 1781 2142 jacere
1807 2110 1860 2136 mi-

1068 2153 1150 2180 rabile
1165 2157 1215 2184 cst,
1232 2153 1320 2180 denuo
1334 2153 1444 2180 excitari
1460 2158 1487 2180 et
1504 2153 1565 2180 talia
1581 2154 1719 2188 perficere,
1735 2160 1800 2190 quot
1814 2163 1859 2183 co-

1067 2201 1139 2227 ronis
1153 2200 1260 2234 dignum
1275 2207 1326 2225 non
1338 2199 1407 2226 erit?
1420 2199 1497 2234 Atqui
1513 2199 1594 2226 nmlta
1610 2205 1686 2227 erant
1699 2207 1759 2235 qua:
1773 2201 1859 2236 ipsum

1067 2247 1093 2274 in
1113 2246 1324 2279 tIt‘SpOt‘HllOllem
1347 2245 1529 2279 coujicerent?
1554 2246 1651 2280 primo.
1674 2247 1775 2281 peccati
1800 2255 1860 2274 tua-

1066 2293 1193 2327 gnitudo;
1207 2291 1335 2323 secundo,
1349 2291 1420 2325 quod
1434 2299 1486 2318 non
1503 2292 1528 2318 in
1543 2292 1667 2326 primaava
1678 2297 1766 2326 aetate,
1776 2301 1859 2328 quan-

1066 2339 1101 2365 do
1123 2338 1208 2373 major
1228 2342 1285 2364 erat
1302 2345 1363 2371 spes
1384 2338 1555 2367 rcversiouis,
1572 2337 1618 2364 sed
1634 2337 1786 2366 declinante
1804 2339 1858 2374 jam

1066 2390 1144 2412 :rtate
1163 2384 1187 2412 id
1202 2392 1295 2419 passus
1313 2389 1394 2411 esset.
1417 2384 1512 2420 Neque‘
1522 2386 1593 2412 enim
1611 2390 1752 2419 mercator,
1767 2387 1811 2421 qui
1826 2395 1859 2414 ex
1881 2404 1884 2409 ι

1067 2436 1143 2465 portu
1167 2438 1291 2465 egressus
1313 2430 1401 2457 statim
1423 2429 1588 2465 naufragium
1612 2431 1721 2466 patitur,
1749 2432 1860 2466 perinde

1065 2477 1179 2504 al‘licitur
1201 2477 1303 2509 dolore,
1330 2480 1409 2510 atque
1432 2477 1453 2503 is
1475 2477 1519 2511 qui
1541 2481 1604 2512 post
1619 2478 1716 2505 multas
1738 2483 1859 2513 peractas

1067 2523 1259 2558 negotiationes
1287 2523 1312 2550 in
1333 2522 1471 2557 scopulum
1494 2523 1626 2558 impingit.
1653 2524 1760 2558 Tertio,
1788 2525 1858 2560 quod

1067 2574 1126 2604 post
1141 2574 1227 2596 tantas
1248 2568 1375 2596 collectas
1399 2569 1505 2596 divitias
1527 2569 1553 2597 id
1575 2577 1669 2604 passus
1686 2571 1720 2599 sit
1737 2572 1857 2599 :etenim
1872 2600 1876 2605 ,

1066 2623 1119 2643 non
1134 2623 1221 2650 parva!
1234 2615 1271 2642 illi
1288 2620 1350 2642 tunc
1362 2615 1473 2642 aderant
1491 2615 1621 2643 mercium
1634 2617 1764 2650 sarcinae;
1782 2625 1857 2645 nem-
1873 2610 1877 2629 ⁵

1067 2669 1099 2696 pe
1118 2661 1161 2688 illa
1176 2668 1235 2696 qua:
1250 2661 1274 2687 iu
1292 2660 1415 2695 primaeva
1431 2665 1509 2688 aetate
1523 2666 1656 2696 geSSerat,
1682 2670 1743 2690 cum
1769 2668 1859 2698 pastor

1066 2712 1154 2740 esset;
1180 2715 1266 2742 pugna
1287 2711 1380 2735 contra
1408 2707 1573 2742 Goliathum,
1606 2717 1666 2736 cum
1689 2711 1858 2745 splendidum

1065 2755 1149 2783 erexit
1164 2759 1291 2789 tropatum
1309 2763 1315 2780 :
1332 2754 1499 2789 philosophia
1515 2755 1559 2782 illa
1574 2763 1652 2791 quam
1664 2757 1784 2784 exhibuit
1795 2764 1858 2792 erga

1065 2800 1181 2828 Saftlem.
1193 2799 1375 2835 Evangelicam
1390 2800 1461 2827 enim
1474 2801 1592 2828 aSIendit
1602 2801 1856 2836 magnanimitatem,

1065 2853 1125 2874 cum
1148 2846 1297 2873 sexcenties
1318 2845 1421 2873 hostem
1444 2853 1499 2881 prae
1518 2847 1641 2874 manibus
1660 2847 1790 2878 habuerit,
1815 2847 1857 2874 cui

1067 2899 1172 2928 semper
1185 2891 1320 2928 pepercit;
1336 2891 1481 2927 maluitque
1492 2892 1612 2928 patriam,
1630 2893 1789 2927 libertatem,
1803 2893 1857 2920 imo
