2067 3134
188 151 241 181 365

188 210 270 237 vitam
285 209 418 240 amittere,
433 217 512 245 quatit
527 209 576 237 sibi
599 210 697 245 injuste
717 210 884 238 insidiantem
896 210 981 237 inter-

190 255 270 282 llcerc
293 254 357 281 Fest
369 254 494 289 adeptum
507 263 613 290 qttoque
622 263 733 290 regnum
746 263 799 282 non
814 262 893 289 parva
910 260 982 282 recte

190 301 284 335 gessit.
310 300 396 335 Supra
420 300 574 328 memoratis
596 301 717 328 addenda
730 301 788 335 ejus
805 300 875 335 apud
888 308 982 327 omnes

187 346 359 379 existimatio,
377 354 437 373 nam
451 346 523 381 quod
535 354 551 373 a
567 351 638 373 tanta
652 346 735 381 gloria
748 347 899 379 excidisset,
927 354 981 374 non

189 400 298 426 parvum
322 392 403 419 anitni
423 397 525 420 motum
547 393 665 420 excitare
688 397 802 427 poterat.
829 393 886 420 Nott
908 394 980 421 enim

188 442 291 464 tantum
305 438 418 466 ornabat
431 445 555 473 purpurat
565 438 658 469 decus,
670 443 798 474 quantum
811 438 914 474 pudore
923 439 981 466 suf-

187 483 314 511 fundebat
329 484 429 519 peceati
442 485 507 512 tanti
520 485 634 512 macula.

222 530 249 557 8.
269 529 350 557 Scitis
376 537 456 565 porro
482 538 562 565 quam
586 537 706 558 amarum
728 531 763 558 sit
785 537 846 558 cum
871 535 980 566 peccata

186 575 356 610 evnlgantur,
381 581 409 603 et
431 580 530 611 quanto
550 576 587 603 sit
606 583 673 611 opus
691 577 792 608 animo,
808 581 866 604 uta
888 575 980 604 multis

185 628 326 652 accusatus
344 624 395 655 vir,
418 627 513 658 totque
535 623 637 651 habens
657 623 787 651 scelerum
810 627 904 657 testes,
926 631 979 651 non

187 677 297 704 prorsus
309 669 443 697 concidat.
457 670 582 697 Attamen
595 673 720 697 strenuus
738 669 783 697 ille
797 670 848 703 vir,
862 669 914 697 tela
930 670 978 697 ist-

186 716 243 743 ltatc
258 715 346 742 omnia
365 714 400 742 ab
414 715 504 742 anima
517 723 565 742 sua
578 715 685 748 evulsit,
707 715 857 750 deindeque
871 715 905 742 ita
923 715 979 742 cla-

185 762 248 793 ruit,
272 762 308 788 ita
328 761 447 789 maculas
468 761 553 794 eluit,
574 761 611 788 ita
637 761 753 789 mundus
773 761 913 797 apparuit,
949 765 979 788 ut

184 808 264 835 etiam
289 812 349 842 post
373 811 487 835 mortem
509 812 636 842 nepotum
649 815 760 836 suorum
776 812 885 843 peccata
899 808 978 835 obteo

183 859 259 888 geret
273 862 281 881 :
295 854 406 888 etquod
421 853 455 882 de
470 854 624 882 Abraltamo
636 854 743 882 dixerat
753 854 833 886 Deus,
857 854 884 882 id
897 854 978 882 etiam

183 901 218 928 de
239 901 285 928 illo
308 901 456 936 proferret;
476 901 531 928 imo
553 901 636 929 multo
658 901 743 936 magis
762 901 796 929 de
813 901 923 929 Davide.
940 901 979 929 De

183 947 335 981 patriarcha
356 948 428 975 enim
446 947 485 974 ait
508 956 515 975 :
537 947 695 974 Recordatus
705 955 762 974 eum
776 947 917 974 testamenti
929 948 979 974 mei

183 994 251 1027 quod
265 994 313 1029 fuit
327 994 361 1020 ad
372 993 500 1020 Abraham
511 993 609 1029 (Exod.
620 993 648 1020 '2.
661 993 725 1028 24);
740 993 783 1020 hic
796 1000 860 1021 vero
873 1000 926 1020 non
936 993 977 1021 lo-

183 1039 273 1073 quitur
284 1039 319 1067 de
334 1043 494 1067 testamento
511 1047 517 1066 :
533 1039 581 1067 sed
595 1039 679 1074 quid?
693 1038 804 1074 Propter
817 1038 902 1066 David
912 1047 977 1074 pue-

184 1093 242 1112 rum
261 1093 344 1112 meum
365 1090 496 1121 protegam
517 1085 584 1123 hanc
604 1085 729 1112 civitatem
751 1084 836 1120 (Isai.
850 1085 896 1112 57.
909 1083 976 1120 55).

183 1131 352 1158 Salomonem
364 1131 445 1158 etiam
458 1131 503 1165 qui
519 1134 591 1157 tanta
608 1130 710 1158 scelera
722 1130 840 1164 admisit,
854 1130 890 1158 ob
901 1137 977 1158 suam

183 1183 246 1211 erga
270 1176 396 1204 Davidem
415 1176 628 1204 benevolentiam
654 1184 708 1204 non
726 1176 848 1212 permisit
871 1176 942 1204 Deus
962 1184 979 1205 e

183 1230 265 1257 regno
284 1222 418 1250 excidere.
445 1221 583 1257 Tantaque
602 1226 661 1250 erat
676 1222 727 1249 viri
750 1222 925 1254 existimatio,
949 1226 979 1250 ut

183 1273 242 1302 post
257 1273 296 1295 tot
313 1274 398 1295 annos
419 1267 514 1295 Petrus
533 1268 562 1295 in
577 1268 707 1296 concione
727 1268 761 1295 ad
779 1268 888 1296 Judaaos
905 1268 978 1296 dice—

183 1320 225 1342 ret
243 1323 251 1341 :
267 1314 354 1341 Liceat
373 1315 496 1341 audenter
508 1315 592 1342 dicere
611 1314 645 1341 ad
660 1322 703 1342 vos
717 1314 750 1342 de
762 1315 908 1349 patriarcha
919 1314 977 1341 Da-

182 1360 235 1392 vid,
252 1361 371 1395 quoniam
393 1360 525 1393 defunctus
542 1364 579 1387 est
602 1365 626 1387 et
653 1360 766 1395 sepultus
793 1359 860 1395 (Act.
875 1359 903 1389 9.
916 1359 975 1395 29).

181 1407 304 1434 Christus
330 1414 437 1442 quoque
461 1406 568 1434 Iudaeos
594 1406 746 1442 alloquens,
773 1405 891 1434 ostendit
915 1413 976 1434 eum

181 1452 262 1479 etiam
283 1456 343 1487 post
364 1457 503 1487 peccatum
524 1452 560 1479 ita
583 1452 699 1487 Spiritus
720 1452 805 1487 gratia
826 1452 975 1488 dignatum,

182 1505 211 1526 ttt
233 1499 313 1526 etiam
338 1498 372 1526 de
397 1498 481 1533 ipsius
503 1498 641 1526 divinitate
664 1498 831 1533 prophetiam
855 1498 977 1526 emittere

182 1545 310 1572 meruerit
335 1554 341 1572 :
364 1544 480 1579 indeque
501 1545 619 1579 ipsorum
633 1552 680 1572 ora
693 1545 822 1572 obturans
845 1544 974 1572 dicebat:

185 1591 317 1625 Quomodo
338 1599 398 1627 ergo
418 1590 502 1618 David
522 1592 549 1618 in
569 1591 661 1626 spiritu
672 1595 744 1618 uocat
758 1598 815 1618 eum
828 1590 975 1623 Dominum,

181 1638 277 1670 dicem,
301 1637 372 1664 Dixit
392 1637 515 1664 Dominus
538 1636 648 1664 Domino
668 1645 740 1670 meo,
761 1636 830 1664 Sede
851 1645 867 1663 a
881 1637 977 1664 dextris

181 1684 243 1710 meis
258 1683 364 1718 (Matth.
378 1683 424 1710 2‘2.
441 1683 509 1717 45)?
524 1683 558 1710 Et
569 1683 640 1718 quod
656 1683 682 1710 in
692 1682 782 1718 Moyse
795 1681 894 1710 factum
914 1687 976 1716 est,

182 1728 234 1755 hoc
246 1729 326 1755 etiam
341 1728 367 1755 in
380 1727 491 1755 Davide.
514 1727 745 1760 Quemadmodum
765 1728 838 1755 enim
853 1727 974 1761 Mariam,

176 1774 264 1801 invito
278 1774 358 1801 etiam
371 1773 471 1809 Moyse,
484 1773 625 1808 castigavit
645 1774 726 1808 Deus,
737 1781 770 1801 eo
782 1773 854 1809 quod
864 1773 975 1801 fratrem

560 152 588 180 Β.
609 152 748 182 JOANNIS
765 152 1003 182 CHRYSOSTOMI
1020 153 1177 181 ARCl‘llEP.
1198 152 1465 181 CONSTANTINOP.

1774 159 1827 186 5M

1036 212 1199 240 contumelia
1210 212 1353 244 aliecisset,
1366 213 1428 247 quia
1440 220 1538 248 nempe
1549 218 1673 240 sanctum
1685 213 1762 240 illttnt
1773 214 1823 241 ad-

1035 259 1146 285 modum
1161 258 1288 293 diligebat
1303 267 1310 285 :
1326 259 1376 290 sic,
1392 264 1420 285 ct
1434 259 1486 285 hoc
1502 258 1621 292 nolente,
1638 259 1722 286 lilium
1737 260 1826 286 rebel-

1034 305 1086 331 lem
1099 305 1172 332 ttltus
1185 310 1236 332 est.
1249 305 1311 332 llmc
1323 313 1384 332 cttm
1395 305 1466 337 aliis,
1483 306 1536 332 imo
1550 314 1606 340 pra:
1619 306 1690 338 aliis,
1706 306 1754 333 viri
1768 306 1825 333 vir—

1034 355 1119 378 tutent
1137 352 1201 378 satis
1220 352 1366 379 declarant.
1390 351 1456 378 Nam
1473 359 1536 378 cum
1555 352 1624 378 Dcus
1641 351 1693 378 fert
1711 356 1824 379 senten-

1034 396 1109 425 tiam.
1125 396 1193 423 nihil
1207 396 1276 423 ultra
1292 397 1498 431 explorandum.
1517 397 1545 423 Si
1562 397 1643 424 vultis
1660 402 1751 424 atttettt
1765 397 1825 431 ejus

1033 439 1227 474 philosophiam
1248 439 1397 466 minutatim
1413 438 1545 472 ediscere,
1565 439 1626 466 licet
1640 439 1823 473 percurrenti-

1031 485 1082 513 bus
1107 485 1244 512 historiam
1272 492 1365 512 corum
1387 492 1447 519 qua:
1469 489 1530 519 post
1551 488 1690 518 peccatum
1715 484 1823 518 gessit,

1031 531 1122 559 videre
1143 537 1268 566 quantam
1291 530 1336 558 ille
1355 529 1424 564 apud
1439 530 1521 557 Deum
1542 529 1664 569 fiduciam
1679 529 1822 562 habuerit,

1031 581 1129 612 quanta
1148 577 1207 611 ejus
1228 576 1412 604 benevolentia
1431 575 1556 611 dignatus
1575 576 1621 608 sit,
1644 579 1772 610 quantum
1795 575 1823 602 in

1031 624 1128 652 virtute
1139 624 1290 658 profecerit,
1305 632 1384 659 quam
1397 628 1472 651 recte
1484 623 1518 651 ad
1533 623 1653 650 ultimum
1669 631 1753 657 usqttc
1767 623 1823 656 spi-

1030 670 1110 698 ritum
1121 670 1226 698 vixerit.
1241 670 1287 697 llis
1301 670 1381 705 igitur
1392 669 1522 704 exemplis
1535 669 1658 700 instituti,
1669 669 1821 703 vigilemus,

1030 723 1225 750 caveamttsque
1239 724 1272 743 ne
1287 715 1409 743 labumur
1425 724 1432 742 :
1452 714 1523 750 quod
1537 715 1558 742 si
1572 714 1679 750 quando
1691 714 1744 742 labi
1758 722 1822 741 con-

1030 762 1124 797 tingat,
1148 769 1182 790 ne
1205 762 1329 796 prostrati
1346 761 1492 796 jaceamtts.
1520 761 1611 796 Neque
1631 762 1701 788 cnim
1713 766 1820 796 peccata

1030 808 1138 835 Davidis
1152 809 1275 842 exposui,
1294 812 1323 835 ut
1337 815 1384 834 vos
1400 807 1425 834 in
1439 807 1578 842 segnitietn
1592 806 1731 842 conjiciam
1745 815 1751 838 ;
1773 807 1822 834 sed

1030 859 1059 881 ut
1073 853 1196 881 timorem
1209 854 1346 881 incutiam.
1364 853 1430 880 Nam
1445 854 1467 881 si
1480 853 1568 888 justus
1584 853 1640 886 ille,
1654 854 1714 888 quia
1729 861 1822 888 parum

1030 900 1162 935 neglexit.
1187 904 1226 927 tot
1246 900 1351 935 excepit
1372 900 1492 933 vulnera,
1517 899 1581 935 quid
1601 900 1704 935 passuri
1729 907 1823 927 sumus

1029 954 1089 980 nos,
1104 947 1148 982 qui
1161 947 1279 982 quotidie
1293 954 1388 982 segnes
1401 947 1515 974 sumus?
1535 946 1574 974 Ne
1586 947 1688 982 cogites
1707 954 1771 982 ergo
1784 946 1823 973 la-

1030 1001 1106 1029 psum
1127 994 1199 1021 illunt
1217 1001 1288 1026 esse,
1304 997 1333 1020 ut
1356 993 1417 1020 hinc
1438 993 1574 1028 negligens
1587 992 1705 1022 evadas:
1721 992 1767 1020 sed
1780 997 1821 1019 tc-

1029 1047 1090 1067 cum
1104 1044 1197 1074 reputa
1212 1044 1277 1074 quot
1287 1044 1438 1074 quantaque
1451 1043 1543 1073 postea
1559 1038 1660 1070 fecerit,
1688 1042 1754 1073 quot
1775 1038 1822 1065 lle-

1029 1091 1082 1119 tus,
1098 1090 1224 1121 quantam
1245 1086 1428 1120 paenitentiam
1451 1089 1528 1112 ttocte
1544 1085 1641 1120 dieque
1654 1084 1822 1118 exhibuerit,

1028 1132 1116 1161 fontes
1136 1132 1315 1167 lacrymarum
1340 1132 1477 1164 etnittcns,
1499 1131 1584 1166 iisque
1608 1131 1700 1158 lavans
1725 1131 1821 1158 lectum

1029 1186 1121 1210 suum;
1146 1183 1173 1206 ct
1192 1178 1248 1205 haec
1270 1185 1349 1205 sacco
1373 1177 1491 1204 indutus.
1519 1176 1547 1204 Si
1567 1181 1656 1204 autem
1680 1176 1725 1204 ille
1748 1181 1821 1204 tanta

1028 1225 1131 1260 eguerit
1145 1224 1333 1256 conversione,
1346 1230 1397 1258 qua
1414 1223 1516 1250 ratione
1531 1222 1676 1258 poterimus
1691 1229 1740 1249 nos
1751 1221 1808 1248 saltt

1029 1277 1082 1300 tem
1097 1265 1235 1306 consequi,
1259 1275 1321 1305 post
1339 1274 1379 1297 tot
1395 1275 1502 1305 peccata
1518 1269 1593 1296 nullo
1605 1268 1757 1303 compuncti
1771 1267 1821 1294 do-

1028 1318 1104 1345 lore?
1118 1317 1183 1344 Nam
1199 1317 1243 1352 qtti
1267 1316 1357 1343 multis
1371 1315 1498 1350 operibus
1512 1315 1589 1342 bouis
1603 1315 1746 1342 instructus
1769 1319 1820 1346 est,

1029 1363 1105 1392 facile
1126 1363 1209 1398 possit
1234 1363 1296 1390 ltinc
1316 1367 1424 1397 peccata
1446 1369 1494 1389 sua
1508 1361 1635 1396 obtegere
1651 1369 1658 1387 :
1673 1361 1718 1396 qtti
1732 1365 1821 1388 autem

1028 1409 1115 1437 nudus
1136 1414 1187 1441 est,
1210 1415 1378 1443 quocumque
1398 1408 1451 1435 telo
1470 1407 1624 1442 itttpetatur,
1641 1406 1746 1434 letalem
1763 1406 1821 1440 pla-

1027 1463 1088 1491 gam
1103 1455 1209 1489 accipit.
1235 1454 1274 1482 Ne
1288 1454 1366 1489 igitur
1381 1453 1431 1481 ltoc
1445 1453 1558 1485 accidat,
1575 1460 1624 1480 nos
1639 1452 1717 1479 bonis
1730 1452 1821 1488 operi-

1027 1502 1098 1530 hus'
1124 1502 1285 1532 muniamus,
1311 1505 1338 1528 et
1360 1501 1382 1527 si
1403 1500 1475 1535 quod
1495 1504 1633 1535 peccatum
1648 1499 1819 1530 admittatur,

1027 1547 1169 1576 confestim
1183 1554 1232 1574 nos
1247 1547 1387 1574 abluamus
1397 1542 1410 1577 ;”
1423 1550 1451 1573 ut
1465 1545 1516 1573 hac
1534 1545 1586 1572 vita
1602 1545 1635 1572 ad
1649 1545 1696 1572 Dei
1709 1544 1821 1579 gloriam

1028 1599 1146 1629 peracta,
1170 1593 1256 1620 futura
1273 1593 1317 1620 illa
1334 1593 1453 1620 fruantur
1468 1593 1521 1618 rita
1537 1600 1543 1618 :
1558 1599 1637 1626 quam
1659 1598 1707 1618 nos
1726 1597 1822 1618 omnes

1028 1640 1138 1674 assequi
1153 1639 1300 1674 contingat.
1313 1639 1396 1674 gratia
1411 1643 1438 1665 et
1449 1637 1612 1673 benignitate
1623 1637 1728 1664 Domini
1738 1637 1822 1664 nostri

1026 1685 1090 1714 .lesu
1105 1685 1215 1718 Christi,
1229 1685 1272 1712 cui
1283 1685 1371 1720 gloria
1383 1689 1412 1712 et
1424 1684 1565 1718 imperium
1580 1683 1608 1710 in
1622 1682 1719 1710 stccula
1733 1689 1822 1709 saecu-

1028 1732 1126 1759 lorum.
1144 1732 1240 1759 Amen.

1060 1778 1069 1793 ί
1088 1777 1116 1802 In
1127 1776 1210 1802 Morel.
1221 1776 1284 1807 solo,
1292 1776 1331 1802 hae
1343 1782 1424 1805 voces,
1437 1774 1503 1800 bonis
1513 1773 1634 1806 operibus,
1645 1773 1760 1798 deerant.

182 1835 1821 1848 ___—____—___—____—..___.__.

717 1889 893 1921 HOMILIA
917 1890 1051 1922 XXVII.
1073 1890 1117 1921 al.
1139 1889 1290 1920 XXVIII.

180 1949 246 1978 CAP.
274 1950 301 1977 8.
326 1958 352 1976 ν.
378 1950 422 1977 14.
449 1949 483 1977 Et
507 1958 566 1977 cum
593 1950 698 1977 uenisset
720 1948 795 1978 Iesus
817 1951 845 1978 in
872 1950 976 1978 domum

216 1995 299 2029 Petri,
321 1995 383 2023 vidit
401 2004 502 2023 socrum
522 1997 577 2032 ejus
594 1997 721 2031 jacentem
733 2000 756 2023 et
774 1996 954 2032 febricitantem
965 2005 975 2025 :

216 2042 261 2070 i5.
280 2046 305 2068 et
324 2041 403 2077 tetigit
417 2049 521 2068 manum
540 2042 605 2077 ejus,
620 2047 645 2069 et
657 2042 760 2077 reliquit
773 2050 830 2070 eam
844 2043 920 2078 febri:
931 2051 940 2070 :
952 2048 976 2070 et

215 2087 325 2114 surrexit
339 2092 362 2114 et
375 2087 532 2114 ministrabat
545 2087 578 2115 ei.

216 2134 244 2160 1.
265 2133 369 2160 Marcus
393 2138 421 2160 ut
440 2137 547 2168 tempus
570 2133 753 2168 signiﬁcaret,
770 2133 857 2167 dixit,
883 2134 977 2161 Statim

181 2178 284 2213 (Merc.
301 2179 327 2206 1.
342 2179 372 2206 5i
385 2178 410 2213 ):
431 2178 474 2206 ltic
488 2186 551 2206 vero
573 2179 678 2214 signum
695 2180 862 2207 solummodo
878 2181 976 2214 posuit,

182 2230 340 2260 tempusque
355 2232 406 2251 tton
421 2224 532 2252 notavit.
548 2225 599 2252 Alii
612 2229 700 2252 autem
714 2225 816 2259 dicunt,
826 2234 924 2261 argram
935 2227 978 2254 de-

181 2271 350 2298 cutnbentem
375 2277 484 2306 rogasse
508 2271 582 2298 illum
602 2280 608 2298 :
632 2271 676 2299 hic
700 2279 781 2306 porro
807 2272 871 2300 illud
897 2273 977 2301 etiam

181 2316 273 2344 tacuit.
297 2316 325 2343 ln
347 2323 398 2351 qua
419 2324 448 2343 re
463 2321 550 2344 tamen
576 2317 647 2344 nulla
664 2322 705 2344 est
717 2317 914 2353 discrepantia;
930 2319 977 2346 sed

181 2362 253 2389 aliud
274 2367 315 2389 est
339 2362 486 2396 brevitatis,
509 2362 580 2390 aliud
601 2363 726 2398 plenioris
740 2364 911 2392 narrationis.
925 2364 978 2393 Sed

183 2416 231 2436 cur
246 2411 382 2444 ingressus
395 2413 437 2436 est
451 2409 475 2436 in
498 2409 606 2436 domum
628 2410 718 2438 Petri?
736 2410 799 2438 Mihi
814 2411 921 2445 quidem
937 2412 978 2439 vi-

183 2454 261 2482 detur
274 2475 282 2487 ,
298 2458 328 2481 ttt
348 2455 438 2482 cibum
458 2459 577 2484 sumeret
593 2464 599 2482 ς
614 2455 639 2482 id
662 2455 733 2490 quod
754 2456 896 2491 signiﬁcat,
917 2464 977 2484 cum

183 2500 220 2526 ait
234 2508 241 2526 :
256 2499 384 2534 Surrexit,
400 2505 423 2527 et
439 2501 596 2528 ministrabat
614 2501 647 2528 ei.
661 2501 726 2528 Nam
747 2501 816 2536 apud
834 2502 979 2537 discipulos

183 2545 343 2578 divertebat,
361 2550 389 2573 ut
399 2550 426 2573 et
439 2546 509 2581 apud
523 2546 685 2579 Matthaaum,
698 2547 804 2581 quando
816 2547 888 2575 illum
902 2555 979 2575 voca-

184 2592 231 2624 vit,
244 2595 346 2619 honore
361 2592 420 2620 illos
429 2593 550 2620 alliciens
563 2597 593 2620 ut
601 2593 775 2621 studiosiores
790 2594 922 2622 redderet.
939 2595 978 2622 Tu

186 2646 249 2665 vero
265 2638 308 2665 hic
320 2638 385 2665 milti
398 2639 551 2666 consideres
565 2640 644 2667 velim
659 2639 729 2667 Petri
741 2647 804 2675 erga
815 2640 889 2667 illum
904 2647 979 2668 reve-

184 2684 308 2711 rentiam.
325 2684 390 2712 Cum
412 2685 482 2712 enim
498 2692 604 2713 socrum
626 2685 737 2713 haberet
755 2685 826 2713 donti
846 2686 978 2721 jacentent

185 2736 213 2757 et
224 2730 367 2758 admodum
385 2729 590 2763 febricitantem,
611 2739 664 2759 non
686 2732 766 2759 traxit
784 2739 845 2760 eum
859 2732 978 2766 domum,

185 2777 233 2804 sed
257 2777 422 2812 exspectavit
444 2777 531 2805 donec
550 2778 678 2806 doctrina:
694 2780 847 2813 praedicatio
858 2779 980 2807 absolve-

185 2827 270 2856 retur,
292 2823 436 2858 czeteriquc
455 2830 549 2851 omnes
571 2829 740 2856 sanarentur.
755 2829 783 2853 et
795 2830 857 2852 tunc
872 2825 980 2852 demum

186 2875 248 2896 eum
262 2869 398 2904 intrasset,
412 2868 487 2897 illum
501 2870 613 2905 rogavit.
627 2869 670 2898 Sic
683 2870 717 2898 ab
726 2871 803 2900 initio
819 2871 977 2899 institueba-

1029 1955 1080 1983 tur,
1095 1955 1124 1977 ut
1139 1957 1182 1978 res
1201 1949 1314 1976 aliorum
1332 1949 1388 1976 suis
1400 1952 1585 1983 anteponeret.
1598 1948 1688 1983 Itaque
1702 1955 1755 1974 non
1770 1944 1822 1971 Pe-

1028 2001 1086 2024 trus
1098 1996 1184 2032 ipsum
1194 1995 1310 2027 induxit,
1322 1994 1369 2022 sed
1378 1995 1433 2030 ipse
1444 1999 1539 2029 sponte
1548 1994 1666 2027 intravit,
1682 1999 1822 2028 postquam

1028 2043 1150 2070 centurio
1160 2041 1263 2069 dixerat
1278 2050 1284 2068 :
1297 2040 1359 2068 Non
1369 2048 1424 2067 non
1433 2041 1535 2075 dignus,
1548 2044 1575 2066 ut
1585 2040 1662 2068 intres
1672 2039 1719 2067 sub
1731 2044 1822 2066 tectum

1028 2096 1130 2120 meum;
1150 2088 1290 2116 declarans
1316 2092 1444 2122 quantum
1466 2085 1658 2121 gratificaretur
1679 2085 1820 2120 discipulo.

1029 2135 1108 2171 Atqui
1121 2135 1276 2163 consideres
1290 2134 1370 2161 velim
1383 2133 1477 2168 quales
1488 2137 1578 2160 essent
1596 2132 1756 2167 piscatorum
1772 2131 1822 2158 lto-

1029 2189 1121 2209 runtee
1133 2181 1220 2214 mdes;
1235 2185 1351 2208 attanten
1368 2181 1393 2208 itt
1418 2180 1523 2207 illorum
1539 2180 1640 2215 tuguria
1656 2179 1755 2206 intrare
1769 2186 1822 2206 non

1029 2228 1187 2264 dedignatus
1201 2233 1241 2256 est
1251 2236 1258 2258 ;
1271 2235 1326 2262 quo
1335 2235 1384 2255 nos
1393 2226 1504 2255 doceret
1517 2230 1545 2253 ttt
1557 2226 1584 2253 itt
1595 2225 1718 2253 omnibus
1726 2225 1822 2253 fastum

1030 2275 1164 2302 calcemus
1178 2274 1333 2301 Ituntattum.
1357 2273 1390 2301 Et
1404 2272 1484 2300 modo
1497 2273 1604 2308 quidem
1619 2272 1707 2299 verbis
1721 2276 1823 2299 tantum

1030 2325 1117 2353 sanat,
1135 2321 1215 2348 ntodo
1233 2328 1341 2348 manttm
1362 2320 1486 2355 porrigit,
1501 2319 1581 2347 modo
1596 2324 1737 2354 utrumque
1753 2326 1823 2353 prte-

1030 2370 1092 2398 stat,
1109 2366 1268 2393 medicinam
1282 2365 1317 2392 ob
1332 2365 1426 2392 oculos
1438 2364 1548 2392 ducens.
1565 2364 1623 2391 Non
1633 2364 1704 2392 enim
1717 2363 1824 2391 volebat

1031 2420 1138 2447 semper
1161 2411 1292 2446 stupendo
1312 2411 1392 2439 ntodo
1417 2411 1544 2438 miracula
1567 2411 1658 2438 edere.
1679 2409 1824 2445 Oportebat

1030 2459 1128 2494 quippe
1139 2458 1244 2485 interim
1256 2458 1348 2490 latere,
1361 2457 1475 2484 maxime
1485 2457 1662 2492 praesentibus
1674 2456 1822 2491 discipulis,

1031 2505 1075 2540 qui
1090 2513 1122 2532 ex
1139 2504 1220 2531 nimio
1240 2504 1339 2539 gaudio
1349 2504 1437 2531 omnia
1456 2503 1654 2538 prtedicassent.
1672 2503 1737 2530 illud
1760 2510 1824 2530 vero

1032 2551 1093 2578 ltinc
1106 2551 1191 2586 palam
1205 2556 1256 2584 est,
1273 2550 1342 2586 quod
1359 2555 1497 2586 postquam
1521 2551 1638 2578 venisset
1655 2550 1680 2577 in
1694 2553 1823 2582 montem,

1031 2597 1188 2632 prmciperct
1201 2597 1349 2632 discipulis,
1368 2604 1402 2625 ne
1414 2597 1457 2624 cui
1471 2597 1496 2624 id
1511 2597 1641 2625 dicerent.
1651 2596 1748 2631 Tetigit
1759 2604 1824 2630 ergo

1031 2651 1139 2677 corpus,
1156 2651 1243 2678 neque
1258 2643 1336 2670 modo
1352 2643 1447 2671 febrim
1463 2642 1601 2673 exstinxit.
1618 2642 1665 2670 sed
1679 2647 1707 2670 et
1723 2642 1825 2669 valetu-

1032 2689 1121 2717 dittem
1143 2689 1221 2724 plene
1241 2689 1374 2716 restituit:
1389 2689 1450 2724 quia
1465 2689 1535 2716 enim
1556 2689 1621 2716 levis
1633 2692 1690 2716 erat
1703 2688 1823 2718 morbus,

1032 2743 1064 2762 ex
1077 2735 1200 2762 ntedendi
1219 2735 1299 2762 modo
1312 2735 1455 2770 potentiam
1476 2742 1550 2762 suam
1563 2734 1693 2766 ostendit;
1714 2734 1740 2761 id
1754 2732 1826 2768 quod

1032 2788 1075 2808 ars
1091 2780 1228 2808 medicina:
1242 2788 1294 2807 non
1308 2779 1425 2808 fecisset.

1069 2826 1189 2854 Christus
1197 2826 1314 2853 celeriter
1322 2826 1422 2853 morbos
1430 2825 1693 2861 auferebat.—Scitis
1701 2830 1826 2852 cessante

1034 2871 1109 2900 febre
1122 2872 1206 2900 multo
1220 2876 1341 2908 tempore
1355 2879 1422 2908 opus
1433 2879 1502 2904 esse,
1520 2877 1549 2900 ut
1559 2872 1623 2908 tngri
1637 2871 1664 2898 in
1680 2871 1824 2907 pristinam
