2067 3134
222 152 274 182 εἷιὸ

223 211 400 239 valetudinem
415 210 598 238 restituantur.
609 208 662 236 Sed
677 213 738 235 tunc
749 207 838 234 omnia
851 207 927 234 simul
942 207 1010 234 facta

222 261 295 285 sunt.
310 256 368 283 Non
389 256 432 282 hic
445 260 533 282 autem
554 255 652 287 solum,
669 253 716 280 sed
729 253 809 280 etiam
825 252 850 279 in
864 252 941 279 mari.
957 251 1013 279 Illic

222 303 291 330 enim
307 310 359 329 non
376 306 469 328 ventos
485 305 585 328 tantum
599 307 626 327 et
639 303 823 334 tempestatem
836 298 950 330 sedavit,
964 297 1013 325 sed

222 349 301 376 etiam
314 353 415 375 motum
425 347 549 374 llucumm
563 347 651 373 statim
663 344 830 379 compressit,
844 344 914 378 quod
926 344 1012 378 ipsum

222 395 301 421 etiam
316 394 451 420 insolitum
464 398 521 420 erat
536 400 543 419 :
557 392 661 419 etiamsi
676 391 747 418 enim
761 394 904 425 tempestas
914 394 1010 421 cesset,

223 441 305 467 multo
321 445 412 474 postea
437 444 557 474 tempore
578 438 655 465 undae
675 437 814 465 ﬂuctuant.
833 436 885 464 Sed
904 444 956 463 non
978 436 1013 464 ita

222 485 320 512 tlhristi
341 485 425 520 jus.~io
446 489 588 519 operatur:
602 484 692 512 omnia
704 484 775 511 enim
790 483 879 510 statim
897 487 1013 516 cessant,

223 536 252 558 ut
265 533 291 558 in
304 532 414 558 nmliere
427 531 525 558 factum
536 536 587 559 est.
602 531 635 558 Et
645 530 696 558 hoc
705 530 845 558 declarans
853 529 1014 564 evangelista

222 578 326 605 dicebat
339 586 346 604 :
361 578 486 610 Surrexit,
507 582 530 605 et
543 577 698 604 ministrabat
711 577 750 609 ei;
761 576 832 611 quod
844 576 944 603 Christi
958 576 1013 603 vir-

224 624 287 651 tutis
301 623 405 658 signum
426 628 498 656 erat,
520 631 624 650 necnon
644 623 756 650 allectus
779 622 909 654 mulieris,
933 629 1014 656 quem

222 677 285 704 erga
298 670 432 697 Christum
444 669 573 697 exhibuit.
594 669 676 696 Aliud
688 677 794 704 quoque
809 669 871 695 hinc
887 668 1015 702 perspici-

223 724 291 749 mus,
309 723 405 750 nempe
423 716 535 743 aliorum
547 715 607 744 fidei
623 715 759 743 Christum
770 716 883 743 aliorum
896 715 1014 742 curatio-

223 770 283 789 nem
289 757 448 790 concedere.
455 761 519 788 Nam
528 761 621 789 hicalii
628 762 711 796 ipsum
718 761 857 797 rogabant,
866 761 978 788 utetiam
988 761 1014 788 in

223 809 484 843 puerocenturionis.
494 808 649 843 Hujusmodi
658 816 721 835 vero
729 809 840 842 gratiam
848 808 960 835 aliorum
969 815 1013 835 ro-

221 861 283 889 gatu
291 854 455 882 concedebat
463 854 623 888 (dummodo
634 854 656 881 is
668 853 861 889 quicnrabatur
869 853 1013 889 crederet),

222 910 282 929 cum
291 909 342 929 non
354 903 624 936 poteratmgeripsum
631 901 783 932 convenire.
790 901 832 928 vel
841 908 900 928 cum
908 905 1015 935 propter

223 949 397 983 ignorantiam
420 956 472 975 non
492 955 617 982 magnum
628 947 690 982 quid
707 947 839 974 sentiebat
851 947 884 974 de
896 946 1013 979 Christo,

223 995 265 1022 vel
278 1002 337 1022 cum
348 999 413 1021 :etas
424 994 488 1029 aegri
498 993 637 1021 immatura
650 998 716 1020 erat.
743 993 786 1020 16.
816 992 923 1028 Vespere
932 997 1016 1019 autem

223 1042 301 1074 facto,
315 1040 457 1066 obtulerunt
471 1040 493 1067 ei
508 1039 600 1066 mullos
610 1040 734 1066 dretnonia
749 1038 875 1070 habentes,
890 1043 912 1066 et
931 1039 1015 1074 ejicie-

222 1085 264 1112 bat
275 1086 378 1120 spiritus
390 1093 476 1113 eorum
489 1085 520 1112 ab
534 1086 569 1112 eis
581 1085 663 1117 verba,
683 1090 706 1111 et
719 1093 804 1112 onmes
821 1085 886 1111 male
899 1085 1015 1112 [tabentes

222 1132 335 1161 curabat,
352 1132 395 1158 I7.
410 1137 437 1158 ut
445 1131 624 1166 adimpleretur
633 1131 700 1165 quod
709 1131 803 1157 dictant
811 1137 846 1157 est
861 1139 904 1165 per
920 1129 1015 1158 Isaiam

224 1178 373 1212 prophetam
384 1185 394 1203 :
406 1176 467 1211 Ipse
476 1177 636 1211 inﬁrmitates
649 1181 748 1203 nostras
758 1177 863 1211 accepit,
877 1181 900 1203 et
913 1177 1016 1211 aegritu-

223 1223 294 1250 dines
307 1223 434 1258 portavit(
443 1222 508 1250 lsai.
520 1223 564 1251 53.
579 1223 623 1258 4).
637 1222 729 1250 Viden’
744 1222 918 1250 multitudinis
935 1223 1014 1250 fidem

223 1270 349 1305 deinceps
363 1270 523 1297 adauctam?
536 1269 627 1304 Neque
640 1270 722 1301 enim,
737 1274 848 1304 urgente
871 1270 932 1297 licet
945 1274 1014 1298 tem-

225 1324 298 1350 pore,
313 1315 439 1343 recedere
453 1315 591 1348 volebant,
606 1323 693 1350 neque
706 1315 922 1350 intempestivum
937 1320 1012 1351 putas

224 1362 287 1390 bant
301 1363 322 1390 si
344 1370 455 1397 vespere
473 1366 588 1398 aegrotos
611 1369 674 1390 suos
694 1361 867 1390 adducerent.
889 1362 928 1389 Tu
953 1370 1016 1390 vero

224 1408 289 1435 mihi
316 1408 461 1444 perpende,
487 1412 612 1442 quantam
639 1407 836 1435 multitudinem
862 1415 954 1435 eorum
970 1408 1014 1442 qui

223 1456 364 1482 sanitatem
379 1459 539 1490 acceperunt
552 1459 756 1489 pranercurrant
766 1454 945 1488 evangelistaa,
961 1462 1015 1482 non

223 1502 358 1537 sigillatim
378 1506 559 1533 recensentes,
580 1501 627 1528 sed
649 1508 702 1528 uno
722 1500 804 1528 verbo
825 1500 1014 1528 miraculorum

225 1548 333 1583 pelagus
357 1547 516 1575 immensum
538 1547 694 1575 referentes.
717 1546 817 1574 Deinde
840 1554 876 1574 ne
893 1546 1015 1574 miraculi

223 1594 378 1628 magnitudo
398 1593 610 1622 incredulitatem
631 1596 745 1628 pareret,
762 1593 832 1627 quod
847 1597 949 1620 tantum
968 1599 1016 1627 po-

224 1640 315 1674 pulnm
334 1645 388 1667 tam
408 1640 488 1667 variis
501 1639 623 1667 allectum
646 1640 746 1666 morbis
760 1638 786 1665 in
801 1644 937 1666 momento
949 1643 1016 1666 tem-

224 1687 297 1723 poris
317 1687 428 1715 solverit
449 1691 477 1713 et
497 1686 639 1718 curaverit,
668 1686 707 1713 rei
724 1690 816 1713 testem
834 1685 940 1712 adducit
955 1693 1017 1720 pro-

224 1734 342 1769 phetam,
364 1740 487 1768 magnam
510 1732 608 1767 ubique
625 1739 659 1758 ex
673 1731 818 1766 Scripturis
839 1739 927 1759 rerum
946 1739 1015 1766 pra:-

224 1780 367 1807 dictionem
390 1778 543 1811 ostendens,
566 1778 649 1813 signis
673 1778 736 1812 ipsis
761 1785 814 1805 non
837 1777 1014 1805 inferiorem:

225 1827 297 1860 llxcc,
312 1826 406 1861 inquit,
422 1825 503 1852 Isaias
518 1824 600 1852 dicit:
616 1823 783 1857 lnﬁrmitater
794 1827 893 1850 nostras
907 1823 1014 1858 accepit,

224 1882 247 1903 et
259 1875 421 1911 tegritudines
433 1874 550 1910 portavit.
565 1873 621 1901 Non
634 1873 709 1906 dixit,
726 1872 825 1904 Solvit;
840 1871 897 1904 sed,
913 1871 1016 1906 Accepit

224 1928 249 1950 et
271 1920 480 1957 portavit:quod
505 1921 538 1948 de
561 1920 678 1956 peccatis
698 1919 785 1954 potius
806 1918 871 1945 mihi
886 1918 985 1945 dictum
1001 1925 1016 1944 a

226 1968 354 2004 propheta
368 1967 481 1999 videtur,
497 1974 575 2001 quam
592 1965 625 1993 de
635 1965 746 1996 morbis,
757 1969 785 1991 et
797 1971 857 1991 cum
872 1963 922 1990 hoc
936 1963 1017 1990 Joan-

226 2016 268 2042 nis
275 2015 347 2043 dicto
357 2019 502 2044 consonat;
517 2013 581 2040 Ecce
590 2020 669 2047 agnus
683 2011 739 2045 Dei,
752 2011 796 2046 qui
810 2009 876 2038 tollit
887 2014 1017 2046 peccatum

227 2061 314 2087 mundi
329 2059 418 2093 (Joan.
430 2060 456 2087 1.
470 2058 528 2095 29).

259 2108 288 2137 2.
308 2107 445 2136 Peccatum
466 2105 609 2132 morborum
632 2111 717 2131 causa.
739 2102 833 2130 Christi
853 2102 975 2129 modestia
994 2106 1018 2129 et

228 2153 398 2189 pulchritudo.
407 2167 443 2172 —
452 2150 591 2185 Quomodo
604 2158 668 2186 ergo
682 2150 795 2184 idipsum
813 2149 847 2177 de
860 2149 960 2176 morbis
973 2148 1017 2176 hic

228 2201 301 2237 ponit
315 2199 492 2235 evangelista?
505 2199 551 2226 Vel
563 2198 632 2233 quod
644 2198 770 2225 historico
786 2205 860 2225 more
875 2202 901 2225 et
912 2198 944 2225 ad
956 2197 1018 2225 lite.

228 2256 284 2275 ram
297 2247 348 2275 hoc
362 2245 542 2274 testimonium
557 2245 638 2280 legat,
651 2244 691 2272 vel
705 2249 731 2271 ut
745 2244 866 2271 ostendat
877 2243 1018 2279 plerosque

229 2294 337 2322 morbos
352 2301 380 2320 es
407 2291 522 2326 peccatis
535 2291 631 2318 anima:
651 2289 793 2325 proﬁcisci.
810 2289 875 2316 Nam
890 2290 913 2316 si
933 2297 1017 2322 mors,

228 2348 287 2376 quae
300 2343 380 2374 caput
391 2342 432 2366 est
445 2337 575 2369 omnium,
589 2344 622 2364 ex
636 2339 745 2371 peccato
755 2335 884 2370 originem
898 2336 1018 2362 occasio-

228 2392 341 2420 nemqne
362 2383 464 2416 habuit,
480 2382 564 2410 multo
584 2382 668 2417 magis
687 2380 858 2416 {egritudines
872 2380 935 2407 hinc
952 2384 1019 2408 orta:

228 2437 290 2459 sunt
303 2441 310 2459 :
325 2429 541 2468 quandoquidem
554 2428 616 2456 hinc
628 2428 707 2455 etiam
718 2427 817 2459 evenit,
832 2430 861 2453 ut
873 2433 922 2453 nos
935 2426 1020 2461 passi-

228 2479 295 2506 hiles
306 2478 399 2506 simus.
412 2477 456 2505 18.
473 2476 567 2503 Viden;
580 2475 657 2502 Iesus
670 2475 755 2501 turbas
768 2473 860 2501 multas
873 2474 968 2500 circum
980 2481 1017 2506 se,

228 2527 301 2560 iuuit
311 2526 485 2560 transfretare.
497 2522 591 2551 Viden‘
598 2530 703 2549 rursum
718 2529 797 2556 quam
812 2521 846 2548 sit
857 2520 890 2548 ab
902 2524 1021 2547 ostenta-

229 2574 300 2600 tione
321 2571 443 2599 alienus?
466 2569 532 2597 Nam
553 2568 642 2596 cmteri
662 2568 761 2600 dicunt,
778 2567 863 2601 ipsum
885 2566 1019 2593 daemones

230 2619 382 2652 increpasse
392 2624 427 2643 ne
438 2615 557 2643 dicerent
569 2613 627 2649 quis
639 2617 711 2640 eaSet
723 2621 729 2639 :
742 2612 785 2639 hic
800 2619 862 2639 vero
873 2611 920 2644 ait,
933 2611 1018 2646 ipsum

229 2663 361 2691 amovisse
380 2662 481 2689 turbas.
499 2659 565 2688 lllud
583 2663 671 2687 autem
684 2658 788 2694 agebat,
803 2661 858 2684 tum
871 2661 900 2684 nt
913 2664 961 2684 nos
980 2656 1020 2683 in-

229 2710 352 2737 stitueret
362 2708 524 2742 duceretque
539 2705 707 2737 modestiam,
723 2709 777 2731 tum
793 2707 823 2730 ut
836 2702 962 2730 invidiam
974 2709 1019 2730 se-

229 2756 304 2783 daret
323 2754 473 2787 Iudaicam,
497 2753 657 2786 doceretque
679 2750 744 2777 nihil
767 2748 800 2776 ad
814 2748 1019 2776 ostentationem

230 2809 290 2829 esse
311 2800 471 2828 faciendum.
488 2798 545 2826 Non
568 2797 638 2825 enim
653 2803 766 2831 corpora
788 2798 887 2821 tantum
899 2793 1018 2826 curabat,

230 2848 276 2876 scd
291 2847 370 2874 etiam
384 2845 543 2873 emendabat
555 2843 682 2873 animam,
699 2842 835 2876 ipsamque
847 2839 880 2867 ad
900 2838 1019 2873 philoso-

231 2894 318 2929 phiam
341 2892 513 2921 instilttebat'
528 2898 588 2919 sese
611 2894 722 2924 utroque
744 2885 823 2915 modo
840 2885 980 2919 exhibens,
993 2889 1020 2913 ct

710 148 740 176 IN
759 147 962 177 llIATTHEUM
982 147 1094 177 IIOMII..
1117 148 1220 177 XXVII.
1241 150 1276 177 al.
1299 150 1414 179 XXVIII.

1811 154 1863 183 316

1067 207 1176 235 morbos
1189 213 1338 242 curantem,
1362 214 1389 237 et
1411 210 1476 237 nihil
1499 219 1530 238 ex
1546 211 1614 239 fastu
1635 212 1767 248 agentem.
1784 215 1859 243 Multi

1066 253 1164 288 quippe
1186 255 1236 289 ipsi
1259 255 1395 283 hmrebant
1419 264 1510 284 amore
1532 257 1760 293 admirationeque
1776 261 1870 298 ducti,

1066 304 1147 335 atque
1172 301 1260 336 ipsum
1285 309 1391 336 semper
1416 303 1507 330 videre
1528 304 1675 338 cupientes.
1698 306 1763 339 Quis
1786 307 1858 334 enim

1067 345 1252 380 abscessisset,
1276 347 1338 375 dum
1355 348 1400 376 ille
1416 353 1487 376 tanta
1508 349 1635 378 miracula
1656 354 1792 386 patraret?
1814 359 1860 380 aut

1067 391 1126 425 quis
1141 391 1269 420 noluisset
1290 393 1383 421 faciem
1397 398 1424 421 et
1441 402 1472 422 os
1494 395 1555 422 talia
1572 395 1706 431 loquentis
1719 398 1859 432 aspicere?

1067 436 1158 472 Neque
1179 439 1250 465 enim
1272 446 1305 466 ex
1328 440 1454 475 prodigiis
1482 445 1584 468 tantum
1604 442 1786 476 admirandus,
1811 444 1859 472 sed

1068 483 1150 517 ipsius
1162 484 1247 511 solum
1259 490 1418 520 conspectus
1430 487 1513 521 gratia
1529 487 1611 515 multa
1628 488 1722 522 plenus
1741 494 1818 517 erat:
1832 490 1860 517 id

1067 529 1138 564 quod
1153 530 1273 558 indicans
1297 532 1424 566 propheta
1452 533 1558 561 dicebat
1581 543 1588 560 :
1613 534 1752 569 Speciosus
1777 537 1861 571 forma

1068 584 1121 610 pra:
1135 577 1195 611 ﬁliis
1210 577 1338 605 hominum
1364 578 1455 614 (Psal.
1476 580 1520 607 44.
1535 580 1551 607 5
1562 580 1582 614 ).
1597 580 1672 615 Quod
1687 581 1710 608 si
1726 581 1807 609 Isaias
1819 581 1860 609 di-

1068 627 1120 656 cat,
1135 622 1194 650 Non
1206 623 1311 650 habebat
1320 625 1427 658 speciem
1439 633 1516 660 neque
1529 625 1642 653 decorent
1657 625 1667 662 (
1675 626 1738 653 lsai.
1753 627 1797 655 55.
1812 627 1858 662 2),

1067 672 1113 695 aut
1128 668 1192 696 illud
1206 669 1240 696 de
1252 669 1397 697 divinitatis
1408 670 1492 705 gloria
1512 671 1638 698 ineffabili
1658 671 1797 708 intelligit;
1814 678 1859 700 aut

1068 721 1099 742 ea
1112 722 1170 749 quae
1183 715 1208 742 in
1225 716 1349 750 passione
1361 721 1434 751 gesta
1444 721 1507 744 sunt
1521 722 1622 751 narrat,
1634 718 1860 754 ignominiamque

1068 761 1139 788 illam
1153 769 1232 797 quam
1252 763 1339 789 crucis
1354 768 1475 798 tempore
1488 763 1623 796 sustinuit,
1638 769 1684 791 aut
1704 765 1860 793 tenuitatem

1068 807 1140 835 illam
1159 815 1237 843 quam
1253 812 1309 835 toto
1327 809 1388 836 vita:
1401 813 1522 844 tempore
1544 810 1570 836 in
1592 810 1715 838 omnibus
1729 810 1859 838 exhibuit.

1067 853 1125 881 Non
1137 859 1225 881 autem
1249 853 1322 888 prius
1345 854 1518 882 transfretare
1538 854 1628 889 jussit,
1651 863 1730 890 quam
1751 857 1861 884 morbos

1067 904 1198 927 curasset.
1212 899 1338 934 Alioquin
1362 907 1415 927 non
1437 900 1463 928 id
1485 900 1556 928 ferre
1567 901 1727 935 potuissent.
1742 902 1776 931 Ut
1790 903 1861 931 enim

1067 946 1094 973 in
1109 950 1199 973 monte
1220 953 1273 973 non
1294 946 1465 974 concionanti
1486 946 1566 974 modo
1580 947 1701 980 aderant,
1715 948 1763 975 sed
1780 948 1861 976 etiam

1067 993 1189 1020 silentem
1199 992 1380 1028 sequebantur
1393 1001 1401 1019 :
1421 992 1460 1020 sic
1479 992 1559 1020 etiam
1575 1000 1647 1020 nunc
1661 1001 1714 1021 non
1729 994 1860 1023 miracula

1067 1038 1157 1066 edenti
1172 1043 1273 1066 tantum
1285 1038 1441 1071 haerebant;
1455 1039 1502 1067 sed
1515 1039 1596 1067 etiam
1610 1045 1671 1074 post
1690 1040 1760 1068 edita
1775 1041 1861 1076 signa,

1068 1085 1110 1112 vel
1123 1092 1155 1112 ex
1168 1085 1224 1120 ejus
1237 1085 1311 1112 vultu
1325 1089 1351 1112 et
1363 1090 1508 1120 conspectu
1519 1093 1642 1121 magnam
1655 1086 1800 1122 carpebant
1811 1087 1862 1115 uti-

1068 1131 1180 1159 litatem.
1195 1131 1261 1158 Nam
1275 1131 1298 1159 si
1311 1131 1416 1167 Moyses
1429 1132 1514 1167 gloria
1534 1132 1730 1168 splendentem,
1746 1133 1862 1169 Stepha-

1068 1185 1118 1206 nus
1139 1178 1292 1213 angelicum-
1310 1178 1411 1205 vultum
1437 1178 1539 1212 habuit,
1562 1179 1648 1214 cogita
1669 1180 1774 1215 qualem
1800 1185 1862 1209 tunc

1067 1225 1221 1259 apparuisse
1229 1231 1397 1252 communem
1407 1224 1548 1252 Dominum
1562 1226 1705 1254 verisimile
1717 1231 1768 1254 est.
1782 1226 1863 1256 Forte

1067 1278 1131 1298 vero
1146 1270 1220 1297 multi
1232 1270 1287 1305 jam
1302 1271 1360 1305 ejus
1375 1270 1496 1298 videndae
1515 1271 1637 1307 imaginis
1651 1272 1797 1307 cupiditate
1819 1274 1862 1300 in-

1067 1317 1141 1344 eensi
1153 1321 1216 1344 sunt
1229 1325 1236 1343 :
1251 1316 1299 1344 sed
1312 1317 1335 1344 si
1349 1316 1472 1350 velimus,
1486 1317 1564 1352 longe
1578 1318 1786 1353 splendidiorem
1804 1319 1861 1354 ipsa

1067 1362 1226 1390 videbimus.
1237 1362 1303 1389 Nam
1327 1362 1349 1390 si
1362 1370 1422 1390 cum
1441 1362 1534 1390 fiducia
1550 1367 1577 1390 et
1591 1363 1687 1391 virtute
1706 1364 1787 1391 vitam
1803 1372 1864 1399 per—

1068 1416 1188 1444 agamus,
1210 1408 1237 1436 in
1253 1408 1368 1436 nubibus
1390 1408 1476 1443 ipsum
1498 1408 1672 1444 excipiamus,
1687 1409 1791 1436 obviam
1812 1410 1863 1444 ipsi

1069 1455 1206 1482 venientes
1216 1454 1242 1481 in
1255 1454 1398 1481 immortali
1409 1458 1437 1481 et
1449 1454 1642 1489 incorruptibili
1657 1462 1780 1490 corpore.
1795 1455 1861 1483 Per-

1069 1500 1156 1535 pende
1169 1504 1258 1527 autem
1271 1507 1350 1534 quam
1366 1500 1461 1527 leniter
1480 1500 1552 1534 ipsos
1563 1505 1695 1533 amoveat,
1711 1508 1760 1528 nec
1773 1500 1862 1528 deter-

1068 1549 1135 1573 reat.
1157 1545 1215 1573 Non
1228 1545 1300 1572 enim
1314 1544 1390 1577 dixit,
1413 1544 1558 1578 Recedite;
1574 1545 1620 1572 sed
1636 1545 1807 1573 transfretare
1820 1546 1863 1580 jn-

1069 1593 1124 1625 bet,
1138 1599 1212 1627 spem
1227 1591 1327 1619 faciens
1345 1599 1374 1619 se
1389 1591 1436 1618 illo
1450 1591 1622 1626 trajecturum
1637 1599 1706 1619 esse.
1720 1592 1765 1619 Sic
1779 1593 1863 1620 turbae.

1069 1639 1176 1674 quidem
1200 1639 1312 1665 multum
1331 1637 1494 1665 exhibebant
1514 1638 1623 1671 amoris,
1645 1643 1747 1666 etcum
1766 1639 1862 1666 allecto

1069 1692 1165 1720 magno
1180 1684 1376 1720 sequebantur;
1392 1692 1461 1712 unus
1469 1689 1558 1712 autem
1571 1685 1741 1720 pecuniarum
1758 1694 1862 1718 servus.

1068 1732 1273 1767 arrogantiaque
1285 1731 1380 1766 plenus
1392 1731 1505 1758 accessit
1517 1738 1548 1758 ac
1560 1730 1628 1758 dixit
1641 1740 1648 1758 :
1665 1731 1708 1758 l9.
1730 1731 1862 1768 Magister,

1068 1787 1160 1813 sequar
1173 1783 1197 1805 te
1208 1785 1364 1813 quocumque
1376 1777 1445 1804 ieris.
1460 1776 1687 1811 Vidistin‘quanla
1700 1777 1864 1811 arrogantia?

1069 1825 1108 1852 Ac
1134 1824 1156 1851 si
1182 1831 1236 1851 non
1259 1823 1414 1858 dignaretur
1435 1830 1465 1850 se
1488 1830 1549 1850 cum
1570 1822 1645 1850 turba
1671 1830 1862 1856 annumerare,

1069 1868 1152 1906 seque
1167 1874 1304 1897 ostentans
1324 1870 1399 1904 quasi
1419 1876 1472 1896 non
1487 1869 1512 1896 in
1527 1869 1596 1904 vulgi
1614 1869 1690 1896 turba
1708 1873 1864 1904 computan-

1068 1916 1129 1949 dus,
1144 1916 1183 1943 sie
1193 1915 1307 1943 accedit.
1321 1915 1399 1942 Tales
1413 1919 1474 1942 sunt
1487 1914 1589 1942 Iudaici
1611 1921 1710 1947 mores,
1731 1914 1757 1941 in
1763 1920 1866 1950 tempe-

1070 1963 1138 1990 stiva
1166 1961 1237 1997 pleni
1261 1961 1366 1989 tiducia.
1391 1960 1436 1988 Sic
1458 1964 1487 1988 et
1507 1960 1575 1988 alius
1604 1966 1695 1995 postea
1724 1961 1865 1989 silentibus

1069 2007 1193 2036 omnibus
1216 2007 1347 2041 insiliens,
1362 2007 1420 2034 ait:
1438 2006 1513 2041 Quod
1532 2011 1569 2034 est
1582 2007 1691 2041 primum
1715 2006 1865 2033 mandatum

1070 2054 1177 2092 (Matth.
1192 2054 1237 2082 22.
1251 2053 1317 2090 36)?
1331 2054 1457 2081 Attamen
1482 2053 1612 2081 Dominus
1634 2053 1813 2088 importunam
1830 2053 1864 2080 li-

1069 2102 1199 2129 bertatem
1211 2107 1264 2128 non
1278 2099 1416 2134 corripuit,
1431 2103 1460 2126 ut
1471 2106 1521 2127 nos
1533 2098 1567 2126 ad
1579 2098 1730 2134 huiusmodi
1742 2099 1864 2127 homines

1069 2146 1194 2174 ferendos
1215 2146 1375 2173 institueret.
1400 2145 1463 2172 Ideo
1485 2152 1538 2171 non
1561 2145 1647 2180 palam
1668 2144 1803 2180 redarguit
1816 2152 1865 2173 e05

1070 2194 1115 2229 qui
1136 2194 1203 2221 mala
1217 2193 1383 2228 cogitarent:
1398 2191 1446 2220 sed
1460 2199 1552 2219 eorum
1564 2191 1863 2226 opinioni‘respondet,

1071 2241 1135 2275 ipsis
1153 2240 1218 2268 solis
1236 2239 1444 2267 confutationem
1467 2238 1658 2273 inspiciendam
1689 2238 1843 2273 relinquens
1855 2259 1864 2271 ,

1071 2286 1256 2321 duplicemque
1271 2286 1336 2320 ipsis
1349 2292 1447 2320 parens
1460 2285 1612 2319 utilitatem,
1627 2289 1655 2312 ut
1671 2292 1767 2320 nempe
1779 2285 1866 2312 sciant

1071 2340 1101 2360 se
1114 2331 1286 2360 conscientiae
1298 2335 1401 2359 secreta
1418 2338 1507 2364 nosse,
1522 2336 1603 2366 utque
1617 2334 1677 2365 post
1690 2331 1782 2358 datum
1796 2330 1866 2357 indi-

1071 2379 1142 2405 cium
1157 2377 1223 2405 illud
1245 2377 1333 2405 adhuc
1355 2377 1447 2409 lateat,
1469 2377 1536 2404 dans
1555 2376 1643 2403 locum
1656 2376 1690 2403 ad
1703 2376 1865 2411 resipiscen-

1071 2427 1145 2459 dnm,
1166 2426 1188 2453 si
1208 2425 1310 2453 velint:
1327 2424 1352 2452 id
1368 2424 1439 2459 quod
1453 2431 1523 2451 nunc
1537 2423 1617 2450 etiam
1636 2422 1710 2450 fecit.
1730 2423 1779 2450 Hic
1792 2423 1865 2451 enim

1071 2472 1156 2500 multa
1168 2471 1242 2506 signa
1259 2470 1361 2503 videns,
1388 2469 1546 2504 turbamque
1560 2468 1724 2501 afﬂuentem,
1740 2468 1867 2503 sperabat

1072 2526 1101 2546 se
1114 2526 1147 2546 ex
1164 2523 1202 2545 tot
1224 2516 1357 2554 miraculis
1370 2508 1508 2544 ditandum
1522 2522 1592 2548 esse,
1608 2514 1721 2552 ideoque
1732 2514 1806 2541 illum
1821 2522 1863 2541 se-

1072 2565 1116 2601 qui
1127 2563 1261 2598 cupiebat.
1277 2562 1415 2590 Undenam
1428 2561 1478 2588 hoc
1492 2560 1569 2588 nobis
1585 2560 1695 2595 patebit?
1705 2560 1745 2587 Ex
1756 2567 1866 2595 respon-

1072 2611 1148 2639 sione
1169 2610 1280 2642 Christi,
1301 2608 1347 2644 qui
1373 2616 1425 2635 non
1446 2607 1535 2635 verbis
1559 2606 1703 2641 loquentis,
1722 2605 1770 2633 sed
1783 2606 1866 2634 menti

1073 2655 1227 2692 respondet.
1248 2655 1316 2689 Quid
1328 2653 1418 2681 enim?
1432 2653 1533 2688 inquit:
1549 2660 1583 2679 an
1598 2652 1723 2687 pecunias
1743 2656 1769 2678 te
1784 2651 1867 2678 colle-

1072 2708 1176 2731 cturum
1191 2709 1293 2737 speras.
1310 2701 1333 2728 si
1347 2708 1390 2728 me
1407 2699 1548 2735 sequaris?
1560 2707 1649 2726 annon
1664 2698 1738 2726 vides
1753 2698 1817 2725 mihi
1833 2706 1868 2725 ne

1073 2749 1249 2777 diversorium
1263 2747 1369 2782 quidem
1384 2754 1443 2775 esse
1457 2745 1534 2786 quale
1548 2745 1612 2780 ipsis
1620 2744 1714 2774 avibus
1729 2744 1789 2771 est?
1800 2742 1867 2770 Nam

1075 2797 1120 2830 ait,
1136 2795 1180 2823 20.
1202 2794 1294 2829 Vulpes
1309 2795 1393 2830 foveas
1418 2793 1519 2827 habent,
1533 2796 1556 2819 et
1573 2790 1686 2820 volucres
1702 2789 1758 2817 cali
1771 2789 1865 2821 nidos;

1108 2889 1115 2903 ι
1133 2886 1190 2917 Alii,
1204 2883 1359 2917 arrogantia.
