2067 3134
196 139 248 168 δι’]
591 135 620 164 S.
640 133 778 163 JOANNIS
796 128 1035 160 CllllYSOSTOSIl
1053 130 1213 160 ARCIIIEP.
1232 131 1496 162 CONSTANTlNOP.
1779 135 1831 164 διε

198 199 282 226 Filius
295 202 378 225 autent
389 195 497 223 hominis
512 203 562 222 non
575 194 646 221 habet
660 193 702 221 ubi
714 196 790 228 caput
801 192 913 219 reclinet.
927 190 989 217 llaec

196 252 249 271 non
262 242 415 278 repellentis
428 245 514 274 erant,
528 240 575 268 sed
589 240 685 267 malam
701 244 817 266 mentem
832 237 989 271 redarguen-

196 290 231 317 tis
243 309 251 323 ,
266 293 292 317 et
308 292 467 324 potestatem
477 287 565 315 dantis
575 294 635 314 cum
646 285 692 313 tali
704 292 752 321 spe
765 284 851 320 sequi,
863 283 885 311 si
895 282 986 311 vellet.

200 337 238 367 Ut
263 345 356 366 autent
378 340 438 374 ejus
455 340 604 374 nequitiam
620 339 725 366 ediscas
737 339 757 372 ¹,
773 338 816 366 his
842 337 943 366 auditis
959 341 986 364 et

198 386 238 413 sic
259 385 436 418 confutatus,
457 393 512 413 non
535 385 623 414 dixit.
638 384 678 411 Ad
696 384 852 419 sequendun
876 388 987 419 paratus

195 440 268 459 sum.

231 473 258 500 5.
274 472 343 500 Alibi
362 479 469 507 quoque
483 478 555 506 saepe
570 470 685 505 idipsum
700 468 822 497 Christus
840 468 918 500 facit;
933 476 992 496 non.

195 523 287 553 aperte
313 517 466 552 redarguit,
490 516 537 544 sed
560 524 592 543 ex
613 517 787 550 respottsione
805 514 987 542 accedentium

195 568 310 590 mentem
322 564 418 598 aperit.
427 563 493 591 Nam
508 569 535 590 et
549 563 588 589 illi
600 562 643 597 qui
657 561 776 589 dicebat:
790 561 912 596 Magister
925 561 987 588 bone

196 610 279 646 (Luc.
296 611 339 638 18.
355 610 416 645 l8),
431 615 457 637 et
472 618 504 637 ex
518 609 671 636 adulatione
681 609 807 643 sperabat
821 615 849 635 se
862 608 935 635 illum
948 608 987 635 al-

194 656 328 684 lccturum
348 663 408 684 esse
422 656 454 684 ad
475 663 550 683 suam
574 655 744 688 sententiam,
760 654 896 689 respondit
911 663 917 681 :
935 655 987 681 Cur

193 710 234 729 me
251 702 313 729 dicis
334 701 446 728 bonum?
461 701 543 728 Nemo
563 701 651 732 bonus.
667 700 715 727 nisi
733 708 797 727 unus
812 699 880 727 Deus
896 699 985 735 (Ibid.

193 757 217 776 υ.
233 748 293 784 l9).
308 749 339 776 Et
354 756 414 775 cum
437 748 557 775 dicereut
571 748 606 782 ei,
620 747 688 774 Ecce
707 751 787 774 mater
802 751 845 773 tua
857 751 880 773 et
895 746 986 781 fratres

192 795 230 822 tui
249 799 387 830 qud‘rcntes
410 800 434 822 te
447 794 553 829 (Matth.
570 794 614 821 l2.
631 793 676 828 47)
688 793 766 828 ,quia
785 793 823 820 illi
841 792 985 820 humanum

192 841 254 876 quid
270 841 455 876 patiebantur,
478 848 564 874 neque
578 839 649 867 utilia
669 839 719 866 sibi
732 838 824 866 audire
843 838 984 872 volebant,

192 890 238 914 sed
254 887 397 914 Oslcttdere
418 894 447 914 se
465 886 514 921 ipsi
529 893 628 921 genere
643 885 778 920 proximos
789 892 859 916 esse,
871 884 985 919 hincque

193 940 287 960 vanam
298 933 406 968 gloriam
419 939 538 967 carpere,
553 931 613 958 audi
625 931 686 965 quid
698 931 768 958 dicat
782 939 789 956 :
806 930 869 963 Qua:
882 934 918 956 est
931 937 986 956 ma-

193 983 230 1005 ter
241 987 307 1011 mea,
318 983 341 1004 et
353 978 397 1013 qui
407 983 465 1005 sunt
484 980 576 1012 fratres
590 977 638 1003 mei
652 975 732 1011 (Ibid.
747 984 771 1002 υ.
784 975 850 1009 48)?
866 975 985 1010 lpsisque

191 1024 296 1050 dcmmn
308 1023 432 1051 fratribus
443 1024 497 1050 suis
510 1022 669 1055 dicentibus,
679 1021 788 1049 Ostende
795 1021 902 1053 teipsum
910 1028 984 1047 mun-

192 1070 224 1095 do
239 1068 329 1104 (Joan.
345 1069 371 1097 7.
383 1070 422 1103 '4),
437 1073 465 1096 ut
480 1068 542 1095 hinc
555 1076 649 1095 vanam
664 1067 713 1095 sibi
725 1067 836 1102 gloriam
850 1071 983 1102 parerent,

191 1114 314 1142 dicebat:
337 1114 450 1141 Vestrum
470 1119 567 1148 tempus
591 1122 688 1148 semper
701 1118 736 1141 est
750 1118 868 1148 paratum
881 1133 888 1143 ,
902 1121 984 1140 meum

191 1165 274 1187 autem
285 1160 397 1187 nondum
409 1160 480 1187 adest
494 1159 574 1192 (Ibid.
586 1168 609 1186 υ.
622 1158 659 1194 6).
675 1159 726 1186 Per
737 1158 867 1186 contraria
880 1165 984 1193 quoque

191 1209 305 1245 idipsutn
319 1209 390 1243 facit,
405 1217 464 1237 cum
474 1209 507 1237 dc
518 1208 681 1236 Natltanaele
690 1208 727 1235 ait
739 1217 746 1234 τ
760 1207 824 1234 Ecce
833 1215 889 1234 vere
898 1206 984 1233 Israe-

191 1255 247 1287 lita,
263 1255 290 1282 in
311 1263 360 1290 quo
380 1255 454 1281 dolus
469 1263 519 1281 non
540 1259 576 1281 est
599 1253 608 1290 (
623 1253 691 1280 Ibid.
705 1253 730 1280 1.
746 1251 810 1287 47).
826 1252 858 1279 Et
873 1259 962 1279 rursus
974 1272 982 1284 ,

190 1301 288 1328 Euntes
299 1301 447 1328 annuntlote
460 1300 556 1327 Joanni
567 1308 623 1335 qua:
637 1299 744 1326 audistis
758 1304 781 1326 et
795 1298 892 1325 vidistis
907 1297 981 1332 (Luc.

191 1347 281 1381 7.22).
291 1347 381 1382 Neque
392 1346 464 1375 enim
478 1346 521 1374 ltic
533 1346 632 1379 verbis,
641 1345 688 1373 sed
701 1345 782 1372 tuenti
799 1344 926 1371 mittentis
941 1351 984 1370 re-

190 1393 306 1428 spondit.
322 1393 488 1428 Rursumque
504 1393 601 1428 populo
611 1391 756 1419 secundum
768 1390 837 1417 illius
845 1389 984 1418 coascien—

191 1440 253 1466 tiam
267 1441 304 1466 sic
320 1439 450 1474 loquitur:
460 1439 528 1472 Quid
541 1439 627 1465 existis
635 1438 661 1464 in
673 1438 798 1465 desertum
809 1435 980 1470 videre(lbid.

190 1493 214 1511 ιν.
231 1485 297 1519 24)?
310 1484 361 1518 Qui
375 1485 445 1511 enim
461 1484 567 1512 videbat
578 1491 624 1511 eos
636 1483 669 1511 de
679 1483 782 1511 Joanne
796 1482 869 1517 quasi
883 1482 916 1510 de
931 1481 982 1508 levi

191 1537 218 1558 ct
241 1531 359 1559 versatili
383 1531 497 1567 quodam
523 1530 630 1558 homine
649 1530 776 1565 cogitare,
800 1529 868 1556 ltanc
888 1535 981 1556 eorum

191 1577 344 1612 opinionem
369 1577 507 1612 corrigens
529 1577 609 1604 dicit:
627 1576 694 1609 Quid
706 1577 791 1603 existis
810 1576 835 1602 in
858 1575 983 1602 desertum

191 1624 293 1651 videre?
306 1624 458 1651 arundinem
471 1628 544 1651 vento
556 1623 689 1659 agitatam,
699 1628 743 1650 aut
755 1623 880 1650 hominem
895 1622 981 1649 molli-

190 1669 236 1696 bus
249 1670 381 1696 vestitum?
395 1677 443 1704 per
457 1673 598 1703 utrumque
613 1668 779 1704 significans,
795 1669 880 1703 ipsum
896 1675 982 1703 neque

190 1722 222 1740 ex
234 1722 264 1741 se
272 1714 423 1741 versatilem
434 1721 502 1747 esse,
515 1722 601 1748 neque
615 1714 750 1749 voluptate
764 1714 884 1749 quapiam
898 1714 980 1741 emol-

190 1759 318 1787 liendum.
332 1760 375 1787 Sic
390 1760 478 1795 itaque
490 1767 560 1787 nunc
574 1760 719 1787 secundum
736 1764 852 1787 mentem
868 1760 981 1794 loquen-

191 1806 226 1832 tis
245 1806 396 1840 respondet.
413 1806 451 1833 Ac
464 1806 524 1833 vide
537 1811 661 1841 quautam
684 1813 753 1833 nunc
767 1813 872 1841 quoque
887 1806 980 1833 mode-

190 1851 318 1878 rationem
332 1851 465 1879 exltibeat.
478 1851 569 1887 Neque
581 1852 651 1879 enim
667 1851 741 1886 dicit,
758 1851 848 1879 Habeo
862 1852 979 1887 quidem,

190 1897 237 1924 sed
248 1898 382 1932 despicio;
395 1905 485 1925 verum
500 1898 573 1931 dicit,
590 1897 648 1925 Non
661 1897 757 1926 habeo.
766 1898 887 1926 Vidistin‘
898 1905 981 1933 quan-

191 1949 246 1970 tam
260 1943 454 1983 accurationem
465 1951 525 1971 cum
540 1944 700 1979 indulgentia
712 1944 880 1979 conjunctam
891 1948 981 1971 osten-

190 1989 256 2016 dat?
269 1989 302 2018 Ut
315 1989 394 2018 etiam
410 1998 470 2018 cum
483 1990 638 2018 comederet
656 1995 683 2018 et
704 1991 818 2023 biberet,
830 1999 861 2019 ac
873 1995 981 2018 contra-

190 2038 275 2069 riam,
295 2041 324 2064 ut.
345 2037 497 2070 videbatur,
512 2037 605 2064 Joanni
627 2038 688 2064 vitae
713 2038 842 2065 rationem
868 2042 981 2065 teneret.

191 2082 256 2109 Illud
267 2087 356 2110 autem
372 2082 434 2109 facit
447 2089 496 2117 pro
510 2082 674 2116 Jndmorum,
689 2083 743 2110 imo
757 2083 837 2110 totius
850 2083 922 2110 orbis
937 2091 982 2111 sa-

192 2128 263 2160 lute,
280 2127 466 2155 ha-relicorum
491 2128 571 2155 simul
585 2136 630 2155 ora
645 2129 838 2163 comprimens,
863 2129 982 2165 aliosque

190 2174 235 2208 qui
245 2173 356 2201 aderant
367 2174 474 2208 insuper
483 2173 617 2201 attrahere
628 2174 747 2208 cupiens.
757 2174 831 2202 Alius
838 2175 980 2209 quispiam,

190 2219 238 2251 ait,
261 2219 366 2246 dicebat
388 2219 435 2252 illi,
450 2219 495 2246 ‘21.
511 2219 633 2252 Domine,
654 2221 768 2255 permitte
786 2221 848 2248 mihi
873 2213 982 2256 primum

191 2265 259 2291 abire
270 2284 277 2297 ,
292 2269 315 2291 et
329 2264 435 2300 sepelire
450 2270 545 2299 patrem
565 2273 657 2292 meum.
674 2265 765 2294 Viden'
785 2266 982 2295 differentiam?

191 2311 224 2338 Et
237 2311 371 2346 quomodo
393 2311 532 2346 impudens
554 2311 598 2340 ille
622 2312 737 2346 dicebat,
754 2313 852 2348 Sequar
871 2318 904 2346 te,
918 2322 982 2349 quo-

191 2365 298 2390 cumque
308 2357 382 2389 ieris;
395 2356 438 2384 hic
452 2365 525 2390 vero,
540 2358 589 2386 etsi
604 2366 659 2385 rem
675 2363 793 2386 sanctam
815 2363 919 2394 petens,
935 2359 981 2392 ait,

193 2403 316 2430 Permitte
333 2403 397 2429 nti/ti
407 2412 417 2435 ;
436 2411 528 2430 verum
548 2411 602 2430 non
621 2404 760 2438 permisit;
774 2405 820 2432 sed
843 2405 906 2440 qttid
928 2404 983 2432 ait?

191 2448 235 2475 22.
252 2447 315 2475 Sine
335 2453 448 2475 mortuos
468 2449 573 2483 sepelire
594 2453 706 2476 mortuos
726 2458 794 2483 suos,
811 2454 837 2476 tu
850 2455 931 2477 autem
945 2459 984 2477 me

191 2502 304 2528 sequere.
317 2494 418 2529 Ubique
429 2495 499 2522 enim
514 2495 676 2523 voluntatem
685 2496 849 2531 inspiciebat.
858 2497 911 2525 Sed
924 2505 982 2531 cur,

194 2540 299 2574 inquies
311 2561 319 2573 ,
337 2548 389 2568 non
412 2541 549 2576 permisit?
569 2541 636 2575 Quia
655 2546 732 2570 erant
750 2543 794 2578 qui
817 2543 868 2572 hoc
888 2552 984 2572 munus

194 2588 346 2623 implerent,
367 2597 453 2624 neque
475 2590 622 2626 insepultus
643 2599 785 2619 mansuras
805 2597 884 2620 erat:
905 2598 985 2628 atque

194 2634 265 2662 hunc
276 2642 308 2662 ex
322 2635 403 2663 rebus
413 2636 496 2671 magis
509 2637 667 2664 necessariis
680 2638 756 2665 avelli
770 2645 822 2665 non
835 2645 902 2673 opus
915 2643 981 2666 erat.

195 2680 261 2707 Cum
281 2679 346 2707 dicit
362 2685 460 2712 autem,
475 2681 591 2709 Mortuus
611 2691 679 2716 suos,
698 2684 815 2710 ostendit
836 2683 906 2710 hunc
930 2692 982 2711 non

198 2734 257 2754 esse
268 2731 402 2753 mortuum
418 2734 495 2754 suum
508 2736 514 2753 :
527 2736 590 2755 ttam
605 2727 658 2761 ltic,
675 2734 704 2755 ut
717 2729 850 2762 existimo,
865 2734 984 2757 tnortuus

195 2779 229 2798 ex
251 2770 395 2799 inﬁdeliunt
409 2780 520 2800 numero
535 2777 601 2801 erat.
616 2773 643 2801 Si
663 2781 742 2809 porro
760 2775 885 2810 juvenem
905 2776 985 2804 mira-

238 2856 243 2870 ¹
257 2855 319 2881 Vide
331 2861 413 2883 notam
428 2857 549 2885 l-‘tiderici
567 2860 646 2887 Field.

1041 189 1090 223 ris,
1103 190 1173 225 quod
1187 198 1235 226 pro
1247 198 1277 218 re
1291 196 1344 218 tam
1359 191 1508 219 necessaria
1522 191 1612 219 Jesum
1625 193 1768 227 rogaverit,
1783 202 1831 222 tte-

1041 244 1093 272 que
1112 241 1207 272 sponte
1227 237 1340 264 abierit:
1356 238 1440 265 ntulto
1457 238 1539 274 magis
1557 239 1662 271 mirare,
1679 239 1750 274 quod
1771 248 1832 274 pro-

1041 283 1140 311 hibitus
1162 284 1298 312 manserit.
1317 285 1413 312 Annon
1425 305 1433 318 ,
1449 284 1569 320 inquies,
1592 286 1763 320 ingratissimi
1783 287 1830 314 lilii

1040 334 1108 362 erat,
1125 330 1207 365 patris
1219 330 1352 365 exsequiis
1366 338 1418 357 non
1441 331 1590 359 interesse?
1605 331 1633 358 Si
1656 331 1682 359 id
1697 339 1728 358 ex
1745 332 1831 367 negli-

1039 375 1128 410 gentia
1150 375 1266 408 fecisset,
1283 376 1376 411 ingrati
1391 376 1471 403 animi
1486 377 1602 404 futurum
1617 382 1689 407 erat:
1704 378 1726 405 si
1741 383 1830 406 autent

1039 431 1084 451 res
1105 424 1188 458 magis
1210 424 1358 452 necessaria
1376 424 1499 454 instabat,
1521 424 1697 459 improbitatis
1718 433 1831 452 summa:

1039 467 1119 496 fuerit
1134 469 1241 497 abiisse.
1257 469 1322 497 Nam
1335 470 1413 498 Jesus
1433 469 1457 497 id
1471 470 1607 505 prohibuit
1621 471 1681 505 ipsi,
1692 478 1744 498 non
1758 470 1830 506 quod

1037 514 1142 550 juberet
1154 515 1281 543 honorem
1296 516 1447 550 parentibus
1461 516 1579 544 debitum
1593 520 1774 550 contemnere,
1783 517 1830 544 sed

1039 567 1068 588 ut
1090 562 1252 595 ostenderet,
1268 562 1334 590 nihil
1360 562 1435 590 nobis
1454 570 1530 597 aeque
1549 562 1729 590 necessarium
1752 570 1828 595 esse,

1038 614 1118 645 atque
1128 617 1172 637 res
1184 611 1316 643 caelestes,
1333 611 1417 645 iisque
1430 617 1532 637 summa
1546 617 1606 637 cuttt
1616 609 1750 644 diligentia
1768 617 1829 637 esse

1040 655 1255 688 incumbendum,
1267 663 1317 683 nec
1331 655 1371 682 vel
1385 655 1515 683 tantillum
1530 655 1713 688 differendum,
1724 655 1828 682 etiamsi

1038 701 1180 730 admodum
1200 703 1319 738 urgentia
1335 703 1475 731 videantur
1495 710 1555 731 esse
1572 711 1604 730 ea
1624 711 1683 738 qua:
1700 703 1753 731 alio
1772 708 1827 730 tra-

1038 749 1114 776 httnt.
1131 749 1198 783 Quid
1214 749 1284 777 enim
1305 749 1388 784 magis
1409 750 1589 777 necessarium
1600 769 1608 782 ,
1622 756 1700 784 quam
1713 749 1828 784 sepelire

1037 795 1159 830 patrem?
1170 795 1232 830 qttid
1251 795 1371 822 facilius?
1390 795 1481 830 Neque
1493 795 1563 823 cnim
1576 795 1686 823 tnultttm
1701 795 1829 830 temporis

1037 839 1223 868 insumendum
1236 844 1304 868 erat.
1319 840 1346 868 Si
1362 847 1442 875 porro
1457 848 1509 867 non
1527 844 1630 868 tantum
1645 841 1771 875 temporis
1784 840 1827 867 in-

1036 894 1144 915 sumere
1158 887 1219 914 licet
1231 892 1359 922 quantum
1373 887 1405 914 ad
1421 887 1603 922 sepeliendum
1616 892 1718 921 patrem
1730 891 1771 914 est
1781 894 1828 913 tte-

1036 933 1192 966 cessarium,
1207 937 1234 960 ct
1244 934 1266 960 si
1282 940 1316 960 ne
1327 933 1429 960 tantillo
1441 932 1548 968 quidem
1569 938 1688 968 tempore
1700 932 1827 967 spiritua-

1037 978 1072 1006 lia
1088 979 1239 1014 relinquere
1258 983 1342 1005 ttttum
1363 983 1404 1006 est
1418 987 1425 1005 :
1441 979 1527 1013 cogita
1540 978 1636 1014 quibus
1657 978 1740 1005 simus
1755 977 1827 1012 digni

1036 1025 1132 1060 poenis,
1148 1025 1192 1061 qui
1206 1033 1236 1052 ea
1256 1033 1315 1060 qua:
1329 1024 1362 1052 ad
1375 1024 1511 1052 Christum
1535 1028 1656 1059 spectanti.
1671 1028 1725 1051 loto
1744 1024 1828 1051 ferme

1037 1075 1158 1106 tempore
1180 1070 1339 1102 deserimus,
1353 1075 1380 1097 et
1401 1070 1559 1097 necessariis
1574 1069 1701 1097 vilissima
1721 1074 1828 1104 antepo-

1035 1117 1133 1149 nimus,
1143 1117 1269 1151 nullaque
1283 1124 1312 1144 re
1324 1120 1433 1151 urgente
1447 1116 1551 1143 desides
1559 1123 1660 1143 sumus.
1673 1115 1736 1142 Inde
1747 1122 1828 1150 porto

1035 1162 1164 1190 doctrina:
1179 1162 1289 1197 hujusce
1303 1162 1497 1197 philosophiam
1513 1161 1604 1189 mirari
1618 1167 1739 1196 oportet,
1755 1161 1825 1196 quod

1033 1208 1156 1244 juvenem
1171 1207 1252 1236 verbo
1266 1208 1311 1235 Dei
1325 1207 1448 1239 affixerit,
1464 1207 1497 1234 ad
1513 1207 1570 1235 haec
1582 1207 1662 1234 etiam
1674 1207 1762 1234 multis
1774 1207 1827 1233 crh

1035 1256 1124 1290 puerit
1140 1255 1228 1288 malis,
1242 1255 1358 1287 ﬂetibus,
1374 1254 1454 1282 luettti
1468 1274 1476 1287 ,
1490 1254 1601 1288 aliisque
1616 1253 1677 1281 inde
1691 1253 1826 1287 sequenti-

1034 1301 1094 1328 bus.
1103 1300 1168 1328 Nam
1181 1305 1240 1336 post
1252 1301 1415 1336 sepulturam
1429 1307 1495 1336 opus
1509 1304 1567 1328 erat
1582 1304 1767 1328 testamentum
1779 1307 1826 1326 ex-

1034 1352 1144 1380 cutere,
1167 1352 1253 1376 sortes
1275 1347 1430 1375 hereditatis
1447 1346 1625 1380 distribuere,
1648 1352 1674 1373 et
1693 1346 1742 1373 alia
1765 1352 1825 1380 quae

1034 1393 1092 1422 haec
1103 1394 1282 1430 sequebantur
1296 1394 1384 1422 omnia
1400 1394 1486 1421 facere
1498 1402 1504 1421 :
1520 1392 1611 1428 sicque
1624 1391 1745 1420 ﬂuctibus
1758 1392 1825 1419 alios

1034 1440 1130 1468 ﬂuctus
1142 1441 1344 1476 excipientibus,
1362 1440 1480 1476 procula
1495 1439 1612 1467 veritatis
1628 1443 1704 1474 portu
1721 1439 1762 1466 ille
1774 1439 1823 1465 ab-

1034 1487 1129 1515 ductus
1147 1487 1252 1515 fuisset.
1267 1486 1330 1515 Ideo
1354 1487 1440 1522 ipsum
1466 1485 1591 1519 attrahit,
1615 1490 1642 1513 et
1660 1485 1711 1511 sibi
1728 1484 1823 1519 jungit.

1033 1533 1110 1567 Quod
1131 1533 1154 1560 si
1173 1532 1259 1560 adltue
1273 1533 1378 1560 ntiraris
1391 1537 1418 1560 et
1427 1539 1498 1567 a‘gre
1509 1531 1573 1565 fers,
1592 1530 1662 1566 quod
1676 1529 1824 1565 prohibitus

1033 1579 1113 1607 fuerit
1127 1583 1237 1614 paterno
1249 1578 1344 1607 adesse
1351 1578 1436 1606 funeri
1447 1587 1454 1610 ;
1465 1578 1529 1605 illud
1542 1578 1642 1612 cogites
1656 1577 1744 1609 velim,
1754 1577 1823 1603 ntul-

1033 1629 1075 1651 tos
1090 1631 1150 1652 esse
1167 1625 1213 1660 qui
1234 1631 1295 1652 cum
1316 1624 1402 1652 sciant
1420 1624 1558 1659 quospiam
1578 1622 1714 1651 molestius
1731 1622 1824 1649 funera

1033 1671 1135 1699 laturos
1150 1678 1220 1704 esse,
1236 1678 1283 1698 seu
1297 1671 1390 1705 patris,
1406 1678 1453 1698 seu
1473 1669 1576 1703 matris,
1591 1676 1638 1696 seu
1653 1669 1709 1702 lilii,
1723 1676 1769 1695 seu
1785 1669 1825 1694 al-

1032 1716 1115 1744 terius
1127 1716 1328 1751 cujuscumque,
1338 1723 1390 1743 nou
1405 1716 1558 1750 pertnittere
1572 1722 1603 1742 ea
1618 1714 1682 1749 ipsis
1697 1714 1823 1746 nuntiari,

1033 1769 1120 1797 neque
1134 1762 1206 1796 ipsos
1227 1762 1260 1789 ad
1280 1761 1431 1796 sepulcrum
1446 1762 1538 1789 venire
1553 1770 1559 1787 :
1575 1769 1661 1796 neque
1675 1760 1735 1788 ideo
1753 1761 1824 1795 ipsius

1033 1808 1199 1836 crudelitatis
1213 1807 1448 1835 inhumanitatisve
1459 1814 1616 1835 accusamus
1628 1816 1634 1834 :
1650 1811 1676 1834 et
1687 1806 1747 1842 jure
1763 1805 1823 1840 qui-

1033 1854 1104 1881 dem.
1121 1854 1187 1881 Nam
1206 1858 1298 1882 contra
1319 1853 1407 1881 facere
1436 1853 1608 1881 inhumanum
1631 1857 1712 1886 esset,
1727 1860 1824 1887 nempe

1032 1900 1072 1928 sic
1086 1900 1195 1928 allectos
1208 1900 1241 1927 ad
1257 1900 1356 1927 luctum
1371 1900 1378 1915 '
1394 1900 1519 1928 educere.

1068 1947 1095 1975 4.
1115 1947 1178 1981 Qum
1199 1947 1233 1974 ad
1253 1947 1361 1974 salutem
1383 1951 1496 1982 spectant
1519 1951 1578 1973 sunt
1601 1946 1696 1973 caeteris
1717 1950 1822 1980 antepo-

1033 1994 1126 2021 nenda.
1144 1993 1188 2020 Vir
1201 1995 1228 2021 in
1242 1994 1351 2029 nequitia
1370 1994 1465 2027 vivens,
1481 1999 1517 2020 est
1539 1998 1637 2020 mortuo
1659 1992 1776 2019 deterior.
1789 2006 1808 2011 -
1818 2005 1824 2009 -

1033 2039 1109 2074 Quod
1123 2040 1146 2067 si
1164 2039 1326 2075 propinquos
1339 2040 1375 2067 ita
1393 2039 1483 2074 lugere
1504 2043 1530 2066 et
1543 2039 1659 2066 animum
1673 2039 1749 2065 atteri
1765 2044 1822 2064 ma-

1034 2087 1088 2114 lum
1101 2090 1152 2119 est,
1163 2086 1241 2121 longe
1255 2086 1331 2120 pejus
1344 2090 1385 2114 est
1397 2093 1411 2113 a
1425 2085 1606 2120 spiritualibus
1620 2084 1714 2112 abduci
1726 2084 1823 2111 verbis.

1034 2130 1147 2167 Ideoque
1157 2131 1219 2159 alibi
1231 2132 1292 2159 dicit
1306 2140 1312 2159 :
1327 2131 1409 2158 Nemo
1420 2131 1519 2158 mittens
1529 2139 1631 2157 manum
1639 2139 1709 2157 suam
1723 2130 1757 2157 ad
1766 2138 1825 2156 ara-

1034 2184 1110 2212 trum,
1126 2184 1150 2206 et
1170 2187 1301 2206 conversus
1314 2179 1347 2205 ad
1360 2179 1515 2213 posteriora,
1531 2182 1605 2212 aptus
1626 2182 1661 2204 est
1676 2178 1710 2204 ad
1721 2185 1825 2212 regnum

1035 2225 1154 2253 calorum
1166 2225 1241 2260 (Luc.
1253 2225 1280 2252 9.
1295 2224 1350 2260 62).
1367 2224 1434 2251 Nam
1453 2224 1530 2259 longe
1546 2223 1640 2252 melius
1658 2229 1699 2250 est
1714 2231 1824 2258 regnum

1035 2270 1196 2306 pratdicare,
1217 2270 1338 2305 aliosque
1359 2277 1374 2297 a
1389 2274 1475 2297 morte
1497 2269 1646 2302 retrahere,
1661 2277 1740 2304 quam
1760 2269 1825 2296 nihil

1033 2317 1169 2352 juvantent
1186 2321 1320 2343 ntortuunt
1335 2315 1466 2350 sepelire;
1482 2322 1542 2342 cum
1557 2315 1673 2342 maxime
1683 2319 1827 2350 supersunt

1035 2362 1080 2389 alii
1105 2362 1149 2397 qui
1170 2362 1273 2397 possint
1297 2361 1347 2389 hoc
1369 2361 1486 2389 ofﬁcium
1510 2361 1631 2396 itnplere.
1653 2360 1723 2388 Nihil
1748 2361 1828 2396 igitur

1034 2407 1106 2435 aliud
1122 2407 1184 2436 inde
1198 2407 1333 2439 discimus,
1344 2415 1423 2443 quam
1438 2407 1509 2442 quod
1522 2415 1556 2434 tte
1568 2406 1706 2434 minimutn
1719 2406 1826 2442 quidem

1036 2454 1164 2489 teutporis
1186 2458 1272 2481 terere
1296 2458 1437 2487 oporteat:
1451 2454 1554 2481 etiamsi
1569 2458 1693 2482 sexcenta
1708 2453 1760 2480 alia
1783 2461 1828 2480 ur-

1036 2505 1124 2537 geant,
1136 2500 1281 2535 spiritualia
1292 2506 1354 2528 sunt
1367 2507 1476 2535 semper
1485 2500 1588 2528 cat-teris
1601 2500 1641 2528 vel
1653 2500 1768 2527 maxime
1780 2507 1828 2527 ne-

1036 2546 1161 2574 cessariis
1180 2546 1365 2581 anteponenda
1376 2566 1384 2579 ,
1407 2546 1597 2582 sciendumque
1611 2551 1652 2573 est
1664 2567 1670 2578 ,
1684 2545 1746 2581 quid
1763 2546 1826 2578 vita,

1036 2593 1101 2628 quid
1116 2599 1188 2619 mors
1200 2592 1244 2619 sit.
1258 2591 1330 2619 Multi
1342 2592 1412 2619 enint
1427 2593 1506 2619 etiam
1517 2600 1549 2620 ex
1562 2592 1606 2625 iis,
1620 2592 1665 2627 qui
1682 2591 1771 2619 vivere
1787 2590 1827 2618 ti-

1037 2638 1142 2671 dentur,
1159 2645 1173 2664 a
1196 2638 1307 2665 mortuis
1330 2638 1396 2665 nihil
1410 2637 1546 2671 dilferunt,
1560 2637 1582 2665 si
1602 2638 1628 2664 in
1649 2637 1767 2672 nequitia
1786 2637 1827 2663 vi-

1037 2689 1115 2716 vant;
1132 2684 1185 2710 imo
1206 2683 1354 2711 deteriores
1374 2684 1454 2711 etiam
1476 2684 1588 2711 tuortuis
1608 2687 1680 2710 sunt.
1697 2681 1767 2709 Nam
1785 2683 1828 2717 qui

1038 2735 1151 2757 mortuus
1165 2735 1211 2763 est,
1229 2730 1323 2765 inquit,
1334 2730 1489 2765 justi/iratus
1503 2734 1538 2757 est
1550 2738 1566 2756 a
1583 2734 1684 2764 peccato
1698 2728 1786 2764 (Rom.
1800 2728 1827 2755 ϐ.

1038 2776 1065 2811 7)
1078 2784 1086 2807 ;
1102 2776 1145 2804 hic
1156 2780 1244 2803 autent
1256 2776 1380 2811 nequitiae
1395 2776 1486 2804 servit.
1503 2776 1540 2804 Ne
1554 2775 1618 2803 mihi
1629 2775 1740 2810 dixeris,
1754 2773 1830 2800 illum

1071 2854 1079 2869 ι
1096 2853 1202 2885 Qttulatn,
1214 2854 1247 2879 ad
1257 2853 1338 2886 iustus.
