2067 3134
145 125 196 154 389

144 191 159 209 a
174 181 312 209 vermibus
327 189 381 208 non
398 180 514 214 corrodi,
527 188 579 207 non
591 180 616 206 in
628 179 763 213 sandapila
777 178 878 213 jacere,
888 185 941 205 non

145 227 239 254 oculos
259 226 406 258 clausisse,
422 233 508 261 neque
537 225 634 252 institis
656 225 764 260 ligatqu
786 231 855 252 esse.
874 224 940 251 Nam

145 273 266 309 graviora
284 273 396 308 patitur,
411 280 490 307 quam
514 276 649 304 mortuus,
666 279 718 298 non
732 271 867 298 vermibus
881 277 943 297 cor-

147 319 301 346 rodenlibus
312 339 318 351 ,
335 319 383 346 sed
402 318 465 346 feris
486 317 687 345 immanioribus
703 317 784 344 animi
803 316 943 344 atchtibus

148 366 231 400 ipsum
244 365 465 400 discerpentibus.
476 364 503 392 Si
514 369 602 391 autem
614 368 719 399 apertos
732 363 827 391 habeat
838 363 940 395 oculos,

148 411 197 439 hoc
212 411 275 438 item
289 412 367 446 longe
389 411 464 446 pejus
477 415 529 444 est,
545 418 623 445 quam
644 410 666 437 si
679 410 762 437 clausi
783 414 882 437 essent.
896 410 942 436 Et-

147 458 219 484 cnim
229 457 299 484 oeuli
311 458 408 484 mortui
420 456 485 483 nihil
496 456 556 483 tnali
568 456 675 488 vident;
689 455 732 483 hic
744 460 832 482 autem
845 455 943 490 apertis

147 504 231 530 oculis
251 503 406 530 innumeros
428 503 477 530 sibi
496 501 605 529 attrahit
623 501 740 528 morbos.
763 501 809 528 Ille
823 501 896 536 jacet
915 501 943 528 in

147 548 284 583 sandapila
298 549 331 575 ad
348 548 436 576 omnia
457 547 619 580 immobilis;
632 547 675 574 hic
692 547 718 574 iu
732 547 860 582 sepulcro
871 555 943 574 mor—

148 595 242 622 borum
256 594 330 621 millc
347 602 429 621 onere
441 594 552 621 obrutus
572 597 621 620 est.
638 593 672 620 At
684 600 737 620 non
760 593 833 620 rides
845 600 942 626 corpus

147 649 206 675 eius
228 640 362 675 putridum
374 640 385 666 ?
399 639 432 666 Et
445 639 508 674 quid
531 638 599 665 hoc?
610 638 658 665 llic
671 638 786 672 quippe,
799 642 941 672 antequam

147 694 246 722 corpus
258 687 317 721 ejus
333 690 476 721 putrescat,
487 686 603 712 animam
615 685 694 712 habet
706 689 868 719 corruptam,
879 692 941 719 per—

148 733 243 766 ditam,
258 733 353 760 [αξιοι-ο
372 733 487 767 plurimo
502 731 696 759 labefactatam.
708 731 753 758 Ille
772 731 879 766 quidem
895 738 942 765 per

148 779 240 806 decem
251 779 309 806 dies
324 779 407 811 faetet,
423 778 467 804 hic
481 785 545 805 vero
559 785 608 813 per
621 782 702 804 totam
722 777 802 804 vitam
818 777 941 804 faetorem

148 825 256 855 emittit,
268 831 299 851 os
315 824 415 851 habens
428 824 526 851 cloacis
535 822 845 858 ipsisimmundius.Uno
859 822 942 850 verbo

150 875 251 897 tantum
259 870 294 897 ab
308 870 359 897 hoc
370 870 414 897 ille
425 869 523 903 dill'ert,
534 875 661 904 quantum
671 869 716 897 ille
730 869 837 904 quidem
848 876 943 896 corru-

150 917 267 951 ptionem
279 921 380 943 natura:
394 915 509 943 debitam
521 915 628 950 patitur,
640 915 684 942 hic
692 923 757 942 vero
766 922 826 942 cum
838 914 881 941 illa
893 922 942 949 pu-

150 963 263 994 tredine,
273 970 332 990 eam
349 963 428 989 etiam
439 970 498 997 qua:
514 969 548 989 ex
562 961 664 996 perdita
677 962 762 989 oritur
773 961 826 988 vita
839 960 889 988 sibi
904 966 944 988 at-

152 1009 246 1042 trahit;
258 1013 399 1036 scxccntas
412 1009 461 1036 sibi
476 1008 595 1044 quotidie
607 1009 759 1043 excogitans
766 1008 944 1043 corruptionis

149 1055 262 1089 species.
274 1054 327 1082 Sed
338 1055 383 1082 ille
394 1062 462 1089 equo
471 1054 572 1082 fertur?
582 1054 650 1088 Quid
661 1055 712 1081 hoc
722 1055 783 1082 est?
792 1053 856 1081 Nam
866 1053 908 1081 hic
916 1054 944 1081 in

150 1100 220 1127 lecto
230 1099 382 1132 decumbit;
396 1099 519 1134 quodque
530 1099 635 1134 gravius
650 1103 701 1131 est,
714 1099 777 1126 dum
795 1099 867 1126 illum
885 1106 945 1126 cor-

150 1149 258 1180 ruptum
279 1150 306 1172 et
320 1144 456 1172 fouentem
477 1152 556 1172 nemo
573 1144 655 1177 videt,
666 1151 727 1172 cum
746 1152 836 1171 arcam
848 1144 945 1172 habeat

150 1190 211 1217 velo
225 1194 362 1225 opertam;
387 1190 430 1217 hic
450 1191 541 1218 vivens
561 1198 593 1218 ac
613 1190 719 1218 foetidus
737 1191 944 1227 circumquaque

150 1241 272 1271 vagatur,
287 1241 419 1263 mortuam
432 1236 547 1263 animam
560 1236 585 1263 in
598 1244 710 1271 corpore
723 1237 798 1272 quasi
816 1237 842 1264 in
855 1237 944 1272 sepul-

151 1290 198 1309 cro
210 1283 411 1310 circumferens.
425 1283 465 1310 Ac
479 1284 500 1310 si
519 1288 609 1318 posset
621 1284 707 1310 anima
720 1284 838 1319 conspici
855 1284 904 1312 viri
918 1285 943 1312 in

151 1328 256 1356 deliciis
276 1333 303 1356 et
318 1329 349 1368 in.
362 1329 477 1364 nequitia
492 1330 618 1362 viventis,
634 1330 738 1358 videres
752 1331 830 1366 longe
848 1331 944 1359 melius

152 1382 212 1402 esse
233 1375 258 1402 in
271 1375 394 1410 sepulcro
407 1376 513 1410 ligatum
522 1375 629 1410 jacere,
643 1384 720 1410 quam
734 1376 834 1403 catenis
849 1384 943 1411 pecca-

152 1427 240 1449 torum
253 1422 417 1457 constringi;
433 1429 464 1449 ac
486 1422 599 1456 lapidem
614 1423 811 1458 superpositum
833 1423 941 1457 habere,

151 1477 231 1504 quam
245 1477 326 1504 grave
345 1469 409 1496 illud
422 1469 632 1497 insensibilitatis
643 1470 807 1505 operculum.
822 1471 944 1506 Quapro-

153 1519 212 1548 pter
226 1515 350 1541 comenit
364 1520 392 1541 ut
407 1520 571 1542 mortuorum
583 1515 711 1543 horumce
718 1517 944 1552 propinqui,quo-

151 1560 227 1587 niam
245 1560 284 1586 illi
300 1560 341 1587 sic
358 1560 418 1587 sine
432 1568 514 1588 sensu
525 1561 628 1595 jacent,
645 1562 678 1589 ad
697 1561 790 1590 Jesum
809 1564 940 1592 accedant

149 1612 200 1640 pro
214 1605 266 1632 illis
278 1626 286 1639 ,
298 1611 327 1633 ut
337 1606 401 1633 olim
415 1607 495 1634 Maria
510 1615 558 1642 pro
571 1608 682 1636 Lazaro.
698 1609 809 1637 Etiamsi
823 1610 941 1645 faetidus,
961 1638 967 1646 ,

149 1650 255 1678 etiamsi
266 1652 457 1687 quatriduanus
468 1654 513 1686 sit,
525 1662 558 1681 ne
573 1654 718 1690 desperes:
733 1655 779 1683 sed
794 1656 900 1690 accede;
915 1662 943 1685 et

150 1695 266 1730 Qapidem
288 1698 360 1732 prius
378 1705 495 1726 remove.
507 1699 571 1726 Nam
594 1704 657 1727 tunc
671 1701 772 1729 videbis
790 1702 939 1736 jacentem,

149 1743 224 1777 quasi
241 1743 266 1770 in
279 1743 412 1778 sepulcro,
429 1749 457 1772 et
467 1745 555 1773 fasciis
569 1746 687 1781 ligatum.
701 1747 735 1774 Et
757 1749 779 1775 si
802 1749 897 1782 placet,
914 1749 940 1776 in

149 1788 266 1816 medium
285 1790 435 1825 quempiam
457 1799 489 1818 ex
511 1792 574 1820 viris
596 1793 743 1821 illustribus
766 1794 939 1823 adducamus.

148 1836 184 1862 At
198 1843 232 1863 ne
242 1836 374 1869 linteatis;
391 1837 470 1865 tacito
483 1839 580 1874 quippe
595 1839 703 1867 nomine
715 1841 864 1875 exemplum
879 1850 940 1876 pro-

149 1881 249 1911 feram:
267 1881 330 1916 imo,
349 1883 371 1910 si
389 1891 485 1911 nomen
505 1882 632 1918 dicerem,
647 1892 681 1912 ne
701 1885 740 1913 sic
753 1886 859 1921 quidem
881 1895 939 1915 me-

148 1928 275 1956 tuendum
289 1933 371 1957 esset.
386 1929 450 1964 Quis
464 1931 535 1957 enim
549 1939 673 1966 umquam
687 1937 821 1960 mortuum
834 1933 939 1962 timuit?

594 122 627 151 IN
645 121 847 150 MATTHEEUM
869 117 983 147 IIOJIIL.
1003 119 1121 149 XXVIII.
1142 123 1177 150 al.
1198 123 1294 151 XXIX.

1731 127 1784 157 350

995 179 1023 207 Si
1037 180 1100 215 quid
1111 180 1181 207 enim
1196 180 1297 212 fecerit,
1313 185 1433 209 tnortuus
1448 185 1534 210 tamen
1549 187 1653 215 manet;
1665 188 1785 212 mortuus

994 235 1058 254 vero
1072 228 1204 254 virentem
1225 228 1322 255 laedere
1344 227 1416 254 nullo
1431 234 1508 263 pacto
1529 233 1624 264 potest.
1641 229 1783 258 Videamus

995 274 1084 308 itaque
1094 279 1173 308 caput
1183 274 1242 308 ejus
1257 275 1376 310 ligatum.
1388 275 1453 302 Nam
1467 283 1525 302 cum
1539 276 1633 303 crebro
1644 277 1697 304 sint
1706 278 1784 312 ebrii,

994 320 1105 355 perinde
1126 326 1206 355 atque
1223 322 1319 348 mortui
1336 321 1426 348 inultis
1445 322 1619 349 velaminibus
1639 328 1665 349 et
1684 322 1783 356 fasciis,

994 366 1032 393 sic
1047 374 1140 393 omnes
1160 367 1269 393 istarum
1282 374 1376 394 sensus
1387 367 1562 394 oceluduntur
1571 373 1598 395 et
1617 368 1740 403 ligantur.
1756 369 1785 397 Si

994 411 1069 438 lubet
1088 412 1167 438 etiam
1182 419 1275 438 manus
1296 412 1396 445 videre,
1413 412 1471 439 illas
1484 414 1632 448 conspicias
1644 415 1728 440 ventri
1744 415 1784 441 al-

994 457 1096 491 ligatas,
1109 462 1135 483 ut
1149 457 1332 484 defunctorum
1347 462 1485 490 manus,et
1495 459 1607 491 vinctas,
1619 467 1670 486 non
1686 459 1785 493 fasciis,

994 502 1041 530 sed
1055 503 1174 530 avaritize
1189 503 1309 535 vinculis,
1323 503 1392 538 quod
1406 504 1482 538 longe
1497 504 1614 531 deterius
1626 511 1683 538 es1;
1700 513 1786 540 neque

994 549 1065 576 enim
1079 549 1208 584 permittit
1227 549 1270 575 illa
1285 554 1312 576 ut
1331 549 1364 576 ad
1385 549 1598 584 eleemosyuam,
1615 550 1656 577 vel
1669 550 1701 577 ad
1715 550 1784 577 aliud

994 594 1136 629 quodpiam
1156 602 1223 629 opus
1238 594 1334 621 bonum
1355 595 1549 628 extendantur;
1568 595 1615 623 sed
1639 596 1786 624 inutiliores

994 639 1094 672 efﬁcit,
1109 647 1187 674 quam
1209 646 1373 667 mortuorum
1389 648 1493 668 manus.
1510 640 1590 668 Visne
1604 641 1723 668 utetiam
1741 650 1786 676 pe-

994 686 1042 714 des
1056 686 1180 714 similiter
1193 687 1298 714 vinctos
1317 687 1474 713 videamus?
1489 687 1551 714 Illos
1564 695 1669 722 quoque
1684 688 1786 723 respice

993 733 1065 759 curis
1082 732 1240 759 constrictos
1251 752 1259 765 ,
1280 732 1324 767 qui
1338 732 1397 759 ideo
1411 740 1464 759 non
1479 733 1580 766 possint
1594 733 1627 760 ad
1644 734 1785 761 ecclesiam

995 778 1042 806 Dei
1063 786 1215 814 properare.
1234 778 1326 805 Vidisti
1347 779 1498 805 mortuum?
1511 779 1699 806 Pollinetorem
1715 779 1785 806 vide.

994 824 1060 858 Quis
1081 824 1174 851 horum
1198 824 1341 859 pollinctor
1358 824 1418 851 est?
1435 824 1558 851 Diabolus
1577 824 1621 859 qui
1646 824 1786 859 diligenter

994 870 1067 905 ipsos
1078 870 1244 905 constringit,
1261 877 1310 897 nec
1324 870 1388 896 sinit
1400 873 1428 896 ut
1443 869 1524 896 homo
1536 877 1598 896 vere
1613 869 1692 896 homo
1704 877 1786 904 appa-

994 921 1070 950 reat,
1085 916 1132 944 sed
1151 917 1250 952 lignum
1268 916 1382 943 aridum.
1397 915 1446 943 Ubi
1460 915 1532 943 enim
1550 923 1600 942 nec
1621 917 1714 943 oculus
1737 924 1786 943 nec

995 971 1101 997 manus,
1116 971 1167 991 nec
1182 963 1273 998 pedes,
1291 971 1340 990 nec
1352 962 1422 989 aliud
1438 962 1589 997 hujusmodi
1603 968 1644 990 est
1653 962 1786 997 quomodo

995 1018 1054 1038 esse
1066 1017 1143 1044 posse
1151 1009 1230 1037 homo
1241 1009 1380 1037 videatur?
1391 1009 1435 1037 Sic
1445 1009 1563 1044 ipsorum
1574 1009 1688 1036 animam
1700 1008 1788 1036 fasciis

995 1055 1145 1083 devinctam
1161 1055 1318 1089 conspicere
1333 1059 1390 1087 est,
1414 1054 1516 1082 idolum
1531 1055 1615 1089 magis
1629 1062 1708 1088 quam
1729 1054 1787 1080 aui-

995 1109 1076 1129 mam.
1092 1101 1223 1135 Quoniam
1240 1101 1318 1136 igitur
1334 1101 1384 1135 ipsi
1407 1101 1465 1127 sine
1479 1107 1558 1127 sensu
1569 1099 1659 1135 jacent
1677 1100 1787 1133 mortui,

995 1156 1045 1183 pro
1057 1148 1109 1175 illis
1122 1147 1155 1175 ad
1165 1147 1257 1175 Jesum
1268 1146 1433 1178 accedamus,
1446 1153 1586 1181 precemur
1597 1149 1625 1172 ut
1637 1150 1786 1179 resurgant,

996 1201 1166 1221 amoveamus
1174 1193 1300 1228 lapidem,
1308 1192 1442 1220 solvamus
1458 1190 1563 1218 fascias.
1577 1190 1604 1218 Si
1618 1190 1688 1217 enim
1698 1191 1787 1218 abstu~

996 1240 1060 1267 leris
1072 1239 1196 1274 lapidem,
1209 1239 1235 1266 id
1249 1243 1299 1271 est,
1312 1237 1382 1265 illam
1397 1238 1422 1264 in
1433 1237 1510 1264 malis
1521 1243 1647 1263 sensuum
1662 1236 1787 1270 privatio-

996 1294 1068 1319 nem,
1082 1286 1136 1313 cito
1149 1286 1208 1313 illos
1221 1292 1237 1312 e
1249 1284 1371 1319 sepulcro
1384 1283 1507 1311 eduxeris
1522 1291 1529 1309 :
1544 1282 1656 1310 eductos
1671 1289 1733 1310 vero
1746 1281 1786 1308 fa-

996 1333 1074 1359 cilius
1088 1339 1103 1358 a
1125 1331 1238 1359 vinculis
1258 1330 1392 1358 liberabis.
1408 1329 1483 1357 Tunc
1504 1333 1529 1356 te
1548 1327 1682 1356 Christum
1704 1335 1787 1363 agno-

996 1382 1063 1411 scet,
1076 1384 1137 1405 cum
1157 1376 1320 1408 surrexeris;
1333 1383 1392 1402 eum
1407 1374 1511 1402 solutus
1526 1373 1618 1407 fueris,
1637 1377 1700 1400 tunc
1714 1378 1739 1400 te
1754 1373 1787 1401 ad

995 1432 1100 1452 coenam
1122 1431 1196 1451 suam
1215 1423 1331 1451 vocabit.
1344 1423 1477 1457 Quotquot
1494 1421 1574 1456 igitur
1593 1419 1692 1447 Christi
1710 1419 1788 1447 amici

995 1472 1070 1503 estis,
1086 1474 1215 1506 quotquot
1228 1469 1360 1504 discipuli,
1374 1472 1503 1504 quotquot
1517 1471 1650 1496 mortuum
1662 1466 1788 1501 diligitis,

995 1517 1029 1545 ad
1048 1516 1138 1545 Jesum
1160 1516 1293 1551 supplices
1311 1515 1429 1542 accedite
1449 1519 1476 1542 et
1497 1513 1651 1548 supplicate.
1676 1511 1788 1541 Etiamsi

993 1565 1066 1594 enim
1086 1569 1259 1598 summopere
1273 1561 1383 1589 foetidus
1396 1561 1446 1594 sit,
1472 1564 1589 1588 attamen
1612 1567 1664 1587 non
1688 1559 1788 1587 debent

995 1610 1136 1646 propinqui
1151 1609 1210 1645 ejus
1221 1609 1307 1644 ipsum
1321 1607 1455 1639 deserere,
1470 1606 1517 1634 scd
1531 1609 1604 1633 tanto
1617 1606 1699 1641 magis
1711 1613 1788 1632 acce-

994 1657 1059 1685 dere
1071 1678 1079 1690 ,
1094 1661 1194 1692 quanto
1214 1655 1297 1690 magis
1313 1653 1425 1689 putredo
1440 1657 1550 1687 augetur
1564 1660 1570 1678 :
1590 1656 1619 1679 ut
1637 1657 1699 1678 tunc
1717 1651 1787 1678 fece-

994 1708 1056 1731 runt
1069 1702 1161 1729 Lazari
1173 1708 1298 1732 sorores;
1313 1707 1398 1735 neque
1418 1703 1479 1726 ante
1492 1697 1639 1730 discedere,
1651 1701 1786 1731 rogantes,

994 1753 1134 1784 precantes
1145 1769 1153 1781 ,
1173 1746 1370 1782 supplicantes,
1385 1753 1464 1780 quam
1478 1744 1551 1772 illum
1565 1744 1697 1771 viventem
1711 1750 1787 1770 rece-

994 1797 1121 1832 perimus.
1134 1795 1200 1822 Nam
1213 1795 1234 1821 si
1249 1794 1287 1821 sic
1301 1801 1345 1821 res
1357 1796 1464 1820 nostras
1476 1795 1503 1818 et
1517 1791 1696 1825 proximorum
1709 1797 1786 1818 cure-

993 1850 1064 1873 mus,
1083 1840 1196 1868 futuram
1216 1840 1270 1867 cito
1284 1840 1363 1865 vitam
1378 1844 1593 1872 consequemur:
1610 1843 1660 1870 qua
1683 1836 1783 1862 utinam

993 1895 1042 1915 nos
1056 1887 1106 1914 frui
1119 1886 1263 1920 contingat,
1275 1884 1358 1920 gratia
1373 1888 1399 1911 et
1413 1883 1575 1918 benignitate
1586 1881 1689 1909 Domini
1700 1882 1784 1910 nostri

992 1934 1055 1962 Jesu
1068 1932 1177 1966 Christi,
1187 1931 1230 1960 cui
1240 1931 1322 1966 gloria
1336 1930 1362 1957 in
1374 1929 1471 1957 sarcula
1485 1927 1654 1956 saeculorum.
1670 1927 1765 1955 Amen.

183 1996 1783 2009 _—__~__—___________________

681 2037 855 2068 HOMILIA
876 2039 1023 2070 XXVIII.
1044 2040 1086 2071 al.
1108 2038 1230 2069 XXIX.

145 2108 210 2136 CAP.
230 2108 257 2136 8.
283 2117 309 2135 v.
331 2109 375 2136 25.
403 2108 435 2135 Et
456 2109 602 2136 ascendente
624 2117 652 2136 eo
670 2109 697 2136 iu
720 2110 871 2141 naviculam,
893 2118 935 2136 se-

180 2155 252 2190 quuti
265 2161 389 2182 suntcum
400 2155 518 2190 discipuli
531 2156 595 2190 ejus.
607 2157 653 2182 '25.
668 2155 702 2181 Et
716 2164 770 2182 ecce
785 2161 866 2182 motus
880 2164 933 2182 ma-

181 2210 246 2237 gnus
260 2204 343 2237 factus
365 2207 402 2229 est
425 2202 451 2229 in
465 2202 541 2234 mari,
557 2202 594 2228 ita
617 2206 644 2228 ut
658 2202 774 2229 navicula
796 2202 934 2237 operiretur

179 2247 296 2281 ﬂuctibus
309 2255 318 2274 :
327 2247 382 2281 ipse
390 2255 446 2274 vero
461 2247 608 2274 dormiebat.

180 2293 206 2320 Ι.
222 2292 304 2319 Nulla
317 2293 382 2319 inter
392 2293 555 2328 evangelista;
569 2293 734 2320 dissonantia.
746 2292 882 2324 ——-Lucas,
899 2299 933 2319 ne

144 2339 204 2373 quis
218 2339 252 2366 ab
267 2339 324 2373 ipso
338 2344 487 2374 temporum
507 2339 628 2367 ordinem
653 2339 788 2374 exigeret,
813 2339 852 2366 sic
874 2339 930 2365 ait:

145 2383 254 2411 Factum
265 2389 302 2411 est
314 2384 340 2410 in
350 2393 401 2410 una
413 2385 520 2416 dierum,
537 2390 560 2411 et
585 2386 640 2419 ipse
666 2385 777 2411 ascendit
791 2385 817 2411 in
832 2384 932 2410 nauicu-

143 2430 206 2463 lam,
222 2435 244 2457 et
254 2430 375 2463 discipuli
386 2431 439 2465 ejus
454 2430 528 2466 (Luc.
544 2431 571 2458 8.
582 2430 640 2465 22).
657 2431 760 2458 Marcus
773 2438 878 2465 quoque
892 2431 931 2457 si-

143 2476 253 2504 militer.
266 2476 314 2503 Hic
322 2484 386 2503 vero
408 2483 460 2503 non
472 2477 546 2509 item,
562 2477 607 2504 sed
626 2481 775 2511 temporum
788 2475 930 2510 quamdam

141 2527 232 2550 servat
247 2523 355 2549 seriem.
365 2521 456 2556 Neque
466 2522 537 2549 enim
546 2523 634 2549 omnia
645 2529 738 2549 omnes
746 2521 840 2549 eodem
851 2520 931 2547 modo

141 2569 297 2596 describunt
313 2578 319 2595 :
336 2567 362 2595 id
377 2568 447 2603 quod
461 2576 476 2595 a
492 2575 535 2595 me
552 2568 605 2603 jam
620 2576 698 2602 supra
714 2568 813 2595 dictum
833 2572 883 2600 est,
896 2574 930 2594 ne

141 2615 200 2649 quis
214 2623 247 2642 ex
262 2615 408 2641 omissione
421 2614 611 2642 dissonantiam
634 2614 702 2641 inter
723 2614 793 2648 ipsos
807 2620 866 2641 esse
879 2621 928 2647 pu-

141 2665 218 2688 taret.
235 2660 332 2687 Turbis
347 2660 437 2694 itaque
452 2660 607 2695 praemissis,
626 2659 772 2694 discipulos
785 2666 874 2686 secum
884 2665 929 2685 as-

140 2706 273 2740 sumpsit:
288 2713 349 2732 nam
363 2705 414 2732 hoc
429 2705 465 2732 illi
479 2705 581 2732 dicunt.
596 2705 748 2740 Assumpsit
763 2708 853 2731 autem
875 2711 928 2730 non

141 2751 236 2779 frustra
247 2772 255 2784 ,
280 2758 330 2778 nec
351 2751 409 2777 sine
421 2758 500 2778 causa
515 2771 523 2783 ,
539 2751 586 2778 sed
600 2755 627 2777 ut
642 2750 721 2778 futuri
735 2749 854 2777 miraculi
869 2755 929 2783 spe~

138 2803 255 2826 ctatores
270 2801 369 2824 essent.
385 2796 613 2829 Quemadmodum
636 2797 707 2824 enim
725 2795 855 2830 palaastrte
870 2801 928 2820 ma-

138 2845 221 2881 gister
233 2844 362 2876 optimus.
378 2842 412 2870 ad
427 2846 568 2876 utrumque
583 2842 643 2872 illos
665 2841 828 2872 exercebat.
849 2844 878 2868 ut
899 2839 926 2867 in

990 2110 1068 2137 malis
1087 2108 1259 2144 imperterriti
1274 2111 1381 2138 essent,
1405 2109 1432 2133 et
1447 2105 1473 2132 in
1487 2104 1635 2131 honoribus
1651 2102 1777 2130 modesti.

988 2156 1028 2184 Ne
1039 2156 1122 2183 altum
1132 2155 1203 2182 enim
1219 2157 1355 2188 saperent,
1371 2151 1452 2186 quod,
1465 2149 1555 2177 missis
1565 2149 1635 2181 aliis,
1651 2148 1727 2183 ipsos
1736 2156 1776 2174 re-

988 2201 1122 2233 tinuisset;
1144 2203 1329 2235 tempestatem
1356 2197 1494 2233 permittit,
1508 2199 1562 2222 tum
1579 2199 1607 2221 ut
1623 2194 1673 2220 hoc
1686 2193 1778 2220 eflice-

987 2251 1038 2280 ret,
1050 2252 1104 2274 tum
1116 2250 1144 2273 ut
1156 2253 1203 2273 eos
1218 2244 1250 2272 ad
1263 2243 1388 2271 ferendas
1398 2241 1502 2269 fortiter
1516 2246 1650 2267 aerumnas
1663 2246 1777 2266 exerce-

987 2297 1039 2321 ret.
1053 2292 1119 2319 Nam
1132 2298 1225 2326 magna
1240 2289 1347 2324 quidem
1361 2293 1438 2315 erant
1450 2287 1538 2322 priora
1550 2286 1636 2320 signa,
1649 2283 1695 2311 sed
1707 2291 1774 2318 prte-

986 2347 1047 2366 sens
1056 2339 1160 2373 signum
1172 2344 1223 2364 non
1235 2343 1343 2371 parvam
1355 2334 1495 2369 quamdam
1507 2330 1725 2359 exercitationem
1734 2328 1775 2355 af-

985 2384 1088 2412 ferebat
1101 2404 1108 2416 ,
1130 2390 1162 2410 ac
1177 2381 1259 2409 veleri
1274 2380 1379 2407 cuidam
1393 2379 1468 2413 signo
1480 2377 1566 2405 simile
1580 2381 1646 2403 erat.
1661 2375 1774 2408 Ideoque

985 2430 1057 2457 solos
1078 2436 1168 2457 secum
1183 2427 1291 2454 adducit
1315 2425 1469 2459 discipulos.
1487 2423 1553 2450 Nam
1577 2422 1621 2449 tibi
1644 2421 1773 2448 miracula

985 2475 1142 2506 edebantur,
1169 2474 1293 2509 populum
1305 2471 1369 2498 sinit
1378 2470 1492 2497 adesse:
1508 2469 1552 2495 ubi
1575 2475 1639 2495 vero
1655 2466 1773 2502 pericula

985 2525 1013 2547 et
1026 2524 1144 2547 terrores
1156 2539 1164 2550 ,
1178 2517 1323 2552 discipulos
1334 2535 1342 2548 ,
1358 2516 1473 2543 athletas
1488 2521 1584 2548 nempe
1602 2512 1690 2545 orbis,
1704 2518 1772 2546 quos

985 2567 1181 2594 exercitaturus
1195 2569 1263 2597 erat,
1285 2563 1358 2589 solos
1372 2569 1462 2589 secum
1485 2559 1605 2588 assumit.
1630 2557 1771 2585 Matthmus

984 2612 1070 2640 solum
1082 2611 1156 2642 dicit,
1172 2611 1257 2644 ipsum
1271 2607 1443 2638 dormivisse,
1460 2606 1544 2632 Lucas
1560 2611 1624 2631 vero
1645 2603 1727 2635 addit,
1742 2602 1770 2629 in

983 2656 1110 2685 cervicali
1125 2656 1174 2691 (a),
1187 2654 1330 2682 ostendens
1341 2659 1420 2687 quam
1432 2654 1504 2679 esset
1524 2658 1539 2676 a
1555 2649 1623 2676 fastu
1641 2649 1747 2675 alienus
1757 2667 1767 2681 ,

982 2709 1008 2731 et
1021 2702 1054 2729 ad
1076 2709 1198 2736 magnam
1225 2699 1287 2727 inde
1316 2697 1511 2733 philosophiam
1538 2703 1587 2723 nos
1616 2695 1767 2722 instituens.

1011 2780 1047 2810 (a)
1063 2779 1100 2803 sic
1111 2784 1197 2803 omnes
1213 2777 1271 2810 Editi
1284 2780 1310 2810 et
1328 2775 1481 2810 manuscripti
1497 2773 1607 2810 Codices,
1626 2776 1651 2797 et
1663 2770 1768 2810 ita‘legit

978 2804 1094 2841 Georgius
1102 2808 1280 2841 'niatiezuiitius.
1294 2807 1365 2841 Atqui
1373 2813 1419 2841 non
1432 2804 1562 2840 |_.ucas.scd
1574 2808 1665 2829 Marcus
1671 2806 1717 2831 est,
1725 2804 1767 2833 qui

979 2837 1062 2873 babei,
1074 2840 1098 2872 4,
1109 2837 1158 2865 58':
1169 2843 1244 2871 super
1254 2837 1355 2864 cervical
1364 2837 1492 2863 dormiens.
