  <div class='ocr_page' id='page_1' title='image "/cluster/home/n/w/nwhite01/storage/ocr_20150623/57-58/njp.32101077772653/281.png"; bbox 0 0 2067 3134; ppageno 0'>
   <div class='ocr_carea' id='block_1_1' title="bbox 299 130 1930 171">
    <p class='ocr_par' dir='ltr' id='par_1_1' title="bbox 299 130 1930 171">
     <span class='ocr_line' id='line_1_1' title="bbox 299 130 1930 171; baseline 0.012 -19"><span class='ocrx_word' id='word_1_1' title='bbox 299 131 349 159; x_wconf 69' lang='lat'><strong>551</strong></span> <span class='ocrx_word' id='word_1_2' title='bbox 664 130 693 158; x_wconf 88' lang='lat' dir='ltr'><strong>S.</strong></span> <span class='ocrx_word' id='word_1_3' title='bbox 713 130 853 159; x_wconf 70' lang='lat' dir='ltr'><strong>JOANNIS</strong></span> <span class='ocrx_word' id='word_1_4' title='bbox 870 130 1110 158; x_wconf 76' lang='lat' dir='ltr'><strong>CllRYSOSTOMI</strong></span> <span class='ocrx_word' id='word_1_5' title='bbox 1130 130 1289 160; x_wconf 78' lang='lat' dir='ltr'><strong>ARCHIEP.</strong></span> <span class='ocrx_word' id='word_1_6' title='bbox 1309 134 1575 165; x_wconf 77' lang='lat' dir='ltr'><strong>CONSTANTINOP.</strong></span> <span class='ocrx_word' id='word_1_7' title='bbox 1877 142 1930 171; x_wconf 66' lang='lat'><strong>55&quot;.!</strong></span> 
     </span>
    </p>
   </div>
   <div class='ocr_carea' id='block_1_2' title="bbox 297 187 1088 222">
    <p class='ocr_par' dir='ltr' id='par_1_2' title="bbox 297 187 1088 222">
     <span class='ocr_line' id='line_1_2' title="bbox 297 187 1088 222; baseline -0.001 -6"><span class='ocrx_word' id='word_1_8' title='bbox 297 188 397 216; x_wconf 88' lang='lat' dir='ltr'><strong>Oborta</strong></span> <span class='ocrx_word' id='word_1_9' title='bbox 411 187 499 222; x_wconf 90' lang='lat' dir='ltr'><strong>itaque</strong></span> <span class='ocrx_word' id='word_1_10' title='bbox 513 191 670 222; x_wconf 71' lang='lat' dir='ltr'><strong>tempestate</strong></span> <span class='ocrx_word' id='word_1_11' title='bbox 678 195 739 215; x_wconf 91' lang='lat' dir='ltr'><strong>cum</strong></span> <span class='ocrx_word' id='word_1_12' title='bbox 753 188 851 215; x_wconf 79' lang='lat' dir='ltr'><strong>[ureret</strong></span> <span class='ocrx_word' id='word_1_13' title='bbox 862 195 946 220; x_wconf 88' lang='lat' dir='ltr'><strong>mare,</strong></span> <span class='ocrx_word' id='word_1_14' title='bbox 959 187 1031 215; x_wconf 87' lang='lat' dir='ltr'><strong>illum</strong></span> <span class='ocrx_word' id='word_1_15' title='bbox 1042 196 1088 215; x_wconf 91' lang='lat' dir='ltr'><strong>ex—</strong></span> 
     </span>
    </p>
   </div>
   <div class='ocr_carea' id='block_1_3' title="bbox 296 234 1088 270">
    <p class='ocr_par' dir='ltr' id='par_1_3' title="bbox 296 234 1088 270">
     <span class='ocr_line' id='line_1_3' title="bbox 296 234 1088 270; baseline -0.001 -8"><span class='ocrx_word' id='word_1_16' title='bbox 296 235 380 262; x_wconf 90' lang='lat' dir='ltr'><strong>citant</strong></span> <span class='ocrx_word' id='word_1_17' title='bbox 390 235 528 263; x_wconf 79' lang='lat' dir='ltr'><strong>dicentes:</strong></span> <span class='ocrx_word' id='word_1_18' title='bbox 542 235 588 263; x_wconf 69' lang='lat'><strong>93.</strong></span> <span class='ocrx_word' id='word_1_19' title='bbox 604 234 713 263; x_wconf 82' lang='lat' dir='ltr'><strong>Domine</strong></span> <span class='ocrx_word' id='word_1_20' title='bbox 723 256 730 268; x_wconf 86' lang='lat'><strong>,</strong></span> <span class='ocrx_word' id='word_1_21' title='bbox 744 236 814 263; x_wconf 80' lang='lat' dir='ltr'><strong>salva</strong></span> <span class='ocrx_word' id='word_1_22' title='bbox 828 244 884 268; x_wconf 83' lang='lat' dir='ltr'><strong>nos,</strong></span> <span class='ocrx_word' id='word_1_23' title='bbox 899 235 1018 270; x_wconf 74' lang='lat' dir='ltr'><strong>perimus.</strong></span> <span class='ocrx_word' id='word_1_24' title='bbox 1030 234 1088 270; x_wconf 88' lang='lat' dir='ltr'><strong>Ipse</strong></span> 
     </span>
    </p>
   </div>
   <div class='ocr_carea' id='block_1_4' title="bbox 299 281 1087 316">
    <p class='ocr_par' dir='ltr' id='par_1_4' title="bbox 299 281 1087 316">
     <span class='ocr_line' id='line_1_4' title="bbox 299 281 1087 316; baseline 0 -9"><span class='ocrx_word' id='word_1_25' title='bbox 299 288 363 308; x_wconf 84' lang='lat' dir='ltr'><strong>vero</strong></span> <span class='ocrx_word' id='word_1_26' title='bbox 377 281 436 308; x_wconf 88' lang='lat' dir='ltr'><strong>illos</strong></span> <span class='ocrx_word' id='word_1_27' title='bbox 452 281 578 316; x_wconf 88' lang='lat' dir='ltr'><strong>primum,</strong></span> <span class='ocrx_word' id='word_1_28' title='bbox 594 281 693 308; x_wconf 91' lang='lat' dir='ltr'><strong>deinde</strong></span> <span class='ocrx_word' id='word_1_29' title='bbox 706 289 781 308; x_wconf 85' lang='lat' dir='ltr'><strong>mare</strong></span> <span class='ocrx_word' id='word_1_30' title='bbox 792 281 951 315; x_wconf 91' lang='lat' dir='ltr'><strong>increpavit.</strong></span> <span class='ocrx_word' id='word_1_31' title='bbox 967 281 1044 312; x_wconf 87' lang='lat' dir='ltr'><strong>Nam,</strong></span> <span class='ocrx_word' id='word_1_32' title='bbox 1059 285 1087 307; x_wconf 93' lang='lat' dir='ltr'><strong>ut</strong></span> 
     </span>
    </p>
   </div>
   <div class='ocr_carea' id='block_1_5' title="bbox 298 327 1085 362">
    <p class='ocr_par' dir='ltr' id='par_1_5' title="bbox 298 327 1085 362">
     <span class='ocr_line' id='line_1_5' title="bbox 298 327 1085 362; baseline 0 -8"><span class='ocrx_word' id='word_1_33' title='bbox 298 327 362 359; x_wconf 86' lang='lat' dir='ltr'><strong>dixi,</strong></span> <span class='ocrx_word' id='word_1_34' title='bbox 376 327 577 355; x_wconf 70' lang='lat' dir='ltr'><strong>exercitationis</strong></span> <span class='ocrx_word' id='word_1_35' title='bbox 593 335 673 355; x_wconf 84' lang='lat' dir='ltr'><strong>causa</strong></span> <span class='ocrx_word' id='word_1_36' title='bbox 699 327 756 354; x_wconf 71' lang='lat' dir='ltr'><strong>hazc</strong></span> <span class='ocrx_word' id='word_1_37' title='bbox 767 327 997 362; x_wconf 87' lang='lat' dir='ltr'><strong>permittebantur,</strong></span> <span class='ocrx_word' id='word_1_38' title='bbox 1012 332 1040 354; x_wconf 88' lang='lat' dir='ltr'><strong>et</strong></span> <span class='ocrx_word' id='word_1_39' title='bbox 1054 327 1085 354; x_wconf 84' lang='lat' dir='ltr'><strong>ft-</strong></span> 
     </span>
    </p>
   </div>
   <div class='ocr_carea' id='block_1_6' title="bbox 298 373 1085 409">
    <p class='ocr_par' dir='ltr' id='par_1_6' title="bbox 298 373 1085 409">
     <span class='ocr_line' id='line_1_6' title="bbox 298 373 1085 409; baseline 0 -9"><span class='ocrx_word' id='word_1_40' title='bbox 298 382 370 408; x_wconf 73' lang='lat' dir='ltr'><strong>gurae</strong></span> <span class='ocrx_word' id='word_1_41' title='bbox 385 378 463 402; x_wconf 90' lang='lat' dir='ltr'><strong>erant</strong></span> <span class='ocrx_word' id='word_1_42' title='bbox 476 374 665 406; x_wconf 87' lang='lat' dir='ltr'><strong>tentationutu,</strong></span> <span class='ocrx_word' id='word_1_43' title='bbox 689 381 750 409; x_wconf 78' lang='lat' dir='ltr'><strong>qua:</strong></span> <span class='ocrx_word' id='word_1_44' title='bbox 763 374 837 407; x_wconf 87' lang='lat' dir='ltr'><strong>ipsos</strong></span> <span class='ocrx_word' id='word_1_45' title='bbox 854 378 931 401; x_wconf 86' lang='lat' dir='ltr'><strong>erant</strong></span> <span class='ocrx_word' id='word_1_46' title='bbox 945 373 1085 401; x_wconf 63' lang='lat' dir='ltr'><strong>invasurm.</strong></span> 
     </span>
    </p>
   </div>
   <div class='ocr_carea' id='block_1_7' title="bbox 299 420 1087 456">
    <p class='ocr_par' dir='ltr' id='par_1_7' title="bbox 299 420 1087 456">
     <span class='ocr_line' id='line_1_7' title="bbox 299 420 1087 456; baseline -0.003 -8"><span class='ocrx_word' id='word_1_47' title='bbox 299 420 404 448; x_wconf 81' lang='lat' dir='ltr'><strong>Etenim</strong></span> <span class='ocrx_word' id='word_1_48' title='bbox 421 425 513 456; x_wconf 85' lang='lat' dir='ltr'><strong>postea</strong></span> <span class='ocrx_word' id='word_1_49' title='bbox 528 428 600 456; x_wconf 69' lang='lat' dir='ltr'><strong>saepe</strong></span> <span class='ocrx_word' id='word_1_50' title='bbox 614 420 735 456; x_wconf 83' lang='lat' dir='ltr'><strong>permisit</strong></span> <span class='ocrx_word' id='word_1_51' title='bbox 748 427 795 448; x_wconf 87' lang='lat' dir='ltr'><strong>eos</strong></span> <span class='ocrx_word' id='word_1_52' title='bbox 809 420 834 448; x_wconf 94' lang='lat' dir='ltr'><strong>in</strong></span> <span class='ocrx_word' id='word_1_53' title='bbox 848 421 985 455; x_wconf 74' lang='lat' dir='ltr'><strong>graviores</strong></span> <span class='ocrx_word' id='word_1_54' title='bbox 1005 428 1087 453; x_wconf 75' lang='lat' dir='ltr'><strong>nego-</strong></span> 
     </span>
    </p>
   </div>
   <div class='ocr_carea' id='block_1_8' title="bbox 298 465 1084 501">
    <p class='ocr_par' dir='ltr' id='par_1_8' title="bbox 298 465 1084 501">
     <span class='ocr_line' id='line_1_8' title="bbox 298 465 1084 501; baseline -0.001 -8"><span class='ocrx_word' id='word_1_55' title='bbox 298 467 395 494; x_wconf 90' lang='lat' dir='ltr'><strong>tiorum</strong></span> <span class='ocrx_word' id='word_1_56' title='bbox 421 467 551 501; x_wconf 80' lang='lat' dir='ltr'><strong>procellas</strong></span> <span class='ocrx_word' id='word_1_57' title='bbox 571 466 700 499; x_wconf 84' lang='lat' dir='ltr'><strong>incidere,</strong></span> <span class='ocrx_word' id='word_1_58' title='bbox 734 467 762 491; x_wconf 91' lang='lat' dir='ltr'><strong>et</strong></span> <span class='ocrx_word' id='word_1_59' title='bbox 778 471 940 494; x_wconf 82' lang='lat' dir='ltr'><strong>succurrere</strong></span> <span class='ocrx_word' id='word_1_60' title='bbox 965 465 1084 493; x_wconf 83' lang='lat' dir='ltr'><strong>distulit.</strong></span> 
     </span>
    </p>
   </div>
   <div class='ocr_carea' id='block_1_9' title="bbox 295 512 1086 548">
    <p class='ocr_par' dir='ltr' id='par_1_9' title="bbox 295 512 1086 548">
     <span class='ocr_line' id='line_1_9' title="bbox 295 512 1086 548; baseline -0.003 -8"><span class='ocrx_word' id='word_1_61' title='bbox 295 512 373 540; x_wconf 78' lang='lat' dir='ltr'><strong>Unde</strong></span> <span class='ocrx_word' id='word_1_62' title='bbox 387 513 485 540; x_wconf 85' lang='lat' dir='ltr'><strong>Paulus</strong></span> <span class='ocrx_word' id='word_1_63' title='bbox 500 513 605 540; x_wconf 80' lang='lat' dir='ltr'><strong>dicebat</strong></span> <span class='ocrx_word' id='word_1_64' title='bbox 618 521 624 538; x_wconf 92' lang='lat'>:</span> <span class='ocrx_word' id='word_1_65' title='bbox 641 512 710 540; x_wconf 78' lang='lat' dir='ltr'><strong>Nolo</strong></span> <span class='ocrx_word' id='word_1_66' title='bbox 724 517 809 539; x_wconf 85' lang='lat' dir='ltr'><strong>autem</strong></span> <span class='ocrx_word' id='word_1_67' title='bbox 821 520 864 538; x_wconf 77' lang='lat' dir='ltr'><strong>vos</strong></span> <span class='ocrx_word' id='word_1_68' title='bbox 880 512 1007 548; x_wconf 82' lang='lat' dir='ltr'><strong>ignorare,</strong></span> <span class='ocrx_word' id='word_1_69' title='bbox 1029 514 1086 547; x_wconf 82' lang='lat' dir='ltr'><strong>fra-</strong></span> 
     </span>
    </p>
   </div>
   <div class='ocr_carea' id='block_1_10' title="bbox 295 557 1086 593">
    <p class='ocr_par' dir='ltr' id='par_1_10' title="bbox 295 557 1086 593">
     <span class='ocr_line' id='line_1_10' title="bbox 295 557 1086 593; baseline 0 -9"><span class='ocrx_word' id='word_1_70' title='bbox 295 563 354 590; x_wconf 83' lang='lat' dir='ltr'><strong>tres,</strong></span> <span class='ocrx_word' id='word_1_71' title='bbox 370 558 488 592; x_wconf 78' lang='lat' dir='ltr'><strong>quoniam</strong></span> <span class='ocrx_word' id='word_1_72' title='bbox 503 557 575 584; x_wconf 80' lang='lat' dir='ltr'><strong>valde</strong></span> <span class='ocrx_word' id='word_1_73' title='bbox 586 558 684 593; x_wconf 83' lang='lat' dir='ltr'><strong>gravati</strong></span> <span class='ocrx_word' id='word_1_74' title='bbox 706 565 792 584; x_wconf 75' lang='lat' dir='ltr'><strong>sumus</strong></span> <span class='ocrx_word' id='word_1_75' title='bbox 814 565 893 590; x_wconf 81' lang='lat' dir='ltr'><strong>supra</strong></span> <span class='ocrx_word' id='word_1_76' title='bbox 907 558 981 590; x_wconf 80' lang='lat' dir='ltr'><strong>vires,</strong></span> <span class='ocrx_word' id='word_1_77' title='bbox 997 557 1033 584; x_wconf 84' lang='lat' dir='ltr'><strong>ita</strong></span> <span class='ocrx_word' id='word_1_78' title='bbox 1058 561 1086 584; x_wconf 85' lang='lat' dir='ltr'><strong>ut</strong></span> 
     </span>
    </p>
   </div>
   <div class='ocr_carea' id='block_1_11' title="bbox 295 603 1087 640">
    <p class='ocr_par' dir='ltr' id='par_1_11' title="bbox 295 603 1087 640">
     <span class='ocr_line' id='line_1_11' title="bbox 295 603 1087 640; baseline -0.001 -9"><span class='ocrx_word' id='word_1_79' title='bbox 295 613 340 631; x_wconf 88' lang='lat' dir='ltr'><strong>nos</strong></span> <span class='ocrx_word' id='word_1_80' title='bbox 353 604 454 632; x_wconf 68' lang='lat' dir='ltr'><strong>traderet</strong></span> <span class='ocrx_word' id='word_1_81' title='bbox 468 604 543 631; x_wconf 84' lang='lat' dir='ltr'><strong>etiam</strong></span> <span class='ocrx_word' id='word_1_82' title='bbox 558 604 639 631; x_wconf 78' lang='lat' dir='ltr'><strong>viuere</strong></span> <span class='ocrx_word' id='word_1_83' title='bbox 649 603 689 640; x_wconf 75' lang='lat'><strong>(‘2.</strong></span> <span class='ocrx_word' id='word_1_84' title='bbox 704 603 762 630; x_wconf 87' lang='lat' dir='ltr'><strong>Cor.</strong></span> <span class='ocrx_word' id='word_1_85' title='bbox 777 604 803 631; x_wconf 90' lang='grc'><strong>1.</strong></span> <span class='ocrx_word' id='word_1_86' title='bbox 816 603 844 638; x_wconf 89' lang='lat'><strong>8)</strong></span> <span class='ocrx_word' id='word_1_87' title='bbox 857 612 864 635; x_wconf 82' lang='lat'><strong>;</strong></span> <span class='ocrx_word' id='word_1_88' title='bbox 876 607 904 630; x_wconf 91' lang='lat' dir='ltr'><strong>et</strong></span> <span class='ocrx_word' id='word_1_89' title='bbox 917 608 1019 638; x_wconf 87' lang='lat' dir='ltr'><strong>postea,</strong></span> <span class='ocrx_word' id='word_1_90' title='bbox 1035 603 1087 635; x_wconf 88' lang='lat' dir='ltr'><strong>Qui</strong></span> 
     </span>
    </p>
   </div>
   <div class='ocr_carea' id='block_1_12' title="bbox 293 649 1084 685">
    <p class='ocr_par' dir='ltr' id='par_1_12' title="bbox 293 649 1084 685">
     <span class='ocr_line' id='line_1_12' title="bbox 293 649 1084 685; baseline 0 -9"><span class='ocrx_word' id='word_1_91' title='bbox 293 658 326 676; x_wconf 74' lang='lat' dir='ltr'><strong>ea:</strong></span> <span class='ocrx_word' id='word_1_92' title='bbox 336 654 371 677; x_wconf 90' lang='lat' dir='ltr'><strong>tot</strong></span> <span class='ocrx_word' id='word_1_93' title='bbox 384 650 506 676; x_wconf 82' lang='lat' dir='ltr'><strong>mortibus</strong></span> <span class='ocrx_word' id='word_1_94' title='bbox 521 658 566 676; x_wconf 80' lang='lat' dir='ltr'><strong>nos</strong></span> <span class='ocrx_word' id='word_1_95' title='bbox 580 650 673 684; x_wconf 81' lang='lat' dir='ltr'><strong>eripuit</strong></span> <span class='ocrx_word' id='word_1_96' title='bbox 687 649 767 684; x_wconf 83' lang='lat' dir='ltr'><strong>(Ibid.</strong></span> <span class='ocrx_word' id='word_1_97' title='bbox 783 657 806 676; x_wconf 81' lang='grc' dir='ltr'><strong>υ.</strong></span> <span class='ocrx_word' id='word_1_98' title='bbox 824 650 879 685; x_wconf 87' lang='grc'><strong>10).</strong></span> <span class='ocrx_word' id='word_1_99' title='bbox 903 649 938 677; x_wconf 89' lang='lat' dir='ltr'><strong>Ut</strong></span> <span class='ocrx_word' id='word_1_100' title='bbox 961 649 1084 676; x_wconf 84' lang='lat' dir='ltr'><strong>ostendat</strong></span> 
     </span>
    </p>
   </div>
   <div class='ocr_carea' id='block_1_13' title="bbox 294 695 1085 730">
    <p class='ocr_par' dir='ltr' id='par_1_13' title="bbox 294 695 1085 730">
     <span class='ocr_line' id='line_1_13' title="bbox 294 695 1085 730; baseline 0.001 -9"><span class='ocrx_word' id='word_1_101' title='bbox 294 695 384 730; x_wconf 83' lang='lat' dir='ltr'><strong>igitur,</strong></span> <span class='ocrx_word' id='word_1_102' title='bbox 398 695 493 722; x_wconf 88' lang='lat' dir='ltr'><strong>ﬁducia</strong></span> <span class='ocrx_word' id='word_1_103' title='bbox 508 695 544 722; x_wconf 93' lang='lat' dir='ltr'><strong>uti</strong></span> <span class='ocrx_word' id='word_1_104' title='bbox 558 699 693 729; x_wconf 84' lang='lat' dir='ltr'><strong>oportere,</strong></span> <span class='ocrx_word' id='word_1_105' title='bbox 704 695 808 722; x_wconf 88' lang='lat' dir='ltr'><strong>etiamsi</strong></span> <span class='ocrx_word' id='word_1_106' title='bbox 820 695 906 729; x_wconf 92' lang='lat' dir='ltr'><strong>magni</strong></span> <span class='ocrx_word' id='word_1_107' title='bbox 917 695 1085 722; x_wconf 89' lang='lat' dir='ltr'><strong>concitentur</strong></span> 
     </span>
    </p>
   </div>
   <div class='ocr_carea' id='block_1_14' title="bbox 292 741 1083 776">
    <p class='ocr_par' dir='ltr' id='par_1_14' title="bbox 292 741 1083 776">
     <span class='ocr_line' id='line_1_14' title="bbox 292 741 1083 776; baseline 0.001 -8"><span class='ocrx_word' id='word_1_108' title='bbox 292 741 404 773; x_wconf 77' lang='lat' dir='ltr'><strong>fluctus,</strong></span> <span class='ocrx_word' id='word_1_109' title='bbox 421 742 561 776; x_wconf 91' lang='lat' dir='ltr'><strong>ipsumque</strong></span> <span class='ocrx_word' id='word_1_110' title='bbox 569 742 659 770; x_wconf 87' lang='lat' dir='ltr'><strong>omnia</strong></span> <span class='ocrx_word' id='word_1_111' title='bbox 675 742 776 769; x_wconf 87' lang='lat' dir='ltr'><strong>utiliter</strong></span> <span class='ocrx_word' id='word_1_112' title='bbox 786 742 954 776; x_wconf 82' lang='lat' dir='ltr'><strong>dispensare,</strong></span> <span class='ocrx_word' id='word_1_113' title='bbox 968 742 1083 776; x_wconf 92' lang='lat' dir='ltr'><strong>primum</strong></span> 
     </span>
    </p>
   </div>
   <div class='ocr_carea' id='block_1_15' title="bbox 292 786 1084 823">
    <p class='ocr_par' dir='ltr' id='par_1_15' title="bbox 292 786 1084 823">
     <span class='ocr_line' id='line_1_15' title="bbox 292 786 1084 823; baseline 0 -9"><span class='ocrx_word' id='word_1_114' title='bbox 292 787 365 820; x_wconf 65' lang='lat' dir='ltr'><strong>ipsos</strong></span> <span class='ocrx_word' id='word_1_115' title='bbox 377 788 506 823; x_wconf 87' lang='lat' dir='ltr'><strong>increpat.</strong></span> <span class='ocrx_word' id='word_1_116' title='bbox 521 787 588 815; x_wconf 87' lang='lat' dir='ltr'><strong>Nam</strong></span> <span class='ocrx_word' id='word_1_117' title='bbox 600 788 670 822; x_wconf 88' lang='lat' dir='ltr'><strong>quod</strong></span> <span class='ocrx_word' id='word_1_118' title='bbox 686 787 784 815; x_wconf 92' lang='lat' dir='ltr'><strong>turbati</strong></span> <span class='ocrx_word' id='word_1_119' title='bbox 797 787 906 820; x_wconf 89' lang='lat' dir='ltr'><strong>fuerint,</strong></span> <span class='ocrx_word' id='word_1_120' title='bbox 918 786 944 814; x_wconf 93' lang='lat' dir='ltr'><strong>id</strong></span> <span class='ocrx_word' id='word_1_121' title='bbox 958 787 1009 815; x_wconf 89' lang='lat' dir='ltr'><strong>illis</strong></span> <span class='ocrx_word' id='word_1_122' title='bbox 1020 787 1084 815; x_wconf 87' lang='lat' dir='ltr'><strong>utile</strong></span> 
     </span>
    </p>
   </div>
   <div class='ocr_carea' id='block_1_16' title="bbox 292 833 1082 868">
    <p class='ocr_par' dir='ltr' id='par_1_16' title="bbox 292 833 1082 868">
     <span class='ocr_line' id='line_1_16' title="bbox 292 833 1082 868; baseline -0.001 -7"><span class='ocrx_word' id='word_1_123' title='bbox 292 834 353 867; x_wconf 76' lang='lat' dir='ltr'><strong>fuit,</strong></span> <span class='ocrx_word' id='word_1_124' title='bbox 365 839 395 861; x_wconf 93' lang='lat' dir='ltr'><strong>ut</strong></span> <span class='ocrx_word' id='word_1_125' title='bbox 409 835 494 868; x_wconf 83' lang='lat' dir='ltr'><strong>majus</strong></span> <span class='ocrx_word' id='word_1_126' title='bbox 507 842 568 862; x_wconf 89' lang='lat' dir='ltr'><strong>esse</strong></span> <span class='ocrx_word' id='word_1_127' title='bbox 579 834 738 861; x_wconf 86' lang='lat' dir='ltr'><strong>miraculum</strong></span> <span class='ocrx_word' id='word_1_128' title='bbox 752 833 899 865; x_wconf 84' lang='lat' dir='ltr'><strong>videretur,</strong></span> <span class='ocrx_word' id='word_1_129' title='bbox 915 839 942 861; x_wconf 91' lang='lat' dir='ltr'><strong>et</strong></span> <span class='ocrx_word' id='word_1_130' title='bbox 955 837 1082 868; x_wconf 89' lang='lat' dir='ltr'><strong>perpetua</strong></span> 
     </span>
    </p>
   </div>
   <div class='ocr_carea' id='block_1_17' title="bbox 290 879 1082 915">
    <p class='ocr_par' dir='ltr' id='par_1_17' title="bbox 290 879 1082 915">
     <span class='ocr_line' id='line_1_17' title="bbox 290 879 1082 915; baseline 0 -8"><span class='ocrx_word' id='word_1_131' title='bbox 290 886 444 908; x_wconf 87' lang='lat' dir='ltr'><strong>servaretur</strong></span> <span class='ocrx_word' id='word_1_132' title='bbox 456 881 493 908; x_wconf 90' lang='lat' dir='ltr'><strong>rei</strong></span> <span class='ocrx_word' id='word_1_133' title='bbox 509 881 647 908; x_wconf 84' lang='lat' dir='ltr'><strong>memoria.</strong></span> <span class='ocrx_word' id='word_1_134' title='bbox 662 879 774 914; x_wconf 81' lang='lat' dir='ltr'><strong>Quando</strong></span> <span class='ocrx_word' id='word_1_135' title='bbox 784 880 856 907; x_wconf 90' lang='lat' dir='ltr'><strong>cnim</strong></span> <span class='ocrx_word' id='word_1_136' title='bbox 869 879 1082 915; x_wconf 83' lang='lat' dir='ltr'><strong>inexspectatum</strong></span> 
     </span>
    </p>
   </div>
   <div class='ocr_carea' id='block_1_18' title="bbox 292 926 1083 961">
    <p class='ocr_par' dir='ltr' id='par_1_18' title="bbox 292 926 1083 961">
     <span class='ocr_line' id='line_1_18' title="bbox 292 926 1083 961; baseline 0 -9"><span class='ocrx_word' id='word_1_137' title='bbox 292 926 427 961; x_wconf 77' lang='lat' dir='ltr'><strong>quidpiam</strong></span> <span class='ocrx_word' id='word_1_138' title='bbox 442 926 561 953; x_wconf 88' lang='lat' dir='ltr'><strong>futurum</strong></span> <span class='ocrx_word' id='word_1_139' title='bbox 582 931 632 958; x_wconf 84' lang='lat' dir='ltr'><strong>est,</strong></span> <span class='ocrx_word' id='word_1_140' title='bbox 651 926 732 953; x_wconf 88' lang='lat' dir='ltr'><strong>multa</strong></span> <span class='ocrx_word' id='word_1_141' title='bbox 748 930 929 960; x_wconf 74' lang='lat' dir='ltr'><strong>pra-parantur</strong></span> <span class='ocrx_word' id='word_1_142' title='bbox 943 926 1083 953; x_wconf 69' lang='lat' dir='ltr'><strong>servanda:</strong></span> 
     </span>
    </p>
   </div>
   <div class='ocr_carea' id='block_1_19' title="bbox 290 971 1082 1006">
    <p class='ocr_par' dir='ltr' id='par_1_19' title="bbox 290 971 1082 1006">
     <span class='ocr_line' id='line_1_19' title="bbox 290 971 1082 1006; baseline 0.001 -8"><span class='ocrx_word' id='word_1_143' title='bbox 290 972 329 999; x_wconf 90' lang='lat' dir='ltr'><strong>rei</strong></span> <span class='ocrx_word' id='word_1_144' title='bbox 341 971 476 999; x_wconf 62' lang='lat' dir='ltr'><strong>memoria:</strong></span> <span class='ocrx_word' id='word_1_145' title='bbox 487 976 647 1006; x_wconf 87' lang='lat' dir='ltr'><strong>opportuna,</strong></span> <span class='ocrx_word' id='word_1_146' title='bbox 664 978 698 999; x_wconf 90' lang='lat' dir='ltr'><strong>ne</strong></span> <span class='ocrx_word' id='word_1_147' title='bbox 710 971 811 998; x_wconf 89' lang='lat' dir='ltr'><strong>editum</strong></span> <span class='ocrx_word' id='word_1_148' title='bbox 823 975 916 1006; x_wconf 86' lang='lat' dir='ltr'><strong>postea</strong></span> <span class='ocrx_word' id='word_1_149' title='bbox 923 971 1082 999; x_wconf 85' lang='lat' dir='ltr'><strong>miraculum</strong></span> 
     </span>
    </p>
   </div>
   <div class='ocr_carea' id='block_1_20' title="bbox 291 1017 1082 1053">
    <p class='ocr_par' dir='ltr' id='par_1_20' title="bbox 291 1017 1082 1053">
     <span class='ocr_line' id='line_1_20' title="bbox 291 1017 1082 1053; baseline 0.003 -9"><span class='ocrx_word' id='word_1_150' title='bbox 291 1017 317 1044; x_wconf 90' lang='lat' dir='ltr'><strong>in</strong></span> <span class='ocrx_word' id='word_1_151' title='bbox 332 1017 492 1045; x_wconf 82' lang='lat' dir='ltr'><strong>oblivionem</strong></span> <span class='ocrx_word' id='word_1_152' title='bbox 508 1017 607 1045; x_wconf 87' lang='lat' dir='ltr'><strong>veniat.</strong></span> <span class='ocrx_word' id='word_1_153' title='bbox 633 1017 678 1045; x_wconf 88' lang='lat' dir='ltr'><strong>Sic</strong></span> <span class='ocrx_word' id='word_1_154' title='bbox 699 1017 805 1053; x_wconf 86' lang='lat' dir='ltr'><strong>Moyses</strong></span> <span class='ocrx_word' id='word_1_155' title='bbox 821 1022 974 1052; x_wconf 84' lang='lat' dir='ltr'><strong>serpentem</strong></span> <span class='ocrx_word' id='word_1_156' title='bbox 996 1018 1082 1053; x_wconf 91' lang='lat' dir='ltr'><strong>primo</strong></span> 
     </span>
    </p>
   </div>
   <div class='ocr_carea' id='block_1_21' title="bbox 289 1062 1082 1099">
    <p class='ocr_par' dir='ltr' id='par_1_21' title="bbox 289 1062 1082 1099">
     <span class='ocr_line' id='line_1_21' title="bbox 289 1062 1082 1099; baseline 0.003 -9"><span class='ocrx_word' id='word_1_157' title='bbox 289 1062 458 1095; x_wconf 75' lang='lat' dir='ltr'><strong>formidavit,</strong></span> <span class='ocrx_word' id='word_1_158' title='bbox 483 1070 532 1090; x_wconf 89' lang='lat' dir='ltr'><strong>nec</strong></span> <span class='ocrx_word' id='word_1_159' title='bbox 550 1063 630 1090; x_wconf 88' lang='lat' dir='ltr'><strong>modo</strong></span> <span class='ocrx_word' id='word_1_160' title='bbox 646 1062 810 1096; x_wconf 80' lang='lat' dir='ltr'><strong>formidavit,</strong></span> <span class='ocrx_word' id='word_1_161' title='bbox 838 1063 886 1091; x_wconf 90' lang='lat' dir='ltr'><strong>sed</strong></span> <span class='ocrx_word' id='word_1_162' title='bbox 905 1071 965 1091; x_wconf 90' lang='lat' dir='ltr'><strong>cum</strong></span> <span class='ocrx_word' id='word_1_163' title='bbox 985 1072 1082 1099; x_wconf 77' lang='lat' dir='ltr'><strong>magno</strong></span> 
     </span>
    </p>
   </div>
   <div class='ocr_carea' id='block_1_22' title="bbox 287 1108 1081 1145">
    <p class='ocr_par' dir='ltr' id='par_1_22' title="bbox 287 1108 1081 1145">
     <span class='ocr_line' id='line_1_22' title="bbox 287 1108 1081 1145; baseline 0.003 -10"><span class='ocrx_word' id='word_1_164' title='bbox 287 1109 369 1136; x_wconf 88' lang='lat' dir='ltr'><strong>animi</strong></span> <span class='ocrx_word' id='word_1_165' title='bbox 393 1114 504 1141; x_wconf 85' lang='lat' dir='ltr'><strong>terrore,</strong></span> <span class='ocrx_word' id='word_1_166' title='bbox 529 1113 645 1144; x_wconf 87' lang='lat' dir='ltr'><strong>tuncque</strong></span> <span class='ocrx_word' id='word_1_167' title='bbox 658 1108 726 1136; x_wconf 87' lang='lat' dir='ltr'><strong>vidit</strong></span> <span class='ocrx_word' id='word_1_168' title='bbox 738 1108 896 1143; x_wconf 88' lang='lat' dir='ltr'><strong>stupendum</strong></span> <span class='ocrx_word' id='word_1_169' title='bbox 912 1109 976 1136; x_wconf 92' lang='lat' dir='ltr'><strong>illud</strong></span> <span class='ocrx_word' id='word_1_170' title='bbox 989 1109 1081 1145; x_wconf 89' lang='lat' dir='ltr'><strong>prodi-</strong></span> 
     </span>
    </p>
   </div>
   <div class='ocr_carea' id='block_1_23' title="bbox 285 1153 1081 1188">
    <p class='ocr_par' dir='ltr' id='par_1_23' title="bbox 285 1153 1081 1188">
     <span class='ocr_line' id='line_1_23' title="bbox 285 1153 1081 1188; baseline 0.003 -8"><span class='ocrx_word' id='word_1_171' title='bbox 285 1155 371 1188; x_wconf 78' lang='lat' dir='ltr'><strong>gium.</strong></span> <span class='ocrx_word' id='word_1_172' title='bbox 386 1154 423 1181; x_wconf 85' lang='lat' dir='ltr'><strong>lla</strong></span> <span class='ocrx_word' id='word_1_173' title='bbox 435 1158 461 1181; x_wconf 89' lang='lat' dir='ltr'><strong>et</strong></span> <span class='ocrx_word' id='word_1_174' title='bbox 473 1153 608 1188; x_wconf 86' lang='lat' dir='ltr'><strong>discipuli,</strong></span> <span class='ocrx_word' id='word_1_175' title='bbox 630 1161 690 1181; x_wconf 91' lang='lat' dir='ltr'><strong>cum</strong></span> <span class='ocrx_word' id='word_1_176' title='bbox 704 1154 760 1188; x_wconf 90' lang='lat' dir='ltr'><strong>jam</strong></span> <span class='ocrx_word' id='word_1_177' title='bbox 776 1153 811 1181; x_wconf 91' lang='lat' dir='ltr'><strong>de</strong></span> <span class='ocrx_word' id='word_1_178' title='bbox 824 1153 909 1181; x_wconf 87' lang='lat' dir='ltr'><strong>salute</strong></span> <span class='ocrx_word' id='word_1_179' title='bbox 930 1153 1015 1182; x_wconf 86' lang='lat' dir='ltr'><strong>ferme</strong></span> <span class='ocrx_word' id='word_1_180' title='bbox 1030 1154 1081 1182; x_wconf 89' lang='lat' dir='ltr'><strong>de-</strong></span> 
     </span>
    </p>
   </div>
   <div class='ocr_carea' id='block_1_24' title="bbox 287 1199 1079 1234">
    <p class='ocr_par' dir='ltr' id='par_1_24' title="bbox 287 1199 1079 1234">
     <span class='ocr_line' id='line_1_24' title="bbox 287 1199 1079 1234; baseline 0.003 -8"><span class='ocrx_word' id='word_1_181' title='bbox 287 1204 453 1233; x_wconf 79' lang='lat' dir='ltr'><strong>sperassent.</strong></span> <span class='ocrx_word' id='word_1_182' title='bbox 471 1204 534 1226; x_wconf 86' lang='lat' dir='ltr'><strong>tunc</strong></span> <span class='ocrx_word' id='word_1_183' title='bbox 550 1199 706 1231; x_wconf 80' lang='lat' dir='ltr'><strong>liberantur,</strong></span> <span class='ocrx_word' id='word_1_184' title='bbox 727 1203 756 1226; x_wconf 94' lang='lat' dir='ltr'><strong>ut</strong></span> <span class='ocrx_word' id='word_1_185' title='bbox 772 1199 919 1234; x_wconf 89' lang='lat' dir='ltr'><strong>periculum</strong></span> <span class='ocrx_word' id='word_1_186' title='bbox 938 1199 1054 1228; x_wconf 77' lang='lat' dir='ltr'><strong>confessi</strong></span> <span class='ocrx_word' id='word_1_187' title='bbox 1070 1219 1079 1233; x_wconf 88' lang='lat'><strong>,</strong></span> 
     </span>
    </p>
   </div>
   <div class='ocr_carea' id='block_1_25' title="bbox 287 1244 1078 1280">
    <p class='ocr_par' dir='ltr' id='par_1_25' title="bbox 287 1244 1078 1280">
     <span class='ocr_line' id='line_1_25' title="bbox 287 1244 1078 1280; baseline 0.001 -8"><span class='ocrx_word' id='word_1_188' title='bbox 287 1245 409 1272; x_wconf 81' lang='lat' dir='ltr'><strong>miraculi</strong></span> <span class='ocrx_word' id='word_1_189' title='bbox 425 1245 633 1280; x_wconf 76' lang='lat' dir='ltr'><strong>magnitudinem</strong></span> <span class='ocrx_word' id='word_1_190' title='bbox 653 1244 814 1272; x_wconf 84' lang='lat' dir='ltr'><strong>ediscerent.</strong></span> <span class='ocrx_word' id='word_1_191' title='bbox 830 1244 944 1280; x_wconf 89' lang='lat' dir='ltr'><strong>Ideoque</strong></span> <span class='ocrx_word' id='word_1_192' title='bbox 961 1244 1078 1273; x_wconf 88' lang='lat' dir='ltr'><strong>dormit:</strong></span> 
     </span>
    </p>
   </div>
   <div class='ocr_carea' id='block_1_26' title="bbox 290 1290 1079 1325">
    <p class='ocr_par' dir='ltr' id='par_1_26' title="bbox 290 1290 1079 1325">
     <span class='ocr_line' id='line_1_26' title="bbox 290 1290 1079 1325; baseline 0.003 -8"><span class='ocrx_word' id='word_1_193' title='bbox 290 1298 352 1317; x_wconf 84' lang='lat' dir='ltr'><strong>nam</strong></span> <span class='ocrx_word' id='word_1_194' title='bbox 365 1291 386 1317; x_wconf 92' lang='lat' dir='ltr'><strong>si</strong></span> <span class='ocrx_word' id='word_1_195' title='bbox 402 1290 528 1325; x_wconf 77' lang='lat' dir='ltr'><strong>vigilante</strong></span> <span class='ocrx_word' id='word_1_196' title='bbox 542 1290 587 1317; x_wconf 94' lang='lat' dir='ltr'><strong>illo</strong></span> <span class='ocrx_word' id='word_1_197' title='bbox 602 1290 627 1317; x_wconf 96' lang='lat' dir='ltr'><strong>id</strong></span> <span class='ocrx_word' id='word_1_198' title='bbox 641 1290 738 1318; x_wconf 85' lang='lat' dir='ltr'><strong>factum</strong></span> <span class='ocrx_word' id='word_1_199' title='bbox 760 1295 841 1323; x_wconf 83' lang='lat' dir='ltr'><strong>esset,</strong></span> <span class='ocrx_word' id='word_1_200' title='bbox 855 1291 896 1318; x_wconf 84' lang='lat' dir='ltr'><strong>vel</strong></span> <span class='ocrx_word' id='word_1_201' title='bbox 907 1299 960 1318; x_wconf 92' lang='lat' dir='ltr'><strong>non</strong></span> <span class='ocrx_word' id='word_1_202' title='bbox 975 1291 1079 1319; x_wconf 87' lang='lat' dir='ltr'><strong>timuis-</strong></span> 
     </span>
    </p>
   </div>
   <div class='ocr_carea' id='block_1_27' title="bbox 289 1336 1079 1371">
    <p class='ocr_par' dir='ltr' id='par_1_27' title="bbox 289 1336 1079 1371">
     <span class='ocr_line' id='line_1_27' title="bbox 289 1336 1079 1371; baseline 0.003 -9"><span class='ocrx_word' id='word_1_203' title='bbox 289 1340 360 1368; x_wconf 85' lang='lat' dir='ltr'><strong>sent,</strong></span> <span class='ocrx_word' id='word_1_204' title='bbox 374 1336 417 1362; x_wconf 89' lang='lat' dir='ltr'><strong>vel</strong></span> <span class='ocrx_word' id='word_1_205' title='bbox 437 1344 490 1362; x_wconf 89' lang='lat' dir='ltr'><strong>nou</strong></span> <span class='ocrx_word' id='word_1_206' title='bbox 503 1340 652 1371; x_wconf 82' lang='lat' dir='ltr'><strong>rogassent,</strong></span> <span class='ocrx_word' id='word_1_207' title='bbox 667 1336 707 1363; x_wconf 87' lang='lat' dir='ltr'><strong>vel</strong></span> <span class='ocrx_word' id='word_1_208' title='bbox 722 1343 775 1363; x_wconf 91' lang='lat' dir='ltr'><strong>non</strong></span> <span class='ocrx_word' id='word_1_209' title='bbox 792 1341 930 1371; x_wconf 89' lang='lat' dir='ltr'><strong>putassent</strong></span> <span class='ocrx_word' id='word_1_210' title='bbox 948 1343 1026 1371; x_wconf 90' lang='lat' dir='ltr'><strong>posse</strong></span> <span class='ocrx_word' id='word_1_211' title='bbox 1045 1336 1079 1364; x_wconf 88' lang='lat' dir='ltr'><strong>il-</strong></span> 
     </span>
    </p>
   </div>
   <div class='ocr_carea' id='block_1_28' title="bbox 287 1370 1079 1414">
    <p class='ocr_par' dir='ltr' id='par_1_28' title="bbox 287 1370 1079 1414">
     <span class='ocr_line' id='line_1_28' title="bbox 287 1370 1079 1414; baseline 0.003 -6"><span class='ocrx_word' id='word_1_212' title='bbox 287 1370 341 1408; x_wconf 79' lang='lat' dir='ltr'><strong>lum</strong></span> <span class='ocrx_word' id='word_1_213' title='bbox 357 1381 382 1408; x_wconf 93' lang='lat' dir='ltr'><strong>id</strong></span> <span class='ocrx_word' id='word_1_214' title='bbox 397 1381 514 1408; x_wconf 86' lang='lat' dir='ltr'><strong>efﬁcere.</strong></span> <span class='ocrx_word' id='word_1_215' title='bbox 539 1370 601 1409; x_wconf 82' lang='lat' dir='ltr'><strong>ideo</strong></span> <span class='ocrx_word' id='word_1_216' title='bbox 614 1381 722 1414; x_wconf 89' lang='lat' dir='ltr'><strong>dormit,</strong></span> <span class='ocrx_word' id='word_1_217' title='bbox 739 1386 767 1408; x_wconf 93' lang='lat' dir='ltr'><strong>ut</strong></span> <span class='ocrx_word' id='word_1_218' title='bbox 779 1370 824 1409; x_wconf 83' lang='lat' dir='ltr'><strong>det</strong></span> <span class='ocrx_word' id='word_1_219' title='bbox 837 1370 1079 1410; x_wconf 22' lang='lat' dir='ltr'><strong>timendiroccasio-</strong></span> 
     </span>
    </p>
   </div>
   <div class='ocr_carea' id='block_1_29' title="bbox 286 1426 1076 1462">
    <p class='ocr_par' dir='ltr' id='par_1_29' title="bbox 286 1426 1076 1462">
     <span class='ocr_line' id='line_1_29' title="bbox 286 1426 1076 1462; baseline 0.001 -9"><span class='ocrx_word' id='word_1_220' title='bbox 286 1434 359 1458; x_wconf 78' lang='grc' dir='ltr'><strong>ιιι-ιιι,</strong></span> <span class='ocrx_word' id='word_1_221' title='bbox 374 1431 401 1453; x_wconf 89' lang='lat' dir='ltr'><strong>et</strong></span> <span class='ocrx_word' id='word_1_222' title='bbox 416 1426 572 1454; x_wconf 74' lang='lat' dir='ltr'><strong>validiorem</strong></span> <span class='ocrx_word' id='word_1_223' title='bbox 585 1427 648 1461; x_wconf 86' lang='lat' dir='ltr'><strong>ipsis</strong></span> <span class='ocrx_word' id='word_1_224' title='bbox 664 1427 835 1462; x_wconf 60' lang='lat' dir='ltr'><strong>praesentium</strong></span> <span class='ocrx_word' id='word_1_225' title='bbox 845 1435 955 1455; x_wconf 89' lang='lat' dir='ltr'><strong>sensum</strong></span> <span class='ocrx_word' id='word_1_226' title='bbox 968 1427 1076 1455; x_wconf 89' lang='lat' dir='ltr'><strong>efﬁciat.</strong></span> 
     </span>
    </p>
   </div>
   <div class='ocr_carea' id='block_1_30' title="bbox 284 1471 1078 1508">
    <p class='ocr_par' dir='ltr' id='par_1_30' title="bbox 284 1471 1078 1508">
     <span class='ocr_line' id='line_1_30' title="bbox 284 1471 1078 1508; baseline 0.004 -10"><span class='ocrx_word' id='word_1_227' title='bbox 284 1471 376 1506; x_wconf 84' lang='lat' dir='ltr'><strong>Neque</strong></span> <span class='ocrx_word' id='word_1_228' title='bbox 403 1472 473 1498; x_wconf 84' lang='lat' dir='ltr'><strong>cuitu</strong></span> <span class='ocrx_word' id='word_1_229' title='bbox 499 1472 559 1507; x_wconf 89' lang='lat' dir='ltr'><strong>quis</strong></span> <span class='ocrx_word' id='word_1_230' title='bbox 581 1472 691 1506; x_wconf 88' lang='lat' dir='ltr'><strong>perinde</strong></span> <span class='ocrx_word' id='word_1_231' title='bbox 708 1471 781 1500; x_wconf 88' lang='lat' dir='ltr'><strong>videt</strong></span> <span class='ocrx_word' id='word_1_232' title='bbox 800 1480 831 1500; x_wconf 89' lang='lat' dir='ltr'><strong>ea</strong></span> <span class='ocrx_word' id='word_1_233' title='bbox 852 1480 912 1508; x_wconf 62' lang='lat' dir='ltr'><strong>qua:</strong></span> <span class='ocrx_word' id='word_1_234' title='bbox 936 1473 962 1500; x_wconf 89' lang='lat' dir='ltr'><strong>in</strong></span> <span class='ocrx_word' id='word_1_235' title='bbox 982 1473 1078 1501; x_wconf 90' lang='lat' dir='ltr'><strong>alienis</strong></span> 
     </span>
    </p>
   </div>
   <div class='ocr_carea' id='block_1_31' title="bbox 284 1517 1077 1553">
    <p class='ocr_par' dir='ltr' id='par_1_31' title="bbox 284 1517 1077 1553">
     <span class='ocr_line' id='line_1_31' title="bbox 284 1517 1077 1553; baseline 0.003 -9"><span class='ocrx_word' id='word_1_236' title='bbox 284 1517 441 1552; x_wconf 86' lang='lat' dir='ltr'><strong>corporibus</strong></span> <span class='ocrx_word' id='word_1_237' title='bbox 456 1517 532 1550; x_wconf 90' lang='lat' dir='ltr'><strong>ﬁunt,</strong></span> <span class='ocrx_word' id='word_1_238' title='bbox 547 1522 626 1553; x_wconf 86' lang='lat' dir='ltr'><strong>atque</strong></span> <span class='ocrx_word' id='word_1_239' title='bbox 640 1525 670 1545; x_wconf 91' lang='lat' dir='ltr'><strong>ea</strong></span> <span class='ocrx_word' id='word_1_240' title='bbox 691 1526 750 1553; x_wconf 64' lang='lat' dir='ltr'><strong>qua:</strong></span> <span class='ocrx_word' id='word_1_241' title='bbox 772 1518 799 1545; x_wconf 92' lang='lat' dir='ltr'><strong>in</strong></span> <span class='ocrx_word' id='word_1_242' title='bbox 814 1525 927 1553; x_wconf 86' lang='lat' dir='ltr'><strong>corpore</strong></span> <span class='ocrx_word' id='word_1_243' title='bbox 939 1526 998 1546; x_wconf 85' lang='lat' dir='ltr'><strong>suo.</strong></span> <span class='ocrx_word' id='word_1_244' title='bbox 1009 1519 1077 1553; x_wconf 86' lang='lat' dir='ltr'><strong>Quia</strong></span> 
     </span>
    </p>
   </div>
   <div class='ocr_carea' id='block_1_32' title="bbox 284 1563 1077 1599">
    <p class='ocr_par' dir='ltr' id='par_1_32' title="bbox 284 1563 1077 1599">
     <span class='ocr_line' id='line_1_32' title="bbox 284 1563 1077 1599; baseline 0.004 -9"><span class='ocrx_word' id='word_1_245' title='bbox 284 1563 365 1597; x_wconf 83' lang='lat' dir='ltr'><strong>igitur</strong></span> <span class='ocrx_word' id='word_1_246' title='bbox 388 1570 483 1591; x_wconf 89' lang='lat' dir='ltr'><strong>omnes</strong></span> <span class='ocrx_word' id='word_1_247' title='bbox 503 1563 628 1591; x_wconf 86' lang='lat' dir='ltr'><strong>videbant</strong></span> <span class='ocrx_word' id='word_1_248' title='bbox 648 1564 778 1595; x_wconf 86' lang='lat' dir='ltr'><strong>beneﬁcio</strong></span> <span class='ocrx_word' id='word_1_249' title='bbox 804 1564 914 1592; x_wconf 79' lang='lat' dir='ltr'><strong>affectos</strong></span> <span class='ocrx_word' id='word_1_250' title='bbox 939 1564 1031 1599; x_wconf 87' lang='lat' dir='ltr'><strong>fuisse,</strong></span> <span class='ocrx_word' id='word_1_251' title='bbox 1048 1573 1077 1594; x_wconf 88' lang='lat' dir='ltr'><strong>se</strong></span> 
     </span>
    </p>
   </div>
   <div class='ocr_carea' id='block_1_33' title="bbox 284 1608 1076 1646">
    <p class='ocr_par' dir='ltr' id='par_1_33' title="bbox 284 1608 1076 1646">
     <span class='ocr_line' id='line_1_33' title="bbox 284 1608 1076 1646; baseline 0.006 -12"><span class='ocrx_word' id='word_1_252' title='bbox 284 1616 348 1636; x_wconf 90' lang='lat' dir='ltr'><strong>vero</strong></span> <span class='ocrx_word' id='word_1_253' title='bbox 369 1608 436 1636; x_wconf 93' lang='lat' dir='ltr'><strong>nihil</strong></span> <span class='ocrx_word' id='word_1_254' title='bbox 458 1610 596 1644; x_wconf 80' lang='lat' dir='ltr'><strong>accepisse</strong></span> <span class='ocrx_word' id='word_1_255' title='bbox 620 1609 743 1637; x_wconf 89' lang='lat' dir='ltr'><strong>beneﬁcii</strong></span> <span class='ocrx_word' id='word_1_256' title='bbox 759 1630 767 1644; x_wconf 92' lang='lat'><strong>,</strong></span> <span class='ocrx_word' id='word_1_257' title='bbox 786 1610 864 1646; x_wconf 85' lang='lat' dir='ltr'><strong>quasi</strong></span> <span class='ocrx_word' id='word_1_258' title='bbox 878 1611 966 1646; x_wconf 87' lang='lat' dir='ltr'><strong>supini</strong></span> <span class='ocrx_word' id='word_1_259' title='bbox 981 1619 1076 1639; x_wconf 82' lang='lat' dir='ltr'><strong>tuane-</strong></span> 
     </span>
    </p>
   </div>
   <div class='ocr_carea' id='block_1_34' title="bbox 282 1655 1095 1693">
    <p class='ocr_par' dir='ltr' id='par_1_34' title="bbox 282 1655 1095 1693">
     <span class='ocr_line' id='line_1_34' title="bbox 282 1655 1095 1693; baseline 0.004 -11"><span class='ocrx_word' id='word_1_260' title='bbox 282 1656 365 1688; x_wconf 84' lang='lat' dir='ltr'><strong>bant;</strong></span> <span class='ocrx_word' id='word_1_261' title='bbox 378 1663 465 1691; x_wconf 87' lang='lat' dir='ltr'><strong>neque</strong></span> <span class='ocrx_word' id='word_1_262' title='bbox 477 1657 548 1683; x_wconf 89' lang='lat' dir='ltr'><strong>enim</strong></span> <span class='ocrx_word' id='word_1_263' title='bbox 563 1655 651 1684; x_wconf 82' lang='lat' dir='ltr'><strong>claudi</strong></span> <span class='ocrx_word' id='word_1_264' title='bbox 663 1661 749 1688; x_wconf 88' lang='lat' dir='ltr'><strong>erant,</strong></span> <span class='ocrx_word' id='word_1_265' title='bbox 758 1657 801 1684; x_wconf 89' lang='lat' dir='ltr'><strong>vel</strong></span> <span class='ocrx_word' id='word_1_266' title='bbox 815 1657 868 1684; x_wconf 88' lang='lat' dir='ltr'><strong>alio</strong></span> <span class='ocrx_word' id='word_1_267' title='bbox 882 1657 1076 1693; x_wconf 80' lang='lat' dir='ltr'><strong>aﬁ‘eclicorpo-</strong></span> <span class='ocrx_word' id='word_1_268' title='bbox 1091 1658 1095 1661; x_wconf 65' lang='lat'><em>‘</em></span> 
     </span>
    </p>
   </div>
   <div class='ocr_carea' id='block_1_35' title="bbox 282 1703 1075 1738">
    <p class='ocr_par' dir='ltr' id='par_1_35' title="bbox 282 1703 1075 1738">
     <span class='ocr_line' id='line_1_35' title="bbox 282 1703 1075 1738; baseline 0.004 -9"><span class='ocrx_word' id='word_1_269' title='bbox 282 1703 320 1730; x_wconf 91' lang='lat' dir='ltr'><strong>ris</strong></span> <span class='ocrx_word' id='word_1_270' title='bbox 333 1703 416 1730; x_wconf 88' lang='lat' dir='ltr'><strong>vitio:</strong></span> <span class='ocrx_word' id='word_1_271' title='bbox 431 1703 624 1738; x_wconf 81' lang='lat' dir='ltr'><strong>oportebatque</strong></span> <span class='ocrx_word' id='word_1_272' title='bbox 637 1708 725 1730; x_wconf 86' lang='lat' dir='ltr'><strong>tamen</strong></span> <span class='ocrx_word' id='word_1_273' title='bbox 740 1703 799 1731; x_wconf 83' lang='lat' dir='ltr'><strong>illos</strong></span> <span class='ocrx_word' id='word_1_274' title='bbox 810 1703 998 1732; x_wconf 88' lang='lat' dir='ltr'><strong>beneﬁciorum</strong></span> <span class='ocrx_word' id='word_1_275' title='bbox 1013 1712 1075 1732; x_wconf 87' lang='lat' dir='ltr'><strong>seu-</strong></span> 
     </span>
    </p>
   </div>
   <div class='ocr_carea' id='block_1_36' title="bbox 281 1748 1072 1783">
    <p class='ocr_par' dir='ltr' id='par_1_36' title="bbox 281 1748 1072 1783">
     <span class='ocr_line' id='line_1_36' title="bbox 281 1748 1072 1783; baseline 0.003 -8"><span class='ocrx_word' id='word_1_276' title='bbox 281 1755 314 1775; x_wconf 85' lang='lat' dir='ltr'><strong>su</strong></span> <span class='ocrx_word' id='word_1_277' title='bbox 329 1748 415 1781; x_wconf 88' lang='lat' dir='ltr'><strong>afﬁci;</strong></span> <span class='ocrx_word' id='word_1_278' title='bbox 428 1753 612 1783; x_wconf 82' lang='lat' dir='ltr'><strong>tempestatem</strong></span> <span class='ocrx_word' id='word_1_279' title='bbox 624 1749 689 1776; x_wconf 90' lang='lat' dir='ltr'><strong>oriri</strong></span> <span class='ocrx_word' id='word_1_280' title='bbox 704 1749 838 1782; x_wconf 88' lang='lat' dir='ltr'><strong>concedit,</strong></span> <span class='ocrx_word' id='word_1_281' title='bbox 854 1753 884 1777; x_wconf 94' lang='lat' dir='ltr'><strong>ut</strong></span> <span class='ocrx_word' id='word_1_282' title='bbox 897 1757 928 1776; x_wconf 91' lang='lat' dir='ltr'><strong>ea</strong></span> <span class='ocrx_word' id='word_1_283' title='bbox 944 1749 1048 1777; x_wconf 86' lang='lat' dir='ltr'><strong>liberati</strong></span> <span class='ocrx_word' id='word_1_284' title='bbox 1063 1770 1072 1783; x_wconf 92' lang='lat'><strong>,</strong></span> 
     </span>
    </p>
   </div>
   <div class='ocr_carea' id='block_1_37' title="bbox 280 1794 1073 1831">
    <p class='ocr_par' dir='ltr' id='par_1_37' title="bbox 280 1794 1073 1831">
     <span class='ocr_line' id='line_1_37' title="bbox 280 1794 1073 1831; baseline 0.003 -10"><span class='ocrx_word' id='word_1_285' title='bbox 280 1794 422 1822; x_wconf 88' lang='lat' dir='ltr'><strong>clariorem</strong></span> <span class='ocrx_word' id='word_1_286' title='bbox 440 1794 560 1821; x_wconf 86' lang='lat' dir='ltr'><strong>beneﬁcii</strong></span> <span class='ocrx_word' id='word_1_287' title='bbox 575 1802 683 1822; x_wconf 81' lang='lat' dir='ltr'><strong>sensum</strong></span> <span class='ocrx_word' id='word_1_288' title='bbox 697 1795 875 1830; x_wconf 89' lang='lat' dir='ltr'><strong>perciperent.</strong></span> <span class='ocrx_word' id='word_1_289' title='bbox 889 1794 1005 1831; x_wconf 86' lang='lat' dir='ltr'><strong>Ideoque</strong></span> <span class='ocrx_word' id='word_1_290' title='bbox 1019 1803 1073 1824; x_wconf 92' lang='lat' dir='ltr'><strong>non</strong></span> 
     </span>
    </p>
   </div>
   <div class='ocr_carea' id='block_1_38' title="bbox 281 1839 1074 1874">
    <p class='ocr_par' dir='ltr' id='par_1_38' title="bbox 281 1839 1074 1874">
     <span class='ocr_line' id='line_1_38' title="bbox 281 1839 1074 1874; baseline 0.005 -9"><span class='ocrx_word' id='word_1_291' title='bbox 281 1839 457 1874; x_wconf 64' lang='lat' dir='ltr'><strong>praesentibus</strong></span> <span class='ocrx_word' id='word_1_292' title='bbox 472 1839 558 1866; x_wconf 89' lang='lat' dir='ltr'><strong>turbis</strong></span> <span class='ocrx_word' id='word_1_293' title='bbox 573 1839 598 1866; x_wconf 91' lang='lat' dir='ltr'><strong>id</strong></span> <span class='ocrx_word' id='word_1_294' title='bbox 615 1840 688 1874; x_wconf 84' lang='lat' dir='ltr'><strong>agit,</strong></span> <span class='ocrx_word' id='word_1_295' title='bbox 706 1847 740 1867; x_wconf 93' lang='lat' dir='ltr'><strong>ne</strong></span> <span class='ocrx_word' id='word_1_296' title='bbox 754 1845 782 1867; x_wconf 94' lang='lat' dir='ltr'><strong>ut</strong></span> <span class='ocrx_word' id='word_1_297' title='bbox 795 1840 907 1867; x_wconf 78' lang='lat' dir='ltr'><strong>modica:</strong></span> <span class='ocrx_word' id='word_1_298' title='bbox 918 1840 978 1868; x_wconf 87' lang='lat' dir='ltr'><strong>ﬁdei</strong></span> <span class='ocrx_word' id='word_1_299' title='bbox 1000 1841 1074 1869; x_wconf 87' lang='lat' dir='ltr'><strong>dam-</strong></span> 
     </span>
    </p>
   </div>
   <div class='ocr_carea' id='block_1_39' title="bbox 281 1884 1072 1922">
    <p class='ocr_par' dir='ltr' id='par_1_39' title="bbox 281 1884 1072 1922">
     <span class='ocr_line' id='line_1_39' title="bbox 281 1884 1072 1922; baseline 0.003 -10"><span class='ocrx_word' id='word_1_300' title='bbox 281 1890 428 1917; x_wconf 90' lang='lat' dir='ltr'><strong>narentur;</strong></span> <span class='ocrx_word' id='word_1_301' title='bbox 451 1884 499 1912; x_wconf 89' lang='lat' dir='ltr'><strong>sed</strong></span> <span class='ocrx_word' id='word_1_302' title='bbox 522 1885 595 1912; x_wconf 91' lang='lat' dir='ltr'><strong>solos</strong></span> <span class='ocrx_word' id='word_1_303' title='bbox 608 1885 744 1919; x_wconf 85' lang='lat' dir='ltr'><strong>emendat,</strong></span> <span class='ocrx_word' id='word_1_304' title='bbox 764 1890 791 1913; x_wconf 88' lang='lat' dir='ltr'><strong>et</strong></span> <span class='ocrx_word' id='word_1_305' title='bbox 816 1886 979 1921; x_wconf 88' lang='lat' dir='ltr'><strong>increpando</strong></span> <span class='ocrx_word' id='word_1_306' title='bbox 997 1887 1072 1922; x_wconf 85' lang='lat' dir='ltr'><strong>prius</strong></span> 
     </span>
    </p>
   </div>
   <div class='ocr_carea' id='block_1_40' title="bbox 280 1931 1070 1966">
    <p class='ocr_par' dir='ltr' id='par_1_40' title="bbox 280 1931 1070 1966">
     <span class='ocr_line' id='line_1_40' title="bbox 280 1931 1070 1966; baseline 0.003 -8"><span class='ocrx_word' id='word_1_307' title='bbox 280 1931 379 1958; x_wconf 85' lang='lat' dir='ltr'><strong>mentis</strong></span> <span class='ocrx_word' id='word_1_308' title='bbox 393 1931 511 1965; x_wconf 88' lang='lat' dir='ltr'><strong>ipsorum</strong></span> <span class='ocrx_word' id='word_1_309' title='bbox 524 1938 603 1965; x_wconf 87' lang='lat' dir='ltr'><strong>quam</strong></span> <span class='ocrx_word' id='word_1_310' title='bbox 619 1938 748 1966; x_wconf 89' lang='lat' dir='ltr'><strong>aquarum</strong></span> <span class='ocrx_word' id='word_1_311' title='bbox 762 1934 947 1966; x_wconf 83' lang='lat' dir='ltr'><strong>tempestatem</strong></span> <span class='ocrx_word' id='word_1_312' title='bbox 973 1932 1070 1966; x_wconf 88' lang='lat' dir='ltr'><strong>sedat,</strong></span> 
     </span>
    </p>
   </div>
   <div class='ocr_carea' id='block_1_41' title="bbox 279 1976 1072 2011">
    <p class='ocr_par' dir='ltr' id='par_1_41' title="bbox 279 1976 1072 2011">
     <span class='ocr_line' id='line_1_41' title="bbox 279 1976 1072 2011; baseline 0.004 -8"><span class='ocrx_word' id='word_1_313' title='bbox 279 1977 397 2004; x_wconf 76' lang='lat' dir='ltr'><strong>dicens:</strong></span> <span class='ocrx_word' id='word_1_314' title='bbox 411 1976 457 2004; x_wconf 76' lang='lat'><strong>26.</strong></span> <span class='ocrx_word' id='word_1_315' title='bbox 472 1977 540 2010; x_wconf 83' lang='lat' dir='ltr'><strong>Quid</strong></span> <span class='ocrx_word' id='word_1_316' title='bbox 563 1977 645 2003; x_wconf 85' lang='lat' dir='ltr'><strong>timidi</strong></span> <span class='ocrx_word' id='word_1_317' title='bbox 661 1977 730 2009; x_wconf 73' lang='lat' dir='ltr'><strong>estis,</strong></span> <span class='ocrx_word' id='word_1_318' title='bbox 747 1977 853 2004; x_wconf 77' lang='lat' dir='ltr'><strong>modica:</strong></span> <span class='ocrx_word' id='word_1_319' title='bbox 873 1978 957 2011; x_wconf 81' lang='lat' dir='ltr'><strong>fidei?</strong></span> <span class='ocrx_word' id='word_1_320' title='bbox 978 1979 1072 2006; x_wconf 89' lang='lat' dir='ltr'><strong>simul-</strong></span> 
     </span>
    </p>
   </div>
   <div class='ocr_carea' id='block_1_42' title="bbox 279 2022 1069 2059">
    <p class='ocr_par' dir='ltr' id='par_1_42' title="bbox 279 2022 1069 2059">
     <span class='ocr_line' id='line_1_42' title="bbox 279 2022 1069 2059; baseline 0.005 -10"><span class='ocrx_word' id='word_1_321' title='bbox 279 2031 330 2057; x_wconf 82' lang='lat' dir='ltr'><strong>quc</strong></span> <span class='ocrx_word' id='word_1_322' title='bbox 347 2022 435 2056; x_wconf 87' lang='lat' dir='ltr'><strong>docet,</strong></span> <span class='ocrx_word' id='word_1_323' title='bbox 458 2023 580 2049; x_wconf 88' lang='lat' dir='ltr'><strong>timorem</strong></span> <span class='ocrx_word' id='word_1_324' title='bbox 599 2030 652 2050; x_wconf 91' lang='lat' dir='ltr'><strong>non</strong></span> <span class='ocrx_word' id='word_1_325' title='bbox 665 2023 699 2050; x_wconf 86' lang='lat' dir='ltr'><strong>ab</strong></span> <span class='ocrx_word' id='word_1_326' title='bbox 712 2023 840 2051; x_wconf 86' lang='lat' dir='ltr'><strong>immissis</strong></span> <span class='ocrx_word' id='word_1_327' title='bbox 856 2025 1046 2053; x_wconf 87' lang='lat' dir='ltr'><strong>lcntationibus</strong></span> <span class='ocrx_word' id='word_1_328' title='bbox 1061 2046 1069 2059; x_wconf 97' lang='lat'><strong>,</strong></span> 
     </span>
    </p>
   </div>
   <div class='ocr_carea' id='block_1_43' title="bbox 278 2068 1068 2105">
    <p class='ocr_par' dir='ltr' id='par_1_43' title="bbox 278 2068 1068 2105">
     <span class='ocr_line' id='line_1_43' title="bbox 278 2068 1068 2105; baseline 0.004 -10"><span class='ocrx_word' id='word_1_329' title='bbox 278 2069 324 2096; x_wconf 80' lang='lat' dir='ltr'><strong>sed</strong></span> <span class='ocrx_word' id='word_1_330' title='bbox 338 2069 372 2096; x_wconf 87' lang='lat' dir='ltr'><strong>ab</strong></span> <span class='ocrx_word' id='word_1_331' title='bbox 385 2069 466 2095; x_wconf 93' lang='lat' dir='ltr'><strong>animi</strong></span> <span class='ocrx_word' id='word_1_332' title='bbox 482 2068 636 2096; x_wconf 86' lang='lat' dir='ltr'><strong>inﬁrmitate</strong></span> <span class='ocrx_word' id='word_1_333' title='bbox 661 2070 736 2096; x_wconf 87' lang='lat' dir='ltr'><strong>oriri.</strong></span> <span class='ocrx_word' id='word_1_334' title='bbox 747 2069 825 2103; x_wconf 86' lang='lat' dir='ltr'><strong>Quod</strong></span> <span class='ocrx_word' id='word_1_335' title='bbox 839 2070 862 2097; x_wconf 86' lang='lat' dir='ltr'><strong>si</strong></span> <span class='ocrx_word' id='word_1_336' title='bbox 876 2071 936 2105; x_wconf 87' lang='lat' dir='ltr'><strong>quis</strong></span> <span class='ocrx_word' id='word_1_337' title='bbox 950 2070 1068 2105; x_wconf 81' lang='lat' dir='ltr'><strong>dixerit,</strong></span> 
     </span>
    </p>
   </div>
   <div class='ocr_carea' id='block_1_44' title="bbox 281 2115 1069 2152">
    <p class='ocr_par' dir='ltr' id='par_1_44' title="bbox 281 2115 1069 2152">
     <span class='ocr_line' id='line_1_44' title="bbox 281 2115 1069 2152; baseline 0.004 -11"><span class='ocrx_word' id='word_1_338' title='bbox 281 2123 336 2142; x_wconf 79' lang='lat' dir='ltr'><strong>non</strong></span> <span class='ocrx_word' id='word_1_339' title='bbox 347 2123 381 2142; x_wconf 85' lang='lat' dir='ltr'><strong>ex</strong></span> <span class='ocrx_word' id='word_1_340' title='bbox 406 2115 501 2142; x_wconf 89' lang='lat' dir='ltr'><strong>timore</strong></span> <span class='ocrx_word' id='word_1_341' title='bbox 516 2115 557 2142; x_wconf 86' lang='lat' dir='ltr'><strong>vel</strong></span> <span class='ocrx_word' id='word_1_342' title='bbox 575 2122 607 2142; x_wconf 86' lang='lat' dir='ltr'><strong>ex</strong></span> <span class='ocrx_word' id='word_1_343' title='bbox 629 2115 733 2142; x_wconf 88' lang='lat' dir='ltr'><strong>modica</strong></span> <span class='ocrx_word' id='word_1_344' title='bbox 751 2115 802 2142; x_wconf 90' lang='lat' dir='ltr'><strong>ﬁde</strong></span> <span class='ocrx_word' id='word_1_345' title='bbox 821 2120 907 2143; x_wconf 90' lang='lat' dir='ltr'><strong>motos</strong></span> <span class='ocrx_word' id='word_1_346' title='bbox 925 2116 1069 2152; x_wconf 85' lang='lat' dir='ltr'><strong>discipulos</strong></span> 
     </span>
    </p>
   </div>
   <div class='ocr_carea' id='block_1_45' title="bbox 280 2161 1068 2198">
    <p class='ocr_par' dir='ltr' id='par_1_45' title="bbox 280 2161 1068 2198">
     <span class='ocr_line' id='line_1_45' title="bbox 280 2161 1068 2198; baseline 0.004 -11"><span class='ocrx_word' id='word_1_347' title='bbox 280 2161 352 2187; x_wconf 90' lang='lat' dir='ltr'><strong>illmn</strong></span> <span class='ocrx_word' id='word_1_348' title='bbox 368 2162 500 2188; x_wconf 82' lang='lat' dir='ltr'><strong>excitasse</strong></span> <span class='ocrx_word' id='word_1_349' title='bbox 518 2169 525 2188; x_wconf 92' lang='lat'>:</span> <span class='ocrx_word' id='word_1_350' title='bbox 543 2161 711 2195; x_wconf 84' lang='lat' dir='ltr'><strong>respondebo</strong></span> <span class='ocrx_word' id='word_1_351' title='bbox 733 2161 797 2188; x_wconf 90' lang='lat' dir='ltr'><strong>illud</strong></span> <span class='ocrx_word' id='word_1_352' title='bbox 820 2162 938 2190; x_wconf 82' lang='lat' dir='ltr'><strong>maxime</strong></span> <span class='ocrx_word' id='word_1_353' title='bbox 962 2163 1068 2198; x_wconf 81' lang='lat' dir='ltr'><strong>signum</strong></span> 
     </span>
    </p>
   </div>
   <div class='ocr_carea' id='block_1_46' title="bbox 275 2207 1069 2242">
    <p class='ocr_par' dir='ltr' id='par_1_46' title="bbox 275 2207 1069 2242">
     <span class='ocr_line' id='line_1_46' title="bbox 275 2207 1069 2242; baseline 0.004 -9"><span class='ocrx_word' id='word_1_354' title='bbox 275 2214 351 2239; x_wconf 78' lang='lat' dir='ltr'><strong>esse,</strong></span> <span class='ocrx_word' id='word_1_355' title='bbox 364 2214 412 2234; x_wconf 89' lang='lat' dir='ltr'><strong>eos</strong></span> <span class='ocrx_word' id='word_1_356' title='bbox 421 2215 475 2234; x_wconf 92' lang='lat' dir='ltr'><strong>non</strong></span> <span class='ocrx_word' id='word_1_357' title='bbox 489 2211 681 2242; x_wconf 79' lang='lat' dir='ltr'><strong>congruentem</strong></span> <span class='ocrx_word' id='word_1_358' title='bbox 695 2207 729 2235; x_wconf 88' lang='lat' dir='ltr'><strong>de</strong></span> <span class='ocrx_word' id='word_1_359' title='bbox 737 2208 782 2235; x_wconf 89' lang='lat' dir='ltr'><strong>illo</strong></span> <span class='ocrx_word' id='word_1_360' title='bbox 794 2208 946 2242; x_wconf 89' lang='lat' dir='ltr'><strong>opinionem</strong></span> <span class='ocrx_word' id='word_1_361' title='bbox 962 2209 1069 2237; x_wconf 87' lang='lat' dir='ltr'><strong>habuis-</strong></span> 
     </span>
    </p>
   </div>
   <div class='ocr_carea' id='block_1_47' title="bbox 277 2253 1068 2291">
    <p class='ocr_par' dir='ltr' id='par_1_47' title="bbox 277 2253 1068 2291">
     <span class='ocr_line' id='line_1_47' title="bbox 277 2253 1068 2291; baseline 0.005 -11"><span class='ocrx_word' id='word_1_362' title='bbox 277 2261 317 2280; x_wconf 87' lang='lat' dir='ltr'><strong>se.</strong></span> <span class='ocrx_word' id='word_1_363' title='bbox 333 2253 461 2281; x_wconf 82' lang='lat' dir='ltr'><strong>Sciebant</strong></span> <span class='ocrx_word' id='word_1_364' title='bbox 473 2254 583 2288; x_wconf 86' lang='lat' dir='ltr'><strong>quidem</strong></span> <span class='ocrx_word' id='word_1_365' title='bbox 601 2253 688 2288; x_wconf 92' lang='lat' dir='ltr'><strong>ipsum</strong></span> <span class='ocrx_word' id='word_1_366' title='bbox 699 2254 915 2289; x_wconf 87' lang='lat' dir='ltr'><strong>expergefactum</strong></span> <span class='ocrx_word' id='word_1_367' title='bbox 928 2256 1068 2291; x_wconf 88' lang='lat' dir='ltr'><strong>increpare</strong></span> 
     </span>
    </p>
   </div>
   <div class='ocr_carea' id='block_1_48' title="bbox 276 2299 1067 2337">
    <p class='ocr_par' dir='ltr' id='par_1_48' title="bbox 276 2299 1067 2337">
     <span class='ocr_line' id='line_1_48' title="bbox 276 2299 1067 2337; baseline 0.005 -12"><span class='ocrx_word' id='word_1_368' title='bbox 276 2306 375 2334; x_wconf 86' lang='lat' dir='ltr'><strong>posse;</strong></span> <span class='ocrx_word' id='word_1_369' title='bbox 389 2299 569 2326; x_wconf 89' lang='lat' dir='ltr'><strong>dormientem</strong></span> <span class='ocrx_word' id='word_1_370' title='bbox 587 2307 653 2327; x_wconf 91' lang='lat' dir='ltr'><strong>vero</strong></span> <span class='ocrx_word' id='word_1_371' title='bbox 665 2300 783 2327; x_wconf 91' lang='lat' dir='ltr'><strong>nondum</strong></span> <span class='ocrx_word' id='word_1_372' title='bbox 799 2301 936 2335; x_wconf 88' lang='lat' dir='ltr'><strong>putabant.</strong></span> <span class='ocrx_word' id='word_1_373' title='bbox 953 2302 986 2329; x_wconf 88' lang='lat' dir='ltr'><strong>Et</strong></span> <span class='ocrx_word' id='word_1_374' title='bbox 1004 2302 1067 2337; x_wconf 85' lang='lat' dir='ltr'><strong>quid</strong></span> 
     </span>
    </p>
   </div>
   <div class='ocr_carea' id='block_1_49' title="bbox 276 2345 1066 2382">
    <p class='ocr_par' dir='ltr' id='par_1_49' title="bbox 276 2345 1066 2382">
     <span class='ocr_line' id='line_1_49' title="bbox 276 2345 1066 2382; baseline 0.005 -10"><span class='ocrx_word' id='word_1_375' title='bbox 276 2346 383 2372; x_wconf 85' lang='lat' dir='ltr'><strong>miraris</strong></span> <span class='ocrx_word' id='word_1_376' title='bbox 406 2345 427 2372; x_wconf 82' lang='lat' dir='ltr'><strong>si</strong></span> <span class='ocrx_word' id='word_1_377' title='bbox 445 2353 514 2373; x_wconf 89' lang='lat' dir='ltr'><strong>nunc</strong></span> <span class='ocrx_word' id='word_1_378' title='bbox 531 2347 653 2379; x_wconf 87' lang='lat' dir='ltr'><strong>timeant,</strong></span> <span class='ocrx_word' id='word_1_379' title='bbox 670 2347 779 2382; x_wconf 89' lang='lat' dir='ltr'><strong>quando</strong></span> <span class='ocrx_word' id='word_1_380' title='bbox 795 2352 856 2382; x_wconf 90' lang='lat' dir='ltr'><strong>post</strong></span> <span class='ocrx_word' id='word_1_381' title='bbox 878 2349 963 2375; x_wconf 88' lang='lat' dir='ltr'><strong>multa</strong></span> <span class='ocrx_word' id='word_1_382' title='bbox 986 2349 1066 2376; x_wconf 89' lang='lat' dir='ltr'><strong>etiam</strong></span> 
     </span>
    </p>
   </div>
   <div class='ocr_carea' id='block_1_50' title="bbox 275 2391 1068 2429">
    <p class='ocr_par' dir='ltr' id='par_1_50' title="bbox 275 2391 1068 2429">
     <span class='ocr_line' id='line_1_50' title="bbox 275 2391 1068 2429; baseline 0.006 -12"><span class='ocrx_word' id='word_1_383' title='bbox 275 2392 326 2418; x_wconf 89' lang='lat' dir='ltr'><strong>alia</strong></span> <span class='ocrx_word' id='word_1_384' title='bbox 352 2391 480 2418; x_wconf 88' lang='lat' dir='ltr'><strong>miracula</strong></span> <span class='ocrx_word' id='word_1_385' title='bbox 509 2392 670 2419; x_wconf 87' lang='lat' dir='ltr'><strong>inﬁrmiores</strong></span> <span class='ocrx_word' id='word_1_386' title='bbox 691 2392 778 2420; x_wconf 90' lang='lat' dir='ltr'><strong>adhuc</strong></span> <span class='ocrx_word' id='word_1_387' title='bbox 792 2394 884 2421; x_wconf 87' lang='lat' dir='ltr'><strong>erant?</strong></span> <span class='ocrx_word' id='word_1_388' title='bbox 899 2394 1068 2429; x_wconf 84' lang='lat' dir='ltr'><strong>Quapropter</strong></span> 
     </span>
    </p>
   </div>
   <div class='ocr_carea' id='block_1_51' title="bbox 275 2437 1066 2473">
    <p class='ocr_par' dir='ltr' id='par_1_51' title="bbox 275 2437 1066 2473">
     <span class='ocr_line' id='line_1_51' title="bbox 275 2437 1066 2473; baseline 0.004 -9"><span class='ocrx_word' id='word_1_389' title='bbox 275 2445 348 2472; x_wconf 82' lang='lat' dir='ltr'><strong>s:rpc</strong></span> <span class='ocrx_word' id='word_1_390' title='bbox 375 2438 547 2473; x_wconf 87' lang='lat' dir='ltr'><strong>iucrepantur</strong></span> <span class='ocrx_word' id='word_1_391' title='bbox 561 2458 569 2470; x_wconf 94' lang='lat'><strong>,</strong></span> <span class='ocrx_word' id='word_1_392' title='bbox 589 2442 618 2465; x_wconf 85' lang='lat' dir='ltr'><strong>ut</strong></span> <span class='ocrx_word' id='word_1_393' title='bbox 636 2437 742 2473; x_wconf 88' lang='lat' dir='ltr'><strong>quando</strong></span> <span class='ocrx_word' id='word_1_394' title='bbox 763 2438 828 2465; x_wconf 91' lang='lat' dir='ltr'><strong>dicit</strong></span> <span class='ocrx_word' id='word_1_395' title='bbox 844 2439 954 2466; x_wconf 80' lang='lat' dir='ltr'><strong>:Adltuc</strong></span> <span class='ocrx_word' id='word_1_396' title='bbox 978 2444 1001 2466; x_wconf 80' lang='lat' dir='ltr'><strong>et</strong></span> <span class='ocrx_word' id='word_1_397' title='bbox 1023 2447 1066 2467; x_wconf 77' lang='lat' dir='ltr'><strong>vos</strong></span> 
     </span>
    </p>
   </div>
   <div class='ocr_carea' id='block_1_52' title="bbox 275 2483 1064 2520">
    <p class='ocr_par' dir='ltr' id='par_1_52' title="bbox 275 2483 1064 2520">
     <span class='ocr_line' id='line_1_52' title="bbox 275 2483 1064 2520; baseline 0.004 -10"><span class='ocrx_word' id='word_1_398' title='bbox 275 2484 421 2518; x_wconf 72' lang='lat' dir='ltr'><strong>insipientes</strong></span> <span class='ocrx_word' id='word_1_399' title='bbox 442 2484 501 2511; x_wconf 79' lang='lat' dir='ltr'><strong>estis</strong></span> <span class='ocrx_word' id='word_1_400' title='bbox 517 2483 622 2518; x_wconf 76' lang='lat' dir='ltr'><strong>(Matth.</strong></span> <span class='ocrx_word' id='word_1_401' title='bbox 639 2484 682 2512; x_wconf 82' lang='grc'><strong>15.</strong></span> <span class='ocrx_word' id='word_1_402' title='bbox 699 2484 817 2519; x_wconf 70' lang='grc' dir='ltr'><strong>16)⁴ὶΝθ</strong></span> <span class='ocrx_word' id='word_1_403' title='bbox 834 2485 921 2520; x_wconf 87' lang='lat' dir='ltr'><strong>itaque</strong></span> <span class='ocrx_word' id='word_1_404' title='bbox 943 2486 1064 2518; x_wconf 87' lang='lat' dir='ltr'><strong>mireris,</strong></span> 
     </span>
    </p>
   </div>
   <div class='ocr_carea' id='block_1_53' title="bbox 276 2529 1065 2564">
    <p class='ocr_par' dir='ltr' id='par_1_53' title="bbox 276 2529 1065 2564">
     <span class='ocr_line' id='line_1_53' title="bbox 276 2529 1065 2564; baseline 0.003 -8"><span class='ocrx_word' id='word_1_405' title='bbox 276 2537 338 2556; x_wconf 80' lang='lat' dir='ltr'><strong>cum</strong></span> <span class='ocrx_word' id='word_1_406' title='bbox 352 2529 475 2564; x_wconf 83' lang='lat' dir='ltr'><strong>discipuli</strong></span> <span class='ocrx_word' id='word_1_407' title='bbox 496 2534 549 2557; x_wconf 85' lang='lat' dir='ltr'><strong>tam</strong></span> <span class='ocrx_word' id='word_1_408' title='bbox 564 2530 714 2557; x_wconf 87' lang='lat' dir='ltr'><strong>imbecilles</strong></span> <span class='ocrx_word' id='word_1_409' title='bbox 737 2535 814 2557; x_wconf 91' lang='lat' dir='ltr'><strong>erant</strong></span> <span class='ocrx_word' id='word_1_410' title='bbox 826 2550 834 2562; x_wconf 93' lang='lat'><strong>,</strong></span> <span class='ocrx_word' id='word_1_411' title='bbox 849 2530 872 2557; x_wconf 89' lang='lat' dir='ltr'><strong>si</strong></span> <span class='ocrx_word' id='word_1_412' title='bbox 894 2530 979 2558; x_wconf 76' lang='lat' dir='ltr'><strong>turba:</strong></span> <span class='ocrx_word' id='word_1_413' title='bbox 999 2531 1065 2558; x_wconf 91' lang='lat' dir='ltr'><strong>nihil</strong></span> 
     </span>
    </p>
   </div>
   <div class='ocr_carea' id='block_1_54' title="bbox 276 2575 1066 2612">
    <p class='ocr_par' dir='ltr' id='par_1_54' title="bbox 276 2575 1066 2612">
     <span class='ocr_line' id='line_1_54' title="bbox 276 2575 1066 2612; baseline 0.005 -12"><span class='ocrx_word' id='word_1_414' title='bbox 276 2582 400 2608; x_wconf 87' lang='lat' dir='ltr'><strong>magnum</strong></span> <span class='ocrx_word' id='word_1_415' title='bbox 411 2575 446 2602; x_wconf 90' lang='lat' dir='ltr'><strong>de</strong></span> <span class='ocrx_word' id='word_1_416' title='bbox 460 2575 518 2609; x_wconf 88' lang='lat' dir='ltr'><strong>ipso</strong></span> <span class='ocrx_word' id='word_1_417' title='bbox 526 2576 720 2610; x_wconf 87' lang='lat' dir='ltr'><strong>opinabantur;</strong></span> <span class='ocrx_word' id='word_1_418' title='bbox 737 2576 903 2604; x_wconf 85' lang='lat' dir='ltr'><strong>mirabantur</strong></span> <span class='ocrx_word' id='word_1_419' title='bbox 915 2577 1012 2612; x_wconf 89' lang='lat' dir='ltr'><strong>quippe</strong></span> <span class='ocrx_word' id='word_1_420' title='bbox 1024 2576 1066 2604; x_wconf 86' lang='lat' dir='ltr'><strong>di-</strong></span> 
     </span>
    </p>
   </div>
   <div class='ocr_carea' id='block_1_55' title="bbox 274 2620 1065 2657">
    <p class='ocr_par' dir='ltr' id='par_1_55' title="bbox 274 2620 1065 2657">
     <span class='ocr_line' id='line_1_55' title="bbox 274 2620 1065 2657; baseline 0.004 -11"><span class='ocrx_word' id='word_1_421' title='bbox 274 2623 370 2646; x_wconf 75' lang='lat' dir='ltr'><strong>centes</strong></span> <span class='ocrx_word' id='word_1_422' title='bbox 382 2629 388 2646; x_wconf 92' lang='lat'>:</span> <span class='ocrx_word' id='word_1_423' title='bbox 402 2620 447 2647; x_wconf 75' lang='lat'><strong>27.</strong></span> <span class='ocrx_word' id='word_1_424' title='bbox 463 2620 554 2654; x_wconf 81' lang='lat' dir='ltr'><strong>Qualis</strong></span> <span class='ocrx_word' id='word_1_425' title='bbox 567 2626 604 2648; x_wconf 71' lang='lat' dir='ltr'><strong>est</strong></span> <span class='ocrx_word' id='word_1_426' title='bbox 615 2622 654 2648; x_wconf 82' lang='lat' dir='ltr'><strong>hic</strong></span> <span class='ocrx_word' id='word_1_427' title='bbox 668 2621 742 2648; x_wconf 86' lang='lat' dir='ltr'><strong>homo</strong></span> <span class='ocrx_word' id='word_1_428' title='bbox 753 2642 760 2654; x_wconf 90' lang='lat'><strong>,</strong></span> <span class='ocrx_word' id='word_1_429' title='bbox 772 2622 831 2657; x_wconf 86' lang='lat' dir='ltr'><strong>quia</strong></span> <span class='ocrx_word' id='word_1_430' title='bbox 845 2627 868 2648; x_wconf 87' lang='lat' dir='ltr'><strong>et</strong></span> <span class='ocrx_word' id='word_1_431' title='bbox 881 2630 951 2649; x_wconf 87' lang='lat' dir='ltr'><strong>mare</strong></span> <span class='ocrx_word' id='word_1_432' title='bbox 961 2627 985 2649; x_wconf 83' lang='lat' dir='ltr'><strong>et</strong></span> <span class='ocrx_word' id='word_1_433' title='bbox 999 2623 1065 2650; x_wconf 78' lang='lat' dir='ltr'><strong>venti</strong></span> 
     </span>
    </p>
   </div>
   <div class='ocr_carea' id='block_1_56' title="bbox 273 2665 1064 2703">
    <p class='ocr_par' dir='ltr' id='par_1_56' title="bbox 273 2665 1064 2703">
     <span class='ocr_line' id='line_1_56' title="bbox 273 2665 1064 2703; baseline 0.005 -11"><span class='ocrx_word' id='word_1_434' title='bbox 273 2665 393 2693; x_wconf 82' lang='lat' dir='ltr'><strong>obediunt</strong></span> <span class='ocrx_word' id='word_1_435' title='bbox 416 2665 458 2692; x_wconf 78' lang='lat' dir='ltr'><strong>ei?</strong></span> <span class='ocrx_word' id='word_1_436' title='bbox 472 2665 596 2694; x_wconf 82' lang='lat' dir='ltr'><strong>Christus</strong></span> <span class='ocrx_word' id='word_1_437' title='bbox 619 2674 684 2694; x_wconf 88' lang='lat' dir='ltr'><strong>vero</strong></span> <span class='ocrx_word' id='word_1_438' title='bbox 699 2674 751 2694; x_wconf 92' lang='lat' dir='ltr'><strong>non</strong></span> <span class='ocrx_word' id='word_1_439' title='bbox 767 2667 898 2702; x_wconf 88' lang='lat' dir='ltr'><strong>corripuit</strong></span> <span class='ocrx_word' id='word_1_440' title='bbox 910 2675 968 2700; x_wconf 87' lang='lat' dir='ltr'><strong>eos,</strong></span> <span class='ocrx_word' id='word_1_441' title='bbox 992 2668 1064 2703; x_wconf 91' lang='lat' dir='ltr'><strong>quod</strong></span> 
     </span>
    </p>
   </div>
   <div class='ocr_carea' id='block_1_57' title="bbox 275 2710 1063 2747">
    <p class='ocr_par' dir='ltr' id='par_1_57' title="bbox 275 2710 1063 2747">
     <span class='ocr_line' id='line_1_57' title="bbox 275 2710 1063 2747; baseline 0.004 -10"><span class='ocrx_word' id='word_1_442' title='bbox 275 2710 410 2738; x_wconf 79' lang='lat' dir='ltr'><strong>hominem</strong></span> <span class='ocrx_word' id='word_1_443' title='bbox 426 2719 488 2739; x_wconf 87' lang='lat' dir='ltr'><strong>esse</strong></span> <span class='ocrx_word' id='word_1_444' title='bbox 510 2712 595 2746; x_wconf 88' lang='lat' dir='ltr'><strong>ipsum</strong></span> <span class='ocrx_word' id='word_1_445' title='bbox 606 2712 742 2746; x_wconf 87' lang='lat' dir='ltr'><strong>dicerent;</strong></span> <span class='ocrx_word' id='word_1_446' title='bbox 762 2713 808 2740; x_wconf 89' lang='lat' dir='ltr'><strong>sed</strong></span> <span class='ocrx_word' id='word_1_447' title='bbox 830 2713 1000 2747; x_wconf 82' lang='lat' dir='ltr'><strong>exspectabat</strong></span> <span class='ocrx_word' id='word_1_448' title='bbox 1021 2713 1063 2740; x_wconf 91' lang='lat' dir='ltr'><strong>in-</strong></span> 
     </span>
    </p>
   </div>
   <div class='ocr_carea' id='block_1_58' title="bbox 276 2759 1064 2796">
    <p class='ocr_par' dir='ltr' id='par_1_58' title="bbox 276 2759 1064 2796">
     <span class='ocr_line' id='line_1_58' title="bbox 276 2759 1064 2796; baseline 0.004 -10"><span class='ocrx_word' id='word_1_449' title='bbox 276 2759 353 2786; x_wconf 82' lang='lat' dir='ltr'><strong>terim</strong></span> <span class='ocrx_word' id='word_1_450' title='bbox 369 2767 416 2794; x_wconf 90' lang='lat' dir='ltr'><strong>per</strong></span> <span class='ocrx_word' id='word_1_451' title='bbox 428 2760 554 2787; x_wconf 86' lang='lat' dir='ltr'><strong>miracula</strong></span> <span class='ocrx_word' id='word_1_452' title='bbox 570 2760 673 2788; x_wconf 88' lang='lat' dir='ltr'><strong>docens</strong></span> <span class='ocrx_word' id='word_1_453' title='bbox 692 2761 752 2788; x_wconf 92' lang='lat' dir='ltr'><strong>illos</strong></span> <span class='ocrx_word' id='word_1_454' title='bbox 772 2761 864 2788; x_wconf 88' lang='lat' dir='ltr'><strong>falsam</strong></span> <span class='ocrx_word' id='word_1_455' title='bbox 876 2761 946 2789; x_wconf 86' lang='lat' dir='ltr'><strong>hanc</strong></span> <span class='ocrx_word' id='word_1_456' title='bbox 961 2761 1064 2796; x_wconf 86' lang='lat' dir='ltr'><strong>opinio-</strong></span> 
     </span>
    </p>
   </div>
   <div class='ocr_carea' id='block_1_59' title="bbox 275 2806 1063 2843">
    <p class='ocr_par' dir='ltr' id='par_1_59' title="bbox 275 2806 1063 2843">
     <span class='ocr_line' id='line_1_59' title="bbox 275 2806 1063 2843; baseline 0.005 -12"><span class='ocrx_word' id='word_1_457' title='bbox 275 2812 337 2832; x_wconf 83' lang='lat' dir='ltr'><strong>nem</strong></span> <span class='ocrx_word' id='word_1_458' title='bbox 348 2813 417 2833; x_wconf 81' lang='lat' dir='ltr'><strong>esse.</strong></span> <span class='ocrx_word' id='word_1_459' title='bbox 435 2806 574 2834; x_wconf 86' lang='lat' dir='ltr'><strong>Undenam</strong></span> <span class='ocrx_word' id='word_1_460' title='bbox 591 2807 726 2835; x_wconf 85' lang='lat' dir='ltr'><strong>hominem</strong></span> <span class='ocrx_word' id='word_1_461' title='bbox 748 2807 822 2835; x_wconf 88' lang='lat' dir='ltr'><strong>illum</strong></span> <span class='ocrx_word' id='word_1_462' title='bbox 843 2815 904 2836; x_wconf 85' lang='lat' dir='ltr'><strong>esse</strong></span> <span class='ocrx_word' id='word_1_463' title='bbox 915 2808 1063 2843; x_wconf 76' lang='lat' dir='ltr'><strong>putabant?</strong></span> 
     </span>
    </p>
   </div>
   <div class='ocr_carea' id='block_1_60' title="bbox 275 2852 1062 2890">
    <p class='ocr_par' dir='ltr' id='par_1_60' title="bbox 275 2852 1062 2890">
     <span class='ocr_line' id='line_1_60' title="bbox 275 2852 1062 2890; baseline 0.004 -11"><span class='ocrx_word' id='word_1_464' title='bbox 275 2852 313 2879; x_wconf 69' lang='lat' dir='ltr'><strong>his</strong></span> <span class='ocrx_word' id='word_1_465' title='bbox 330 2858 437 2887; x_wconf 81' lang='lat' dir='ltr'><strong>aspectu</strong></span> <span class='ocrx_word' id='word_1_466' title='bbox 448 2873 457 2887; x_wconf 92' lang='lat'><strong>,</strong></span> <span class='ocrx_word' id='word_1_467' title='bbox 471 2861 503 2881; x_wconf 87' lang='lat' dir='ltr'><strong>cx</strong></span> <span class='ocrx_word' id='word_1_468' title='bbox 526 2860 621 2881; x_wconf 90' lang='lat' dir='ltr'><strong>somno</strong></span> <span class='ocrx_word' id='word_1_469' title='bbox 631 2875 638 2887; x_wconf 94' lang='lat'><strong>,</strong></span> <span class='ocrx_word' id='word_1_470' title='bbox 654 2854 722 2890; x_wconf 88' lang='lat' dir='ltr'><strong>quod</strong></span> <span class='ocrx_word' id='word_1_471' title='bbox 737 2854 796 2882; x_wconf 86' lang='lat' dir='ltr'><strong>navi</strong></span> <span class='ocrx_word' id='word_1_472' title='bbox 820 2859 947 2883; x_wconf 71' lang='lat' dir='ltr'><strong>uteretur.</strong></span> <span class='ocrx_word' id='word_1_473' title='bbox 961 2854 1062 2882; x_wconf 88' lang='lat' dir='ltr'><strong>Idcirco</strong></span> 
     </span>
    </p>
   </div>
   <div class='ocr_carea' id='block_1_61' title="bbox 1145 188 1931 230">
    <p class='ocr_par' dir='ltr' id='par_1_61' title="bbox 1145 188 1931 230">
     <span class='ocr_line' id='line_1_61' title="bbox 1145 188 1931 230; baseline 0.015 -16"><span class='ocrx_word' id='word_1_474' title='bbox 1145 188 1170 214; x_wconf 93' lang='lat' dir='ltr'><strong>in</strong></span> <span class='ocrx_word' id='word_1_475' title='bbox 1183 194 1320 223; x_wconf 85' lang='lat' dir='ltr'><strong>stuporem</strong></span> <span class='ocrx_word' id='word_1_476' title='bbox 1336 192 1549 227; x_wconf 83' lang='lat' dir='ltr'><strong>conjiciebantur</strong></span> <span class='ocrx_word' id='word_1_477' title='bbox 1561 195 1680 223; x_wconf 82' lang='lat' dir='ltr'><strong>dicentes</strong></span> <span class='ocrx_word' id='word_1_478' title='bbox 1696 206 1702 223; x_wconf 91' lang='lat'><strong>:</strong></span> <span class='ocrx_word' id='word_1_479' title='bbox 1719 197 1809 230; x_wconf 80' lang='lat' dir='ltr'><strong>Qualis</strong></span> <span class='ocrx_word' id='word_1_480' title='bbox 1822 205 1857 226; x_wconf 71' lang='lat' dir='ltr'><strong>est</strong></span> <span class='ocrx_word' id='word_1_481' title='bbox 1867 200 1931 227; x_wconf 74' lang='lat' dir='ltr'><strong>hic?</strong></span> 
     </span>
    </p>
   </div>
   <div class='ocr_carea' id='block_1_62' title="bbox 1140 234 1930 278">
    <p class='ocr_par' dir='ltr' id='par_1_62' title="bbox 1140 234 1930 278">
     <span class='ocr_line' id='line_1_62' title="bbox 1140 234 1930 278; baseline 0.018 -17"><span class='ocrx_word' id='word_1_482' title='bbox 1140 234 1257 264; x_wconf 87' lang='lat' dir='ltr'><strong>Somnus</strong></span> <span class='ocrx_word' id='word_1_483' title='bbox 1269 238 1366 272; x_wconf 85' lang='lat' dir='ltr'><strong>quippe</strong></span> <span class='ocrx_word' id='word_1_484' title='bbox 1379 244 1407 266; x_wconf 93' lang='lat' dir='ltr'><strong>et</strong></span> <span class='ocrx_word' id='word_1_485' title='bbox 1418 240 1544 276; x_wconf 89' lang='lat' dir='ltr'><strong>quidquid</strong></span> <span class='ocrx_word' id='word_1_486' title='bbox 1567 244 1713 278; x_wconf 87' lang='lat' dir='ltr'><strong>apparebat</strong></span> <span class='ocrx_word' id='word_1_487' title='bbox 1737 245 1870 274; x_wconf 89' lang='lat' dir='ltr'><strong>hominem</strong></span> <span class='ocrx_word' id='word_1_488' title='bbox 1887 248 1930 274; x_wconf 93' lang='lat' dir='ltr'><strong>in-</strong></span> 
     </span>
    </p>
   </div>
   <div class='ocr_carea' id='block_1_63' title="bbox 1141 281 1930 323">
    <p class='ocr_par' dir='ltr' id='par_1_63' title="bbox 1141 281 1930 323">
     <span class='ocr_line' id='line_1_63' title="bbox 1141 281 1930 323; baseline 0.016 -15"><span class='ocrx_word' id='word_1_489' title='bbox 1141 281 1246 310; x_wconf 88' lang='lat' dir='ltr'><strong>dicabat</strong></span> <span class='ocrx_word' id='word_1_490' title='bbox 1259 291 1268 311; x_wconf 81' lang='lat'><strong>:</strong></span> <span class='ocrx_word' id='word_1_491' title='bbox 1283 291 1357 312; x_wconf 89' lang='lat' dir='ltr'><strong>mare</strong></span> <span class='ocrx_word' id='word_1_492' title='bbox 1377 290 1406 312; x_wconf 91' lang='lat' dir='ltr'><strong>et</strong></span> <span class='ocrx_word' id='word_1_493' title='bbox 1430 291 1505 320; x_wconf 88' lang='lat' dir='ltr'><strong>parta</strong></span> <span class='ocrx_word' id='word_1_494' title='bbox 1521 289 1699 323; x_wconf 83' lang='lat' dir='ltr'><strong>tranquillitas</strong></span> <span class='ocrx_word' id='word_1_495' title='bbox 1712 289 1794 318; x_wconf 88' lang='lat' dir='ltr'><strong>Deum</strong></span> <span class='ocrx_word' id='word_1_496' title='bbox 1810 292 1930 321; x_wconf 85' lang='lat' dir='ltr'><strong>declara-</strong></span> 
     </span>
    </p>
   </div>
   <div class='ocr_carea' id='block_1_64' title="bbox 1139 326 1195 356">
    <p class='ocr_par' dir='ltr' id='par_1_64' title="bbox 1139 326 1195 356">
     <span class='ocr_line' id='line_1_64' title="bbox 1139 326 1195 356; baseline 0.036 -2"><span class='ocrx_word' id='word_1_497' title='bbox 1139 326 1195 356; x_wconf 84' lang='lat' dir='ltr'><strong>bat.</strong></span> 
     </span>
    </p>
   </div>
   <div class='ocr_carea' id='block_1_65' title="bbox 1175 374 1930 417">
    <p class='ocr_par' dir='ltr' id='par_1_65' title="bbox 1175 374 1930 417">
     <span class='ocr_line' id='line_1_65' title="bbox 1175 374 1930 417; baseline 0.016 -15"><span class='ocrx_word' id='word_1_498' title='bbox 1175 375 1204 402; x_wconf 78' lang='lat'><strong>2.</strong></span> <span class='ocrx_word' id='word_1_499' title='bbox 1220 374 1335 404; x_wconf 83' lang='lat' dir='ltr'><strong>Christus</strong></span> <span class='ocrx_word' id='word_1_500' title='bbox 1348 382 1375 404; x_wconf 84' lang='lat' dir='ltr'><strong>ut</strong></span> <span class='ocrx_word' id='word_1_501' title='bbox 1389 377 1517 412; x_wconf 84' lang='lat' dir='ltr'><strong>dominus,</strong></span> <span class='ocrx_word' id='word_1_502' title='bbox 1541 380 1643 417; x_wconf 72' lang='lat' dir='ltr'><strong>Moyses</strong></span> <span class='ocrx_word' id='word_1_503' title='bbox 1656 387 1683 410; x_wconf 86' lang='lat' dir='ltr'><strong>ut</strong></span> <span class='ocrx_word' id='word_1_504' title='bbox 1694 391 1789 416; x_wconf 71' lang='lat' dir='ltr'><strong>scmus,</strong></span> <span class='ocrx_word' id='word_1_505' title='bbox 1805 386 1930 414; x_wconf 80' lang='lat' dir='ltr'><strong>miracula</strong></span> 
     </span>
    </p>
   </div>
   <div class='ocr_carea' id='block_1_66' title="bbox 1140 423 1929 467">
    <p class='ocr_par' dir='ltr' id='par_1_66' title="bbox 1140 423 1929 467">
     <span class='ocr_line' id='line_1_66' title="bbox 1140 423 1929 467; baseline 0.018 -20"><span class='ocrx_word' id='word_1_506' title='bbox 1140 423 1284 456; x_wconf 82' lang='lat' dir='ltr'><strong>patrabant.</strong></span> <span class='ocrx_word' id='word_1_507' title='bbox 1301 423 1472 460; x_wconf 78' lang='lat' dir='ltr'><strong>Evangetista:</strong></span> <span class='ocrx_word' id='word_1_508' title='bbox 1486 435 1621 463; x_wconf 82' lang='lat' dir='ltr'><strong>numquam</strong></span> <span class='ocrx_word' id='word_1_509' title='bbox 1648 430 1694 457; x_wconf 87' lang='lat' dir='ltr'><strong>alii</strong></span> <span class='ocrx_word' id='word_1_510' title='bbox 1716 439 1775 458; x_wconf 77' lang='lat' dir='ltr'><strong>cum</strong></span> <span class='ocrx_word' id='word_1_511' title='bbox 1799 432 1858 460; x_wconf 70' lang='lat' dir='ltr'><strong>aliis</strong></span> <span class='ocrx_word' id='word_1_512' title='bbox 1878 441 1929 467; x_wconf 84' lang='lat' dir='ltr'><strong>pu-</strong></span> 
     </span>
    </p>
   </div>
   <div class='ocr_carea' id='block_1_67' title="bbox 1138 469 1928 512">
    <p class='ocr_par' dir='ltr' id='par_1_67' title="bbox 1138 469 1928 512">
     <span class='ocr_line' id='line_1_67' title="bbox 1138 469 1928 512; baseline 0.015 -18"><span class='ocrx_word' id='word_1_513' title='bbox 1138 473 1270 503; x_wconf 81' lang='lat' dir='ltr'><strong>gnant.——</strong></span> <span class='ocrx_word' id='word_1_514' title='bbox 1281 469 1446 506; x_wconf 86' lang='lat' dir='ltr'><strong>Quamquam</strong></span> <span class='ocrx_word' id='word_1_515' title='bbox 1459 473 1529 500; x_wconf 87' lang='lat' dir='ltr'><strong>enim</strong></span> <span class='ocrx_word' id='word_1_516' title='bbox 1543 473 1647 510; x_wconf 80' lang='lat' dir='ltr'><strong>Moyses</strong></span> <span class='ocrx_word' id='word_1_517' title='bbox 1654 475 1753 512; x_wconf 87' lang='lat' dir='ltr'><strong>aliquid</strong></span> <span class='ocrx_word' id='word_1_518' title='bbox 1763 477 1850 506; x_wconf 85' lang='lat' dir='ltr'><strong>simile</strong></span> <span class='ocrx_word' id='word_1_519' title='bbox 1863 478 1928 507; x_wconf 89' lang='lat' dir='ltr'><strong>olim</strong></span> 
     </span>
    </p>
   </div>
   <div class='ocr_carea' id='block_1_68' title="bbox 1138 514 1927 559">
    <p class='ocr_par' dir='ltr' id='par_1_68' title="bbox 1138 514 1927 559">
     <span class='ocr_line' id='line_1_68' title="bbox 1138 514 1927 559; baseline 0.014 -17"><span class='ocrx_word' id='word_1_520' title='bbox 1138 514 1251 549; x_wconf 84' lang='lat' dir='ltr'><strong>fecerat,</strong></span> <span class='ocrx_word' id='word_1_521' title='bbox 1280 517 1323 545; x_wconf 90' lang='lat' dir='ltr'><strong>vel</strong></span> <span class='ocrx_word' id='word_1_522' title='bbox 1347 518 1409 545; x_wconf 91' lang='lat' dir='ltr'><strong>hinc</strong></span> <span class='ocrx_word' id='word_1_523' title='bbox 1431 518 1529 547; x_wconf 88' lang='lat' dir='ltr'><strong>Christi</strong></span> <span class='ocrx_word' id='word_1_524' title='bbox 1556 521 1701 550; x_wconf 83' lang='lat' dir='ltr'><strong>eminentia</strong></span> <span class='ocrx_word' id='word_1_525' title='bbox 1725 523 1927 559; x_wconf 86' lang='lat' dir='ltr'><strong>declarabatur,</strong></span> 
     </span>
    </p>
   </div>
   <div class='ocr_carea' id='block_1_69' title="bbox 1138 562 1927 606">
    <p class='ocr_par' dir='ltr' id='par_1_69' title="bbox 1138 562 1927 606">
     <span class='ocr_line' id='line_1_69' title="bbox 1138 562 1927 606; baseline 0.014 -18"><span class='ocrx_word' id='word_1_526' title='bbox 1138 562 1210 596; x_wconf 88' lang='lat' dir='ltr'><strong>quod</strong></span> <span class='ocrx_word' id='word_1_527' title='bbox 1229 562 1274 590; x_wconf 89' lang='lat' dir='ltr'><strong>ille</strong></span> <span class='ocrx_word' id='word_1_528' title='bbox 1289 569 1318 591; x_wconf 93' lang='lat' dir='ltr'><strong>ut</strong></span> <span class='ocrx_word' id='word_1_529' title='bbox 1331 571 1437 599; x_wconf 87' lang='lat' dir='ltr'><strong>servus,</strong></span> <span class='ocrx_word' id='word_1_530' title='bbox 1453 566 1496 593; x_wconf 91' lang='lat' dir='ltr'><strong>hic</strong></span> <span class='ocrx_word' id='word_1_531' title='bbox 1509 572 1539 594; x_wconf 92' lang='lat' dir='ltr'><strong>ut</strong></span> <span class='ocrx_word' id='word_1_532' title='bbox 1552 567 1676 596; x_wconf 87' lang='lat' dir='ltr'><strong>dominus</strong></span> <span class='ocrx_word' id='word_1_533' title='bbox 1692 570 1819 598; x_wconf 88' lang='lat' dir='ltr'><strong>miracula</strong></span> <span class='ocrx_word' id='word_1_534' title='bbox 1835 576 1927 606; x_wconf 89' lang='lat' dir='ltr'><strong>patra-</strong></span> 
     </span>
    </p>
   </div>
   <div class='ocr_carea' id='block_1_70' title="bbox 1138 607 1926 651">
    <p class='ocr_par' dir='ltr' id='par_1_70' title="bbox 1138 607 1926 651">
     <span class='ocr_line' id='line_1_70' title="bbox 1138 607 1926 651; baseline 0.015 -17"><span class='ocrx_word' id='word_1_535' title='bbox 1138 611 1190 634; x_wconf 90' lang='lat' dir='ltr'><strong>ret.</strong></span> <span class='ocrx_word' id='word_1_536' title='bbox 1205 607 1262 636; x_wconf 87' lang='lat' dir='ltr'><strong>Non</strong></span> <span class='ocrx_word' id='word_1_537' title='bbox 1283 611 1354 637; x_wconf 90' lang='lat' dir='ltr'><strong>enim</strong></span> <span class='ocrx_word' id='word_1_538' title='bbox 1370 612 1472 647; x_wconf 79' lang='lat' dir='ltr'><strong>virgata</strong></span> <span class='ocrx_word' id='word_1_539' title='bbox 1488 613 1608 641; x_wconf 85' lang='lat' dir='ltr'><strong>extendit</strong></span> <span class='ocrx_word' id='word_1_540' title='bbox 1622 620 1651 642; x_wconf 92' lang='lat' dir='ltr'><strong>ut</strong></span> <span class='ocrx_word' id='word_1_541' title='bbox 1663 615 1717 648; x_wconf 88' lang='lat' dir='ltr'><strong>ille,</strong></span> <span class='ocrx_word' id='word_1_542' title='bbox 1732 624 1819 651; x_wconf 88' lang='lat' dir='ltr'><strong>neque</strong></span> <span class='ocrx_word' id='word_1_543' title='bbox 1830 626 1926 646; x_wconf 87' lang='lat' dir='ltr'><strong>manus</strong></span> 
     </span>
    </p>
   </div>
   <div class='ocr_carea' id='block_1_71' title="bbox 1138 654 1927 698">
    <p class='ocr_par' dir='ltr' id='par_1_71' title="bbox 1138 654 1927 698">
     <span class='ocr_line' id='line_1_71' title="bbox 1138 654 1927 698; baseline 0.015 -18"><span class='ocrx_word' id='word_1_544' title='bbox 1138 654 1267 689; x_wconf 89' lang='lat' dir='ltr'><strong>expandit</strong></span> <span class='ocrx_word' id='word_1_545' title='bbox 1281 663 1374 684; x_wconf 86' lang='lat' dir='ltr'><strong>versus</strong></span> <span class='ocrx_word' id='word_1_546' title='bbox 1385 657 1479 685; x_wconf 75' lang='lat' dir='ltr'><strong>caelum</strong></span> <span class='ocrx_word' id='word_1_547' title='bbox 1492 679 1500 692; x_wconf 91' lang='lat'><strong>,</strong></span> <span class='ocrx_word' id='word_1_548' title='bbox 1514 667 1602 695; x_wconf 86' lang='lat' dir='ltr'><strong>neque</strong></span> <span class='ocrx_word' id='word_1_549' title='bbox 1626 662 1779 696; x_wconf 88' lang='lat' dir='ltr'><strong>precatione</strong></span> <span class='ocrx_word' id='word_1_550' title='bbox 1791 671 1858 698; x_wconf 84' lang='lat' dir='ltr'><strong>opus</strong></span> <span class='ocrx_word' id='word_1_551' title='bbox 1876 664 1927 692; x_wconf 89' lang='lat' dir='ltr'><strong>ba-</strong></span> 
     </span>
    </p>
   </div>
   <div class='ocr_carea' id='block_1_72' title="bbox 1137 699 1927 740">
    <p class='ocr_par' dir='ltr' id='par_1_72' title="bbox 1137 699 1927 740">
     <span class='ocr_line' id='line_1_72' title="bbox 1137 699 1927 740; baseline 0.015 -14"><span class='ocrx_word' id='word_1_552' title='bbox 1137 699 1210 727; x_wconf 87' lang='lat' dir='ltr'><strong>buit:</strong></span> <span class='ocrx_word' id='word_1_553' title='bbox 1225 700 1274 728; x_wconf 90' lang='lat' dir='ltr'><strong>sed</strong></span> <span class='ocrx_word' id='word_1_554' title='bbox 1295 706 1325 729; x_wconf 94' lang='lat' dir='ltr'><strong>ut</strong></span> <span class='ocrx_word' id='word_1_555' title='bbox 1340 710 1387 737; x_wconf 86' lang='lat' dir='ltr'><strong>par</strong></span> <span class='ocrx_word' id='word_1_556' title='bbox 1401 708 1443 731; x_wconf 88' lang='lat' dir='ltr'><strong>est</strong></span> <span class='ocrx_word' id='word_1_557' title='bbox 1452 704 1591 733; x_wconf 87' lang='lat' dir='ltr'><strong>dominum</strong></span> <span class='ocrx_word' id='word_1_558' title='bbox 1605 707 1718 740; x_wconf 67' lang='lat' dir='ltr'><strong>ancillm,</strong></span> <span class='ocrx_word' id='word_1_559' title='bbox 1734 712 1763 735; x_wconf 89' lang='lat' dir='ltr'><strong>et</strong></span> <span class='ocrx_word' id='word_1_560' title='bbox 1776 714 1927 738; x_wconf 85' lang='lat' dir='ltr'><strong>creatorem</strong></span> 
     </span>
    </p>
   </div>
   <div class='ocr_carea' id='block_1_73' title="bbox 1141 746 1927 785">
    <p class='ocr_par' dir='ltr' id='par_1_73' title="bbox 1141 746 1927 785">
     <span class='ocr_line' id='line_1_73' title="bbox 1141 746 1927 785; baseline 0.017 -13"><span class='ocrx_word' id='word_1_561' title='bbox 1141 746 1252 780; x_wconf 88' lang='lat' dir='ltr'><strong>opilicio</strong></span> <span class='ocrx_word' id='word_1_562' title='bbox 1262 749 1418 783; x_wconf 80' lang='lat' dir='ltr'><strong>praecipere,</strong></span> <span class='ocrx_word' id='word_1_563' title='bbox 1432 750 1472 778; x_wconf 85' lang='lat' dir='ltr'><strong>sic</strong></span> <span class='ocrx_word' id='word_1_564' title='bbox 1485 751 1558 779; x_wconf 87' lang='lat' dir='ltr'><strong>illam</strong></span> <span class='ocrx_word' id='word_1_565' title='bbox 1570 753 1676 780; x_wconf 87' lang='lat' dir='ltr'><strong>sedavit</strong></span> <span class='ocrx_word' id='word_1_566' title='bbox 1683 758 1710 782; x_wconf 90' lang='lat' dir='ltr'><strong>et</strong></span> <span class='ocrx_word' id='word_1_567' title='bbox 1717 754 1830 783; x_wconf 86' lang='lat' dir='ltr'><strong>frenavit</strong></span> <span class='ocrx_word' id='word_1_568' title='bbox 1842 757 1927 785; x_wconf 91' lang='lat' dir='ltr'><strong>verbo</strong></span> 
     </span>
    </p>
   </div>
   <div class='ocr_carea' id='block_1_74' title="bbox 1136 797 1925 831">
    <p class='ocr_par' dir='ltr' id='par_1_74' title="bbox 1136 797 1925 831">
     <span class='ocr_line' id='line_1_74' title="bbox 1136 797 1925 831; baseline 0.014 -13"><span class='ocrx_word' id='word_1_569' title='bbox 1136 797 1164 819; x_wconf 86' lang='lat' dir='ltr'><strong>et</strong></span> <span class='ocrx_word' id='word_1_570' title='bbox 1177 798 1311 828; x_wconf 75' lang='lat' dir='ltr'><strong>prazcepto</strong></span> <span class='ocrx_word' id='word_1_571' title='bbox 1322 799 1424 822; x_wconf 90' lang='lat' dir='ltr'><strong>tantum</strong></span> <span class='ocrx_word' id='word_1_572' title='bbox 1440 804 1446 822; x_wconf 92' lang='lat'>:</span> <span class='ocrx_word' id='word_1_573' title='bbox 1458 802 1538 831; x_wconf 86' lang='lat' dir='ltr'><strong>atque</strong></span> <span class='ocrx_word' id='word_1_574' title='bbox 1553 801 1641 825; x_wconf 88' lang='lat' dir='ltr'><strong>omnis</strong></span> <span class='ocrx_word' id='word_1_575' title='bbox 1655 799 1742 826; x_wconf 88' lang='lat' dir='ltr'><strong>subito</strong></span> <span class='ocrx_word' id='word_1_576' title='bbox 1756 800 1842 828; x_wconf 85' lang='lat' dir='ltr'><strong>soluta</strong></span> <span class='ocrx_word' id='word_1_577' title='bbox 1857 805 1925 829; x_wconf 83' lang='lat' dir='ltr'><strong>tem-</strong></span> 
     </span>
    </p>
   </div>
   <div class='ocr_carea' id='block_1_75' title="bbox 1137 841 1925 877">
    <p class='ocr_par' dir='ltr' id='par_1_75' title="bbox 1137 841 1925 877">
     <span class='ocr_line' id='line_1_75' title="bbox 1137 841 1925 877; baseline 0.011 -12"><span class='ocrx_word' id='word_1_578' title='bbox 1137 843 1227 873; x_wconf 84' lang='lat' dir='ltr'><strong>pestas</strong></span> <span class='ocrx_word' id='word_1_579' title='bbox 1239 844 1291 872; x_wconf 86' lang='lat' dir='ltr'><strong>cst,</strong></span> <span class='ocrx_word' id='word_1_580' title='bbox 1305 848 1356 868; x_wconf 90' lang='lat' dir='ltr'><strong>nec</strong></span> <span class='ocrx_word' id='word_1_581' title='bbox 1367 841 1506 876; x_wconf 86' lang='lat' dir='ltr'><strong>vestigium</strong></span> <span class='ocrx_word' id='word_1_582' title='bbox 1515 844 1639 877; x_wconf 61' lang='lat' dir='ltr'><strong>procellae</strong></span> <span class='ocrx_word' id='word_1_583' title='bbox 1651 846 1759 872; x_wconf 86' lang='lat' dir='ltr'><strong>mansit.</strong></span> <span class='ocrx_word' id='word_1_584' title='bbox 1771 846 1838 874; x_wconf 89' lang='lat' dir='ltr'><strong>lllud</strong></span> <span class='ocrx_word' id='word_1_585' title='bbox 1852 847 1925 874; x_wconf 87' lang='lat' dir='ltr'><strong>enim</strong></span> 
     </span>
    </p>
   </div>
   <div class='ocr_carea' id='block_1_76' title="bbox 1135 882 1925 928">
    <p class='ocr_par' dir='ltr' id='par_1_76' title="bbox 1135 882 1925 928">
     <span class='ocr_line' id='line_1_76' title="bbox 1135 882 1925 928; baseline 0.011 -17"><span class='ocrx_word' id='word_1_586' title='bbox 1135 882 1282 912; x_wconf 83' lang='lat' dir='ltr'><strong>declaravit</strong></span> <span class='ocrx_word' id='word_1_587' title='bbox 1295 886 1458 921; x_wconf 82' lang='lat' dir='ltr'><strong>evangelista</strong></span> <span class='ocrx_word' id='word_1_588' title='bbox 1478 888 1570 917; x_wconf 85' lang='lat' dir='ltr'><strong>dicens</strong></span> <span class='ocrx_word' id='word_1_589' title='bbox 1583 898 1589 917; x_wconf 92' lang='lat'>:</span> <span class='ocrx_word' id='word_1_590' title='bbox 1605 889 1639 916; x_wconf 85' lang='lat' dir='ltr'><strong>Et</strong></span> <span class='ocrx_word' id='word_1_591' title='bbox 1654 892 1721 926; x_wconf 81' lang='lat' dir='ltr'><strong>facta</strong></span> <span class='ocrx_word' id='word_1_592' title='bbox 1732 896 1768 918; x_wconf 81' lang='lat' dir='ltr'><strong>est</strong></span> <span class='ocrx_word' id='word_1_593' title='bbox 1780 893 1925 928; x_wconf 76' lang='lat' dir='ltr'><strong>tranquilli-</strong></span> 
     </span>
    </p>
   </div>
   <div class='ocr_carea' id='block_1_77' title="bbox 1136 930 1924 971">
    <p class='ocr_par' dir='ltr' id='par_1_77' title="bbox 1136 930 1924 971">
     <span class='ocr_line' id='line_1_77' title="bbox 1136 930 1924 971; baseline 0.014 -16"><span class='ocrx_word' id='word_1_594' title='bbox 1136 933 1174 956; x_wconf 83' lang='lat' dir='ltr'><strong>tas</strong></span> <span class='ocrx_word' id='word_1_595' title='bbox 1187 937 1289 964; x_wconf 86' lang='lat' dir='ltr'><strong>magna.</strong></span> <span class='ocrx_word' id='word_1_596' title='bbox 1306 930 1383 964; x_wconf 86' lang='lat' dir='ltr'><strong>Quod</strong></span> <span class='ocrx_word' id='word_1_597' title='bbox 1403 932 1437 960; x_wconf 89' lang='lat' dir='ltr'><strong>de</strong></span> <span class='ocrx_word' id='word_1_598' title='bbox 1451 932 1532 961; x_wconf 87' lang='lat' dir='ltr'><strong>Putre</strong></span> <span class='ocrx_word' id='word_1_599' title='bbox 1547 935 1622 970; x_wconf 90' lang='lat' dir='ltr'><strong>quasi</strong></span> <span class='ocrx_word' id='word_1_600' title='bbox 1639 943 1682 963; x_wconf 90' lang='lat' dir='ltr'><strong>res</strong></span> <span class='ocrx_word' id='word_1_601' title='bbox 1696 937 1805 971; x_wconf 83' lang='lat' dir='ltr'><strong>grandis</strong></span> <span class='ocrx_word' id='word_1_602' title='bbox 1822 938 1924 966; x_wconf 91' lang='lat' dir='ltr'><strong>dictum</strong></span> 
     </span>
    </p>
   </div>
   <div class='ocr_carea' id='block_1_78' title="bbox 1135 975 1924 1016">
    <p class='ocr_par' dir='ltr' id='par_1_78' title="bbox 1135 975 1924 1016">
     <span class='ocr_line' id='line_1_78' title="bbox 1135 975 1924 1016; baseline 0.013 -14"><span class='ocrx_word' id='word_1_603' title='bbox 1135 975 1238 1008; x_wconf 84' lang='lat' dir='ltr'><strong>fuerat,</strong></span> <span class='ocrx_word' id='word_1_604' title='bbox 1254 977 1279 1004; x_wconf 91' lang='lat' dir='ltr'><strong>id</strong></span> <span class='ocrx_word' id='word_1_605' title='bbox 1294 977 1351 1012; x_wconf 87' lang='lat' dir='ltr'><strong>ipse</strong></span> <span class='ocrx_word' id='word_1_606' title='bbox 1373 980 1498 1013; x_wconf 88' lang='lat' dir='ltr'><strong>operibus</strong></span> <span class='ocrx_word' id='word_1_607' title='bbox 1512 981 1643 1009; x_wconf 84' lang='lat' dir='ltr'><strong>exhibuit.</strong></span> <span class='ocrx_word' id='word_1_608' title='bbox 1657 983 1725 1016; x_wconf 89' lang='lat' dir='ltr'><strong>Quid</strong></span> <span class='ocrx_word' id='word_1_609' title='bbox 1738 983 1772 1010; x_wconf 92' lang='lat' dir='ltr'><strong>de</strong></span> <span class='ocrx_word' id='word_1_610' title='bbox 1783 984 1862 1012; x_wconf 85' lang='lat' dir='ltr'><strong>Patre</strong></span> <span class='ocrx_word' id='word_1_611' title='bbox 1880 985 1924 1012; x_wconf 74' lang='lat' dir='ltr'><strong>di~</strong></span> 
     </span>
    </p>
   </div>
   <div class='ocr_carea' id='block_1_79' title="bbox 1134 1021 1924 1063">
    <p class='ocr_par' dir='ltr' id='par_1_79' title="bbox 1134 1021 1924 1063">
     <span class='ocr_line' id='line_1_79' title="bbox 1134 1021 1924 1063; baseline 0.013 -16"><span class='ocrx_word' id='word_1_612' title='bbox 1134 1026 1206 1048; x_wconf 91' lang='lat' dir='ltr'><strong>ctum</strong></span> <span class='ocrx_word' id='word_1_613' title='bbox 1222 1021 1332 1050; x_wconf 79' lang='lat' dir='ltr'><strong>fuerat?</strong></span> <span class='ocrx_word' id='word_1_614' title='bbox 1346 1023 1419 1051; x_wconf 72' lang='lat' dir='ltr'><strong>Dixit</strong></span> <span class='ocrx_word' id='word_1_615' title='bbox 1433 1030 1456 1051; x_wconf 82' lang='lat' dir='ltr'><strong>et</strong></span> <span class='ocrx_word' id='word_1_616' title='bbox 1469 1026 1537 1053; x_wconf 71' lang='lat' dir='ltr'><strong>stetit</strong></span> <span class='ocrx_word' id='word_1_617' title='bbox 1560 1027 1665 1062; x_wconf 78' lang='lat' dir='ltr'><strong>spiritus</strong></span> <span class='ocrx_word' id='word_1_618' title='bbox 1677 1029 1806 1063; x_wconf 71' lang='lat' dir='ltr'><strong>procellae.</strong></span> <span class='ocrx_word' id='word_1_619' title='bbox 1830 1030 1876 1057; x_wconf 75' lang='lat' dir='ltr'><strong>Sic</strong></span> <span class='ocrx_word' id='word_1_620' title='bbox 1897 1035 1924 1058; x_wconf 83' lang='lat' dir='ltr'><strong>et</strong></span> 
     </span>
    </p>
   </div>
   <div class='ocr_carea' id='block_1_80' title="bbox 1134 1066 1923 1111">
    <p class='ocr_par' dir='ltr' id='par_1_80' title="bbox 1134 1066 1923 1111">
     <span class='ocr_line' id='line_1_80' title="bbox 1134 1066 1923 1111; baseline 0.011 -17"><span class='ocrx_word' id='word_1_621' title='bbox 1134 1066 1187 1094; x_wconf 92' lang='lat' dir='ltr'><strong>hoc</strong></span> <span class='ocrx_word' id='word_1_622' title='bbox 1211 1067 1271 1096; x_wconf 93' lang='lat' dir='ltr'><strong>loco</strong></span> <span class='ocrx_word' id='word_1_623' title='bbox 1303 1068 1387 1103; x_wconf 78' lang='lat' dir='ltr'><strong>dixit,</strong></span> <span class='ocrx_word' id='word_1_624' title='bbox 1418 1069 1452 1097; x_wconf 85' lang='lat' dir='ltr'><strong>Et</strong></span> <span class='ocrx_word' id='word_1_625' title='bbox 1474 1073 1543 1107; x_wconf 77' lang='lat' dir='ltr'><strong>facta</strong></span> <span class='ocrx_word' id='word_1_626' title='bbox 1562 1077 1598 1100; x_wconf 79' lang='lat' dir='ltr'><strong>est</strong></span> <span class='ocrx_word' id='word_1_627' title='bbox 1624 1074 1794 1109; x_wconf 71' lang='lat' dir='ltr'><strong>tranquillitas</strong></span> <span class='ocrx_word' id='word_1_628' title='bbox 1819 1084 1923 1111; x_wconf 82' lang='lat' dir='ltr'><strong>magna.</strong></span> 
     </span>
    </p>
   </div>
   <div class='ocr_carea' id='block_1_81' title="bbox 1136 1112 1923 1151">
    <p class='ocr_par' dir='ltr' id='par_1_81' title="bbox 1136 1112 1923 1151">
     <span class='ocr_line' id='line_1_81' title="bbox 1136 1112 1923 1151; baseline 0.013 -12"><span class='ocrx_word' id='word_1_629' title='bbox 1136 1112 1224 1148; x_wconf 84' lang='lat' dir='ltr'><strong>(Psat.</strong></span> <span class='ocrx_word' id='word_1_630' title='bbox 1238 1113 1299 1142; x_wconf 81' lang='grc'><strong>106.</strong></span> <span class='ocrx_word' id='word_1_631' title='bbox 1312 1114 1368 1150; x_wconf 81' lang='grc'><strong>25).</strong></span> <span class='ocrx_word' id='word_1_632' title='bbox 1388 1116 1533 1151; x_wconf 82' lang='lat' dir='ltr'><strong>Propterea</strong></span> <span class='ocrx_word' id='word_1_633' title='bbox 1554 1118 1638 1146; x_wconf 68' lang='lat' dir='ltr'><strong>turba:</strong></span> <span class='ocrx_word' id='word_1_634' title='bbox 1658 1119 1732 1147; x_wconf 87' lang='lat' dir='ltr'><strong>illutn</strong></span> <span class='ocrx_word' id='word_1_635' title='bbox 1751 1128 1855 1149; x_wconf 88' lang='lat' dir='ltr'><strong>summe</strong></span> <span class='ocrx_word' id='word_1_636' title='bbox 1870 1122 1923 1149; x_wconf 88' lang='lat' dir='ltr'><strong>mi-</strong></span> 
     </span>
    </p>
   </div>
   <div class='ocr_carea' id='block_1_82' title="bbox 1132 1160 1923 1200">
    <p class='ocr_par' dir='ltr' id='par_1_82' title="bbox 1132 1160 1923 1200">
     <span class='ocr_line' id='line_1_82' title="bbox 1132 1160 1923 1200; baseline 0.011 -13"><span class='ocrx_word' id='word_1_637' title='bbox 1132 1160 1282 1189; x_wconf 87' lang='lat' dir='ltr'><strong>rabantur;</strong></span> <span class='ocrx_word' id='word_1_638' title='bbox 1297 1169 1357 1197; x_wconf 64' lang='lat' dir='ltr'><strong>quae</strong></span> <span class='ocrx_word' id='word_1_639' title='bbox 1374 1170 1429 1190; x_wconf 91' lang='lat' dir='ltr'><strong>non</strong></span> <span class='ocrx_word' id='word_1_640' title='bbox 1441 1163 1478 1190; x_wconf 89' lang='lat' dir='ltr'><strong>ita</strong></span> <span class='ocrx_word' id='word_1_641' title='bbox 1490 1164 1593 1192; x_wconf 69' lang='lat' dir='ltr'><strong>mirataa</strong></span> <span class='ocrx_word' id='word_1_642' title='bbox 1606 1164 1728 1200; x_wconf 86' lang='lat' dir='ltr'><strong>fuissent,</strong></span> <span class='ocrx_word' id='word_1_643' title='bbox 1740 1167 1762 1194; x_wconf 88' lang='lat' dir='ltr'><strong>si</strong></span> <span class='ocrx_word' id='word_1_644' title='bbox 1776 1167 1882 1195; x_wconf 84' lang='lat' dir='ltr'><strong>fecisset</strong></span> <span class='ocrx_word' id='word_1_645' title='bbox 1895 1173 1923 1196; x_wconf 92' lang='lat' dir='ltr'><strong>ut</strong></span> 
     </span>
    </p>
   </div>
   <div class='ocr_carea' id='block_1_83' title="bbox 1131 1205 1922 1246">
    <p class='ocr_par' dir='ltr' id='par_1_83' title="bbox 1131 1205 1922 1246">
     <span class='ocr_line' id='line_1_83' title="bbox 1131 1205 1922 1246; baseline 0.009 -13"><span class='ocrx_word' id='word_1_646' title='bbox 1131 1205 1248 1239; x_wconf 77' lang='lat' dir='ltr'><strong>Moyses.</strong></span> <span class='ocrx_word' id='word_1_647' title='bbox 1263 1207 1407 1244; x_wconf 70' lang='lat' dir='ltr'><strong>Poetquam</strong></span> <span class='ocrx_word' id='word_1_648' title='bbox 1418 1217 1432 1236; x_wconf 91' lang='lat' dir='ltr'><strong>a</strong></span> <span class='ocrx_word' id='word_1_649' title='bbox 1449 1211 1517 1238; x_wconf 87' lang='lat' dir='ltr'><strong>mari</strong></span> <span class='ocrx_word' id='word_1_650' title='bbox 1528 1211 1713 1246; x_wconf 81' lang='lat' dir='ltr'><strong>discessisset,</strong></span> <span class='ocrx_word' id='word_1_651' title='bbox 1725 1213 1798 1241; x_wconf 86' lang='lat' dir='ltr'><strong>aliud</strong></span> <span class='ocrx_word' id='word_1_652' title='bbox 1817 1214 1922 1242; x_wconf 86' lang='lat' dir='ltr'><strong>terribi-</strong></span> 
     </span>
    </p>
   </div>
   <div class='ocr_carea' id='block_1_84' title="bbox 1131 1250 1923 1288">
    <p class='ocr_par' dir='ltr' id='par_1_84' title="bbox 1131 1250 1923 1288">
     <span class='ocr_line' id='line_1_84' title="bbox 1131 1250 1923 1288; baseline 0.004 -11"><span class='ocrx_word' id='word_1_653' title='bbox 1131 1250 1186 1277; x_wconf 88' lang='lat' dir='ltr'><strong>lius</strong></span> <span class='ocrx_word' id='word_1_654' title='bbox 1194 1251 1353 1278; x_wconf 90' lang='lat' dir='ltr'><strong>miraculum</strong></span> <span class='ocrx_word' id='word_1_655' title='bbox 1360 1251 1541 1286; x_wconf 83' lang='lat' dir='ltr'><strong>subsequitur.</strong></span> <span class='ocrx_word' id='word_1_656' title='bbox 1558 1252 1717 1280; x_wconf 70' lang='grc' dir='ltr'><strong>υωιιιυιηὲιῧι</strong></span> <span class='ocrx_word' id='word_1_657' title='bbox 1728 1255 1811 1285; x_wconf 89' lang='lat' dir='ltr'><strong>enim,</strong></span> <span class='ocrx_word' id='word_1_658' title='bbox 1826 1256 1923 1288; x_wconf 85' lang='lat' dir='ltr'><strong>quem-</strong></span> 
     </span>
    </p>
   </div>
   <div class='ocr_carea' id='block_1_85' title="bbox 1130 1295 1924 1336">
    <p class='ocr_par' dir='ltr' id='par_1_85' title="bbox 1130 1295 1924 1336">
     <span class='ocr_line' id='line_1_85' title="bbox 1130 1295 1924 1336; baseline 0.009 -13"><span class='ocrx_word' id='word_1_659' title='bbox 1130 1295 1275 1324; x_wconf 85' lang='lat' dir='ltr'><strong>admodum</strong></span> <span class='ocrx_word' id='word_1_660' title='bbox 1298 1296 1401 1332; x_wconf 83' lang='lat' dir='ltr'><strong>fugitivi</strong></span> <span class='ocrx_word' id='word_1_661' title='bbox 1424 1299 1539 1334; x_wconf 90' lang='lat' dir='ltr'><strong>improbi</strong></span> <span class='ocrx_word' id='word_1_662' title='bbox 1564 1299 1685 1328; x_wconf 88' lang='lat' dir='ltr'><strong>videntes</strong></span> <span class='ocrx_word' id='word_1_663' title='bbox 1708 1300 1857 1336; x_wconf 87' lang='lat' dir='ltr'><strong>dominum,</strong></span> <span class='ocrx_word' id='word_1_664' title='bbox 1877 1301 1924 1331; x_wconf 77' lang='lat' dir='ltr'><strong>di-</strong></span> 
     </span>
    </p>
   </div>
   <div class='ocr_carea' id='block_1_86' title="bbox 1129 1342 1920 1378">
    <p class='ocr_par' dir='ltr' id='par_1_86' title="bbox 1129 1342 1920 1378">
     <span class='ocr_line' id='line_1_86' title="bbox 1129 1342 1920 1378; baseline 0.008 -8"><span class='ocrx_word' id='word_1_665' title='bbox 1129 1342 1243 1370; x_wconf 83' lang='lat' dir='ltr'><strong>cebant:</strong></span> <span class='ocrx_word' id='word_1_666' title='bbox 1257 1342 1302 1371; x_wconf 76' lang='lat'><strong>29.</strong></span> <span class='ocrx_word' id='word_1_667' title='bbox 1318 1343 1386 1376; x_wconf 83' lang='lat' dir='ltr'><strong>Quid</strong></span> <span class='ocrx_word' id='word_1_668' title='bbox 1403 1344 1475 1371; x_wconf 83' lang='lat' dir='ltr'><strong>nobis</strong></span> <span class='ocrx_word' id='word_1_669' title='bbox 1496 1349 1520 1371; x_wconf 81' lang='lat' dir='ltr'><strong>et</strong></span> <span class='ocrx_word' id='word_1_670' title='bbox 1533 1345 1588 1378; x_wconf 86' lang='lat' dir='ltr'><strong>tibi,</strong></span> <span class='ocrx_word' id='word_1_671' title='bbox 1603 1345 1666 1372; x_wconf 81' lang='lat' dir='ltr'><strong>Jesu</strong></span> <span class='ocrx_word' id='word_1_672' title='bbox 1681 1345 1745 1373; x_wconf 79' lang='lat' dir='ltr'><strong>Filii</strong></span> <span class='ocrx_word' id='word_1_673' title='bbox 1757 1346 1825 1375; x_wconf 73' lang='lat' dir='ltr'><strong>Dei?</strong></span> <span class='ocrx_word' id='word_1_674' title='bbox 1841 1346 1920 1376; x_wconf 73' lang='lat' dir='ltr'><strong>Veni-</strong></span> 
     </span>
    </p>
   </div>
   <div class='ocr_carea' id='block_1_87' title="bbox 1127 1387 1920 1424">
    <p class='ocr_par' dir='ltr' id='par_1_87' title="bbox 1127 1387 1920 1424">
     <span class='ocr_line' id='line_1_87' title="bbox 1127 1387 1920 1424; baseline 0.006 -8"><span class='ocrx_word' id='word_1_675' title='bbox 1127 1389 1162 1416; x_wconf 70' lang='lat' dir='ltr'><strong>sti</strong></span> <span class='ocrx_word' id='word_1_676' title='bbox 1175 1387 1224 1414; x_wconf 80' lang='lat' dir='ltr'><strong>huc</strong></span> <span class='ocrx_word' id='word_1_677' title='bbox 1245 1393 1303 1415; x_wconf 80' lang='lat' dir='ltr'><strong>ante</strong></span> <span class='ocrx_word' id='word_1_678' title='bbox 1323 1394 1420 1424; x_wconf 79' lang='lat' dir='ltr'><strong>tempus</strong></span> <span class='ocrx_word' id='word_1_679' title='bbox 1443 1394 1559 1424; x_wconf 84' lang='lat' dir='ltr'><strong>torquere</strong></span> <span class='ocrx_word' id='word_1_680' title='bbox 1580 1399 1637 1419; x_wconf 72' lang='lat' dir='ltr'><strong>nos.</strong></span> <span class='ocrx_word' id='word_1_681' title='bbox 1661 1392 1726 1424; x_wconf 82' lang='lat' dir='ltr'><strong>Quia</strong></span> <span class='ocrx_word' id='word_1_682' title='bbox 1741 1393 1811 1420; x_wconf 88' lang='lat' dir='ltr'><strong>enim</strong></span> <span class='ocrx_word' id='word_1_683' title='bbox 1833 1392 1920 1422; x_wconf 63' lang='lat' dir='ltr'><strong>turba:</strong></span> 
     </span>
    </p>
   </div>
   <div class='ocr_carea' id='block_1_88' title="bbox 1128 1433 1917 1471">
    <p class='ocr_par' dir='ltr' id='par_1_88' title="bbox 1128 1433 1917 1471">
     <span class='ocr_line' id='line_1_88' title="bbox 1128 1433 1917 1471; baseline 0.01 -11"><span class='ocrx_word' id='word_1_684' title='bbox 1128 1433 1216 1469; x_wconf 87' lang='lat' dir='ltr'><strong>ipsum</strong></span> <span class='ocrx_word' id='word_1_685' title='bbox 1239 1434 1374 1462; x_wconf 87' lang='lat' dir='ltr'><strong>hominem</strong></span> <span class='ocrx_word' id='word_1_686' title='bbox 1396 1443 1457 1464; x_wconf 89' lang='lat' dir='ltr'><strong>esse</strong></span> <span class='ocrx_word' id='word_1_687' title='bbox 1478 1436 1685 1471; x_wconf 86' lang='lat' dir='ltr'><strong>conﬁtebantur,</strong></span> <span class='ocrx_word' id='word_1_688' title='bbox 1707 1444 1838 1467; x_wconf 88' lang='lat' dir='ltr'><strong>venerunt</strong></span> <span class='ocrx_word' id='word_1_689' title='bbox 1859 1440 1917 1468; x_wconf 72' lang='lat' dir='ltr'><strong>dte-</strong></span> 
     </span>
    </p>
   </div>
   <div class='ocr_carea' id='block_1_89' title="bbox 1127 1481 1919 1523">
    <p class='ocr_par' dir='ltr' id='par_1_89' title="bbox 1127 1481 1919 1523">
     <span class='ocr_line' id='line_1_89' title="bbox 1127 1481 1919 1523; baseline 0.006 -14"><span class='ocrx_word' id='word_1_690' title='bbox 1127 1489 1223 1510; x_wconf 83' lang='lat' dir='ltr'><strong>mones</strong></span> <span class='ocrx_word' id='word_1_691' title='bbox 1245 1481 1410 1510; x_wconf 86' lang='lat' dir='ltr'><strong>divinitatem</strong></span> <span class='ocrx_word' id='word_1_692' title='bbox 1424 1483 1483 1518; x_wconf 91' lang='lat' dir='ltr'><strong>ejus</strong></span> <span class='ocrx_word' id='word_1_693' title='bbox 1503 1485 1698 1519; x_wconf 75' lang='lat' dir='ltr'><strong>pneuicantes:</strong></span> <span class='ocrx_word' id='word_1_694' title='bbox 1712 1490 1740 1514; x_wconf 90' lang='lat' dir='ltr'><strong>et</strong></span> <span class='ocrx_word' id='word_1_695' title='bbox 1760 1486 1804 1521; x_wconf 87' lang='lat' dir='ltr'><strong>qui</strong></span> <span class='ocrx_word' id='word_1_696' title='bbox 1817 1487 1919 1523; x_wconf 78' lang='lat' dir='ltr'><strong>agitato</strong></span> 
     </span>
    </p>
   </div>
   <div class='ocr_carea' id='block_1_90' title="bbox 1128 1529 1917 1566">
    <p class='ocr_par' dir='ltr' id='par_1_90' title="bbox 1128 1529 1917 1566">
     <span class='ocr_line' id='line_1_90' title="bbox 1128 1529 1917 1566; baseline 0.009 -11"><span class='ocrx_word' id='word_1_697' title='bbox 1128 1533 1273 1564; x_wconf 84' lang='lat' dir='ltr'><strong>posteaque</strong></span> <span class='ocrx_word' id='word_1_698' title='bbox 1286 1529 1379 1557; x_wconf 85' lang='lat' dir='ltr'><strong>sedato</strong></span> <span class='ocrx_word' id='word_1_699' title='bbox 1392 1531 1459 1558; x_wconf 89' lang='lat' dir='ltr'><strong>mari</strong></span> <span class='ocrx_word' id='word_1_700' title='bbox 1478 1538 1533 1558; x_wconf 88' lang='lat' dir='ltr'><strong>non</strong></span> <span class='ocrx_word' id='word_1_701' title='bbox 1549 1531 1699 1566; x_wconf 88' lang='lat' dir='ltr'><strong>audierant,</strong></span> <span class='ocrx_word' id='word_1_702' title='bbox 1713 1532 1849 1562; x_wconf 67' lang='lat' dir='ltr'><strong>daemonas</strong></span> <span class='ocrx_word' id='word_1_703' title='bbox 1863 1533 1917 1562; x_wconf 89' lang='lat' dir='ltr'><strong>hoc</strong></span> 
     </span>
    </p>
   </div>
   <div class='ocr_carea' id='block_1_91' title="bbox 1126 1574 1916 1615">
    <p class='ocr_par' dir='ltr' id='par_1_91' title="bbox 1126 1574 1916 1615">
     <span class='ocr_line' id='line_1_91' title="bbox 1126 1574 1916 1615; baseline 0.01 -14"><span class='ocrx_word' id='word_1_704' title='bbox 1126 1574 1275 1603; x_wconf 80' lang='lat' dir='ltr'><strong>clamantes</strong></span> <span class='ocrx_word' id='word_1_705' title='bbox 1288 1575 1439 1610; x_wconf 88' lang='lat' dir='ltr'><strong>audierunt,</strong></span> <span class='ocrx_word' id='word_1_706' title='bbox 1459 1577 1530 1613; x_wconf 88' lang='lat' dir='ltr'><strong>quod</strong></span> <span class='ocrx_word' id='word_1_707' title='bbox 1544 1585 1618 1606; x_wconf 86' lang='lat' dir='ltr'><strong>mare</strong></span> <span class='ocrx_word' id='word_1_708' title='bbox 1633 1580 1802 1615; x_wconf 84' lang='lat' dir='ltr'><strong>tranquillum</strong></span> <span class='ocrx_word' id='word_1_709' title='bbox 1815 1580 1916 1609; x_wconf 86' lang='lat' dir='ltr'><strong>factum</strong></span> 
     </span>
    </p>
   </div>
   <div class='ocr_carea' id='block_1_92' title="bbox 1126 1620 1915 1659">
    <p class='ocr_par' dir='ltr' id='par_1_92' title="bbox 1126 1620 1915 1659">
     <span class='ocr_line' id='line_1_92' title="bbox 1126 1620 1915 1659; baseline 0.009 -12"><span class='ocrx_word' id='word_1_710' title='bbox 1126 1620 1325 1654; x_wconf 66' lang='lat' dir='ltr'><strong>praedicaverat.</strong></span> <span class='ocrx_word' id='word_1_711' title='bbox 1341 1622 1440 1650; x_wconf 89' lang='lat' dir='ltr'><strong>Deinde</strong></span> <span class='ocrx_word' id='word_1_712' title='bbox 1453 1631 1488 1650; x_wconf 89' lang='lat' dir='ltr'><strong>ne</strong></span> <span class='ocrx_word' id='word_1_713' title='bbox 1502 1622 1553 1651; x_wconf 93' lang='lat' dir='ltr'><strong>hoc</strong></span> <span class='ocrx_word' id='word_1_714' title='bbox 1566 1632 1615 1659; x_wconf 87' lang='lat' dir='ltr'><strong>per</strong></span> <span class='ocrx_word' id='word_1_715' title='bbox 1623 1625 1802 1653; x_wconf 89' lang='lat' dir='ltr'><strong>adulationem</strong></span> <span class='ocrx_word' id='word_1_716' title='bbox 1811 1625 1915 1655; x_wconf 85' lang='lat' dir='ltr'><strong>dictum</strong></span> 
     </span>
    </p>
   </div>
   <div class='ocr_carea' id='block_1_93' title="bbox 1126 1667 1914 1705">
    <p class='ocr_par' dir='ltr' id='par_1_93' title="bbox 1126 1667 1914 1705">
     <span class='ocr_line' id='line_1_93' title="bbox 1126 1667 1914 1705; baseline 0.009 -11"><span class='ocrx_word' id='word_1_717' title='bbox 1126 1667 1272 1701; x_wconf 87' lang='lat' dir='ltr'><strong>videretur,</strong></span> <span class='ocrx_word' id='word_1_718' title='bbox 1286 1675 1318 1695; x_wconf 80' lang='lat' dir='ltr'><strong>ex</strong></span> <span class='ocrx_word' id='word_1_719' title='bbox 1332 1676 1423 1696; x_wconf 88' lang='lat' dir='ltr'><strong>rerum</strong></span> <span class='ocrx_word' id='word_1_720' title='bbox 1433 1670 1618 1705; x_wconf 85' lang='lat' dir='ltr'><strong>experimento</strong></span> <span class='ocrx_word' id='word_1_721' title='bbox 1630 1671 1747 1699; x_wconf 87' lang='lat' dir='ltr'><strong>clamant</strong></span> <span class='ocrx_word' id='word_1_722' title='bbox 1758 1673 1799 1700; x_wconf 91' lang='lat' dir='ltr'><strong>his</strong></span> <span class='ocrx_word' id='word_1_723' title='bbox 1810 1672 1914 1702; x_wconf 83' lang='lat' dir='ltr'><strong>verbis:</strong></span> 
     </span>
    </p>
   </div>
   <div class='ocr_carea' id='block_1_94' title="bbox 1130 1711 1913 1753">
    <p class='ocr_par' dir='ltr' id='par_1_94' title="bbox 1130 1711 1913 1753">
     <span class='ocr_line' id='line_1_94' title="bbox 1130 1711 1913 1753; baseline 0.01 -14"><span class='ocrx_word' id='word_1_724' title='bbox 1130 1711 1285 1740; x_wconf 80' lang='lat' dir='ltr'><strong>Venisti/mc</strong></span> <span class='ocrx_word' id='word_1_725' title='bbox 1305 1718 1364 1740; x_wconf 83' lang='lat' dir='ltr'><strong>ante</strong></span> <span class='ocrx_word' id='word_1_726' title='bbox 1377 1718 1476 1750; x_wconf 76' lang='lat' dir='ltr'><strong>tempus</strong></span> <span class='ocrx_word' id='word_1_727' title='bbox 1486 1719 1600 1751; x_wconf 78' lang='lat' dir='ltr'><strong>torquere</strong></span> <span class='ocrx_word' id='word_1_728' title='bbox 1613 1725 1670 1745; x_wconf 76' lang='lat' dir='ltr'><strong>nos.</strong></span> <span class='ocrx_word' id='word_1_729' title='bbox 1689 1717 1751 1746; x_wconf 89' lang='lat' dir='ltr'><strong>Ideo</strong></span> <span class='ocrx_word' id='word_1_730' title='bbox 1764 1719 1839 1753; x_wconf 89' lang='lat' dir='ltr'><strong>prius</strong></span> <span class='ocrx_word' id='word_1_731' title='bbox 1858 1719 1913 1747; x_wconf 85' lang='lat' dir='ltr'><strong>ini-</strong></span> 
     </span>
    </p>
   </div>
   <div class='ocr_carea' id='block_1_95' title="bbox 1125 1758 1914 1800">
    <p class='ocr_par' dir='ltr' id='par_1_95' title="bbox 1125 1758 1914 1800">
     <span class='ocr_line' id='line_1_95' title="bbox 1125 1758 1914 1800; baseline 0.011 -15"><span class='ocrx_word' id='word_1_732' title='bbox 1125 1758 1252 1786; x_wconf 89' lang='lat' dir='ltr'><strong>micitiam</strong></span> <span class='ocrx_word' id='word_1_733' title='bbox 1265 1759 1393 1794; x_wconf 80' lang='lat' dir='ltr'><strong>fatentur,</strong></span> <span class='ocrx_word' id='word_1_734' title='bbox 1408 1770 1442 1789; x_wconf 93' lang='lat' dir='ltr'><strong>ne</strong></span> <span class='ocrx_word' id='word_1_735' title='bbox 1454 1768 1578 1798; x_wconf 86' lang='lat' dir='ltr'><strong>suspecta</strong></span> <span class='ocrx_word' id='word_1_736' title='bbox 1592 1771 1685 1792; x_wconf 90' lang='lat' dir='ltr'><strong>eorum</strong></span> <span class='ocrx_word' id='word_1_737' title='bbox 1701 1766 1860 1800; x_wconf 85' lang='lat' dir='ltr'><strong>supplicatio</strong></span> <span class='ocrx_word' id='word_1_738' title='bbox 1873 1765 1914 1794; x_wconf 84' lang='lat' dir='ltr'><strong>vi-</strong></span> 
     </span>
    </p>
   </div>
   <div class='ocr_carea' id='block_1_96' title="bbox 1125 1805 1912 1848">
    <p class='ocr_par' dir='ltr' id='par_1_96' title="bbox 1125 1805 1912 1848">
     <span class='ocr_line' id='line_1_96' title="bbox 1125 1805 1912 1848; baseline 0.01 -15"><span class='ocrx_word' id='word_1_739' title='bbox 1125 1805 1245 1835; x_wconf 88' lang='lat' dir='ltr'><strong>deretur.</strong></span> <span class='ocrx_word' id='word_1_740' title='bbox 1260 1807 1365 1835; x_wconf 87' lang='lat' dir='ltr'><strong>Etenim</strong></span> <span class='ocrx_word' id='word_1_741' title='bbox 1379 1808 1550 1838; x_wconf 67' lang='lat' dir='ltr'><strong>invisibiliter</strong></span> <span class='ocrx_word' id='word_1_742' title='bbox 1564 1811 1786 1845; x_wconf 86' lang='lat' dir='ltr'><strong>verberabantur,</strong></span> <span class='ocrx_word' id='word_1_743' title='bbox 1808 1816 1836 1840; x_wconf 87' lang='lat' dir='ltr'><strong>et</strong></span> <span class='ocrx_word' id='word_1_744' title='bbox 1850 1813 1912 1848; x_wconf 89' lang='lat' dir='ltr'><strong>plus</strong></span> 
     </span>
    </p>
   </div>
   <div class='ocr_carea' id='block_1_97' title="bbox 1123 1853 1912 1895">
    <p class='ocr_par' dir='ltr' id='par_1_97' title="bbox 1123 1853 1912 1895">
     <span class='ocr_line' id='line_1_97' title="bbox 1123 1853 1912 1895; baseline 0.011 -16"><span class='ocrx_word' id='word_1_745' title='bbox 1123 1859 1203 1887; x_wconf 87' lang='lat' dir='ltr'><strong>quam</strong></span> <span class='ocrx_word' id='word_1_746' title='bbox 1219 1860 1292 1881; x_wconf 84' lang='lat' dir='ltr'><strong>mare</strong></span> <span class='ocrx_word' id='word_1_747' title='bbox 1305 1853 1468 1882; x_wconf 84' lang='lat' dir='ltr'><strong>ﬂuctuabant</strong></span> <span class='ocrx_word' id='word_1_748' title='bbox 1480 1856 1591 1890; x_wconf 86' lang='lat' dir='ltr'><strong>conﬁxi,</strong></span> <span class='ocrx_word' id='word_1_749' title='bbox 1614 1858 1757 1892; x_wconf 89' lang='lat' dir='ltr'><strong>combusti,</strong></span> <span class='ocrx_word' id='word_1_750' title='bbox 1773 1864 1855 1895; x_wconf 87' lang='lat' dir='ltr'><strong>atque</strong></span> <span class='ocrx_word' id='word_1_751' title='bbox 1877 1867 1912 1888; x_wconf 77' lang='lat' dir='ltr'><strong>ex</strong></span> 
     </span>
    </p>
   </div>
   <div class='ocr_carea' id='block_1_98' title="bbox 1118 1899 1910 1938">
    <p class='ocr_par' dir='ltr' id='par_1_98' title="bbox 1118 1899 1910 1938">
     <span class='ocr_line' id='line_1_98' title="bbox 1118 1899 1910 1938; baseline 0.005 -9"><span class='ocrx_word' id='word_1_752' title='bbox 1118 1899 1348 1936; x_wconf 65' lang='lat' dir='ltr'><strong>sola‘praaseutia</strong></span> <span class='ocrx_word' id='word_1_753' title='bbox 1372 1902 1551 1930; x_wconf 87' lang='lat' dir='ltr'><strong>intolerabilia</strong></span> <span class='ocrx_word' id='word_1_754' title='bbox 1578 1904 1719 1938; x_wconf 70' lang='lat' dir='ltr'><strong>patientes.</strong></span> <span class='ocrx_word' id='word_1_755' title='bbox 1744 1905 1810 1938; x_wconf 46' lang='lat' dir='ltr'><strong>quia</strong></span> <span class='ocrx_word' id='word_1_756' title='bbox 1835 1913 1910 1934; x_wconf 83' lang='lat' dir='ltr'><strong>etum</strong></span> 
     </span>
    </p>
   </div>
   <div class='ocr_carea' id='block_1_99' title="bbox 1121 1945 1911 1984">
    <p class='ocr_par' dir='ltr' id='par_1_99' title="bbox 1121 1945 1911 1984">
     <span class='ocr_line' id='line_1_99' title="bbox 1121 1945 1911 1984; baseline 0.011 -12"><span class='ocrx_word' id='word_1_757' title='bbox 1121 1945 1302 1974; x_wconf 72' lang='lat' dir='ltr'><strong>dminoniacos</strong></span> <span class='ocrx_word' id='word_1_758' title='bbox 1317 1947 1377 1974; x_wconf 89' lang='lat' dir='ltr'><strong>illos</strong></span> <span class='ocrx_word' id='word_1_759' title='bbox 1390 1956 1469 1976; x_wconf 92' lang='lat' dir='ltr'><strong>nemo</strong></span> <span class='ocrx_word' id='word_1_760' title='bbox 1481 1949 1578 1977; x_wconf 82' lang='lat' dir='ltr'><strong>offerre</strong></span> <span class='ocrx_word' id='word_1_761' title='bbox 1593 1951 1717 1984; x_wconf 88' lang='lat' dir='ltr'><strong>audebat,</strong></span> <span class='ocrx_word' id='word_1_762' title='bbox 1741 1951 1864 1981; x_wconf 84' lang='lat' dir='ltr'><strong>Christus</strong></span> <span class='ocrx_word' id='word_1_763' title='bbox 1878 1953 1911 1981; x_wconf 88' lang='lat' dir='ltr'><strong>il-</strong></span> 
     </span>
    </p>
   </div>
   <div class='ocr_carea' id='block_1_100' title="bbox 1122 1990 1908 2030">
    <p class='ocr_par' dir='ltr' id='par_1_100' title="bbox 1122 1990 1908 2030">
     <span class='ocr_line' id='line_1_100' title="bbox 1122 1990 1908 2030; baseline 0.013 -13"><span class='ocrx_word' id='word_1_764' title='bbox 1122 1990 1164 2018; x_wconf 90' lang='lat' dir='ltr'><strong>los</strong></span> <span class='ocrx_word' id='word_1_765' title='bbox 1177 1991 1243 2018; x_wconf 89' lang='lat' dir='ltr'><strong>adit.</strong></span> <span class='ocrx_word' id='word_1_766' title='bbox 1260 1992 1292 2020; x_wconf 88' lang='lat' dir='ltr'><strong>Et</strong></span> <span class='ocrx_word' id='word_1_767' title='bbox 1305 1992 1444 2021; x_wconf 66' lang='lat' dir='ltr'><strong>Matthaeus</strong></span> <span class='ocrx_word' id='word_1_768' title='bbox 1458 1995 1566 2030; x_wconf 92' lang='lat' dir='ltr'><strong>quidem</strong></span> <span class='ocrx_word' id='word_1_769' title='bbox 1593 1997 1686 2024; x_wconf 87' lang='lat' dir='ltr'><strong>scribit</strong></span> <span class='ocrx_word' id='word_1_770' title='bbox 1699 1997 1800 2026; x_wconf 84' lang='lat' dir='ltr'><strong>dixisse</strong></span> <span class='ocrx_word' id='word_1_771' title='bbox 1822 1999 1885 2027; x_wconf 85' lang='lat' dir='ltr'><strong>illos</strong></span> <span class='ocrx_word' id='word_1_772' title='bbox 1900 2009 1908 2027; x_wconf 86' lang='lat'><strong>:</strong></span> 
     </span>
    </p>
   </div>
   <div class='ocr_carea' id='block_1_101' title="bbox 1126 2035 1912 2076">
    <p class='ocr_par' dir='ltr' id='par_1_101' title="bbox 1126 2035 1912 2076">
     <span class='ocr_line' id='line_1_101' title="bbox 1126 2035 1912 2076; baseline 0.014 -13"><span class='ocrx_word' id='word_1_773' title='bbox 1126 2035 1222 2064; x_wconf 77' lang='lat' dir='ltr'><strong>Venisti</strong></span> <span class='ocrx_word' id='word_1_774' title='bbox 1235 2038 1284 2064; x_wconf 85' lang='lat' dir='ltr'><strong>huc</strong></span> <span class='ocrx_word' id='word_1_775' title='bbox 1297 2043 1356 2066; x_wconf 87' lang='lat' dir='ltr'><strong>ante</strong></span> <span class='ocrx_word' id='word_1_776' title='bbox 1375 2044 1473 2075; x_wconf 80' lang='lat' dir='ltr'><strong>tempus</strong></span> <span class='ocrx_word' id='word_1_777' title='bbox 1489 2045 1604 2076; x_wconf 82' lang='lat' dir='ltr'><strong>torquere</strong></span> <span class='ocrx_word' id='word_1_778' title='bbox 1623 2051 1687 2075; x_wconf 78' lang='lat' dir='ltr'><strong>nos;</strong></span> <span class='ocrx_word' id='word_1_779' title='bbox 1700 2043 1745 2071; x_wconf 88' lang='lat' dir='ltr'><strong>alii</strong></span> <span class='ocrx_word' id='word_1_780' title='bbox 1760 2053 1823 2072; x_wconf 93' lang='lat' dir='ltr'><strong>vero</strong></span> <span class='ocrx_word' id='word_1_781' title='bbox 1834 2046 1912 2074; x_wconf 86' lang='lat' dir='ltr'><strong>addi-</strong></span> 
     </span>
    </p>
   </div>
   <div class='ocr_carea' id='block_1_102' title="bbox 1120 2083 1910 2123">
    <p class='ocr_par' dir='ltr' id='par_1_102' title="bbox 1120 2083 1910 2123">
     <span class='ocr_line' id='line_1_102' title="bbox 1120 2083 1910 2123; baseline 0.013 -12"><span class='ocrx_word' id='word_1_782' title='bbox 1120 2083 1226 2116; x_wconf 86' lang='lat' dir='ltr'><strong>derunt,</strong></span> <span class='ocrx_word' id='word_1_783' title='bbox 1244 2091 1292 2112; x_wconf 86' lang='lat' dir='ltr'><strong>eos</strong></span> <span class='ocrx_word' id='word_1_784' title='bbox 1316 2085 1453 2120; x_wconf 87' lang='lat' dir='ltr'><strong>adjurasse</strong></span> <span class='ocrx_word' id='word_1_785' title='bbox 1481 2094 1513 2114; x_wconf 88' lang='lat' dir='ltr'><strong>ac</strong></span> <span class='ocrx_word' id='word_1_786' title='bbox 1539 2096 1648 2123; x_wconf 81' lang='lat' dir='ltr'><strong>rogasse</strong></span> <span class='ocrx_word' id='word_1_787' title='bbox 1672 2089 1746 2118; x_wconf 92' lang='lat' dir='ltr'><strong>illum</strong></span> <span class='ocrx_word' id='word_1_788' title='bbox 1777 2099 1810 2119; x_wconf 90' lang='lat' dir='ltr'><strong>ne</strong></span> <span class='ocrx_word' id='word_1_789' title='bbox 1834 2100 1864 2120; x_wconf 90' lang='lat' dir='ltr'><strong>se</strong></span> <span class='ocrx_word' id='word_1_790' title='bbox 1882 2092 1910 2120; x_wconf 90' lang='lat' dir='ltr'><strong>in</strong></span> 
     </span>
    </p>
   </div>
   <div class='ocr_carea' id='block_1_103' title="bbox 1118 2130 1911 2172">
    <p class='ocr_par' dir='ltr' id='par_1_103' title="bbox 1118 2130 1911 2172">
     <span class='ocr_line' id='line_1_103' title="bbox 1118 2130 1911 2172; baseline 0.015 -17"><span class='ocrx_word' id='word_1_791' title='bbox 1118 2130 1245 2164; x_wconf 78' lang='lat' dir='ltr'><strong>abySSum</strong></span> <span class='ocrx_word' id='word_1_792' title='bbox 1260 2131 1425 2166; x_wconf 89' lang='lat' dir='ltr'><strong>conjicerct:</strong></span> <span class='ocrx_word' id='word_1_793' title='bbox 1441 2134 1569 2167; x_wconf 84' lang='lat' dir='ltr'><strong>putabant</strong></span> <span class='ocrx_word' id='word_1_794' title='bbox 1580 2136 1652 2163; x_wconf 88' lang='lat' dir='ltr'><strong>enim</strong></span> <span class='ocrx_word' id='word_1_795' title='bbox 1672 2136 1726 2172; x_wconf 81' lang='lat' dir='ltr'><strong>jam</strong></span> <span class='ocrx_word' id='word_1_796' title='bbox 1743 2138 1843 2166; x_wconf 86' lang='lat' dir='ltr'><strong>instare</strong></span> <span class='ocrx_word' id='word_1_797' title='bbox 1857 2139 1911 2167; x_wconf 84' lang='lat' dir='ltr'><strong>sibi</strong></span> 
     </span>
    </p>
   </div>
   <div class='ocr_carea' id='block_1_104' title="bbox 1119 2179 1911 2218">
    <p class='ocr_par' dir='ltr' id='par_1_104' title="bbox 1119 2179 1911 2218">
     <span class='ocr_line' id='line_1_104' title="bbox 1119 2179 1911 2218; baseline 0.015 -14"><span class='ocrx_word' id='word_1_798' title='bbox 1119 2179 1289 2214; x_wconf 86' lang='lat' dir='ltr'><strong>supplicium.</strong></span> <span class='ocrx_word' id='word_1_799' title='bbox 1304 2184 1331 2207; x_wconf 91' lang='lat' dir='ltr'><strong>et</strong></span> <span class='ocrx_word' id='word_1_800' title='bbox 1345 2181 1562 2217; x_wconf 75' lang='lat' dir='ltr'><strong>timebantquasi</strong></span> <span class='ocrx_word' id='word_1_801' title='bbox 1573 2183 1629 2218; x_wconf 86' lang='lat' dir='ltr'><strong>jam</strong></span> <span class='ocrx_word' id='word_1_802' title='bbox 1652 2185 1678 2212; x_wconf 92' lang='lat' dir='ltr'><strong>in</strong></span> <span class='ocrx_word' id='word_1_803' title='bbox 1702 2190 1835 2214; x_wconf 85' lang='lat' dir='ltr'><strong>tormenta</strong></span> <span class='ocrx_word' id='word_1_804' title='bbox 1857 2186 1911 2216; x_wconf 83' lang='lat' dir='ltr'><strong>de-</strong></span> 
     </span>
    </p>
   </div>
   <div class='ocr_carea' id='block_1_105' title="bbox 1119 2224 1909 2268">
    <p class='ocr_par' dir='ltr' id='par_1_105' title="bbox 1119 2224 1909 2268">
     <span class='ocr_line' id='line_1_105' title="bbox 1119 2224 1909 2268; baseline 0.014 -17"><span class='ocrx_word' id='word_1_805' title='bbox 1119 2224 1203 2251; x_wconf 85' lang='lat' dir='ltr'><strong>missi.</strong></span> <span class='ocrx_word' id='word_1_806' title='bbox 1215 2224 1290 2258; x_wconf 86' lang='lat' dir='ltr'><strong>Quod</strong></span> <span class='ocrx_word' id='word_1_807' title='bbox 1304 2227 1326 2253; x_wconf 91' lang='lat' dir='ltr'><strong>si</strong></span> <span class='ocrx_word' id='word_1_808' title='bbox 1336 2225 1421 2254; x_wconf 87' lang='lat' dir='ltr'><strong>Lucas</strong></span> <span class='ocrx_word' id='word_1_809' title='bbox 1432 2227 1506 2264; x_wconf 83' lang='lat' dir='ltr'><strong>(Cap.</strong></span> <span class='ocrx_word' id='word_1_810' title='bbox 1516 2229 1544 2264; x_wconf 89' lang='lat'>8)</span> <span class='ocrx_word' id='word_1_811' title='bbox 1556 2238 1635 2258; x_wconf 93' lang='lat' dir='ltr'><strong>unum</strong></span> <span class='ocrx_word' id='word_1_812' title='bbox 1648 2236 1749 2259; x_wconf 86' lang='lat' dir='ltr'><strong>tantum</strong></span> <span class='ocrx_word' id='word_1_813' title='bbox 1761 2239 1909 2268; x_wconf 89' lang='lat' dir='ltr'><strong>memoret,</strong></span> 
     </span>
    </p>
   </div>
   <div class='ocr_carea' id='block_1_106' title="bbox 1120 2270 1908 2313">
    <p class='ocr_par' dir='ltr' id='par_1_106' title="bbox 1120 2270 1908 2313">
     <span class='ocr_line' id='line_1_106' title="bbox 1120 2270 1908 2313; baseline 0.015 -17"><span class='ocrx_word' id='word_1_814' title='bbox 1120 2270 1163 2297; x_wconf 92' lang='lat' dir='ltr'><strong>hic</strong></span> <span class='ocrx_word' id='word_1_815' title='bbox 1177 2275 1267 2298; x_wconf 90' lang='lat' dir='ltr'><strong>autem</strong></span> <span class='ocrx_word' id='word_1_816' title='bbox 1280 2272 1358 2306; x_wconf 89' lang='lat' dir='ltr'><strong>duos,</strong></span> <span class='ocrx_word' id='word_1_817' title='bbox 1374 2281 1462 2309; x_wconf 84' lang='lat' dir='ltr'><strong>neque</strong></span> <span class='ocrx_word' id='word_1_818' title='bbox 1476 2275 1514 2302; x_wconf 87' lang='lat' dir='ltr'><strong>sic</strong></span> <span class='ocrx_word' id='word_1_819' title='bbox 1527 2276 1688 2304; x_wconf 85' lang='lat' dir='ltr'><strong>dissonantia</strong></span> <span class='ocrx_word' id='word_1_820' title='bbox 1703 2278 1790 2313; x_wconf 89' lang='lat' dir='ltr'><strong>aliqua</strong></span> <span class='ocrx_word' id='word_1_821' title='bbox 1804 2279 1908 2308; x_wconf 89' lang='lat' dir='ltr'><strong>indica-</strong></span> 
     </span>
    </p>
   </div>
   <div class='ocr_carea' id='block_1_107' title="bbox 1120 2317 1908 2357">
    <p class='ocr_par' dir='ltr' id='par_1_107' title="bbox 1120 2317 1908 2357">
     <span class='ocr_line' id='line_1_107' title="bbox 1120 2317 1908 2357; baseline 0.014 -13"><span class='ocrx_word' id='word_1_822' title='bbox 1120 2321 1174 2345; x_wconf 90' lang='lat' dir='ltr'><strong>lur.</strong></span> <span class='ocrx_word' id='word_1_823' title='bbox 1195 2317 1223 2346; x_wconf 88' lang='lat' dir='ltr'><strong>Si</strong></span> <span class='ocrx_word' id='word_1_824' title='bbox 1235 2319 1306 2346; x_wconf 87' lang='lat' dir='ltr'><strong>ettim</strong></span> <span class='ocrx_word' id='word_1_825' title='bbox 1321 2319 1444 2354; x_wconf 85' lang='lat' dir='ltr'><strong>dixisset,</strong></span> <span class='ocrx_word' id='word_1_826' title='bbox 1462 2330 1542 2349; x_wconf 91' lang='lat' dir='ltr'><strong>unum</strong></span> <span class='ocrx_word' id='word_1_827' title='bbox 1557 2327 1659 2350; x_wconf 92' lang='lat' dir='ltr'><strong>tantum</strong></span> <span class='ocrx_word' id='word_1_828' title='bbox 1671 2323 1762 2357; x_wconf 90' lang='lat' dir='ltr'><strong>fuisse,</strong></span> <span class='ocrx_word' id='word_1_829' title='bbox 1780 2333 1830 2354; x_wconf 91' lang='lat' dir='ltr'><strong>nec</strong></span> <span class='ocrx_word' id='word_1_830' title='bbox 1844 2326 1908 2355; x_wconf 87' lang='lat' dir='ltr'><strong>alte-</strong></span> 
     </span>
    </p>
   </div>
   <div class='ocr_carea' id='block_1_108' title="bbox 1119 2365 1907 2401">
    <p class='ocr_par' dir='ltr' id='par_1_108' title="bbox 1119 2365 1907 2401">
     <span class='ocr_line' id='line_1_108' title="bbox 1119 2365 1907 2401; baseline 0.011 -10"><span class='ocrx_word' id='word_1_831' title='bbox 1119 2372 1177 2392; x_wconf 92' lang='lat' dir='ltr'><strong>rum</strong></span> <span class='ocrx_word' id='word_1_832' title='bbox 1192 2365 1338 2398; x_wconf 89' lang='lat' dir='ltr'><strong>exstitisse,</strong></span> <span class='ocrx_word' id='word_1_833' title='bbox 1354 2371 1417 2394; x_wconf 91' lang='lat' dir='ltr'><strong>tunc</strong></span> <span class='ocrx_word' id='word_1_834' title='bbox 1427 2368 1561 2396; x_wconf 81' lang='lat' dir='ltr'><strong>videretur</strong></span> <span class='ocrx_word' id='word_1_835' title='bbox 1575 2377 1589 2396; x_wconf 90' lang='lat' dir='ltr'><strong>a</strong></span> <span class='ocrx_word' id='word_1_836' title='bbox 1604 2369 1729 2398; x_wconf 73' lang='lat' dir='ltr'><strong>Matthzeo</strong></span> <span class='ocrx_word' id='word_1_837' title='bbox 1742 2371 1852 2400; x_wconf 71' lang='lat' dir='ltr'><strong>differre</strong></span> <span class='ocrx_word' id='word_1_838' title='bbox 1873 2374 1884 2389; x_wconf 84' lang='grc'>³</span> <span class='ocrx_word' id='word_1_839' title='bbox 1897 2381 1907 2401; x_wconf 82' lang='lat'><strong>:</strong></span> 
     </span>
    </p>
   </div>
   <div class='ocr_carea' id='block_1_109' title="bbox 1116 2411 1907 2453">
    <p class='ocr_par' dir='ltr' id='par_1_109' title="bbox 1116 2411 1907 2453">
     <span class='ocr_line' id='line_1_109' title="bbox 1116 2411 1907 2453; baseline 0.014 -17"><span class='ocrx_word' id='word_1_840' title='bbox 1116 2417 1178 2437; x_wconf 88' lang='lat' dir='ltr'><strong>cum</strong></span> <span class='ocrx_word' id='word_1_841' title='bbox 1189 2418 1253 2438; x_wconf 85' lang='lat' dir='ltr'><strong>vero</strong></span> <span class='ocrx_word' id='word_1_842' title='bbox 1263 2411 1308 2438; x_wconf 91' lang='lat' dir='ltr'><strong>ille</strong></span> <span class='ocrx_word' id='word_1_843' title='bbox 1328 2420 1421 2445; x_wconf 92' lang='lat' dir='ltr'><strong>unum,</strong></span> <span class='ocrx_word' id='word_1_844' title='bbox 1438 2413 1481 2441; x_wconf 91' lang='lat' dir='ltr'><strong>hic</strong></span> <span class='ocrx_word' id='word_1_845' title='bbox 1495 2415 1563 2442; x_wconf 90' lang='lat' dir='ltr'><strong>duos</strong></span> <span class='ocrx_word' id='word_1_846' title='bbox 1578 2421 1726 2450; x_wconf 91' lang='lat' dir='ltr'><strong>memorat,</strong></span> <span class='ocrx_word' id='word_1_847' title='bbox 1741 2425 1794 2445; x_wconf 90' lang='lat' dir='ltr'><strong>non</strong></span> <span class='ocrx_word' id='word_1_848' title='bbox 1818 2426 1907 2453; x_wconf 85' lang='lat' dir='ltr'><strong>pugna</strong></span> 
     </span>
    </p>
   </div>
   <div class='ocr_carea' id='block_1_110' title="bbox 1118 2455 1907 2492">
    <p class='ocr_par' dir='ltr' id='par_1_110' title="bbox 1118 2455 1907 2492">
     <span class='ocr_line' id='line_1_110' title="bbox 1118 2455 1907 2492; baseline 0.013 -10"><span class='ocrx_word' id='word_1_849' title='bbox 1118 2455 1176 2483; x_wconf 76' lang='lat' dir='ltr'><strong>haec</strong></span> <span class='ocrx_word' id='word_1_850' title='bbox 1189 2460 1250 2490; x_wconf 88' lang='lat' dir='ltr'><strong>est,</strong></span> <span class='ocrx_word' id='word_1_851' title='bbox 1276 2457 1324 2485; x_wconf 92' lang='lat' dir='ltr'><strong>sed</strong></span> <span class='ocrx_word' id='word_1_852' title='bbox 1338 2457 1487 2486; x_wconf 73' lang='lat' dir='ltr'><strong>differentia</strong></span> <span class='ocrx_word' id='word_1_853' title='bbox 1504 2461 1639 2489; x_wconf 89' lang='lat' dir='ltr'><strong>narrandi.</strong></span> <span class='ocrx_word' id='word_1_854' title='bbox 1655 2462 1718 2490; x_wconf 88' lang='lat' dir='ltr'><strong>Mihi</strong></span> <span class='ocrx_word' id='word_1_855' title='bbox 1743 2463 1814 2491; x_wconf 91' lang='lat' dir='ltr'><strong>enim</strong></span> <span class='ocrx_word' id='word_1_856' title='bbox 1829 2464 1907 2492; x_wconf 90' lang='lat' dir='ltr'><strong>vide-</strong></span> 
     </span>
    </p>
   </div>
   <div class='ocr_carea' id='block_1_111' title="bbox 1117 2502 1906 2545">
    <p class='ocr_par' dir='ltr' id='par_1_111' title="bbox 1117 2502 1906 2545">
     <span class='ocr_line' id='line_1_111' title="bbox 1117 2502 1906 2545; baseline 0.013 -17"><span class='ocrx_word' id='word_1_857' title='bbox 1117 2506 1160 2528; x_wconf 87' lang='lat' dir='ltr'><strong>tur</strong></span> <span class='ocrx_word' id='word_1_858' title='bbox 1181 2502 1266 2530; x_wconf 82' lang='lat' dir='ltr'><strong>Lucas</strong></span> <span class='ocrx_word' id='word_1_859' title='bbox 1279 2504 1411 2532; x_wconf 87' lang='lat' dir='ltr'><strong>acriorem</strong></span> <span class='ocrx_word' id='word_1_860' title='bbox 1434 2505 1477 2532; x_wconf 90' lang='lat' dir='ltr'><strong>hie</strong></span> <span class='ocrx_word' id='word_1_861' title='bbox 1503 2508 1706 2535; x_wconf 88' lang='lat' dir='ltr'><strong>memorandum</strong></span> <span class='ocrx_word' id='word_1_862' title='bbox 1729 2511 1882 2545; x_wconf 77' lang='lat' dir='ltr'><strong>su~cepisse</strong></span> <span class='ocrx_word' id='word_1_863' title='bbox 1899 2519 1906 2542; x_wconf 85' lang='lat'><strong>;</strong></span> 
     </span>
    </p>
   </div>
   <div class='ocr_carea' id='block_1_112' title="bbox 1115 2550 1907 2590">
    <p class='ocr_par' dir='ltr' id='par_1_112' title="bbox 1115 2550 1907 2590">
     <span class='ocr_line' id='line_1_112' title="bbox 1115 2550 1907 2590; baseline 0.014 -17"><span class='ocrx_word' id='word_1_864' title='bbox 1115 2553 1279 2584; x_wconf 90' lang='lat' dir='ltr'><strong>quapropter</strong></span> <span class='ocrx_word' id='word_1_865' title='bbox 1293 2550 1377 2585; x_wconf 81' lang='lat' dir='ltr'><strong>magis</strong></span> <span class='ocrx_word' id='word_1_866' title='bbox 1398 2551 1524 2586; x_wconf 78' lang='lat' dir='ltr'><strong>tragicam</strong></span> <span class='ocrx_word' id='word_1_867' title='bbox 1549 2552 1677 2582; x_wconf 87' lang='lat' dir='ltr'><strong>describit</strong></span> <span class='ocrx_word' id='word_1_868' title='bbox 1701 2556 1881 2583; x_wconf 85' lang='lat' dir='ltr'><strong>calamitatem</strong></span> <span class='ocrx_word' id='word_1_869' title='bbox 1899 2579 1907 2590; x_wconf 90' lang='lat'><strong>,</strong></span> 
     </span>
    </p>
   </div>
   <div class='ocr_carea' id='block_1_113' title="bbox 1115 2593 1907 2637">
    <p class='ocr_par' dir='ltr' id='par_1_113' title="bbox 1115 2593 1907 2637">
     <span class='ocr_line' id='line_1_113' title="bbox 1115 2593 1907 2637; baseline 0.015 -18"><span class='ocrx_word' id='word_1_870' title='bbox 1115 2593 1186 2627; x_wconf 86' lang='lat' dir='ltr'><strong>quod</strong></span> <span class='ocrx_word' id='word_1_871' title='bbox 1209 2601 1306 2629; x_wconf 84' lang='lat' dir='ltr'><strong>nempe</strong></span> <span class='ocrx_word' id='word_1_872' title='bbox 1320 2596 1424 2624; x_wconf 84' lang='lat' dir='ltr'><strong>vincula</strong></span> <span class='ocrx_word' id='word_1_873' title='bbox 1436 2602 1464 2625; x_wconf 89' lang='lat' dir='ltr'><strong>et</strong></span> <span class='ocrx_word' id='word_1_874' title='bbox 1484 2603 1593 2627; x_wconf 84' lang='lat' dir='ltr'><strong>catenas</strong></span> <span class='ocrx_word' id='word_1_875' title='bbox 1605 2600 1772 2636; x_wconf 85' lang='lat' dir='ltr'><strong>dirumpens,</strong></span> <span class='ocrx_word' id='word_1_876' title='bbox 1789 2610 1838 2637; x_wconf 87' lang='lat' dir='ltr'><strong>per</strong></span> <span class='ocrx_word' id='word_1_877' title='bbox 1855 2603 1907 2630; x_wconf 87' lang='lat' dir='ltr'><strong>dc-</strong></span> 
     </span>
    </p>
   </div>
   <div class='ocr_carea' id='block_1_114' title="bbox 1115 2642 1903 2682">
    <p class='ocr_par' dir='ltr' id='par_1_114' title="bbox 1115 2642 1903 2682">
     <span class='ocr_line' id='line_1_114' title="bbox 1115 2642 1903 2682; baseline 0.016 -18"><span class='ocrx_word' id='word_1_878' title='bbox 1115 2643 1217 2666; x_wconf 84' lang='lat' dir='ltr'><strong>sertum</strong></span> <span class='ocrx_word' id='word_1_879' title='bbox 1235 2642 1477 2671; x_wconf 82' lang='lat' dir='ltr'><strong>erraretzMarcus</strong></span> <span class='ocrx_word' id='word_1_880' title='bbox 1501 2652 1566 2672; x_wconf 88' lang='lat' dir='ltr'><strong>vero</strong></span> <span class='ocrx_word' id='word_1_881' title='bbox 1580 2646 1644 2674; x_wconf 92' lang='lat' dir='ltr'><strong>dicit</strong></span> <span class='ocrx_word' id='word_1_882' title='bbox 1668 2647 1756 2682; x_wconf 90' lang='lat' dir='ltr'><strong>ipsum</strong></span> <span class='ocrx_word' id='word_1_883' title='bbox 1781 2656 1843 2677; x_wconf 87' lang='lat' dir='ltr'><strong>sese</strong></span> <span class='ocrx_word' id='word_1_884' title='bbox 1867 2650 1903 2676; x_wconf 80' lang='lat' dir='ltr'><strong>la-</strong></span> 
     </span>
    </p>
   </div>
   <div class='ocr_carea' id='block_1_115' title="bbox 1114 2684 1904 2724">
    <p class='ocr_par' dir='ltr' id='par_1_115' title="bbox 1114 2684 1904 2724">
     <span class='ocr_line' id='line_1_115' title="bbox 1114 2684 1904 2724; baseline 0.015 -13"><span class='ocrx_word' id='word_1_885' title='bbox 1114 2684 1221 2719; x_wconf 89' lang='lat' dir='ltr'><strong>pidibus</strong></span> <span class='ocrx_word' id='word_1_886' title='bbox 1235 2688 1410 2721; x_wconf 86' lang='lat' dir='ltr'><strong>percussisse.</strong></span> <span class='ocrx_word' id='word_1_887' title='bbox 1428 2689 1515 2718; x_wconf 83' lang='lat' dir='ltr'><strong>Verba</strong></span> <span class='ocrx_word' id='word_1_888' title='bbox 1535 2696 1624 2720; x_wconf 89' lang='lat' dir='ltr'><strong>autem</strong></span> <span class='ocrx_word' id='word_1_889' title='bbox 1643 2700 1737 2721; x_wconf 88' lang='lat' dir='ltr'><strong>eorum</strong></span> <span class='ocrx_word' id='word_1_890' title='bbox 1751 2694 1904 2724; x_wconf 75' lang='lat' dir='ltr'><strong>immanita-</strong></span> 
     </span>
    </p>
   </div>
   <div class='ocr_carea' id='block_1_116' title="bbox 1115 2732 1903 2770">
    <p class='ocr_par' dir='ltr' id='par_1_116' title="bbox 1115 2732 1903 2770">
     <span class='ocr_line' id='line_1_116' title="bbox 1115 2732 1903 2770; baseline 0.015 -12"><span class='ocrx_word' id='word_1_891' title='bbox 1115 2735 1170 2759; x_wconf 84' lang='lat' dir='ltr'><strong>tem</strong></span> <span class='ocrx_word' id='word_1_892' title='bbox 1195 2732 1443 2770; x_wconf 86' lang='lat' dir='ltr'><strong>impudentiamque</strong></span> <span class='ocrx_word' id='word_1_893' title='bbox 1461 2736 1609 2766; x_wconf 87' lang='lat' dir='ltr'><strong>declarant.</strong></span> <span class='ocrx_word' id='word_1_894' title='bbox 1640 2739 1832 2768; x_wconf 65' lang='lat' dir='ltr'><strong>Venisti&#39;euim</strong></span> <span class='ocrx_word' id='word_1_895' title='bbox 1851 2742 1903 2770; x_wconf 77' lang='lat' dir='ltr'><strong>Iun:</strong></span> 
     </span>
    </p>
   </div>
   <div class='ocr_carea' id='block_1_117' title="bbox 1150 2821 1803 2855">
    <p class='ocr_par' dir='ltr' id='par_1_117' title="bbox 1150 2821 1803 2855">
     <span class='ocr_line' id='line_1_117' title="bbox 1150 2821 1803 2855; baseline 0 -8"><span class='ocrx_word' id='word_1_896' title='bbox 1150 2825 1155 2838; x_wconf 96' lang='lat'>&#39;</span> <span class='ocrx_word' id='word_1_897' title='bbox 1177 2823 1229 2849; x_wconf 68' lang='lat' dir='ltr'><strong>Alii.</strong></span> <span class='ocrx_word' id='word_1_898' title='bbox 1248 2828 1317 2852; x_wconf 63' lang='lat' dir='ltr'><strong>atqu&quot;</strong></span> <span class='ocrx_word' id='word_1_899' title='bbox 1330 2821 1420 2848; x_wconf 52' lang='lat' dir='ltr'><strong>uitali.</strong></span> <span class='ocrx_word' id='word_1_900' title='bbox 1461 2853 1483 2855; x_wconf 21' lang='grc' dir='ltr'><strong>ν.</strong></span> <span class='ocrx_word' id='word_1_901' title='bbox 1638 2853 1642 2855; x_wconf 98' lang='lat'>_</span> <span class='ocrx_word' id='word_1_902' title='bbox 1789 2849 1803 2855; x_wconf 40' lang='grc' dir='ltr'><strong>ι,</strong></span> 
     </span>
    </p>
   </div>
   <div class='ocr_carea' id='block_1_118' title="bbox 1147 2852 1869 2887">
    <p class='ocr_par' dir='ltr' id='par_1_118' title="bbox 1147 2852 1869 2887">
     <span class='ocr_line' id='line_1_118' title="bbox 1147 2852 1869 2887; baseline 0 -8"><span class='ocrx_word' id='word_1_903' title='bbox 1147 2857 1158 2872; x_wconf 79' lang='grc'>¹</span> <span class='ocrx_word' id='word_1_904' title='bbox 1178 2855 1203 2879; x_wconf 90' lang='lat' dir='ltr'><strong>ln</strong></span> <span class='ocrx_word' id='word_1_905' title='bbox 1215 2855 1357 2887; x_wconf 73' lang='lat' dir='ltr'><strong>quibusdam</strong></span> <span class='ocrx_word' id='word_1_906' title='bbox 1372 2858 1435 2884; x_wconf 61' lang='lat' dir='ltr'><strong>Mss,</strong></span> <span class='ocrx_word' id='word_1_907' title='bbox 1444 2853 1564 2880; x_wconf 81' lang='lat' dir='ltr'><strong>rideretur</strong></span> <span class='ocrx_word' id='word_1_908' title='bbox 1576 2853 1685 2879; x_wconf 71' lang='grc' dir='ltr'><strong>ΔυιιιιΙιιυο</strong></span> <span class='ocrx_word' id='word_1_909' title='bbox 1693 2852 1869 2885; x_wconf 51' lang='lat' dir='ltr'><strong>contradicere</strong></span> 
     </span>
    </p>
   </div>
  </div>
