2067 3134
157 148 211 177 555
586 148 618 176 IN
638 147 841 177 ΜΑἸἽΊΙΑΞΠΜ
861 147 975 175 ilOMlL.

156 212 218 234 uiue
231 211 333 242 tempus
360 212 474 242 torquere
496 214 558 240 nos,
585 207 718 243 inquiunt.
744 207 802 235 Non
823 212 947 242 poterant

154 256 227 282 enim
243 254 334 283 dicere
344 263 374 283 se
396 262 448 282 non
469 262 610 290 peccasse;
626 259 722 289 rogant
735 262 799 281 vero
821 262 855 281 ne
879 259 943 282 ante

154 306 265 335 tempus
275 309 370 337 pinnas
382 301 465 328 luant.
480 300 546 334 Quia
562 301 633 329 enim
648 300 825 335 deprehendit
837 307 885 328 eos
903 301 945 328 in-

153 347 306 375 tolerabilia
313 352 341 375 et
354 346 444 382 iniqua
460 350 595 381 operatos,
609 353 642 373 ac
650 339 787 374 creaturas
800 354 862 374 suas
872 346 945 374 omni

154 399 265 427 prorsus
293 391 373 419 modo
392 391 578 418 subvertentes
594 395 622 419 et
643 392 802 424 cruciantes,
818 392 946 427 putabant

153 446 215 466 eum
225 438 260 466 ob
269 438 417 466 facinorum
427 437 591 465 atrocitatem
599 445 652 465 non
660 442 874 472 exspectaturum
884 445 945 465 esse

153 484 280 520 supplicii
293 488 399 519 tempus
412 493 418 511 :
435 483 534 511 idcirco
549 483 678 519 rogabant
691 488 717 511 et
732 484 917 519 supplicabant
933 492 940 511 :

153 537 181 558 (ιι
195 531 239 566 qni
253 538 287 559 ne
303 531 398 558 ferreis
410 529 517 565 quidem
543 530 656 558 vinculis
669 529 783 558 detineri
807 534 941 564 poterant,

153 578 226 612 ligati
254 577 382 607 veniunt:
404 578 448 612 qui
469 581 574 604 montes
596 576 799 611 percurrebant,
822 577 847 604 in
867 584 942 604 cam-

153 629 202 657 pos
216 627 332 655 exeunt;
348 622 393 657 qui
406 622 473 649 alios
486 629 500 649 a
515 621 625 649 transitu
640 621 776 654 arcebant,
791 628 850 648 cum
867 621 940 648 illum

153 668 223 695 riam
236 668 286 695 sibi
314 668 498 695 obstruentem
514 667 652 699 viderent,
667 670 809 694 steterunt.
826 667 879 694 Sed
894 674 942 694 cur

151 715 179 742 in
192 714 324 749 sepulcris
348 714 461 741 libenter
475 714 635 741 versantur?
650 718 679 741 ut
693 713 867 748 perniciosam
893 712 940 740 do~

150 762 265 788 ctriuatn
289 760 433 788 tttultorum
456 760 590 788 mentibus
613 760 752 793 inserant;
769 767 866 795 nempe
880 760 940 786 ani-

151 815 208 834 mas
223 812 386 834 mortuorum
402 806 537 834 daemonas
552 806 608 834 fieri
629 805 686 842 (a);
707 806 778 842 quod
792 814 827 834 ne
842 806 940 841 cogitet

150 853 282 888 quispiam
294 852 373 880 absit.
390 851 442 879 Sed
457 852 521 887 quid
543 852 626 884 dicas.
642 852 774 886 inquiunt,
787 852 821 879 de
837 854 939 886 praesti-

147 899 294 934 giatoribus
305 898 407 931 multis,
420 897 466 933 qui
477 902 569 932 captos
583 905 679 933 pueros
691 898 823 933 jugulant,
836 903 864 925 ut
878 898 937 924 ani-

149 953 218 971 mam
235 949 326 979 postea
352 944 402 971 sibi
427 943 620 971 ministrantem
643 944 776 972 habeant?
798 943 851 971 Sed
867 943 938 971 unde

148 992 198 1018 hoc
213 991 317 1025 liquet?
331 990 397 1017 Nam
421 989 492 1024 quod
515 990 639 1024 jugulent
649 1010 658 1024 ,
673 990 724 1018 hoc
737 990 812 1018 multi
827 990 934 1023 dicunt;

145 1037 216 1072 quod
231 1042 319 1064 autem
341 1043 472 1064 caesorum
496 1037 591 1064 anima:
603 1044 664 1064 cum
680 1036 744 1071 ipsis
764 1037 817 1064 sint
830 1057 838 1069 ,
853 1036 934 1070 unde,

144 1090 246 1117 quwso,
262 1083 351 1110 nosti?
366 1082 428 1117 lpsi,
442 1082 572 1118 inquiunt,
589 1082 745 1110 daemoniaci
758 1082 809 1110 hoc
821 1082 912 1110 dicunt
926 1091 933 1110 :

145 1129 201 1164 Ego
223 1136 282 1157 sum
306 1130 394 1156 anima
409 1129 478 1157 illius
500 1129 656 1164 cujuspiam.
668 1129 766 1157 Verum
791 1129 848 1157 inec
864 1130 934 1157 fraus

143 1180 170 1202 et
186 1175 288 1203 fallacia
312 1175 442 1203 diabolica
467 1181 517 1203 est.
532 1175 623 1211 Neque
635 1175 706 1203 enim
731 1175 819 1203 anima
835 1176 932 1203 mortui

142 1226 183 1248 est
195 1229 254 1256 quae
269 1222 377 1254 clamat,
394 1221 442 1249 sed
453 1221 560 1249 daemon
571 1221 615 1256 qtti
631 1221 682 1248 hoc
695 1221 803 1248 simulat
818 1226 847 1248 ut
860 1222 932 1248 audi-

143 1272 214 1294 tores
224 1266 350 1301 decipiat.
365 1267 431 1294 Nam
444 1267 466 1294 si
480 1271 570 1302 posset
582 1267 669 1294 anima
681 1266 707 1294 in
722 1267 852 1294 daemonis
866 1267 931 1295 sub-

140 1314 265 1341 stantiam
279 1314 393 1349 ingredi,
407 1314 492 1342 multo
515 1314 619 1342 facilius
635 1314 660 1342 in
682 1322 780 1349 corpus
794 1322 872 1342 suum
889 1315 930 1342 in-

139 1360 311 1394 grederetur.
325 1360 458 1388 Praeterea
471 1361 531 1395 quis
558 1361 663 1388 ratione
678 1360 805 1396 prmditus
818 1360 930 1388 credere

139 1405 223 1439 possit
242 1406 358 1433 animam
386 1405 489 1440 laesam,
511 1413 540 1434 se
559 1406 663 1434 lmdenti
682 1406 859 1434 sociare?aut
879 1406 929 1433 ho-

138 1451 238 1478 ntinem
254 1458 332 1486 pOSSe
355 1452 408 1479 vim
435 1452 618 1487 incorpoream
644 1453 670 1480 in
690 1452 800 1480 alteram
824 1457 928 1481 mutare

137 1497 335 1525 substantiam?
349 1498 414 1526 Nam
427 1497 449 1525 si
464 1498 490 1525 itt
511 1499 668 1533 corporibus
688 1499 714 1526 id
729 1499 786 1527 ﬁeri
802 1504 926 1534 nequeat,

137 1552 188 1571 nec
201 1545 332 1580 quispiam
347 1545 430 1580 possit
455 1552 554 1580 corpus
569 1545 685 1573 hominis
707 1545 732 1572 in
746 1552 845 1580 corpus
858 1545 927 1573 asini

136 1595 259 1622 mutare;
288 1591 372 1618 multo
398 1592 482 1626 magis
508 1592 535 1618 in
561 1592 648 1618 anima
673 1591 797 1619 invisibili
818 1592 843 1618 id
868 1591 927 1619 ﬁeri

136 1637 239 1671 nequit,
253 1645 303 1664 nec
314 1637 373 1673 quis
386 1638 471 1673 possit
488 1638 558 1665 illam
570 1638 596 1665 in
609 1638 739 1666 daemonis
751 1638 926 1666 substantiam

135 1687 252 1710 vertere.

170 1729 197 1755 5.
215 1729 312 1756 Anima:
326 1734 382 1764 post
395 1734 500 1757 mortem
513 1737 564 1757 non
578 1729 620 1757 hic
633 1735 734 1757 manent
744 1751 752 1764 ,
767 1731 811 1758 sed
831 1731 858 1757 iit
877 1731 926 1757 alt-

133 1784 211 1810 qunm
224 1776 350 1811 regionem
362 1776 497 1803 ducuntur.
506 1775 588 1803 Nemo
600 1781 635 1804 est
645 1777 703 1812 quin
710 1777 757 1804 Dei
770 1777 926 1812 providentia

135 1823 247 1856 fruatur.
261 1835 296 1840 —
310 1821 401 1856 itaque
423 1822 588 1850 anicularum
607 1822 740 1850 ebriarunt
766 1822 823 1850 lucc
844 1824 925 1851 verba

134 1872 198 1893 sunt
211 1871 238 1893 et
252 1874 394 1902 puerorum
410 1867 544 1894 terricula.
560 1866 652 1902 Neque
665 1869 736 1896 enim
752 1868 815 1896 licet
829 1870 925 1896 anima:

134 1912 218 1939 semel
239 1920 254 1939 a
269 1920 380 1947 corpore
400 1913 526 1948 sejunctas
541 1913 583 1940 hic
602 1913 728 1949 deinceps
743 1915 843 1949 vagari.
858 1914 924 1942 Nam

134 1958 269 1986 Justorum
282 1960 374 1986 animo:
383 1960 409 1986 in
425 1968 501 1987 manu
516 1959 563 1986 Dei
577 1964 635 1986 sunt
651 1960 727 1996 (Sap.
740 1961 766 1988 5.
786 1960 828 1996 l);
849 1961 872 1988 si
882 1960 926 1995 ju-

135 2011 255 2038 stornm,
271 2006 349 2033 etiatn
361 2014 468 2041 quoque
484 2014 627 2041 puerorum
648 2007 745 2034 anima:
760 2016 766 2034 ε
781 2015 834 2034 non
851 2008 924 2034 enim

135 2052 188 2078 illa:
200 2052 275 2079 mala:
287 2057 358 2079 sunt.
371 2052 544 2080 Peccalorum
557 2058 645 2081 autem
656 2055 751 2081 anima:
761 2054 850 2081 statim
863 2053 924 2082 hinc

133 2097 312 2124 abducuntur.
336 2098 362 2125 ld
383 2099 469 2133 palam
493 2103 535 2126 est
555 2106 587 2126 ex
611 2098 711 2126 Lazaro
731 2103 759 2127 et
778 2099 873 2133 divite;
897 2104 924 2127 et

133 2142 197 2169 alibi
216 2142 341 2170 Christus
352 2143 410 2170 ait:
428 2143 510 2171 Hodie
530 2145 641 2171 animum
654 2149 722 2171 tuam
741 2149 853 2180 repetent
871 2153 887 2172 a
900 2150 923 2174 te

133 2188 211 2223 (Lac.
227 2189 270 2216 12.
283 2189 339 2224 20).
355 2189 447 2224 Neque
465 2190 520 2217 lieri
539 2195 640 2225 potest,
663 2195 691 2218 ut
705 2191 791 2218 anima
814 2199 846 2219 ex
861 2199 922 2219 cor-

134 2243 199 2268 pore
208 2243 313 2270 egressa
322 2256 329 2268 ,
345 2235 407 2264 hinc
419 2241 492 2263 erret
503 2241 529 2264 et
540 2241 666 2271 vagetur;
677 2244 765 2272 neque
774 2237 800 2265 id
815 2237 921 2273 injuria.

132 2281 200 2308 Nam
214 2283 236 2309 si
257 2290 316 2309 cum
341 2283 392 2310 iter
414 2283 524 2310 facimus
544 2284 570 2310 iu
592 2288 655 2310 nota
675 2284 753 2312 nobis
765 2288 792 2311 et
816 2288 922 2311 assueta

132 2331 213 2360 terra,
228 2335 288 2354 cum
309 2335 422 2362 corpore
443 2329 531 2357 amicti
553 2336 655 2362 sumus,
674 2336 734 2357 cum
755 2330 922 2365 peregrinam

131 2375 203 2402 viam
223 2375 344 2409 adimus,
359 2376 491 2404 nescimus
513 2384 563 2411 qua
589 2377 702 2404 transire
718 2381 848 2410 oporteat,
871 2377 922 2405 nisi

130 2421 227 2448 ducem
242 2421 386 2449 habeamus
397 2431 402 2449 :
418 2423 551 2457 quomodo
560 2423 647 2450 anima
656 2430 688 2450 ex
697 2430 809 2457 corpore
819 2423 921 2456 avulsa,

131 2466 197 2493 nihil
215 2467 270 2501 jam
291 2472 427 2495 assuetum
441 2473 467 2495 et
487 2468 621 2503 cognitum
643 2468 758 2501 habens,
776 2469 833 2495 sine
855 2468 922 2495 duce

128 2515 198 2543 sciet
211 2523 263 2550 quo
276 2516 310 2543 sit
323 2516 460 2543 eundum?
476 2516 616 2551 Multisqtte
627 2516 686 2543 aliis
699 2516 861 2552 argumentis
872 2516 921 2543 de-

129 2561 298 2596 prehendere
310 2566 360 2594 est,
377 2570 428 2589 non
445 2570 522 2597 posse
532 2562 647 2590 animam
661 2570 693 2590 ex
705 2570 816 2596 corpore
830 2570 922 2597 egres-

128 2617 187 2636 sam
203 2609 246 2636 hic
260 2617 380 2637 manere.
409 2609 475 2637 Nam
498 2610 648 2645 Stephanus
669 2611 722 2637 ait:
741 2610 848 2645 Suscipe
866 2611 922 2644 spi-

129 2660 206 2681 ritum
225 2663 308 2682 meum
325 2655 394 2691 (Act.
409 2656 434 2682 7.
449 2656 512 2691 58);
531 2661 558 2683 et
571 2656 684 2688 Paulus,
700 2656 811 2683 Dissolvi
826 2661 849 2683 et
863 2664 921 2683 cum

161 2722 199 2757 ζα)
204 2722 316 2757 igitisum
326 2722 384 2747 dicit
392 2721 574 2757 Cbrysostomus
585 2727 652 2748 Hom.
661 2724 681 2757 27
687 2724 718 2748 de
730 2728 822 2754 Lazaro,
829 2726 920 2757 Tomi,

128 2753 242 2783 061.983,
250 2753 293 2778 lin.
300 2754 326 2787 8,
333 2760 421 2787 nempe
426 2753 558 2787 secundum
564 2756 722 2787 quorumdam
727 2753 864 2787 opinionem
869 2753 921 2781 ani;

128 2791 181 2809 mas
191 2786 349 2809 morientium
360 2785 481 2809 daemonas
492 2785 554 2809 ﬁeri.
566 2786 611 2810 Sed
623 2786 645 2810 id
658 2787 689 2810 ibi
699 2785 776 2811 solum
792 2788 879 2812 dicitur
889 2789 921 2813 de

128 2815 185 2849 illis,
197 2818 240 2849 qui
253 2815 361 2849 violenta
375 2816 652 2849 iportedeecsserunt:
671 2817 779 2849 illudque
798 2818 860 2843 forte
876 2819 922 2844 hoc

130 2845 264 2882 etiam'looo
275 2845 513 2882 subintelligeudunr
520 2851 558 2872 est
568 2855 574 2871 :
593 2854 641 2882 non
653 2845 784 2882 verisimile
795 2850 861 2875 enim
872 2855 920 2882 est,

127 2878 153 2904 id
162 2885 206 2904 eos
213 2879 245 2905 de
253 2877 380 2904 animabus
387 2878 556 2904 accedentium
565 2880 671 2905 omnium
680 2881 840 2906 existimasse.

998 148 1114 178 XXVIII.
1136 153 1160 179 al
1195 154 1272 180 IXI‘:

1003 208 1104 260 Christo
1115 220 1169 239 esse
1180 214 1258 241 multo
1271 215 1360 243 melius
1372 222 1409 244 est
1421 217 1553 255 (Philipp.
1576 221 1602 249 Ι.
1617 222 1674 258 23).
1690 223 1727 252 De
1740 233 1788 260 pa-

1001 257 1115 285 triarclta
1132 267 1238 296 quoque
1257 262 1393 298 Scriptura
1406 265 1470 293 dicit
1485 275 1491 293 :
1510 267 1544 294 Et
1562 270 1694 304 appositus
1706 257 1789 298 eaind

999 308 1083 337 patres
1097 313 1167 339 suos,
1187 313 1316 341 provectus
1330 309 1356 336 in
1370 316 1496 339 senectute
1514 313 1580 340 bona
1599 314 1674 350 (Gen.
1689 317 1734 344 25.
1747 318 1786 352 8).

998 350 1074 382 Quod
1092 357 1180 380 autem
1204 361 1290 390 neqtte
1311 361 1480 390 peccatorum
1502 360 1598 389 anima:
1622 363 1726 398 possint
1746 350 1789 392 hic

997 398 1112 432 versari,
1127 399 1189 427 audi
1202 400 1311 430 divitem
1326 404 1408 432 multa
1423 406 1472 433 hac
1485 406 1520 434 de
1530 415 1559 435 re
1571 414 1720 444 rogantem,
1736 419 1787 439 nec

997 443 1194 492 impetrantem,
1209 450 1254 483 qui
1271 449 1294 476 si
1315 451 1444 485 potuisset
1459 455 1577 482 venisset
1597 455 1671 490 ipse,
1686 443 1716 484 et
1726 466 1788 492 qum

996 489 1050 517 illic
1072 491 1166 519 ﬁerent
1186 495 1343 523 nuntiasset.
1369 496 1443 526 Unde
1466 500 1551 534 palam
1574 489 1631 533 est,
1655 489 1716 537 post
1736 489 1786 531 de-

995 543 1098 564 cessum
1109 546 1143 565 ex
1158 539 1207 567 hac
1220 541 1273 568 vita
1288 542 1390 570 animas
1401 544 1426 571 in
1438 546 1579 579 quamdam
1590 548 1725 582 regionem
1736 549 1786 576 deo

994 581 1068 615 ferri,
1080 591 1128 611 nec
1137 592 1215 618 posse
1224 585 1276 614 huc
1287 589 1393 621 reverti,
1408 590 1454 617 sed
1467 591 1611 619 terribilem
1622 581 1701 620 illum
1713 594 1784 621 diem

994 634 1159 663 exspectare.
1175 631 1203 659 Si
1224 633 1284 667 quis
1304 642 1368 662 vero
1383 635 1494 670 dixerit,
1509 637 1563 665 Cur
1584 639 1607 665 id
1623 640 1692 674 quod
1710 645 1785 674 pete-

993 676 1056 704 bant
1070 678 1205 706 dtemones
1220 681 1340 709 Christus
1356 682 1432 715 fecit,
1445 691 1505 711 cum
1520 685 1546 712 in
1566 693 1705 720 porcortnn
1721 695 1784 722 gre-

992 731 1051 758 gem
1069 725 1140 759 ipsos
1154 726 1253 755 intrare
1267 729 1403 762 permisit?
1418 732 1600 765 responderim
1617 741 1677 768 ego,
1695 734 1782 767 ipsum

992 777 1044 796 non
1065 771 1090 797 id
1105 771 1199 799 fecisse
1214 773 1240 800 iu
1261 775 1371 808 gratiam
1393 776 1515 809 illorum;
1532 778 1578 805 sed
1592 784 1620 805 ut
1641 779 1722 807 multa
1743 781 1782 808 sic

992 813 1173 849 dispensaret;
1184 818 1280 852 primo,
1292 819 1435 848 utdoceret
1450 829 1496 849 cos
1511 823 1555 857 qui
1568 831 1582 850 a
1594 824 1716 860 malignis
1730 826 1780 852 litt-

988 859 1105 894 jusmodi
1116 863 1235 896 tyrannis
1245 863 1350 892 liberati
1358 871 1459 898 essent,
1471 873 1596 902 quantam
1612 859 1757 903 perniciem
1770 872 1778 886 ‘

990 906 1116 935 afferrent
1130 909 1297 938 insidiatores
1311 911 1462 946 ltujusutotli
1474 921 1481 946 ;
1498 915 1616 942 secundo
1627 936 1634 948 ,
1650 921 1679 943 ut
1692 917 1780 945 disce~

990 958 1049 980 rent
1072 961 1177 987 omnes,
1198 955 1335 983 dminonas
1355 965 1388 984 ne
1404 959 1510 992 quidem
1534 967 1630 994 porcos
1651 961 1779 990 invadere

990 1005 1078 1032 posse,
1094 1000 1144 1027 nisi
1158 1001 1213 1035 ipse
1229 1003 1394 1037 permiserit;
1412 1005 1507 1037 tertio,
1523 1006 1594 1041 ipsos
1615 1009 1735 1042 graviora
1752 1011 1779 1038 in

988 1045 1119 1079 homines,
1135 1055 1212 1082 quam
1229 1049 1254 1075 in
1271 1056 1379 1083 porcos,
1398 1056 1598 1086 perpetraturos
1612 1054 1693 1083 fuisse
1704 1076 1712 1088 ,
1727 1056 1778 1084 nisi

987 1091 1014 1118 in
1038 1093 1188 1120 calamitate
1210 1101 1257 1128 per
1277 1103 1398 1130 magnam
1418 1097 1489 1124 illam
1513 1098 1560 1126 Dei
1583 1101 1777 1134 providentiam

986 1139 1083 1165 servati
1094 1138 1214 1166 fuissent.
1226 1139 1291 1167 Nam
1303 1143 1372 1176 quod
1383 1143 1468 1178 magis
1477 1151 1526 1171 nos
1535 1152 1614 1179 quam
1629 1146 1704 1175 bruta
1719 1150 1778 1176 ani-

985 1184 1063 1211 malia
1077 1185 1138 1213 odio
1160 1186 1284 1220 habeant,
1300 1188 1364 1214 nulli
1390 1196 1442 1215 non
1458 1191 1628 1219 manifestum
1649 1198 1700 1221 est.
1725 1195 1777 1222 lta-

984 1238 1037 1266 que
1051 1232 1095 1266 qui
1107 1232 1194 1266 porcis
1208 1240 1260 1260 non
1274 1240 1460 1270 pepercerunt,
1474 1241 1501 1263 et
1515 1237 1540 1264 in
1559 1244 1695 1268 momento
1709 1245 1775 1268 tent-

985 1278 1057 1312 poris
1072 1286 1164 1307 omnes
1188 1281 1402 1315 praecipitarunt,
1417 1282 1501 1310 multo
1524 1285 1609 1319 magis
1624 1285 1775 1315 hominibus

984 1323 1010 1351 id
1030 1324 1175 1359 fecissent,
1190 1333 1257 1361 quos
1271 1327 1396 1355 tenebant
1415 1328 1440 1355 in
1459 1328 1594 1358 desertum
1611 1331 1774 1361 adducentes

983 1375 1010 1397 et
1024 1371 1200 1405 abducentes,
1215 1373 1266 1400 nisi
1283 1374 1362 1401 etiam
1386 1375 1412 1402 in
1436 1375 1486 1403 hac
1510 1377 1566 1412 ipsa
1584 1386 1678 1413 magna
1694 1388 1773 1415 quam

982 1418 1143 1445 exercebant
1156 1419 1306 1454 tyrannide,
1324 1420 1369 1447 Dei
1385 1428 1447 1448 cura
1457 1422 1590 1451 frenasset
1601 1429 1627 1451 et
1637 1427 1771 1454 coercuis-

981 1467 1033 1495 set,
1047 1471 1080 1491 ne
1095 1471 1136 1498 pet
1144 1465 1284 1492 niciosiora
1299 1465 1426 1494 facerent.
1444 1467 1508 1495 Inde
1522 1469 1623 1504 liquet,
1637 1472 1771 1499 neminem

981 1517 1052 1544 esse,
1065 1511 1127 1545 quin
1145 1511 1190 1539 Dei
1205 1513 1369 1546 providentia
1387 1513 1500 1542 fruatur.
1513 1515 1589 1549 Quod
1609 1517 1630 1544 si
1644 1525 1696 1545 non
1714 1527 1772 1546 om-

980 1563 1028 1583 nes
1044 1564 1096 1583 uno
1109 1557 1257 1593 eodemque
1272 1559 1362 1593 modo,
1379 1559 1429 1587 hoc
1442 1569 1547 1596 quoque
1568 1571 1692 1598 magnum
1708 1573 1771 1600 pro-

980 1602 1106 1630 videntia:
1120 1611 1204 1638 genus
1218 1609 1268 1632 est.
1291 1605 1356 1632 Nam
1380 1611 1408 1633 ut
1421 1608 1517 1642 cuique
1533 1608 1596 1636 utile
1609 1617 1669 1637 esse
1683 1615 1771 1645 potest

979 1649 1047 1675 ratio
1061 1650 1233 1683 providentia:
1250 1653 1476 1680 accommodatur.
1498 1654 1538 1681 Ad
1552 1654 1610 1683 haec
1626 1664 1690 1684 vero
1710 1665 1771 1692 qua:

979 1695 1048 1722 dicta
1064 1700 1137 1728 sunt,
1152 1697 1223 1724 aliud
1245 1697 1306 1725 inde
1328 1698 1479 1726 discimus:
1500 1701 1571 1736 quod
1594 1702 1695 1730 scilicet
1716 1711 1770 1731 non

980 1745 1081 1769 tantum
1094 1743 1220 1770 omnibus
1232 1744 1311 1772 simul
1327 1745 1480 1779 provideat,
1495 1746 1542 1773 sed
1558 1747 1637 1775 etiam
1659 1748 1772 1784 singulis

978 1787 1108 1821 scortim;
1124 1789 1194 1824 qttod
1206 1790 1286 1817 etiam
1297 1790 1435 1826 discipulis
1448 1791 1573 1819 indicavit
1586 1793 1700 1821 dicens:
1718 1793 1769 1822 Ve-

977 1837 1024 1863 stri
1038 1836 1126 1871 capilli
1137 1838 1228 1871 capitis
1236 1846 1321 1865 omnes
1332 1839 1456 1865 numerati
1467 1844 1525 1866 sunt
1536 1840 1641 1875 (Matth.
1654 1842 1697 1869 10.
1710 1842 1768 1876 50).

978 1883 1070 1917 Exque
1089 1883 1261 1911 daemoniacis
1275 1884 1300 1911 id
1313 1884 1385 1912 clare
1400 1885 1491 1912 videre
1509 1889 1561 1920 est,
1581 1887 1624 1921 qui
1636 1887 1690 1922 jam
1704 1888 1768 1916 olim

977 1929 1099 1956 suﬂ'ocati
1113 1929 1234 1961 fuissent,
1249 1930 1298 1957 nisi
1313 1938 1417 1958 summe
1431 1937 1541 1959 curante
1556 1932 1610 1960 Deo
1626 1941 1768 1961 servaren—

979 1980 1031 2002 tur.
1049 1975 1194 2010 Propterea
1214 1976 1335 2011 permisit
1356 1984 1403 2004 eos
1421 1978 1494 2004 abire
1513 1978 1539 2005 in
1553 1985 1659 2014 gregem
1674 1987 1769 2014 porco-

978 2029 1047 2054 rum,
1063 2027 1091 2049 ut
1105 2022 1149 2057 qui
1161 2022 1297 2057 regionem
1314 2023 1475 2055 incolebant,
1493 2024 1551 2059 ejus
1566 2026 1712 2059 potentiam
1726 2026 1768 2053 di-

978 2074 1093 2096 scerent.
1107 2069 1157 2097 Ubi
1179 2077 1294 2105 namque
1314 2078 1410 2098 nomen
1432 2071 1515 2104 ipsius
1536 2077 1628 2099 notum
1643 2077 1711 2105 erat,
1730 2073 1768 2100 ibi

977 2122 1030 2141 non
1055 2115 1132 2142 valde
1155 2123 1185 2143 se
1209 2116 1392 2144 ostendebat:
1417 2117 1462 2144 ubi
1489 2125 1553 2144 vero
1575 2125 1654 2145 nemo
1680 2118 1767 2153 ipsum

979 2165 1098 2193 noverat,
1113 2161 1278 2196 stolidusquc
1297 2163 1411 2197 populus
1424 2166 1491 2191 erat.
1505 2163 1540 2190 ibi
1557 2163 1692 2191 miraculis
1711 2172 1767 2191 ma-

977 2208 1017 2243 gis
1030 2208 1162 2243 lulgebat,
1179 2212 1206 2235 ut
1228 2208 1287 2235 illos
1297 2208 1329 2236 ad
1346 2209 1491 2236 divinitatis
1510 2217 1566 2237 sua:
1585 2211 1765 2245 cognitionem

977 2255 1154 2290 pertraheret.
1164 2255 1240 2288 Quod
1251 2260 1339 2282 autent
1348 2255 1436 2282 stolidi
1449 2261 1539 2283 essent
1549 2256 1565 2282 ii
1574 2256 1618 2291 qui
1632 2256 1766 2284 civitatem

977 2302 1049 2329 illam
1065 2301 1228 2334 incolebant,
1242 2310 1273 2329 ex
1288 2302 1320 2329 iis
1333 2310 1391 2337 qua:
1407 2302 1433 2329 in
1445 2302 1497 2329 line
1510 2308 1582 2337 gesta
1595 2307 1656 2330 sunt
1671 2303 1765 2338 liquet.

977 2348 1043 2376 Cum
1059 2348 1222 2384 oporﬁtisset
1237 2348 1308 2375 enim
1322 2348 1394 2375 illum
1408 2348 1531 2382 adorare,
1545 2348 1656 2384 ejusque
1672 2354 1767 2384 poten-

977 2352 1043 2376 tium
1059 2355 1126 2383 opor
1139 2352 1222 2375 uisset
1237 2352 1308 2375 enim
1322 2352 1394 2375 illum
1408 2352 1531 2382 adorare,
1545 2352 1656 2384 ejusque
1672 2354 1766 2384 poten-

977 2395 1039 2422 tiam
1051 2352 1152 2428 miratk
1167 2395 1240 2422 illtttn
1251 2395 1415 2430 repulerunt,
1427 2401 1452 2422 et
1461 2399 1587 2430 rogarunt
1597 2396 1740 2423 abscedere
1751 2405 1766 2424 a

977 2442 1075 2469 linibus
1097 2442 1162 2469 suis.
1178 2441 1231 2469 Sed
1254 2449 1301 2469 cur
1323 2441 1458 2468 daemones
1481 2449 1575 2476 porcos
1593 2441 1768 2469 occiderunt?

976 2489 1089 2527 Semper
1103 2489 1239 2516 daemones
1254 2489 1280 2516 id
1294 2493 1389 2516 curant
1400 2493 1428 2515 ut
1443 2488 1565 2516 homines
1579 2490 1606 2516 in
1622 2496 1766 2517 mteroretu

976 2535 1137 2570 conjiciant,
1154 2542 1313 2570 semperque
1325 2535 1359 2562 de
1379 2535 1482 2562 illorum
1506 2535 1624 2569 pernicie
1639 2536 1765 2570 gaudent.

976 2580 1034 2608 Hoc
1047 2581 1111 2608 item
1125 2581 1192 2608 Jobo
1204 2580 1326 2608 diabolus
1341 2580 1414 2612 fecit,
1429 2583 1489 2615 quia
1507 2581 1541 2608 ibi
1557 2581 1636 2608 etiam
1655 2581 1680 2609 id
1696 2582 1766 2609 Deus

976 2626 1100 2662 permisit
1113 2635 1119 2653 :
1131 2633 1224 2654 verum
1240 2634 1325 2661 neque
1340 2626 1376 2653 ibi
1386 2626 1492 2654 diabolo
1502 2626 1706 2661 obtemperavit,
1719 2628 1767 2655 sed

977 2672 1048 2707 quod
1069 2672 1196 2699 famulum
1212 2680 1289 2699 suum
1309 2672 1390 2699 vellet
1403 2672 1612 2707 splendidiorem
1634 2673 1765 2706 reddere,

977 2719 1145 2752 dminonique
1167 2725 1275 2746 omnem
1296 2718 1466 2753 impudentiae
1489 2726 1581 2746 ansam
1608 2720 1764 2754 praecidere.

976 2770 1055 2801 atque
1069 2773 1117 2793 sua
1132 2766 1157 2792 in
1174 2765 1275 2800 justum
1296 2765 1411 2793 facinora
1431 2766 1457 2792 in
1477 2770 1557 2801 caput
1579 2766 1661 2801 ipsius
1680 2772 1767 2794 retor-

976 2821 1068 2849 quere.
1081 2814 1113 2841 Et
1121 2821 1191 2841 nunc
1202 2821 1306 2848 quoque
1317 2818 1408 2842 contra
1418 2813 1526 2849 accidit,
1535 2821 1617 2850 quam
1631 2813 1772 2841 daemones

1737 163 1790 191 3πᾶ

1011 2885 1018 2899 ¹
1037 2883 1092 2911 Alii.
1101 2885 1214 2914 quantum
1226 2881 1323 2908 rabiem.
