2067 3134
276 147 329 176 555
666 145 696 173 S.
715 143 854 173 JOANNIS
871 141 1105 170 CHRYSOSTOMI
1125 144 1284 176 ARClllEP.
1302 146 1567 180 CUNSTANTINUP.

276 205 411 233 volebant.
425 203 490 232 Nam
499 202 598 231 Christi
612 202 729 237 potentia
741 201 840 229 clarius
854 199 1061 236 praedicabatur,

274 258 308 278 ac
327 249 444 285 nequitia
459 249 611 277 daamonum
622 268 629 280 ,
644 255 681 275 ex
696 255 747 282 qua
761 247 806 274 ille
827 246 898 274 eruit
916 252 1011 273 omnes
1023 245 1069 280 qui

276 298 311 325 ab
319 297 384 333 ipsis
394 295 594 329 detinebantur,
603 295 769 323 manifestius
777 293 909 329 apparuit,
923 297 1069 328 notumque

277 343 338 377 fuit,
355 343 416 370 illos
439 349 473 370 ne
497 342 523 370 in
538 348 636 378 porcos
653 340 760 376 quidem
777 339 877 367 habere
896 342 1068 375 potestatem,

276 390 326 417 nisi
342 388 369 417 id
380 388 531 424 permiserit
543 388 728 415 universorum
741 386 819 413 Deus.

311 436 339 463 4.
355 435 498 462 Parcarum
519 434 620 461 diabolo
634 432 787 459 traditarum
805 430 911 458 historia
931 430 1069 467 anagogice

276 482 427 517 explicatur.
442 480 584 515 Descriptio
595 479 683 507 lascivi
692 484 715 506 et
728 478 808 506 at'ari.
819 493 854 498 -—
865 478 893 506 Si
908 478 968 513 quis
980 483 1069 505 autem

278 529 336 555 lore
348 528 493 563 anagogice
506 527 570 554 velit
580 526 714 560 accipere,
731 525 757 553 id
773 525 865 560 utique
879 525 953 557 licet,
965 523 1013 552 sed
1027 523 1068 551 hi-

277 576 359 602 storia
373 575 411 602 sic
426 574 516 602 habet.
531 573 676 601 Sciendum
692 579 772 607 porro
786 577 828 599 est
841 571 963 599 homines
975 577 1071 606 porco-

277 631 335 649 rum
357 622 440 648 instar
460 621 590 651 viventes.
607 618 775 647 daemonibus
794 625 855 646 esse
868 621 946 652 captu
967 615 1069 644 faciles.

276 669 326 702 Qui
347 673 435 695 autem
456 667 513 694 ha-c
532 667 681 702 patiuntur,
696 666 818 693 homines
832 673 893 692 cum
913 664 983 696 sint,
998 670 1071 698 satpe

279 718 392 749 possunt
407 714 466 741 illos
477 721 622 748 superare;
637 713 661 740 si
671 719 736 739 vero
751 711 823 746 porci
838 710 948 738 omnino
960 709 1070 742 fuerint,

277 767 330 786 non
344 759 425 786 modo
437 767 451 786 a
466 758 632 786 dtemonibus
645 757 823 792 exagitantur,
837 756 884 783 sed
896 756 977 783 etiam
999 762 1071 790 pra:-

277 805 432 840 cipitantur.
447 805 614 839 lnsupcrque
636 811 669 830 ne
689 802 748 837 quis
767 802 818 829 hoc
831 809 888 828 rem
909 808 969 828 esse
984 799 1072 828 ﬁctam

277 855 402 886 putaret,
416 850 464 878 sed
478 850 590 884 quisque
605 849 728 876 crederet
747 847 886 875 daemones
914 846 923 862 ²
937 853 1000 872 vere
1023 853 1073 872 ex-

279 898 376 929 ivisse,
392 905 425 924 ex
448 903 589 931 porcorum
613 900 699 922 morte
717 894 743 921 id
759 891 929 920 manifestum
949 891 1072 919 efficitur.

279 945 327 972 llic
338 951 402 984 vero
427 943 562 979 perpende
583 942 641 977 ejus
660 940 895 968 mansuetudinem
917 947 979 966 cum
996 943 1073 974 pote-

278 996 347 1019 state
361 992 542 1024 conjunctam.
559 989 626 1017 Cum
642 989 713 1016 enim
727 987 845 1023 regionis
859 986 954 1014 incola:
965 1007 972 1019 ,
990 990 1028 1013 tot
1041 985 1075 1013 ab

279 1046 312 1064 eo
334 1037 452 1072 acceptis
467 1035 613 1067 beneﬁciis,
638 1035 711 1062 illum
735 1034 769 1061 ab
782 1041 811 1060 se
832 1032 972 1060 discedere
992 1039 1070 1065 coge.

279 1089 350 1112 rent.
367 1092 419 1111 non
443 1083 550 1113 restitit,
573 1081 620 1109 sed
637 1081 777 1113 disceSsit,
794 1087 896 1114 eosque
915 1079 960 1114 qui
982 1086 1011 1105 se
1024 1077 1074 1105 do-

279 1131 364 1158 ctrina
379 1130 461 1165 ipsius
475 1129 598 1164 indignos
612 1127 801 1158 declarabant,
816 1126 935 1161 reliquit.
950 1125 1076 1152 doctores

282 1176 423 1211 assignans
434 1175 486 1202 illis
495 1182 552 1207 eos,
567 1174 612 1209 qui
628 1181 643 1200 a
657 1172 824 1200 darmonibus
838 1171 943 1198 liberali
959 1170 1075 1203 fuerant,

280 1231 384 1251 necnon
399 1222 536 1254 subulcos,
553 1229 568 1248 a
583 1220 680 1256 quibus
693 1225 870 1255 quaecumque
882 1222 957 1253 gesta
973 1216 1078 1244 fuerant

283 1269 404 1296 ediscere
418 1272 542 1302 poterant
554 1275 561 1293 :
577 1266 707 1294 recedens
721 1272 801 1299 porro
812 1265 946 1299 ingentem
963 1262 1028 1298 ipsis
1042 1262 1077 1289 ti-

284 1323 385 1343 morem
400 1315 517 1349 reliquit.
532 1313 626 1340 Damni
652 1312 750 1347 quippe
765 1309 920 1345 magnitudo
942 1309 979 1336 rei
994 1313 1078 1344 gesta:

283 1363 381 1390 I‘amatn
396 1360 547 1395 evulgabat,
560 1366 656 1394 resque
667 1361 739 1385 tanta
748 1357 865 1392 ipsorum
879 1354 983 1382 animos
993 1355 1003 1370 ¹
1014 1361 1077 1389 per-

281 1410 395 1436 culerat.
416 1407 541 1441 Undique
562 1412 685 1433 rumores
707 1403 906 1434 alferehautur,
921 1401 980 1429 hate
1002 1405 1079 1436 gesta

282 1453 413 1489 stupenda
425 1452 611 1488 praedicantes,
619 1450 696 1478 abiis
705 1450 749 1484 qui
760 1449 844 1476 curati
856 1447 972 1480 fuerant,
984 1454 998 1473 a
1011 1454 1080 1481 pra:-

282 1499 398 1535 cipilatis
413 1499 510 1534 porcis,
525 1505 540 1524 a
554 1503 697 1532 porcorutn
713 1495 838 1527 dominis,
853 1493 1004 1521 asubulcis.
1016 1492 1080 1520 Haec

283 1554 364 1582 porro
373 1553 443 1573 nunc
450 1545 531 1572 etiam
540 1543 632 1570 videre
641 1546 691 1575 est,
701 1541 799 1568 multos
809 1541 833 1567 in
842 1539 971 1575 sepulcris
980 1539 1081 1566 dmmo-

283 1593 386 1624 niacos,
394 1598 461 1627 quos
472 1590 538 1618 nihil
546 1589 579 1617 ab
589 1588 690 1616 insania
707 1587 825 1620 cohibet,
835 1593 887 1613 non
904 1585 1016 1618 ferrum,
1026 1592 1079 1612 non

283 1645 388 1672 catena,
407 1645 459 1665 non
478 1636 620 1665 multitudo
641 1635 790 1666 hominum,
813 1641 867 1660 non
890 1632 1000 1664 monita,
1024 1639 1078 1659 non

287 1693 386 1717 terror.
401 1692 454 1713 non
470 1684 548 1712 minae
558 1704 565 1715 ,
580 1690 633 1710 non
648 1681 712 1717 quid
731 1680 828 1708 simile.
845 1679 911 1707 Cum
933 1679 992 1714 quis
1007 1679 1080 1706 enim

284 1733 401 1761 lascivus
418 1738 562 1766 corporum
578 1729 664 1757 forma
684 1728 799 1762 capitur,
817 1727 883 1754 nihil
895 1726 1007 1754 differta
1024 1726 1080 1753 da:-

285 1779 410 1807 moniaco
424 1786 432 1804 :
446 1776 493 1804 sed
508 1775 597 1803 nudus
610 1779 639 1801 ut
653 1774 697 1802 ille
713 1775 937 1807 circumvagatur,
959 1771 1081 1799 vestibus

285 1826 394 1860 quidem
409 1823 532 1855 indutus,
547 1821 595 1849 sed
608 1828 672 1848 vero
686 1820 786 1847 amictu
802 1818 941 1854 spoliatus,
955 1822 984 1844 et
994 1817 1080 1852 gloria

286 1872 337 1898 sibi
350 1870 438 1897 debita
452 1867 567 1896 nudatus
578 1888 586 1900 ,
608 1875 661 1894 non
684 1865 815 1901 lapidibus
831 1872 892 1892 sese
912 1864 1078 1899 percutiens,

286 1918 333 1946 sed
349 1917 466 1952 peccatis
477 1914 564 1950 lapide
575 1914 653 1948 longe
664 1912 826 1941 durioribus.
839 1911 905 1945 Quis
919 1911 999 1946 igitur
1012 1911 1082 1937 hunc

287 1963 422 1991 hominem
432 1962 516 1996 ligare
527 1959 624 1995 poterit
634 1958 793 1993 scdareque,
805 1961 860 1984 tam
873 1957 987 1991 turpiter
1000 1963 1081 1991 agt-n-

288 2015 352 2041 lem,
368 2008 542 2044 petulantem,
555 2013 700 2041 numquam
716 2004 756 2032 sui
771 2007 936 2039 compotctn,
948 2003 996 2031 sed
1011 2011 1084 2030 sctu-

287 2064 336 2091 pcr
353 2055 477 2090 sepulcra
498 2053 659 2082 adeuntem?
672 2052 745 2080 Talia
761 2051 860 2087 quippe
875 2055 938 2078 sunt
961 2049 1083 2078 meretri-

287 2110 348 2129 cum
364 2100 510 2129 diversoria
526 2099 611 2126 multo
623 2098 720 2126 uetare
734 2097 820 2133 plena,
833 2097 915 2124 multa
930 2096 1082 2132 putredine.

288 2147 356 2182 Quid
368 2147 402 2175 de
415 2153 496 2174 avaro
509 2145 649 2173 dicamus?
661 2151 750 2171 nonne
760 2147 788 2171 et
804 2143 862 2178 ipse
877 2143 938 2170 talis
952 2142 1010 2169 est?
1023 2141 1083 2177 quis

289 2202 351 2221 eunt
365 2193 447 2228 ligare
456 2199 582 2227 umquam
592 2190 708 2226 poterit?
717 2189 773 2216 Non
787 2194 915 2221 terrores,
925 2196 978 2215 non
991 2188 1081 2220 mium,

291 2248 344 2267 non
364 2239 476 2269 monita,
493 2245 546 2264 non
561 2236 673 2264 consilia
684 2235 722 2271 (a)
735 2244 742 2262 :
754 2242 845 2262 verum
860 2235 917 2261 hate
930 2233 1018 2261 omnia
1039 2233 1083 2260 ille

291 2285 397 2312 vincula
419 2283 536 2318 rumpit:
552 2287 579 2310 et
591 2282 614 2310 si
628 2281 687 2317 quis
703 2281 837 2309 soluturus
851 2287 866 2308 a
880 2281 994 2308 vinculis
1005 2287 1083 2308 acce-

292 2330 339 2357 dat
349 2351 356 2361 ,
370 2330 475 2364 adjurat
489 2337 550 2356 cum
566 2336 599 2356 ne
621 2327 755 2360 solvatur,
770 2327 916 2355 cruciatum
939 2326 1083 2354 maximum

291 2377 450 2405 existimans
462 2384 514 2403 non
528 2382 588 2403 esse
603 2375 629 2402 in
643 2375 762 2402 cruciatu
776 2382 782 2400 :
796 2381 850 2408 quo
864 2373 928 2408 quid
943 2373 1084 2401 miserabi-

293 2425 343 2451 lius
352 2423 474 2451 dicatur?
488 2422 534 2449 llle
549 2428 663 2456 namque
675 2420 791 2453 dmmon,
800 2420 850 2447 etsi
862 2419 983 2447 homines
997 2419 1085 2454 despi~

293 2474 376 2500 ceret,
390 2474 416 2496 at
430 2468 528 2496 Christi
546 2468 631 2503 jussui
645 2467 735 2498 cessit,
751 2471 777 2494 et
797 2466 850 2493 cito
865 2473 880 2493 a
898 2473 1011 2500 corpore
1024 2466 1086 2493 abs-

292 2516 389 2547 cessit;
406 2515 450 2542 hie
464 2521 527 2542 vero
548 2521 600 2541 non
618 2512 689 2540 cedit
704 2517 847 2548 praecepto.
861 2511 926 2538 Nam
944 2512 1004 2539 licet
1016 2519 1084 2546 quo-

295 2561 360 2588 tidie
374 2560 465 2587 audiat
480 2560 552 2587 illum
567 2559 700 2586 dicentem
711 2578 718 2588 .
733 2557 794 2584 Non
809 2557 910 2592 potestis
927 2556 979 2584 Deo
993 2557 1086 2585 servire

294 2615 318 2634 et
333 2614 456 2633 mammia:
468 2605 574 2640 (Matth.
587 2605 612 2632 6.
622 2605 680 2640 25),
692 2604 740 2631 etsi
752 2603 901 2639 gehennam
910 2603 1086 2631 comminetur

295 2659 322 2680 et
334 2652 508 2680 intolerabilia
524 2652 664 2686 supplicia,
678 2659 730 2678 non
741 2651 908 2685 obtemperat
921 2655 1020 2682 tamen,
1032 2658 1086 2677 non

296 2699 368 2733 quod
382 2697 491 2725 Christo
505 2698 540 2724 sit
555 2697 660 2728 fortior,
683 2697 730 2723 sed
742 2697 813 2732 quod
828 2696 950 2724 Christus
964 2704 1013 2723 nos
1032 2704 1086 2724 non

296 2744 394 2771 invitas
409 2743 441 2770 ad
456 2743 667 2778 rcsipisccntiam
681 2742 771 2770 ducat.
789 2742 903 2777 Ideoque
918 2742 955 2770 illi
967 2742 1043 2777 quasi
1059 2742 1086 2770 in

328 2825 336 2840 ¹
357 2824 400 2848 Alii
410 2823 506 2855 legunt.
518 2823 658 2855 «litationem.

329 2857 339 2871 ¹
356 2853 447 2886 Aliqui:
457 2853 624 2886 ignorantiam.

330 2887 366 2918 (rt)
382 2883 409 2912 1ιί
417 2883 498 2912 Grteco
509 2885 548 2909 hic
559 2886 654 2916 ponitur
672 2883 771 2916 signum
790 2883 992 2915 interrogationis.

1859 162 1912 191 356

1124 201 1240 250 desertis
1262 209 1410 239 versantur,
1432 207 1540 250 etiamsi
1551 209 1576 237 in
1598 211 1693 239 mediis
1714 214 1767 241 sint
1792 217 1912 244 urbibus.

1124 248 1274 296 Quisenim
1297 256 1386 279 mente
1400 253 1492 282 valens
1515 248 1599 291 possit
1611 265 1671 286 cum
1692 260 1843 296 hujusmodi
1862 266 1914 292 ho-

1125 293 1241 322 minibus
1255 298 1375 324 versari?
1389 298 1494 327 Mallem
1508 307 1581 329 certe
1591 310 1652 331 eum
1667 293 1802 336 sexcentis
1815 309 1916 338 da-mo-

1125 340 1209 369 niacis
1224 341 1359 376 habitare,
1374 352 1453 380 quam
1474 353 1534 374 cum
1548 345 1667 378 uno'hoc
1680 351 1821 383 laborante
1843 364 1917 384 mor-

1125 386 1179 433 bo:
1195 387 1320 424 quodque
1340 390 1376 418 ita
1391 391 1502 426 lotluens
1516 401 1569 421 non
1584 395 1705 424 aberrem
1715 418 1723 430 ,
1740 399 1868 433 probatur
1882 411 1915 429 ex

1125 432 1158 481 iis
1172 441 1232 481 qum
1246 435 1352 471 utrique
1364 437 1510 472 patiuntur.
1526 439 1558 467 Hi
1571 448 1688 478 namque
1699 432 1760 472 eum
1771 446 1816 481 qui
1829 455 1858 475 se
1873 449 1916 474 ni-

1125 480 1258 529 hri-1185“,
1273 482 1409 511 inimicmn
1428 484 1479 512 sibi
1497 490 1601 521 putant,
1616 489 1763 525 volttntque
1782 480 1844 520 eum
1869 495 1915 529 qui

1127 527 1196 555 liber
1209 533 1251 556 est
1274 536 1382 558 servum
1403 538 1480 558 suum
1494 538 1564 565 esse,
1577 534 1647 562 utin
1667 537 1745 564 malis
1768 527 1917 568 innumeris

1125 570 1287 606 involvam;
1320 574 1478 604 daemoniaci
1517 585 1582 606 vero
1610 581 1678 609 nihil
1712 584 1764 611 tale
1790 584 1913 617 faciunt,

1123 617 1172 645 sed
1198 619 1324 646 morbum
1350 620 1377 647 in
1405 628 1435 649 se
1458 623 1577 651 retinent
1598 625 1618 652 ⁸.
1650 626 1690 654 11Ιί
1717 629 1818 657 multas
1845 631 1912 658 sub-

1124 668 1232 692 vertunt
1253 664 1359 698 domos,
1376 665 1456 701 idque
1469 673 1610 702 peragunt,
1628 673 1657 696 ut
1670 677 1766 698 nomen
1792 671 1840 699 Dei
1862 673 1919 700 hla-

1125 709 1297 745 spbemetur,
1312 719 1344 739 ac
1367 712 1499 746 pernicies
1514 719 1577 741 sunt
1595 719 1623 742 et
1636 715 1708 743 urbis
1726 721 1753 743 et
1772 713 1844 744 Orbis
1857 718 1919 745 uni-

1125 757 1197 784 versi
1209 765 1217 789 ;
1234 757 1260 784 hi
1273 765 1337 785 vero
1351 765 1366 784 a
1381 758 1548 786 daemonibus
1558 761 1695 796 exagitati,
1709 762 1880 791 miseratione
1890 769 1918 792 et

1127 803 1253 838 lacrymis
1264 803 1337 839 digni
1355 808 1428 831 sunt.
1445 805 1476 832 Hi
1496 809 1570 833 certe
1592 807 1650 834 sine
1665 807 1720 835 ullo
1738 815 1819 837 sensu
1834 810 1918 838 multa

1127 848 1244 881 faciunt;
1261 849 1298 876 illi
1314 851 1418 878 ratione
1431 851 1536 886 praediti
1551 852 1710 888 impingunt.
1721 855 1748 881 in
1762 855 1858 883 mediis
1871 865 1919 883 ur-

1126 895 1204 922 bibus
1218 895 1424 929 debacchantes,
1438 901 1466 924 et
1476 905 1545 924 novo
1555 899 1671 933 quodam
1688 900 1775 928 furore
1790 904 1918 938 correpti.

1127 941 1195 974 Quid
1211 942 1282 969 enim
1300 942 1352 970 tale
1366 942 1467 970 faciunt
1479 944 1636 972 ammoniaci
1651 954 1745 974 omnes
1755 967 1762 979 ,
1777 949 1856 983 quale
1868 957 1919 976 au-

1128 993 1175 1013 sus
1199 991 1241 1014 est
1266 986 1366 1020 Judas,
1395 993 1542 1017 extremam
1569 998 1710 1026 aggressus
1734 993 1920 1029 iniquitatem?

1127 1031 1208 1059 Certe
1221 1041 1316 1061 omnes
1330 1034 1374 1068 qui
1387 1034 1460 1061 illum
1472 1035 1620 1069 imitantur,
1632 1042 1695 1065 sunt
1707 1040 1783 1073 quasi
1796 1039 1860 1068 fera:
1871 1041 1920 1068 im-

1129 1085 1223 1106 manes
1244 1086 1278 1107 ex
1299 1081 1453 1108 carceribus
1472 1082 1580 1117 elapsae,
1604 1083 1728 1112 civitates
1752 1086 1920 1120 perturbant,

1130 1125 1238 1153 nemine
1250 1126 1403 1154 cohibente.
1422 1127 1454 1154 lli
1469 1132 1557 1156 tamen
1579 1130 1693 1157 vinculis
1714 1132 1831 1167 undique
1852 1140 1919 1160 con-

1131 1173 1307 1208 SIringuutur,
1318 1174 1407 1208 qualia
1420 1179 1492 1207 sunt,
1507 1175 1626 1209 judicutn
1638 1181 1732 1210 terror,
1749 1177 1835 1213 legum
1848 1186 1921 1206 cont~

1131 1219 1302 1250 minationes.
1316 1221 1386 1255 vulgi
1401 1221 1554 1256 maledicta,
1570 1227 1596 1250 et
1608 1223 1659 1250 alia
1673 1224 1784 1258 plurima
1798 1234 1806 1259 ;
1822 1226 1864 1253 his
1879 1231 1920 1254 ta-

1131 1273 1193 1293 men
1213 1266 1251 1293 illi
1265 1265 1380 1302 diruptis
1392 1267 1482 1294 omnia
1504 1275 1551 1296 sus
1562 1268 1649 1304 deque
1664 1275 1783 1298 vertunt.
1799 1272 1876 1306 Quod
1897 1274 1919 1300 si

1130 1312 1192 1348 quis
1207 1312 1264 1340 hzee
1282 1313 1387 1340 vincula
1409 1313 1538 1348 auferret,
1555 1315 1577 1343 is
1599 1315 1748 1344 datmonem
1761 1317 1820 1346 illos
1841 1326 1921 1346 occu-

1132 1364 1240 1394 pantem
1254 1359 1326 1388 clare
1340 1366 1531 1395 cognosceret,
1547 1362 1592 1397 qui
1608 1367 1681 1390 certe
1696 1364 1781 1391 multo
1793 1369 1820 1392 et
1833 1366 1923 1393 acrior

1131 1410 1159 1433 et
1172 1405 1286 1434 ferocior
1297 1408 1340 1434 est
1352 1414 1385 1434 eo
1395 1408 1440 1442 qui
1451 1415 1524 1435 nunc
1538 1415 1662 1443 egressus
1673 1415 1805 1438 narratur.

1167 1453 1194 1481 5.
1209 1452 1308 1481 Verum
1322 1454 1383 1489 quia
1405 1453 1431 1481 id
1445 1454 1503 1482 fieri
1517 1455 1620 1491 nequit,
1635 1457 1719 1484 verbo
1734 1461 1821 1486 tamen
1846 1463 1925 1487 tenus

1133 1499 1183 1526 ista
1194 1499 1334 1534 tingamus,
1345 1503 1374 1528 et
1384 1504 1493 1528 catenas
1501 1501 1560 1536 ejus
1572 1509 1667 1529 omnes
1679 1502 1848 1536 auferamus;
1861 1509 1925 1533 Illllc

1132 1544 1191 1579 ejus
1207 1544 1324 1572 furorem
1332 1546 1434 1581 liquido
1443 1547 1570 1575 sciemus.
1583 1549 1619 1575 At
1632 1547 1716 1576 feram
1728 1555 1743 1576 a
1755 1550 1830 1576 nobis
1842 1550 1926 1577 nuda~

1134 1597 1188 1619 tam
1204 1599 1237 1619 ne
1249 1591 1400 1620 formidetis
1412 1601 1419 1620 :
1435 1592 1461 1620 in
1474 1593 1558 1620 verbo
1571 1601 1687 1631 namque
1699 1599 1754 1621 tota
1768 1602 1847 1622 scena
1860 1603 1926 1623 con-

1133 1637 1214 1670 sistit,
1231 1645 1319 1672 neque
1334 1637 1360 1664 in
1373 1639 1413 1666 rei
1426 1639 1538 1666 veritate
1554 1639 1669 1674 idipsum
1684 1640 1873 1675 conspicimus.
1885 1641 1926 1669 Sit

1134 1683 1222 1718 itaque
1238 1683 1319 1711 homo
1333 1684 1476 1719 quispiam,
1490 1685 1578 1719 ignem
1590 1685 1625 1712 ab
1636 1685 1721 1713 oculis
1733 1687 1871 1720 amittens,
1884 1688 1927 1714 ni-

1133 1737 1192 1765 ger,
1205 1730 1250 1765 qui
1266 1730 1293 1757 in
1307 1735 1421 1766 utroque
1434 1730 1550 1759 humero
1561 1732 1693 1760 dracones
1706 1733 1853 1768 pendentes
1864 1734 1925 1762 loco

1135 1776 1304 1804 brachiorum
1312 1777 1426 1811 habeat;
1439 1785 1470 1805 os
1478 1778 1574 1806 habeat
1585 1779 1612 1806 in
1620 1787 1674 1814 quo
1683 1787 1731 1814 pro
1739 1780 1863 1809 dentibus
1870 1782 1927 1816 gla-

1134 1824 1170 1851 dii
1181 1824 1233 1851 sint
1242 1823 1325 1856 inlisi,
1335 1832 1384 1859 pro
1395 1824 1485 1860 lingua
1495 1824 1556 1853 fons
1563 1826 1635 1853 virus
1645 1833 1835 1862 venenumque
1845 1829 1926 1854 emit-

1135 1875 1194 1898 tens
1204 1879 1211 1903 ;
1223 1871 1381 1906 venterejus
1390 1872 1462 1899 omni
1472 1872 1579 1900 fornace
1587 1873 1756 1906 sitvoracior,
1767 1882 1826 1909 quae
1837 1875 1927 1902 Omnia

1135 1918 1232 1952 injecta
1245 1918 1391 1954 deglutiat;
1402 1918 1484 1954 pedes
1491 1919 1540 1946 alis
1550 1919 1671 1947 instructi
1680 1925 1706 1948 et
1716 1920 1822 1948 ﬂamma
1833 1923 1928 1957 quavis

1134 1963 1366 1997 vehementiores;
1378 1965 1466 1992 vultus
1476 1964 1534 1998 ejus
1542 1965 1616 1993 canis
1630 1965 1717 2001 etlupi
1730 1967 1846 2001 speciem
1861 1967 1928 1995 refe-

1134 2014 1194 2041 rat;
1210 2018 1262 2037 non
1278 2010 1419 2038 humanam
1430 2018 1521 2038 vocem
1535 2011 1654 2044 emittat,
1669 2011 1717 2039 sed
1734 2012 1798 2048 quid
1807 2012 1932 2046 insuave,

1135 2056 1318 2091 iniucundum,
1327 2057 1445 2084 terribile
1457 2066 1463 2083 :
1475 2057 1501 2084 in
1509 2057 1682 2093 manibusque
1690 2057 1811 2085 ﬂammas
1820 2058 1927 2086 habent.

1136 2102 1273 2130 Horrenda
1293 2102 1383 2130 forsan
1398 2103 1473 2131 vobis
1493 2103 1552 2131 haec
1569 2103 1726 2136 videantur;
1741 2104 1788 2131 sed
1808 2105 1928 2132 nondum

1135 2148 1209 2176 illum
1229 2149 1267 2176 uti
1281 2156 1329 2184 par
1343 2153 1401 2176 erat
1415 2149 1582 2184 depinximus
1599 2157 1606 2175 :
1623 2149 1664 2177 his
1678 2150 1775 2184 quippe
1793 2150 1845 2178 alia
1866 2157 1930 2178 sunt

1135 2195 1266 2223 addenda.
1282 2195 1381 2223 Obvios
1393 2202 1512 2231 quosque
1529 2195 1630 2230 jugulet
1641 2186 1672 2222 ac
1686 2195 1796 2223 devoret
1809 2217 1818 2229 ,
1833 2204 1930 2224 carnes

1136 2242 1245 2270 laceret.
1259 2241 1314 2269 Hoc
1327 2245 1448 2269 monstro
1459 2241 1576 2269 deterior
1585 2246 1626 2268 est
1634 2248 1741 2274 avarus,
1754 2243 1829 2277 quasi
1843 2242 1928 2270 infer-

1136 2296 1187 2317 nus
1199 2296 1292 2316 omnes
1307 2288 1417 2322 invadit,
1430 2288 1543 2315 omnes‘
1559 2288 1700 2322 devorans,
1715 2290 1866 2316 communis
1879 2290 1928 2317 hu-

1137 2335 1208 2363 mani
1227 2335 1333 2370 generis
1354 2334 1438 2362 hostis
1450 2334 1620 2362 circumiens.
1637 2335 1743 2362 Nullum
1761 2336 1860 2371 quippe
1874 2337 1930 2363 vult

1137 2388 1278 2416 superesse
1292 2380 1426 2408 hominem
1439 2400 1446 2413 ,
1465 2384 1494 2406 ut
1512 2380 1600 2407 omnia
1622 2381 1764 2414 possideat.
1780 2380 1873 2416 Neque
1888 2381 1930 2409 hic

1138 2433 1227 2456 tamen
1240 2427 1309 2454 sistit
1322 2425 1431 2462 gradum
1444 2446 1451 2459 ,
1467 2426 1514 2454 sed
1529 2430 1667 2461 postquam
1681 2434 1775 2454 omnes
1786 2427 1930 2461 cupiditate

1137 2481 1185 2501 sua
1200 2473 1331 2508 perdidit,
1348 2476 1425 2500 terra:
1437 2472 1610 2500 substantiam
1625 2473 1697 2507 cupit
1711 2473 1830 2506 abolere,
1846 2474 1930 2501 illam-

1137 2527 1190 2555 que
1205 2520 1231 2547 in
1244 2527 1338 2547 aurum
1351 2526 1457 2546 versam
1470 2519 1561 2545 videre
1574 2527 1581 2545 :
1596 2526 1682 2553 neque
1696 2523 1797 2546 tantum
1812 2523 1911 2546 terram
1922 2541 1930 2552 ,

1138 2565 1186 2593 sed
1199 2569 1312 2598 montes,
1324 2565 1417 2597 saltus,
1430 2564 1516 2591 fontes
1526 2569 1553 2592 et
1562 2564 1650 2590 omnia
1663 2571 1723 2598 quae
1733 2564 1782 2591 sub
1792 2569 1931 2598 aspectum

1139 2612 1248 2640 cadunt.
1266 2613 1351 2647 Atque
1364 2616 1394 2638 ut
1406 2611 1531 2644 diseatis,
1550 2618 1599 2639 nos
1611 2610 1728 2637 uoudttm
1742 2611 1799 2645 ejus
1814 2610 1931 2638 furorem

1140 2662 1226 2685 totum
1239 2657 1465 2685 demonstravisse
1478 2665 1484 2684 ε
1501 2664 1579 2684 nemo
1591 2656 1625 2683 sit
1637 2656 1682 2691 qui
1698 2656 1770 2683 illum
1785 2661 1894 2684 accuset
1906 2661 1934 2683 et

1140 2709 1258 2736 terreat;
1273 2703 1320 2731 sed
1331 2703 1394 2731 tolle
1407 2702 1575 2731 formidinem
1591 2703 1689 2737 legum,
1702 2706 1729 2729 et
1743 2702 1844 2729 videbis
1860 2702 1932 2729 illum

1140 2756 1248 2788 arrepto
1257 2750 1345 2786 gladio
1355 2757 1448 2776 munes
1459 2749 1646 2779 lrucidanletn,
1658 2748 1757 2775 nemini
1767 2755 1933 2781 parcentem,

1174 2825 1504 2861 {QuidamMss.,qliivcra
1524 2825 1668 2860 dttmoninqi
1694 2825 1754 2851 nihil
1781 2826 1848 2852 aliud
1874 2823 1933 2850 mali

1143 2857 1244 2892 faciunt,
1257 2864 1331 2891 quant
1343 2857 1407 2889 quod
1420 2857 1529 2883 martum
1540 2857 1563 2882 in
1574 2864 1600 2882 se
1612 2857 1728 2883 retineant

1175 2889 1185 2904 ³
1196 2889 1256 2917 Alii.
1267 2889 1355 2914 atrotia.
