2067 3134
129 117 183 148 π

129 176 176 202 καὶ
188 176 206 210 ὴ
225 175 343 211 πονηρία
354 174 409 201 τῶν
419 173 566 210 δαιμόνων,
577 171 611 210 ἦς
622 174 762 210 ἀπήλλαξε
776 175 841 207 τοὺς
859 174 905 201 ὑπ’
919 175 968 201 αὒ-

128 219 183 246 τῶν
195 219 404 254 κατεχομένους,
425 218 592 253 σαφέστερον
602 217 776 250 διεδείκνυτο,
789 218 836 245 καὶ
849 219 892 245 ὃτι
908 218 969 245 οὐδὲ

129 265 229 300 χοίρων
241 265 311 291 είσὶν
326 264 462 291 ἅπτεσθαι
476 263 577 300 κύριοι,
597 263 635 300 μὴ
652 263 700 290 τοῦ
709 263 765 290 τῶν
778 263 846 291 ὅλων
861 264 969 299 ἐπιτρέ-

129 317 226 340 ποντος
241 307 320 335 Θεοῦ.

162 352 194 379 δ’.
212 353 244 379 EI
260 352 289 379 δέ
311 360 353 384 τις
372 351 421 379 καὶ
444 351 515 379 κατὰ
530 351 676 388 ἀναγωγὴν
697 351 785 378 ταῦτα
803 351 922 384 ὲκλάὸοι,
938 351 969 378 τδ

128 396 233 424 κωλύον
248 396 334 424 οὐδέν.
354 396 386 423 Ἦ
404 395 456 432 μὲν
467 396 523 432 γὰρ
541 396 646 432 ίστορία
665 394 735 431 αὕτη
747 403 754 411 ·
770 396 810 422 δεῖ
821 396 850 423 δὲ
868 395 968 423 είδέναι

128 441 233 476 σαφῶς,
254 441 293 473 ὡς
308 440 333 467 οί
350 439 490 476 χοιρώδεις
515 440 570 468 τῶν
594 439 746 476 ἀνθρώπων
768 440 968 476 εὑεπιχείρητοι

127 487 188 517 ταῖς
209 485 265 513 τῶν
289 485 425 521 δαιμόνων
441 484 594 520 ἐνεργείαις
609 483 672 511 εἰσί.
690 484 746 511 Kal
767 483 905 519 ἄνθρωποι
919 483 969 519 μὲν

127 529 204 561 δντες
230 529 256 556 οῑ
273 529 360 556 ταῦτα
384 528 544 563 πάσχοντες.
567 528 695 555 δύνανται
717 528 763 554 καὶ
777 527 968 563 περιγενέσθαι

129 573 260 605 πολλάκις
271 581 279 588 ³
294 573 328 600 ἂν
352 572 381 599 δὲ
407 573 493 608 χοῖροι
517 572 548 599 τὺ
567 571 628 598 ὅλον
640 572 784 607 γένωνται,
802 572 832 598 οὺ
848 571 969 607 δαιμονία

129 617 222 650 ζονται
235 617 326 653 μόνον,
335 615 404 644 ἀλλὰ
414 617 462 643 καὶ
472 615 750 652 κατακρημνίζονται.
763 615 818 643 Kal
829 615 918 647 ἄλλως
927 614 967 647 δὲ,

129 661 174 688 ἳνα
189 662 227 697 μή
237 669 279 692 τις
292 660 394 696 σκηνὴν
417 659 488 687 εῖναι
512 659 611 696 νομίσῃ
625 659 660 687 τὰ
673 659 819 695 γενόμενα,
839 658 907 685 ἀλλά
924 667 968 685 πι-

130 704 230 741 στεύσῃ
242 704 335 738 σαφῶς
344 705 386 731 ὅτι
402 703 514 740 ἐξῆλθον
528 705 552 731 οί
569 705 695 740 δαίμονες
710 704 743 737 ¹⁸,
755 703 809 730 ἀπὸ
823 703 871 729 τοῦ
883 703 967 730 θανά-

128 758 176 776 του
192 749 247 776 τῶν
276 751 375 785 χοίρων
396 748 477 775 τοῦτο
499 747 603 782 γίνεται
626 747 786 782 κατάδηλον.
814 746 916 773 Σκόπει
939 747 967 774 δὲ

128 793 211 820 αὐτοῦ
229 793 277 820 καὶ
302 793 333 820 τὺ
358 794 446 828 πρᾶον
461 793 531 829 μετὰ
551 793 602 828 τῆς
614 791 764 827 δυνάμεως.
786 791 895 828 Ἐπειδὴ
913 792 967 828 γὰρ

128 838 243 865 τοιαῦτα
273 837 499 873 εὐεργετηθέντες
512 836 667 871 ἀπήλαυνον
683 835 765 863 αὑτὸν
774 836 800 862 οί
816 835 865 871 τὴν
876 835 969 872 χώραν

128 882 268 914 οἰκοῦντες
293 882 412 918 ἐκείνην,
440 881 490 908 οὺκ
504 881 666 912 ἀντέτεινεν,
690 880 748 907 ἀλλ’
766 880 968 916 ἀνεχώρησε¹⁶,

129 927 178 954 καὶ
195 927 259 958 τοὺς
278 926 405 960 ἀναξίους
424 925 618 960 ἀποφήναντας
637 925 751 956 ἑαυτοὺς
769 925 819 960 τῆς
832 924 915 951 αὑτοῦ
928 924 969 951 δι-

129 967 277 1002 δασκαλίας
292 970 432 1003 κατέλιπε,
442 969 505 1001 τοὺς
521 967 754 1004 ἐλευθερωθέντας
769 969 823 995 τῶν
836 968 969 1004 δαιμόνων

129 1015 192 1047 δοὺς
210 1014 390 1046 διδασκάλους
404 1014 452 1041 καὶ¹
465 1014 486 1030 "
502 1014 566 1046 τοὺς
582 1012 716 1045 συϐώτας,
729 1012 800 1039 ὥστε
815 1012 880 1049 παρ’
897 1013 969 1040 ἐκεί-

131 1068 185 1086 νων
199 1058 297 1094 μαθεῖν
311 1058 400 1086 πάντα
418 1058 453 1085 τὰ
469 1057 641 1093 γεγενημένα
653 1065 660 1073 ·
676 1058 723 1085 καὶ
736 1057 818 1089 αὐτὸς
832 1058 971 1094 ἀναχωρή-

132 1112 181 1134 σας
195 1103 241 1130 τὸν
252 1102 333 1138 φόϐον
343 1102 455 1138 ἀφίησιν
466 1102 558 1134 αὐτοῖς
569 1101 768 1137 ἐνακμόιζοντα.
786 1100 842 1128 Kal
856 1101 910 1137 γὰρ
921 1102 970 1137 τῆς

132 1147 235 1183 ζημίας
248 1146 279 1173 τὺ
288 1146 402 1182 μέγεθος
418 1145 528 1172 διεδίδου
544 1145 591 1172 τοῦ
606 1145 789 1181 γεγενημένου
801 1145 849 1182 τὴν
865 1146 969 1182 φήμην,

133 1192 181 1219 καὶ
207 1191 361 1218 καθικνεῖτο
384 1191 434 1226 τῆς
447 1190 567 1223 διανοίας
590 1192 611 1206 ⁵⁸
627 1190 760 1218 αὐτῶντὸ
780 1190 897 1226 συμϐάν.
916 1191 971 1217 Kal

133 1234 298 1270 πολλαχόθεν
311 1234 441 1270 ἐφέροντο
463 1234 560 1269 φωναὶ,
581 1233 817 1270 ἀνακηρύττουσαι
837 1233 885 1260 τοῦ
907 1234 971 1261 θαύ-

133 1287 219 1314 ματος
236 1278 268 1305 τὸ
286 1278 448 1314 παράδοξον,
461 1277 516 1304 ἀπὸ
530 1277 584 1304 τῶν
601 1277 834 1313 θεραπευθέντων,
848 1277 903 1305 άπὸ
918 1278 971 1305 τῶν

131 1322 412 1355 καταποντισθέντων,
433 1322 486 1349 ἀπὸ
498 1321 553 1349 τῶν
567 1321 705 1349 δεσποτῶν
717 1322 772 1350 τῶν
792 1322 901 1358 χοίρων,
918 1323 971 1349 ἀπὸ

131 1367 187 1394 τῶν
200 1366 399 1402 ποιμαινόντων
422 1366 521 1398 αὐτοὺς
537 1365 698 1402 ἀνθρώπων.
721 1366 743 1382 ¹⁹
757 1367 850 1393 Ταῦτα
863 1367 909 1394 καὶ
924 1367 971 1393 νῦν

132 1410 264 1445 γινόμενα
277 1409 327 1436 ἴδοι
342 1418 385 1440 τις
395 1409 438 1440 ἂν,
454 1409 501 1436 καὶ
514 1408 627 1440 πολλοὺς
640 1410 669 1436 ἐν
684 1410 740 1441 τοῖς
754 1410 896 1445 μνημείοις
914 1410 971 1437 δαι-

133 1453 337 1490 μονιζομένους,
355 1453 401 1485 οὒς
413 1453 490 1480 οὐδὲν
503 1453 613 1488 κατέχει
625 1453 674 1488 τῆς
685 1453 793 1488 μανίας,
806 1453 837 1480 οὐ
850 1453 969 1490 σίδηρος,

132 1498 184 1533 οὐχ
199 1498 304 1529 ἅλυσις,
318 1497 369 1524 οὐκ
384 1496 537 1532 ἀνθρώπων
560 1496 672 1532 πλῆθος,
700 1497 730 1523 οὐ
749 1496 919 1532 παραίνεσις,
939 1498 970 1524 οὐ

134 1541 270 1573 νουθεσία,
286 1541 317 1568 οὑ
325 1540 416 1575 φόϐος,
427 1540 478 1567 οὐκ
496 1540 606 1575 ἀπειλὴ,
619 1540 668 1566 οὐκ
684 1540 748 1567 ἄλλο
772 1540 827 1567 τῶν
842 1541 971 1568 τοιούτων

133 1586 222 1614 οὐδέν.
235 1586 291 1613 Καὶ
302 1585 358 1621 γὰρ
371 1586 436 1612 ὅταν
444 1593 486 1617 τις
501 1584 651 1616 ἀκόλαστος
698 1585 765 1620 πρὸς
777 1584 866 1611 πάντα
882 1585 905 1601 ¹⁰
919 1585 971 1612 σώ-

134 1638 211 1666 ματα
233 1629 411 1664 ἐπτοημένος,
435 1628 512 1655 οὐδὲν
536 1628 672 1663 διενήνοχε
700 1627 748 1654 τοῦ
770 1628 950 1663 δαιμονῶντας
963 1638 970 1646 ·

133 1673 204 1701 ἀλλὰ
229 1674 332 1708 γυμνὸς
349 1673 370 1688 ¹¹
395 1671 472 1708 [559]
494 1671 531 1704 ὠς
546 1673 648 1704 ἐκεῖνος
672 1672 857 1708 περιέρχεται,
876 1673 971 1708 ίμάτια

135 1718 187 1753 μὲν
200 1716 380 1752 ἐνδεδυμένος,
396 1715 446 1751 τῆς
467 1715 496 1741 δὲ
523 1714 639 1750 ἀληθοῦς
661 1716 806 1751 περιϐολῆς
819 1716 967 1752 ἐστερημέ-

134 1769 180 1792 νος
192 1760 226 1792 ²³,
235 1759 283 1786 καὶ
293 1759 342 1794 τῆς
355 1757 429 1793 αὑτῷ
450 1756 642 1792 προσηκούσης
657 1757 735 1793 δόξης
750 1759 970 1794 γεγυμνωμένος,

134 1805 167 1831 οὑ
180 1804 263 1836 λίθοις
281 1803 376 1830 ἑαυτὸν
390 1801 582 1834 κόπτων,ἀλλὰ
595 1801 884 1837 ἀμαρτήμασιπολλῶν
892 1802 972 1830 λίθων

135 1848 345 1885 χαλεπωτέροις.
373 1846 421 1878 Τίς
446 1844 493 1874 οὗν
520 1846 566 1873 τὸν
580 1845 699 1873 τοιοῦτον
720 1847 799 1881 δῆσαι
813 1847 971 1883 δυνήσεται;

135 1894 179 1926 τες
192 1894 216 1909 ³³
229 1892 334 1919 παῦσαι
346 1891 551 1926 ἀσχημονοῦντα
564 1891 611 1917 καὶ
621 1890 821 1926 οίστρούμενον,
839 1892 885 1918 καὶ
899 1892 973 1921 οὐδέτ

135 1945 203 1964 ποτε
235 1937 265 1963 ἐν
293 1935 383 1972 ἑαυτῷ
398 1935 549 1970 γινόμενον,
571 1934 629 1962 ἀλλ’
652 1934 695 1961 ἀεὶ
712 1934 786 1970 παρὰ
796 1934 831 1961 τὰ
844 1935 972 1970 μνήματα

136 1981 288 2017 φοιτῶντα;
310 1979 430 2007 Τοιαῦτα
442 1979 497 2015 γὰρ
520 1978 575 2006 τῶν
589 1978 696 2015 πορνῶν
711 1978 734 1995 ’⁸
750 1977 784 2005 τὰ
800 1978 971 2014 καταγώγια,

137 2026 238 2061 πολλῆς
250 2025 301 2060 τῆς
327 2024 459 2055 δυσωδίας
475 2024 604 2059 γέμοντα,
621 2022 722 2058 πολλῆς
740 2023 790 2058 τῆς
815 2024 970 2059 σηπεδόνος.

137 2070 170 2096 Τί
192 2069 221 2096 δέ
251 2070 267 2096 ὸ
292 2068 475 2104 φιλάργυρος;
497 2068 558 2103 οὐχὶ
572 2067 710 2101 τοιοῦτος;
733 2068 774 2099 τίς
790 2067 843 2104 γὰρ
855 2068 877 2084 ³⁸
891 2068 971 2096 αὑτὸν

139 2113 244 2149 ἰσχύσει
254 2112 335 2148 δῆσαί
347 2120 428 2144 ποτε;
442 2112 501 2147 οὐχὶ
512 2111 589 2146 φόϐοι
604 2111 650 2138 καὶ
659 2111 769 2138 ἀπειλαὶ
778 2112 970 2149 καθημεριναὶ,

137 2158 184 2186 καὶ
211 2156 386 2193 παραινέσεις
410 2155 457 2182 καὶ
479 2155 650 2190 συμϐουλαίς
668 2154 748 2182 Ἀλλὰ
775 2156 864 2183 πάντα
885 2156 972 2183 ταῦτα

136 2201 278 2229 διακόπτει
288 2200 325 2228 τὰ
348 2200 436 2235 δεσμά
448 2206 455 2214 ·
478 2199 529 2226 κᾶν
540 2199 604 2235 ἔλθῃ
619 2207 660 2231 τις
672 2200 753 2227 αὐτὸν
770 2200 793 2218 ³⁸
808 2200 970 2234 ἀπαλλάξαι,

135 2245 241 2283 όρκίζει
251 2244 322 2272 ὥστε
339 2244 376 2280 μὴ
387 2243 588 2279 ἀπαλλαγῆναι,
603 2243 718 2279 βάσανον
732 2243 883 2280 ἡγούμενος
902 2243 972 2272 εἶναι

138 2291 271 2327 μεγίστην
296 2290 327 2316 τὸ
345 2290 382 2325 μὴ
398 2287 468 2316 εἶναι
488 2289 518 2316 ἐν
547 2290 580 2325 τῇ
602 2289 725 2325 βασάνῳ·
737 2286 768 2316 οῦ
786 2289 813 2316 τί
827 2290 924 2324 γένοιτ’
939 2290 972 2318 ἃν

136 2334 302 2370 ἀθλιώτερον
317 2334 358 2366 ³⁷;
385 2334 505 2365 Ἐκεῖνος
527 2333 577 2368 μὲν
598 2333 654 2369 γὰρ
673 2334 688 2360 ὁ
699 2333 814 2369 δαίμων,
830 2335 854 2360 εί
872 2334 919 2361 καὶ
930 2334 967 2362 ἀν

137 2380 255 2415 θρὼπων
280 2378 493 2413 κατεφρόνησεν,
508 2377 575 2404 ἀλλὰ
588 2377 627 2413 τῷ
647 2378 839 2413 προστάγματι
859 2376 914 2411 εἶξε
926 2379 973 2405 τοῦ

136 2423 268 2460 Χριστοῦ,
280 2422 327 2450 καὶ
340 2421 446 2457 ταχέως
456 2421 616 2457 ἀπεπήδησε
634 2421 658 2437 ³⁸
675 2420 722 2448 τοῦ
739 2421 879 2457 σώματος·
896 2420 973 2455 οὗτος

136 2468 164 2494 δὲ
176 2467 237 2494 οὐδὲ
251 2466 291 2502 τῷ
306 2465 498 2501 προστάγματι
519 2465 598 2492 εἴκει.
617 2464 682 2492 Ἰδοὺ
692 2464 758 2499 γοῦν
777 2465 838 2492 καθ’
853 2467 973 2502 ἑκάστην

135 2512 243 2547 ἡμέραν
257 2510 352 2538 ἀκούει
365 2509 448 2537 αὐτοῦ
470 2509 604 2543 λέγοντος,
623 2510 665 2536 Οὐ
679 2509 811 2537 δύνασθε
828 2510 888 2543 Θεῷ
904 2511 973 2538 δου-

134 2556 237 2583 λεύειν
252 2554 303 2581 καί
314 2552 451 2588 μαμωνᾷ,
466 2553 513 2580 καὶ
524 2552 636 2586 γέενναν
660 2553 843 2586 ἀπειλοῦντος,
862 2556 909 2582 καὶ
922 2556 973 2587 τὰς

135 2599 304 2635 ἀνηκέστους
319 2598 454 2630 κολάσεις,
467 2597 514 2624 καὶ
530 2598 560 2624 οὺ
582 2597 723 2624 πείθεται·
742 2598 791 2634 οὐχ
810 2599 851 2625 ὅτι
865 2600 972 2635 ίσχυρό-

172 2659 195 2674 ¹³
207 2657 253 2685 Sic
274 2656 355 2684 codd.
369 2656 464 2691 ’νει-εξ.
488 2654 570 2691 Euth.
588 2655 699 2691 ἐξῆλθεν
711 2656 727 2682 ὁ
743 2656 848 2691 δαίμων
873 2658 940 2685 Edd.

622 117 656 144 IN
676 116 884 144 MATTIIJEUM
903 115 1019 144 IIOMIL.
1040 116 1156 145 XXVIII.
1176 119 1211 146 al.
1231 117 1326 146 XXIX.

995 2659 1016 2674 ¹⁶
1031 2659 1098 2686 ἀλλὰ
1118 2659 1164 2686 κα).
1178 2660 1251 2695 ἁνεχ.
1274 2659 1341 2687 Edd.

1803 118 1858 150 556

1019 176 1098 211 τερός
1111 176 1168 203 ἐστι
1183 175 1230 202 τοῦ
1247 175 1376 211 Χριστοῦ,
1387 176 1492 203 ἀλλ’ὅτι
1505 176 1620 208 ἄκοντας
1631 177 1706 211 ἡμᾶς
1717 177 1731 204 ό
1739 177 1856 213 Χριστὸς

1019 219 1050 245 οὐ
1068 219 1238 256 σωφρονίζει.
1254 220 1304 246 Διά
1319 220 1398 247 τοῦτο
1411 220 1449 252 ὡς
1463 221 1491 247 ὲν
1508 220 1623 255 ἐρήμοις
1634 221 1658 247 οἱ
1674 220 1787 247 τοιοῦτοι
1796 221 1857 247 δια-

1019 263 1153 298 τρίϐουσι,
1170 264 1225 291 κᾶν
1239 264 1268 291 ἐν
1280 264 1377 300 μέσαις
1394 264 1503 291 πόλεσιν
1517 261 1579 291 ὦσι.
1595 263 1643 296 Τίς
1655 264 1710 299 γὰρ
1723 264 1756 291 ἂν
1771 264 1858 291 ἕλοιτο

1019 306 1082 334 νοῦν
1096 307 1165 343 ἔχων
1181 308 1312 340 τοιούτοις
1325 308 1501 343 συγγίνεσθαι
1520 307 1673 344 ἀνθρώποις
1686 317 1693 340 ;
1708 308 1815 335 Μᾶλλον
1825 308 1858 335 ἂν

1018 350 1106 385 ἔγωγε
1119 352 1305 388 κατεδεξάμην
1317 353 1385 388 μετὰ
1406 352 1509 388 μυρίων
1527 351 1717 387 δαιμονώντων
1729 352 1823 381 οίκεῖν,
1841 352 1857 386 ἦ

1021 395 1091 430 μετὰ
1102 395 1163 428 ἑνὸς
1177 397 1279 432 ταύτην
1293 397 1435 429 νοσοῦντος
1447 397 1497 431 τὴν
1511 397 1598 423 νόσον.
1614 396 1669 423 Kal.
1678 397 1718 423 ὃτι
1728 396 1760 422 οὺ
1771 395 1857 430 σφάλ-

1019 438 1100 475 λομαι
1118 439 1204 467 ταῦτα
1228 440 1325 475 λέγων,
1355 441 1433 476 δῆλον
1454 440 1485 473 ἐξ
1503 438 1541 467 ὧν
1555 440 1682 475 ἑκάτεροι
1698 440 1857 475 πάσχουσιν.

1019 481 1099 511 οὗτοι
1115 485 1164 519 μὲν
1173 484 1228 521 γὰρ
1241 485 1288 512 τὸν
1299 485 1375 512 οὐδὲν
1390 485 1539 521 ἠδικηκότα
1553 484 1649 520 ἐχθρὸν
1659 483 1800 519 ἡγοῦνται,
1812 483 1859 509 καὶ

1019 528 1158 563 βούλονται
1172 529 1220 556 καὶ
1241 529 1333 556 δοῦλον
1345 522 1438 556 λαϐεῖν
1457 529 1598 565 ἐλεύθερον
1609 529 1723 559 ¹⁹ιδντα,
1742 528 1789 554 καὶ
1807 536 1859 562 μυ-

1019 572 1087 608 ρίοις
1115 573 1309 608 περιϐάλλουσι
1335 575 1444 605 κακοῖς’
1465 574 1490 600 οἱ
1505 573 1533 599 δὲ
1543 572 1725 608 δαιμονῶντες
1742 572 1765 588 ³⁸
1782 571 1859 598 οὐδὲν

1018 617 1139 644 τοιοῦτον
1150 618 1170 633 ⁸¹
1187 617 1358 653 ἐργάζονται,
1376 617 1434 644 ἀλλ’
1450 618 1478 644 ὲν
1496 618 1603 648 ἑαυτοῖς
1621 616 1671 652 τὴν
1686 616 1763 642 νόσον
1779 614 1859 650 στρέ-

1019 670 1109 696 φουσι.
1122 661 1178 689 Καὶ
1194 660 1267 689 οὗτοι
1283 662 1332 697 μὲν
1344 662 1366 678 ³²
1383 661 1483 693 πολλὰς
1498 661 1587 693 οἰκίας
1604 660 1797 696 ἀνατρέπουσι,
1813 659 1860 685 καὶ

1018 705 1048 733 τὸ
1063 706 1150 742 δνομα
1161 706 1208 733 τοῦ
1224 707 1291 733 Θεοῦ
1304 706 1523 742 βλασφημεῖς-θαι
1544 704 1796 741 παρασκευάζουσι,
1812 704 1859 730 καὶ

1018 750 1092 785 λύμη
1116 751 1220 782 πόλεως
1239 751 1288 777 καὶ
1307 750 1357 785 τῆς
1372 750 1534 785 οἰκουμένης
1551 749 1661 784 ἀπάσης
1685 748 1753 774 είσίν
1766 756 1773 763 ·
1790 749 1814 774 οἱ
1830 747 1859 774 δὲ

1018 794 1071 821 ὑπὸ
1085 794 1219 830 δαιμόνων
1244 794 1431 830 ἐνοχλούμενοι
1449 794 1482 826 ³³,
1509 793 1643 820 ἐλεεῖσθαι
1669 792 1769 828 μᾶλλόν
1789 793 1860 818 εἰσιν

1019 838 1088 871 ἄξιοι
1097 839 1143 865 καὶ
1150 839 1325 875 δακρύεσθαι.
1338 839 1392 865 Kal
1400 839 1424 864 οἱ
1435 837 1484 873 μὲν
1495 839 1523 864 ἐν
1535 836 1698 871 ἀναισθησίᾳ
1707 836 1741 863 τὰ
1749 835 1859 862 πλείονα

1019 882 1200 918 πράττουσιν·
1215 883 1241 908 οἱ
1257 882 1286 909 δὲ
1304 882 1372 918 μετά
1393 880 1523 916 λογισμοῦ
1541 880 1755 915 παραπαίουσιν,
1769 879 1797 905 ἐν
1815 879 1860 913 μέ-

1020 934 1080 957 σαις
1096 926 1190 953 πόλεσι
1213 925 1419 961 βακχευόμενοι,
1441 925 1489 951 καὶ
1508 925 1605 959 καινήν
1620 932 1681 950 τινα
1701 922 1859 958 μαινόμενοι

1022 969 1131 1005 μανίαν.
1143 970 1176 996 Τί
1183 969 1237 1006 γὰρ
1247 969 1367 996 τοιοῦτον
1374 968 1534 1005 ἐργάζονται
1544 968 1569 994 οί
1579 967 1760 1003 δαιμονῶντες
1773 966 1859 993 ἃπαν-

1019 1022 1074 1046 τες,
1087 1011 1143 1040 οἷον
1160 1013 1259 1045 Ἰούδας
1267 1013 1410 1049 ἐτόλμησε,
1420 1013 1470 1048 τὴν
1481 1012 1600 1047 ἐσχάτην
1612 1010 1785 1047 παρανομίαν
1798 1011 1858 1037 ἑπι-

1020 1057 1196 1093 δειξάμενος;
1211 1058 1266 1085 Kal
1282 1058 1382 1089 πάντες
1396 1056 1424 1083 δὲ
1438 1057 1462 1083 οἱ
1482 1057 1585 1083 ἐκεῖνον
1600 1055 1756 1091 ζηλοῦντες,
1773 1054 1860 1081 καθά-

1021 1110 1074 1138 περ
1086 1101 1169 1137 θηρία
1188 1101 1293 1137 χαλεπὰ
1315 1101 1369 1129 ἀπὸ
1388 1100 1543 1137 γαλεάγρας
1561 1099 1693 1134 φυγόντα,
1706 1098 1756 1130 τὰς
1767 1097 1859 1129 πόλεις

1022 1144 1192 1182 θορυϐοῦσιν,
1206 1144 1314 1177 οὐδενὸς
1324 1144 1495 1180 κατέχοντος.
1506 1143 1664 1179 Περίκειται
1679 1142 1730 1178 μὲν
1742 1141 1797 1177 γὰρ
1812 1143 1859 1168 καὶ

1020 1189 1126 1222 τούτοις
1141 1189 1228 1225 δεσμὰ
1243 1189 1412 1224 πανταχόθεν
1421 1196 1429 1203 ·
1445 1185 1502 1214 οἷον
1516 1188 1531 1214 δ
1549 1187 1603 1214 τῶν
1617 1185 1751 1214 δικαστῶν
1764 1185 1857 1220 φόϐος,

1020 1234 1037 1268 ή
1049 1233 1104 1261 τῶν
1120 1233 1211 1268 νόμων
1236 1232 1346 1268 ἀπειλὴ,
1362 1233 1379 1268 ἡ
1393 1231 1469 1268 παρά
1490 1231 1544 1258 τῶν
1560 1230 1665 1257 πολλῶν
1675 1229 1857 1264 κατάγνωσις,

1021 1279 1068 1305 καὶ
1081 1278 1163 1314 ἕτερα
1175 1278 1286 1305 πλείονα
1293 1277 1397 1304 τούτων
1408 1285 1416 1293 '
1433 1277 1491 1304 ἀλλ’
1502 1277 1576 1312 ὅμως
1588 1277 1635 1304 καὶ
1645 1276 1733 1303 ταῦτα
1747 1277 1859 1312 διαρρη-

1021 1322 1133 1357 γνύντες
1148 1322 1236 1349 πάντα
1260 1322 1316 1349 ἀνω
1328 1323 1376 1348 καὶ
1401 1321 1477 1349 κάτω
1488 1320 1605 1348 ποιοῦσι.
1623 1321 1680 1348 Kal
1693 1321 1719 1347 εί
1730 1329 1772 1352 τις
1790 1321 1859 1348 αὐτὰ

1021 1367 1112 1394 τέλεον
1125 1367 1214 1395 αὐτῶν
1228 1367 1251 1384 ³⁵
1266 1367 1371 1402 ἀφεῖλε,
1382 1367 1441 1394 τότε
1459 1367 1492 1394 ἃν
1510 1367 1580 1401 ἐγνω
1593 1366 1687 1401 σαφῶς
1702 1365 1748 1392 τὴν
1763 1366 1792 1392 ἐν
1809 1366 1859 1392 αῦ-

1021 1412 1078 1443 τοῖς
1091 1411 1208 1447 δαίμονα
1232 1411 1300 1439 πολὺ
1321 1411 1368 1438 τοῦ
1387 1411 1435 1439 νῦν
1450 1410 1602 1443 ἐξελθόντος
1613 1409 1782 1446 ἀγριώτερον
1795 1409 1858 1436 ὅντα

1023 1455 1068 1482 καὶ
1080 1454 1276 1491 μανικώτερον.

1058 1498 1134 1535 [540]
1149 1502 1180 1526 ε’.
1194 1499 1263 1526 Ἀλλ’
1272 1499 1367 1535 ἐπειδὴ
1375 1498 1455 1526 τοῦτο
1464 1499 1515 1526 οὐκ
1525 1498 1576 1530 ἔνι,
1585 1497 1624 1534 τῷ
1634 1497 1706 1534 λόγῳ
1717 1497 1785 1529 τέως
1793 1497 1859 1524 αὐτὸ

1023 1542 1197 1578 ὑποθώμεθα,
1219 1544 1266 1570 καὶ
1282 1543 1373 1575 πάσας
1385 1542 1467 1570 αὑτοῦ
1486 1543 1656 1579 περιέλωμεν
1669 1542 1719 1573 τὰς
1733 1541 1841 1572 ἁλύσεις
1850 1550 1856 1555 -

1024 1587 1069 1614 καὶ
1085 1588 1146 1614 τότε
1168 1588 1250 1615 αὐτοῦ
1269 1587 1362 1622 σαφῶς
1377 1587 1507 1622 είσόμεθα
1523 1587 1573 1622 τὴν
1592 1586 1723 1622 λαμπρὰν
1749 1585 1858 1621 μανίαν.

1029 1631 1109 1658 Ἀλλά
1125 1631 1162 1668 μὴ
1174 1632 1282 1668 δείσητε
1298 1632 1329 1659 τὺ
1342 1631 1436 1668 θηρίον
1446 1651 1453 1664 ,
1474 1632 1538 1658 ὅταν
1555 1631 1622 1658 αὐτὸ
1638 1629 1837 1665 ἐκκαλύψωμεν
1851 1639 1857 1644 ·

1022 1675 1051 1702 ἐν
1061 1675 1115 1711 γάρ
1130 1675 1169 1711 τῷ
1185 1675 1257 1711 λόγῳ
1267 1676 1284 1712 ἡ
1296 1675 1383 1711 σκηνὴ
1392 1696 1399 1709 ,
1410 1675 1461 1702 οὐκ
1472 1675 1502 1702 ἐν
1516 1674 1629 1710 ἀληθεία
1644 1674 1667 1690 ³⁵
1684 1674 1715 1700 τὸ
1729 1673 1857 1709 πρᾶγμα.

1023 1721 1114 1748 Ἔστω
1131 1721 1220 1748 τοίνυν
1244 1730 1286 1753 τις
1309 1721 1453 1757 ἄνθρωπος
1478 1719 1534 1756 πῦρ
1557 1720 1611 1748 ἀπὸ
1636 1719 1691 1746 τῶν
1713 1717 1859 1754 ὀφθαλμῶν

1021 1766 1124 1801 ἀφιεὶς,
1141 1765 1235 1801 μέλας,
1253 1765 1283 1798 ἐξ
1300 1766 1439 1801 ἑκατέρων
1454 1764 1507 1791 τῶν
1529 1763 1614 1798 ὤμων
1630 1763 1783 1799 δράκοντας
1799 1761 1860 1789 ἀντὶ

1022 1810 1122 1849 χειρῶν
1138 1809 1209 1845 ἔχων
1224 1809 1426 1846 ἐξηρτημένους
1440 1817 1447 1825 ·
1464 1808 1534 1835 ἔστω
1552 1807 1580 1834 δὲ
1596 1806 1671 1842 αὐτῷ
1686 1807 1734 1833 καὶ
1755 1806 1841 1841 στόμα
1851 1825 1858 1838 ,

1022 1855 1082 1882 ἀντὶ
1097 1854 1146 1890 μὲν
1158 1854 1272 1881 ὀδόντων
1288 1853 1351 1889 ξίφη
1359 1853 1423 1887 ὀξέα
1439 1853 1500 1888 έχον
1514 1851 1693 1888 ἐμπεπηγότα
1708 1851 1741 1884 ’⁸,
1755 1850 1816 1877 ἀντὶ
1831 1849 1859 1876 δὲ

1022 1897 1148 1934 γλώσσης
1164 1897 1203 1925 ἰοῦ
1219 1898 1266 1924 καὶ
1286 1897 1448 1933 δηλητηρίου
1464 1895 1610 1931 φαρμάκου
1633 1894 1725 1929 πηγὴν
1741 1893 1860 1921 ἀναϐλύ-

1023 1942 1122 1975 ζουσαν
1136 1950 1142 1958 ·
1157 1942 1263 1978 γαστὴρ
1279 1942 1323 1973 δὲ,
1339 1941 1455 1978 καμίνου
1482 1941 1574 1976 πάσης
1596 1938 1857 1975 δαπανητικωτέρα,

1022 1987 1057 2013 τὰ
1071 1987 1261 2022 ἐμϐαλλόμενα
1276 1986 1458 2013 άναλίσκουσα
1474 1985 1597 2012 ἅπαντα·
1622 1983 1669 2010 καὶ
1688 1982 1769 2014 πόδες
1790 1981 1858 2008 ὑπό-

1022 2031 1117 2067 πτεροι
1139 2039 1211 2062 τινες
1230 2030 1277 2057 xal
1299 2029 1397 2064 φλογὸς
1423 2029 1532 2065 ἀπάσης
1558 2027 1749 2063 σφοδρότεροι·
1767 2026 1814 2052 καὶ
1829 2026 1860 2052 τὸ

1025 2075 1170 2110 πρόσωπον
1183 2074 1212 2101 δὲ
1226 2073 1301 2109 αὑτῷ
1315 2073 1368 2100 ἀπὸ
1385 2073 1465 2104 κυνὸς
1479 2072 1526 2099 καὶ
1541 2071 1622 2098 λύκου
1640 2070 1860 2104 κατεσκευασμέ-

1024 2128 1068 2146 νον
1083 2119 1169 2145 ἐστω·
1183 2118 1229 2144 καὶ
1247 2116 1405 2152 φθεγγέσθω
1424 2116 1506 2152 μηδὲν
1531 2115 1708 2151 ἀνθρώπινον,
1731 2113 1788 2141 ἀλλ’
1805 2114 1859 2140 ἀπ-

1024 2162 1090 2198 ηχές
1103 2171 1130 2189 τι
1143 2162 1190 2189 καὶ
1203 2162 1284 2197 ἀηδὲς
1300 2161 1346 2188 καὶ
1367 2160 1482 2196 φοϐερόν
1492 2168 1499 2175 ·
1517 2159 1603 2195 ἐχέτω
1624 2158 1652 2185 δὲ
1667 2158 1714 2185 καὶ
1736 2158 1766 2185 ἐν
1781 2158 1859 2193 χερσὶ

1024 2207 1121 2242 φλόγα.
1139 2207 1215 2241 Τάχα
1229 2206 1332 2241 φοϐερὰ
1346 2205 1420 2232 δοκεῖ
1432 2203 1501 2231 εἶναι
1512 2203 1575 2239 ύμῖν
1592 2202 1626 2230 τὰ
1638 2202 1772 2238 εἰρημένα
1782 2211 1788 2217 ·
1800 2201 1857 2228 ἀλλ’

1021 2251 1127 2278 οὐδέπω
1148 2251 1208 2278 κατ’
1234 2250 1313 2283 ἀξίαν
1338 2249 1418 2276 αὑτὸν
1444 2247 1667 2284 ἐσχηματίσαμεν
1681 2254 1687 2261 ⁸
1712 2245 1781 2281 μετά
1804 2245 1859 2280 γὰρ

1022 2294 1124 2322 τούτων
1140 2295 1187 2321 καὶ
1199 2293 1281 2329 ’ἐτερα
1293 2293 1333 2320 δεῖ
1343 2292 1513 2328 προσθεῖναι.
1526 2292 1580 2318 Καὶ
1593 2291 1646 2326 γὰρ
1658 2290 1679 2306 ⁸⁷
1694 2290 1757 2322 τοὺς
1771 2290 1860 2317 ἀπαν-

1021 2339 1125 2370 τῶντας
1152 2338 1305 2372 σφαττέτω,
1339 2337 1517 2369 κατεσθιέτω,
1548 2335 1603 2362 τῶν
1631 2334 1742 2370 σαρκῶν
1768 2334 1860 2361 αὐτῶν

1023 2381 1161 2409 ἁπτέσθω.
1171 2382 1250 2408 Ἀλλά
1264 2381 1312 2408 καὶ
1319 2382 1413 2408 τούτου
1425 2380 1514 2415 πολλῷ
1529 2378 1718 2415 χαλεπώτερος
1731 2379 1746 2405 ὁ
1761 2379 1858 2414 φιλάρ-

1023 2435 1115 2461 γυρος,
1131 2426 1213 2452 πᾶσιν
1228 2425 1313 2452 ἐπιὼν
1329 2425 1423 2461 ὥσπερ
1437 2425 1514 2460 ᾅδης,
1532 2424 1635 2455 πάντας
1651 2423 1673 2439 ³⁸
1690 2422 1857 2453 καταπίνων,

1024 2470 1112 2501 κοινὸς
1133 2469 1259 2505 πολέμιος
1283 2470 1493 2505 περιερχόμενος
1507 2467 1554 2494 τοῦ
1575 2467 1630 2494 τῶν
1645 2465 1797 2502 ἀνθρώπων
1814 2465 1860 2499 γέ-

1023 2523 1095 2546 νους.
1122 2515 1178 2540 Καὶ
1197 2514 1251 2550 γὰρ
1277 2514 1400 2549 βούλεται
1425 2513 1527 2548 μηδένα
1549 2511 1692 2547 ἄνθρωπον
1707 2508 1776 2537 εἶναι
1789 2529 1797 2543 ,
1816 2510 1859 2536 ἴνα

1023 2558 1058 2584 τὰ
1080 2558 1168 2584 πάντα
1182 2559 1204 2574 ³³
1234 2558 1345 2593 κατέχῃ.
1371 2557 1426 2584 Kal
1449 2557 1510 2583 οὐδὲ
1530 2555 1647 2583 ἐνταῦθα
1661 2555 1786 2587 ἵσταται,
1801 2554 1859 2581 ἀλλ’

1023 2602 1087 2628 ὅταν
1101 2603 1204 2633 πάντας
1218 2601 1340 2637 ἀπολέσῃ
1355 2602 1388 2637 τῇ
1406 2600 1549 2636 ἐπιθυμίᾳ,
1563 2600 1611 2626 καὶ
1624 2599 1674 2635 τῆς
1684 2599 1735 2635 γῆς
1750 2599 1799 2634 τὴν
1812 2599 1859 2625 οὺ-

1395 2659 1416 2675 ¹⁷
1433 2659 1481 2686 καὶ
1495 2667 1551 2687 om.
1573 2658 1605 2686 C.
1628 2657 1657 2684 1)⁴
1675 2657 1706 2685 Ε.
1729 2657 1760 2685 F.
1777 2656 1859 2684 Pauiu

134 2698 199 2721 ante
213 2692 277 2723 δοὺς
295 2699 350 2719 om.
366 2691 397 2718 Ι).
412 2690 476 2721 τοὺς
493 2689 707 2726 συῦώταςῙτοὺς
728 2689 952 2726 χοιροὸὀσκοντας
967 2693 970 2720 1

134 2728 247 2756 sustulit
269 2735 343 2754 corr.
361 2727 392 2753 D.
411 2725 492 2753 Plura
511 2726 538 2752 in
560 2725 653 2753 adnot.
697 2727 717 2741 “‘
728 2727 857 2758 διανοίας]
872 2728 916 2755 Sic
936 2728 965 2755 E.

1021 2695 1066 2725 τοῖς
1086 2689 1244 2737 συμβιωταΐξ
1268 2695 1330 2758 (εἰίὲ
1345 2694 1374 2722 C.
1393 2694 1482 2722 Verba
1503 2694 1567 2725 τοὺς
1594 2693 1716 2724 συὸώτας
1739 2692 1860 2720 radendo

1024 2750 1030 2756 .
1046 2732 1120 2756 Arm.
1138 2739 1247 2758 αγνοιας
1265 2731 1297 2757 A.
1335 2751 1341 2756 .
1360 2730 1391 2757 D.
1409 2729 1588 2758 ἀναισθησίας
1605 2728 1635 2755 F.
1676 2729 1697 2743 “
1714 2727 1858 2754 HOIKON.

134 2728 247 2756 sustulit
269 2735 343 2754 corr.
361 2727 392 2753 D.
411 2725 492 2753 Plura
511 2726 538 2752 in
560 2725 653 2753 adnot.

135 2764 214 2791 Κατά
239 2761 417 2797 φιλαργύρων
431 2760 464 2787 Α.
483 2796 486 2797 ν
502 2759 715 2797 '“_7_cav1a]'3dd.
739 2762 772 2788 τὰ
787 2762 818 2788 Ι).

133 2835 164 2861 (Σ.
173 2830 216 2860 ’[ὶ.
231 2830 268 2859 FC
281 2832 312 2859 F.
329 2830 493 2867 ἀπαλλάξαι]
506 2830 639 2867 οιίιίλτῶν
652 2831 758 2867 δεσμῶν
775 2830 843 2860 Edd.

697 2727 717 2741 “‘
728 2727 857 2763 διανοίας]
872 2728 916 2755 Sic
936 2728 965 2755 E.
982 2728 1030 2756 Ge.
1046 2727 1127 2756 Anu.’
1138 2730 1247 2762 ἀγνοίας
1265 2727 1297 2757 Ᾱ.
1310 2727 1341 2758 C.

697 2761 704 2780 Ι
739 2762 772 2780 τι,
787 2762 809 2780 n
844 2763 862 2780 ιε·
912 2764 933 2778 ιι
950 2763 1063 2780 ν......λρ1
1078 2765 1128 2780 ...Μ
1210 2765 1265 2780 L‘AJ
1329 2766 1350 2780 ιι

135 2764 214 2791 Κατά
239 2763 417 2802 φιλαργύρων
431 2763 464 2787 Α.
502 2763 525 2776 ¹⁰
540 2763 639 2797 πάντα]
650 2763 715 2788 'add.
739 2763 772 2788 τὰ
787 2763 818 2788 Ι).
844 2763 873 2790 E.
912 2764 933 2778 ¹¹
950 2763 1063 2800 γυμνὸς]
1078 2765 1139 2792 add.
1159 2765 1195 2792 ὢν
1209 2765 1276 2792 Edd.

134 2798 285 2842 περιϐολης
300 2798 382 2838 ιιιῴοι
399 2796 432 2840 Εἱ
467 2796 489 2811 ’³
504 2794 558 2832 τίς]
578 2797 625 2837 κα).
644 2796 712 2824 Edd.
725 2831 738 2837 _
752 2796 774 2812 “
790 2797 896 2859 πῗρνων
913 2798 982 2839 Ed_d.
1001 2807 1063 2842 clum
1082 2799 1112 2826 I“.
1151 2801 1172 2816 ’³
1185 2800 1249 2843 γηάρ]
1263 2801 1290 2827 δὲ
1303 2800 1307 2826 1

134 2835 164 2861 1..
185 2834 216 2860 Il.
231 2833 262 2859 F.
329 2829 493 2869 απαλλαξαι]
506 2831 640 2869 οιίάμτων
652 2832 758 2869 δεσμλυν
775 2831 814 2860 Ed
837 2853 859 2869 ._
881 2833 904 2848 "
916 2842 1106 2869 χαλεπωτερον
1118 2839 1184 2869 (om.
1196 2836 1238 2868 av)
1252 2836 1307 2863 Edd

916 2842 1106 2870 χαλεπωτερον
1118 2842 1184 2869 (om.
1196 2842 1238 2868 av)
1252 2842 1317 2863 tua.

1676 2729 1697 2743 "
1714 2727 1858 2754 HOIKON.

1371 2762 1673 2800 amatspmlévocﬂEdd.
1692 2762 1788 2800 στολῆς
1811 2770 1859 2797 ιιΓο

1668 2800 1691 2814 “‘
1708 2797 1789 2824 αὑτὸν
1801 2806 1856 2825 (ml.

1335 2751 1341 2756 .
1360 2730 1391 2757 D.
1409 2729 1588 2765 ἀναισθησίας

1151 2801 1172 2816 ’³
1185 2800 1249 2836 γάρ]
1263 2801 1290 2827 δὲ
1303 2800 1369 2828 Edd.
1394 2809 1421 2835 p.
1437 2808 1464 2835 p.
1477 2799 1614 2836 ⁷ἰσχύειῈ.

1358 2836 1380 2852 ³⁸
1393 2831 1553 2870 ἆπὲδήμήσε
1566 2835 1598 2861 Α.
1614 2834 1645 2861 C.
1662 2833 1813 2870 υ.ᾼάπέστη
1828 2831 1856 2859 Ρ.

133 2835 164 2861 (Σ.
173 2829 216 2860 ’[ὶ.
231 2829 268 2859 ΕΣ
329 2829 495 2882 ἀπαλλάξαι]
506 2829 566 2873 atld.
585 2831 639 2872 τῶν
652 2831 758 2867 δεσμῶν
775 2829 843 2860 Edd.
881 2833 904 2848 "
916 2834 970 2868 χαλ

133 2870 158 2884 "
170 2869 217 2908 τὸν
233 2867 341 2908 ἐλευθ-
510 2874 538 2908 ει
558 2865 586 2892 δὲ
601 2867 826 2908 δξιλ.λοι“δαιμ.ῃί.ὶ’ἒ
840 2867 880 2908 Ε’εῆ
896 2874 928 2908 et
944 2878 970 2904 pl

1021 2829 1317 2894 ἰτεροχωιηξᾶνγιῐιξιί.
1358 2836 1380 2852 ’⁸
1393 2829 1553 2896 ἆπὲδήμητσε
1566 2835 1598 2861 Α.
1614 2834 1692 2876 C~.~D.
1708 2833 1813 2875 ἀπέστη
1828 2831 1854 2859 Ρ

1030 2890 1036 2896 .
1058 2905 1074 2908 _
1125 2871 1257 2908 τοιουτον]
1281 2875 1326 2899 διο
1353 2871 1485 2908 codidtet
1509 2870 1679 2908 Μοῖσα-ἀλλο
1698 2868 1765 2908 Ld_d.
1782 2876 1812 2908 η..
1828 2874 1854 2908 ρ.

133 2903 378 2941 τρέεεουςιειιιι.-.
392 2903 414 2918 ἰ
430 2899 568 2941 Καῖρῦτοξ
585 2899 748 2941 μὲν1ηοδτ93
764 2903 792 2941 δὲ
861 2902 890 2941 .8.-
909 2899 970 2941 νξε

1021 2913 1041 2931 r.
1058 2905 1089 2932 D.
1129 2906 1151 2921 ³³
1168 2899 1325 2941 ὀχλούμενοι
1348 2909 1378 2933 Α.
1389 2907 1420 2933 C.
1437 2907 1468 2933 D.
1506 2907 1529 2922 λδ
1544 2905 1632 2934 αὐτῶν
1651 2913 1704 2932 om.
1724 2905 1756 2931 Α.
1782 2899 1816 2918 ’³⁸
1826 2899 1857 2929 ἓν

132 2936 169 2975 ei
182 2936 227 2966 ἀλ.
245 2939 314 2966 tdd.
355 2938 379 2954 ³⁸
392 2936 536 2971 πεπηγότα
554 2936 587 2963 A.
602 2936 682 2965 (ΗΕ.
722 2938 743 2954 ³⁷
759 2937 823 2975 γὰρ]
836 2939 898 2967 add.
913 2940 960 2966 καὶ

1021 2941 1041 2968 1.
1081 2941 1103 2957 ³⁸
1121 2936 1208 2969 πάντα
1229 2936 1296 2970 Hdt].
1335 2943 1358 2958 ”
1371 2943 1479 2970 πάντων
1492 2941 1522 2969 F.

254 2982 395 3012 Ρληιοι..
418 2982 476 3012 Cu.
503 2980 596 3010 LVII.

1661 2990 1696 3019 18
