2067 3134
149 134 201 162 357

149 200 203 219 non
218 190 306 218 amico
316 210 325 225 ,
339 198 393 218 non
408 195 537 226 cognato,
555 198 608 219 non
623 192 714 226 fratri,
730 199 783 220 non
797 193 876 227 patri.
892 192 948 220 lmo

149 244 215 265 vero
233 245 288 265 non
305 245 372 272 opus
385 242 428 266 est
447 237 525 265 nobis
539 237 583 265 illa
602 237 763 274 hypothesi;
779 238 947 266 sciscitemur

148 283 184 311 ab
197 291 240 317 eo,
254 290 343 310 annon
357 283 403 310 ille
414 282 564 318 hujusmodi
576 290 620 310 res
633 284 659 310 in
670 283 831 318 cogitatione
842 289 946 317 verset,

148 337 238 357 annon
252 337 347 357 omnes
360 330 450 357 animo
468 330 592 362 invadat,
604 337 693 357 annon
707 330 820 357 trucidet
833 330 945 364 amicos,

148 382 277 413 cognatos
289 383 316 405 et
329 378 525 413 progenitores.
537 378 593 406 imo
604 385 667 406 vero
681 378 753 406 nulla
765 378 946 414 interrogandi

148 423 308 457 necessitas,
320 430 383 450 cum
398 431 476 451 nemo
490 424 593 451 nesciat
606 431 653 451 eos
665 444 673 456 ,
687 423 733 459 qui
752 423 803 451 hoc
819 427 946 452 tenentur

147 468 253 501 morbo,
269 472 433 496 senectutem
446 469 529 504 patris
539 469 580 496 sui
590 476 661 504 azgre
675 468 755 503 ferre,
767 469 874 505 etquod
887 469 946 497 aliis

147 514 226 542 dulce
239 514 409 550 optabileque
422 520 473 548 est,
486 523 582 550 nempe
595 515 664 543 ﬁlios
677 515 786 549 habere,
801 523 945 544 onerosum

147 560 314 588 existimare.
330 560 404 588 Multi
417 560 489 588 enim
509 561 560 589 hac
576 561 610 588 de
631 569 710 589 causa
726 561 867 589 orbitatem
882 566 944 589 sunt

147 605 250 641 adepti,
268 611 444 641 naturamque
457 606 576 634 sterilem
591 606 783 640 reddiderunt,
798 614 851 634 non
865 607 945 635 modo

148 657 227 680 natos
244 652 397 680 occidentes
409 673 416 686 ,
432 652 479 680 sed
493 653 571 680 etiam
587 660 622 680 ne
639 657 812 681 nascerentur
824 652 945 681 el‘licien-

150 703 203 726 tes.
216 699 255 727 Ne
268 699 402 727 miremini
415 699 504 735 itaque
513 719 520 731 ,
537 699 559 726 si
572 706 680 727 avarum
694 699 738 728 illa
754 699 839 727 forma
852 699 945 735 depin-

147 745 268 773 xerimus
282 753 291 773 :
305 753 367 772 nam
388 745 466 780 longe
483 744 570 772 adhuc
583 745 699 773 deterior
713 749 770 779 est,
786 753 865 780 quam
878 739 946 772 dixi-

146 798 218 818 mus.
238 790 292 819 Sed
309 791 447 819 videamus
466 798 519 826 quo
539 795 618 826 pacto
630 799 691 818 eum
711 791 745 819 ab
758 791 809 819 hoc
823 791 946 820 daemone

147 836 263 865 liberare
277 836 434 872 poterimus.
452 836 592 870 Quomodo
608 837 674 864 liber
686 837 759 864 erit?
777 836 804 865 Si
819 837 891 864 clare
904 837 946 864 di-

145 882 242 911 dicerit
259 883 398 911 avaritiam
414 883 454 911 vel
476 882 509 911 ad
525 883 651 918 pecunias
666 882 860 918 comparandas
877 890 944 910 con-

145 929 257 956 trariam
277 936 337 956 esse
350 937 358 956 :
374 936 436 956 nam
450 928 494 964 qui
510 935 590 964 parva
605 928 701 955 lucrari
715 928 825 961 volunt,
840 936 945 964 semper

145 982 242 1011 magna
258 976 394 1011 patiuntur
405 975 502 1003 damna
512 984 519 1004 :
529 975 555 1003 id
566 975 636 1011 quod
647 975 726 1003 etiam
737 975 763 1003 in
775 975 944 1010 proverbium

147 1029 257 1049 versum
277 1026 328 1050 est.
344 1021 417 1050 Multi
432 1026 505 1050 certe
518 1029 579 1050 eum
597 1026 717 1048 mutuum
732 1029 828 1057 magno
843 1021 945 1050 {tenore

145 1067 252 1101 darent,
267 1075 320 1095 non
331 1067 474 1103 exploratis
487 1067 642 1105 accipientis
654 1066 833 1100 facultatibus,
843 1072 943 1095 sortem

146 1113 232 1148 ipsam
243 1120 305 1140 cum
317 1113 405 1141 usuris
416 1113 573 1141 amiserunt.
583 1112 699 1139 Rursum
710 1112 754 1140 alii
768 1113 793 1140 in
807 1113 942 1148 periculis,

145 1166 208 1186 cum
222 1159 324 1187 nollent
339 1166 420 1194 pauca
435 1158 566 1194 proferre,
578 1158 660 1186 vitam
672 1166 732 1186 cum
746 1159 841 1194 opibtts
854 1158 944 1193 perdi-

145 1205 257 1233 derunt.
274 1205 340 1233 Item
355 1205 401 1233 alii
415 1213 475 1233 cum
489 1204 633 1239 dignitates
644 1204 830 1240 pecuniarias,
845 1205 888 1231 vel
904 1204 943 1232 si-

148 1251 221 1279 milia
234 1251 346 1286 adipisci
363 1254 489 1286 possent,
504 1258 565 1278 eum
579 1250 750 1284 parcimoniac
764 1250 843 1278 nimis
853 1250 944 1278 stude-

146 1301 217 1330 rent,
226 1305 240 1324 a
251 1301 307 1324 toto
315 1296 481 1324 exciderunt.
492 1295 622 1330 Quoniam
631 1296 701 1323 enim
710 1303 801 1323 serere
810 1296 942 1330 nesciunt,

145 1343 193 1371 sed
209 1348 309 1370 metere
321 1347 423 1370 tantum
438 1342 562 1375 student,
577 1350 591 1368 a
605 1349 693 1369 messe
707 1341 859 1377 frequenter
873 1343 945 1370 exci-

632 133 664 162 IN
684 132 887 164 MATTlLEUM
907 134 1021 164 HOMIL.
1042 134 1139 165 XXIX.
1160 137 1196 164 al.
1218 137 1299 166 XXX.

1747 145 1799 172 558

1002 192 1078 221 dunt.
1095 189 1179 222 Nemo
1197 195 1269 223 enim
1290 203 1395 231 semper
1411 202 1513 227 metere
1528 204 1616 235 potest
1632 221 1638 234 ,
1661 203 1730 230 sicut
1750 211 1799 232 nec

1002 245 1108 274 semper
1132 240 1239 268 lucrari.
1259 241 1326 275 Quia
1350 243 1430 278 igitur
1451 244 1606 280 impendere
1628 247 1731 280 nolunt,
1749 257 1798 277 nec

1004 285 1102 313 lucrari
1115 287 1220 319 sciunt,
1239 287 1285 315 sed
1299 289 1361 316 etsi
1374 296 1485 317 uxorem
1500 290 1599 320 ducere
1613 298 1736 327 oporteat
1747 315 1754 326 ,
1772 295 1798 322 in

1003 330 1074 358 idem
1090 331 1210 358 incidunt
1228 332 1354 360 damnum
1364 355 1372 367 ,
1387 333 1452 362 dum
1465 335 1507 363 vel
1525 337 1632 371 inopem
1654 346 1702 372 pro
1716 339 1799 367 divite

1001 375 1112 410 ducunt,
1127 377 1168 404 vel
1182 377 1204 404 si
1217 377 1328 406 divitem
1342 379 1485 415 accipiant,
1497 385 1525 409 et
1536 381 1581 409 illa
1595 383 1670 411 mille
1679 383 1751 412 vitiis
1764 385 1800 414 sit

1001 420 1112 455 ati'ecla,
1130 423 1156 450 in
1177 423 1263 459 majus
1283 425 1403 454 incidunt
1425 426 1625 456 detrimentum.
1646 429 1704 457 Non
1726 432 1797 460 enim

1001 468 1147 503 opulentia,
1161 469 1209 497 sed
1224 470 1308 498 virtus
1320 471 1425 499 divitias
1441 473 1519 508 parit.
1532 474 1599 502 Nam
1612 482 1671 510 qute
1683 483 1715 503 ex
1729 476 1800 504 diii-

1002 514 1045 542 tiis
1055 514 1165 547 utilitas,
1182 516 1204 543 si
1216 516 1259 543 illa
1271 517 1380 553 prodiga
1392 517 1427 545 sit
1437 523 1464 546 et
1473 525 1639 556 sumptuosa,
1649 525 1677 549 et
1686 522 1708 550 si
1720 524 1796 557 quasi

1001 564 1096 588 ventus
1109 562 1199 589 omnia
1214 561 1348 598 dissipet?
1361 564 1425 599 quid
1438 565 1460 592 si
1471 565 1568 594 lasciva
1582 567 1627 600 sit,
1639 575 1671 595 ac
1685 575 1798 596 sexcen-

1000 611 1043 635 tos
1057 613 1191 636 amatores
1207 610 1344 637 attrahat?
1357 611 1420 646 quid
1434 611 1457 639 si
1477 612 1581 641 ebriosa
1593 613 1605 640 2
1621 621 1710 642 annon
1722 615 1796 644 brevi

999 654 1140 690 conjugem
1160 663 1237 683 suum
1255 656 1289 684 ad
1311 656 1428 692 inopiam
1449 657 1570 695 rediget?
1589 659 1647 688 Non
1665 661 1691 689 in
1711 669 1797 692 uxore

999 700 1119 728 ducenda
1133 705 1245 735 tantum,
1259 702 1306 730 sed
1317 703 1397 731 etiam
1412 704 1439 731 in
1451 705 1565 732 emendo
1581 705 1717 741 falluntur,
1727 708 1794 736 dum

998 753 1100 780 servos,
1116 754 1169 775 non
1183 748 1281 783 probos
1293 756 1325 776 ac
1338 753 1462 777 strenuos
1472 770 1480 783 ,
1494 751 1541 778 sed
1556 759 1604 779 eos
1615 753 1659 786 qui
1672 753 1718 780 vili
1735 761 1794 788 pre-

999 792 1037 819 tio
1050 792 1157 827 dantur,
1173 799 1338 824 comparant.
1360 795 1422 823 Haec
1440 796 1530 829 itaque
1541 798 1630 826 omnia
1644 799 1792 830 cogitantes

1000 838 1130 874 (nondum
1149 840 1220 867 enim
1239 840 1273 868 de
1286 841 1407 875 gehenna
1421 846 1448 869 et
1462 842 1496 870 de
1512 850 1596 878 regno
1609 851 1689 872 verna
1702 846 1796 873 audire

998 884 1154 919 potuistis),
1168 890 1196 912 et
1208 884 1367 914 detrimenta
1382 887 1408 914 in
1422 892 1538 915 mentem
1553 895 1724 923 revocantes,
1736 899 1796 927 quae

997 935 1069 964 saepe
1089 929 1123 957 ab
1146 931 1256 959 avaritia
1278 933 1349 968 passi
1368 933 1450 967 estis,
1475 934 1501 962 in
1523 934 1689 971 femoribus,
1704 938 1747 966 vel
1768 938 1795 966 in

997 976 1123 1010 emendo,
1134 977 1175 1005 vel
1189 977 1215 1006 in
1228 978 1348 1007 ducenda
1358 987 1450 1013 uxore,
1465 981 1492 1009 in
1507 983 1675 1017 patrociniis,
1685 984 1711 1011 in
1723 984 1795 1013 aliis-

996 1028 1049 1056 que
1074 1023 1215 1056 omnibus.
1236 1024 1270 1053 ab
1289 1032 1381 1053 amore
1394 1027 1567 1061 pecuniarum
1591 1028 1736 1058 abscedite.
1750 1030 1796 1059 Sic

997 1067 1068 1095 enim
1079 1069 1200 1103 poteritis
1213 1074 1239 1097 et
1250 1076 1409 1105 praesentem
1423 1072 1503 1100 vitam
1518 1077 1575 1101 tuto
1588 1075 1735 1111 transigere
1745 1097 1752 1109 ,
1767 1082 1793 1104 et
1820 1091 1824 1095 ~

996 1113 1135 1148 paululum
1150 1116 1221 1143 aucti
1236 1123 1376 1145 sermones
1389 1118 1424 1148 de
1438 1118 1605 1154 philosophia
1622 1121 1716 1150 audire
1727 1142 1734 1155 ,
1754 1128 1794 1149 at-

997 1167 1049 1195 que
1061 1161 1164 1188 acutius
1178 1162 1310 1195 videntes,
1326 1163 1412 1198 ipsum
1425 1164 1535 1200 iustitiae
1549 1166 1633 1194 solem
1648 1168 1792 1203 respiceri-,

998 1207 1182 1242 promissaque
1191 1208 1248 1243 ejus
1258 1211 1386 1245 consequi
1398 1219 1405 1237 :
1416 1218 1529 1246 quorum
1541 1213 1643 1241 utinam
1652 1220 1792 1244 consortes

997 1254 1081 1281 simus
1092 1261 1197 1288 omnes,
1208 1256 1292 1291 gratia
1305 1261 1333 1284 et
1342 1257 1504 1293 benignitate
1516 1259 1621 1287 Domini
1634 1263 1717 1290 nostri
1728 1262 1792 1290 Jesu

997 1298 1107 1332 Christi,
1117 1300 1159 1327 cui
1171 1301 1254 1336 gloria
1268 1307 1295 1329 et
1309 1302 1461 1338 imperium,
1473 1304 1499 1332 in
1513 1306 1610 1334 stecnla
1622 1307 1790 1335 seculorum.

998 1345 1095 1372 Amen.

715 1439 890 1470 HOMILIA
911 1440 1034 1471 XXIX.
1058 1442 1100 1473 al.
1124 1442 1230 1474 XXX.

145 1501 208 1529 CAP.
224 1501 250 1530 9.
263 1509 289 1529 v.
305 1501 332 1529 1.
355 1500 389 1528 Et
402 1500 542 1528 ascendens
555 1499 631 1527 Iesus
645 1500 672 1527 ὶη
691 1500 842 1534 naviculam,
859 1506 941 1528 trans-

180 1548 281 1584 fretavit
290 1570 299 1582 ,
314 1552 338 1575 et
350 1548 414 1575 venit
429 1548 455 1574 in
467 1548 591 1574 civitatem
605 1555 687 1574 stium.
698 1545 726 1574 2.
742 1547 775 1573 Et
786 1556 842 1574 ecce
853 1547 942 1581 offere-

179 1595 241 1622 bant
255 1595 454 1632 eiparalylicum
467 1595 493 1622 in
506 1594 569 1622 lecto
580 1596 716 1629 jarrnlem.
728 1593 761 1621 Et
772 1594 858 1622 videns
867 1595 943 1622 .lesus

180 1641 258 1675 ﬁdam
272 1641 384 1672 illorum,
399 1640 463 1667 dixit
477 1640 618 1676 ραι-ωριιὶσο
629 1647 639 1667 :
654 1638 769 1675 Con/ide,
783 1640 821 1674 fili
831 1660 838 1672 ,
854 1641 940 1667 remit-

180 1691 268 1713 tuntur
283 1686 327 1713 tibi
341 1691 444 1720 peccata
458 1690 510 1712 tim.

180 1754 192 1780 1
225 1753 363 1788 Paralytici
378 1752 428 1779 duo
440 1752 466 1778 in
481 1751 636 1786 Eonngeliic.
654 1750 738 1778 Filius
751 1751 872 1785 «equolam
889 1750 942 1778 Pa-

146 1799 178 1825 tri
193 1807 219 1825 se
233 1799 398 1825 demonstrat.
409 1812 445 1817 —
459 1797 598 1824 Civitatem
614 1804 690 1823 suam
712 1797 755 1823 hic
771 1796 938 1830 Capernaum

144 1844 260 1878 appellat
276 1852 283 1870 :
297 1851 357 1871 nam
377 1851 437 1878 quae
455 1843 514 1869 tulit
531 1843 616 1876 ipsum
632 1841 786 1869 Bethlehem
801 1841 848 1868 fuit
860 1850 867 1874 ;
881 1850 942 1877 qua:

141 1890 279 1922 educavit,
288 1889 412 1922 Nazaret;
422 1897 483 1924 qua;
492 1890 539 1917 diu
549 1890 744 1919 inhabitantem
753 1891 875 1923 ‘habuit,
884 1890 935 1917 Ca-

145 1941 284 1970 pernaum.
303 1933 468 1969 Paralyticus
481 1937 571 1961 autem
589 1933 633 1960 hic
644 1933 712 1960 alius
725 1936 768 1960 est
781 1932 861 1971 abeo
872 1953 881 1966 ,
894 1933 940 1968 qui

145 1984 312 2007 memoratur
323 1986 338 2006 a
350 1978 464 2007 Joanne.
480 1977 528 2006 ille
540 1978 639 2014 quippe
656 1978 683 2005 in
698 1978 798 2013 piscina
811 1978 916 2013 jacebat
930 1987 938 2013 ;

145 2025 189 2053 hic
198 2029 287 2053 autem
301 2025 327 2052 in
340 2024 508 2060 Capernaum
524 2033 531 2051 :
547 2029 576 2051 et
587 2024 632 2052 ille
642 2023 748 2059 quidem
762 2024 868 2059 triginta
880 2029 941 2052 octo

143 2071 222 2098 annis
237 2070 399 2106 paralyticos
417 2070 465 2097 fuit
477 2078 485 2103 ;
499 2070 534 2098 de
548 2069 600 2097 hoc
620 2076 687 2108 vero
704 2069 768 2096 nihil
788 2069 877 2097 simile
897 2070 939 2097 di-

143 2120 216 2143 ctum
225 2120 268 2143 est
279 2124 288 2143 :
302 2116 346 2144 ille
354 2116 442 2144 nullos
452 2115 577 2149 habebat,
586 2115 632 2151 qui
643 2115 684 2143 sui
694 2123 786 2143 curam
796 2120 938 2151 gererent;

143 2162 187 2189 hic
205 2167 299 2190 contra
319 2162 411 2190 habuit
428 2162 473 2198 qui
496 2169 526 2189 se
545 2161 579 2190 ad
599 2161 690 2190 Iesum
713 2162 857 2190 deterrent.
873 2162 940 2190 Huic

143 2216 223 2244 porro
235 2208 303 2236 dixit
316 2217 325 2237 ξ
346 2208 400 2236 Fili
410 2229 417 2241 ,
429 2208 591 2235 remittuntur
607 2208 652 2235 tibi
670 2213 773 2244 peccata
781 2217 791 2241 ;
804 2208 842 2236 illi
856 2216 937 2243 vero,

148 2253 192 2282 Vis
205 2262 284 2282 sanus
297 2263 350 2282 esse
363 2253 453 2289 (Joan.
467 2254 493 2282 5.
506 2254 559 2289 6)?
571 2253 648 2281 illum
663 2254 690 2281 in
701 2254 812 2282 sabbato
824 2254 938 2289 curavit,

143 2298 214 2327 hunc
227 2307 282 2327 non
293 2299 319 2327 in
333 2299 463 2332 sabbato;
477 2299 593 2335 alioquin
608 2304 697 2327 autem
710 2299 782 2327 illum
800 2299 850 2327 hac
863 2300 896 2328 de
909 2308 938 2329 re

143 2345 227 2373 Judaei
240 2351 431 2379 accusassent,
443 2346 488 2380 qui
501 2345 544 2373 hic
557 2349 657 2378 tacent,
671 2345 725 2373 illic
738 2353 802 2373 vero
815 2346 916 2374 instant
928 2367 936 2380 ,

143 2391 284 2427 ipsumque
307 2397 514 2427 persequuntur.
535 2392 598 2420 Hice
619 2400 672 2420 non
693 2392 752 2420 sine
770 2400 849 2420 causa
868 2393 938 2421 dicta

142 2441 205 2464 sunt
218 2445 233 2464 a
247 2444 290 2465 me
301 2445 309 2469 ;
322 2437 371 2465 sed
384 2445 417 2465 ne
428 2437 488 2472 quis
497 2445 579 2465 unum
592 2437 769 2473 eamdemque
781 2445 842 2466 esse
852 2439 940 2473 suspi-

143 2491 206 2511 cans
219 2483 394 2519 paralyticum
407 2504 414 2517 ,
430 2483 622 2511 dissonantiam
637 2483 681 2511 hic
693 2491 753 2511 esse
768 2488 882 2518 putaret.
898 2484 936 2512 Tu

142 2536 206 2557 vero
220 2529 372 2565 perpendas
382 2537 462 2565 quam
478 2529 625 2562 modestus,
640 2537 719 2564 quam
734 2535 888 2558 mansuetus
903 2531 937 2558 sit

143 2575 281 2603 Dominus.
299 2575 365 2602 Nam
381 2580 409 2602 et
422 2580 500 2603 antea
514 2575 605 2603 turbas
617 2580 770 2609 amoverat,
779 2581 807 2604 et
820 2584 835 2603 a
850 2576 937 2604 Gada-

141 2621 214 2648 rcnis
225 2628 318 2656 pulsus
328 2628 382 2648 non
392 2621 505 2653 obstitit.
519 2621 567 2649 sed
578 2622 697 2655 secessit,
710 2622 759 2649 etsi
769 2630 820 2650 non
833 2623 935 2657 procul.

141 2667 310 2704 Rursumque
320 2688 327 2700 ,
342 2675 402 2695 eum
416 2668 581 2696 ascendisset
596 2668 621 2695 in
638 2668 802 2701 navreulam,
813 2670 935 2704 trajecit,

140 2721 202 2740 cum
217 2717 308 2748 posset
320 2713 403 2748 pedes
418 2713 540 2741 transire.
554 2713 646 2749 Neque
655 2714 726 2741 enim
739 2720 846 2749 semper
859 2715 937 2742 mira-

142 2759 203 2787 bilia
224 2764 331 2794 patrare
350 2759 476 2792 volebat,
498 2767 533 2787 ne
553 2760 710 2787 oeconomiae
730 2767 784 2786 suae
805 2761 935 2788 rationem

144 2805 325 2834 labefactaret.
341 2805 480 2833 Matthazus
493 2805 573 2841 igitur
584 2806 630 2841 ait,
642 2805 786 2834 Attulerunt
798 2814 855 2834 eum
868 2814 878 2835 :
891 2807 936 2835 alii

185 2873 248 2901 ‘Alii
261 2873 447 2907 inhabitatum,
457 2875 579 2902 sinediu.

996 1510 1062 1530 vero
1081 1503 1173 1531 dicunt
1190 1512 1292 1540 argrum
1313 1513 1360 1541 per
1379 1506 1512 1542 diruptum
1528 1513 1625 1537 tectum
1644 1509 1789 1539 demissent

995 1547 1077 1576 fuisse
1089 1553 1117 1577 et
1130 1555 1192 1578 ante
1203 1550 1337 1579 Christum
1353 1553 1479 1588 positum,
1495 1553 1561 1582 nihil
1574 1555 1723 1584 dicentibus
1738 1558 1790 1585 ill;s

995 1594 1041 1627 qui
1061 1595 1225 1630 attulerant,
1242 1596 1289 1625 sed
1307 1602 1392 1625 totum
1413 1599 1462 1634 ipsi
1478 1601 1703 1634 permittentibus.
1725 1603 1789 1631 Nam

994 1639 1070 1668 initio
1079 1641 1186 1676 quidem
1197 1641 1242 1670 ille
1253 1643 1393 1676 circuibat,
1405 1653 1493 1680 neque
1502 1649 1602 1674 tantam
1615 1647 1650 1675 ab
1661 1648 1791 1676 acceden-

995 1686 1066 1714 tibus
1078 1688 1229 1722 postulabat
1242 1689 1322 1717 lidem
1335 1699 1342 1718 :
1359 1690 1402 1719 hic
1415 1696 1504 1720 autem
1517 1698 1545 1721 et
1556 1700 1728 1722 accesserunt
1739 1716 1747 1729 ,
1763 1700 1792 1724 et

995 1731 1060 1760 lldes
1074 1732 1108 1760 ab
1118 1733 1183 1768 ipsis
1196 1735 1322 1770 requisita
1334 1742 1391 1770 est;
1405 1745 1465 1765 nam
1481 1738 1528 1771 ait,
1535 1737 1630 1767 Viden:
1641 1739 1717 1774 ﬁdem
1732 1741 1791 1768 illo-

993 1785 1062 1812 rum,
1076 1778 1103 1806 id
1115 1783 1173 1813 est,
1187 1788 1280 1809 eorum
1294 1781 1339 1817 qui
1356 1782 1519 1812 demiserant
1533 1786 1720 1821 paralyticum.
1735 1787 1790 1816 Ne-

993 1832 1046 1859 que
1061 1825 1132 1853 cnim
1148 1826 1245 1862 ubique
1258 1833 1418 1863 aegrotorum
1434 1831 1546 1866 requirit
1562 1831 1642 1860 ﬁdem
1655 1854 1664 1868 ,
1682 1839 1711 1861 ut
1727 1843 1788 1863 cum

993 1869 1146 1904 desipiunt,
1166 1871 1208 1899 vel
1226 1872 1279 1900 alio
1297 1874 1377 1901 modo
1390 1879 1479 1903 mente
1491 1876 1561 1912 capti
1576 1882 1647 1906 sunt.
1664 1878 1712 1907 llic
1725 1888 1790 1908 vero

993 1915 1085 1949 aegroti
1100 1915 1166 1944 lides
1175 1922 1234 1944 erat
1246 1925 1357 1954 magna;
1370 1920 1489 1956 alioquin
1501 1922 1574 1950 enim
1589 1931 1641 1951 non
1655 1924 1690 1952 ita
1701 1932 1731 1953 se
1744 1925 1790 1954 de-

994 1961 1064 1989 mitti
1085 1963 1261 1997 permisisset.
1282 1964 1414 1998 Quoniam
1435 1966 1514 2002 igitur
1529 1972 1629 1997 tautam
1643 1971 1790 2000 exhibuere

993 2006 1083 2040 ﬁdem,
1096 2008 1206 2036 exhibet
1214 2014 1242 2036 et
1255 2010 1312 2045 ipse
1322 2012 1468 2046 potentiam
1481 2020 1567 2048 suam,
1579 2021 1639 2042 cum
1653 2017 1725 2044 omni
1740 2025 1787 2052 po-

992 2056 1089 2081 testate
1101 2060 1208 2088 peccata
1219 2056 1336 2090 solvens,
1351 2064 1383 2085 ac
1396 2065 1443 2093 per
1457 2059 1546 2087 omnia
1559 2059 1746 2090 demonstrans
1759 2071 1789 2091 se

992 2098 1065 2126 Patri
1080 2100 1210 2135 aequalem
1223 2109 1293 2130 esse.
1308 2102 1358 2131 Hic
1371 2111 1434 2131 vero
1450 2105 1584 2140 perpende
1599 2114 1607 2135 :
1622 2109 1745 2144 superius
1762 2110 1786 2137 id

992 2144 1148 2173 ostendebat
1162 2146 1207 2175 ille
1219 2167 1226 2180 ,
1245 2154 1306 2175 cum
1325 2148 1439 2177 docebat
1455 2157 1502 2178 eos
1519 2156 1654 2187 tamquam
1670 2158 1783 2188 potesta-

991 2195 1046 2219 tem
1061 2191 1179 2225 habens;
1195 2201 1243 2229 per
1255 2193 1403 2229 leprosum,
1415 2203 1476 2223 cum
1491 2196 1569 2231 dixit,
1589 2197 1652 2226 Volo
1663 2200 1789 2228 mundare

992 2236 1099 2272 (Matth.
1116 2238 1143 2266 8.
1160 2238 1215 2274 3);
1232 2247 1280 2274 per
1300 2241 1484 2270 centurionem
1496 2262 1504 2276 ,
1524 2251 1584 2271 cum
1603 2244 1709 2274 dicente
1723 2246 1786 2281 illo,

993 2282 1101 2311 Tantum
1114 2285 1154 2312 die
1168 2285 1251 2319 verba,
1266 2291 1288 2314 et
1301 2288 1432 2315 sanabitur
1446 2297 1508 2324 puer
1522 2298 1592 2318 meus
1607 2290 1685 2323 (Ibid.
1698 2300 1721 2320 υ.
1737 2293 1784 2329 8),

991 2329 1102 2357 miratus
1115 2335 1165 2362 est,
1177 2330 1316 2366 ipsumque
1328 2332 1388 2368 plus
1403 2342 1482 2369 quam
1497 2343 1590 2364 omnes
1603 2337 1726 2365 laudibus
1738 2347 1782 2367 cx-

992 2375 1068 2409 tulit;
1089 2383 1136 2410 per
1156 2385 1229 2405 mare
1242 2399 1249 2411 ,
1264 2386 1324 2406 cum
1339 2379 1425 2414 ipsum
1439 2381 1520 2408 verbo
1536 2387 1637 2410 tantum
1651 2384 1763 2413 frenavit
1776 2407 1784 2418 ,

992 2430 1040 2456 per
1053 2422 1207 2457 daemonas,
1224 2425 1330 2460 quando
1350 2426 1436 2461 ipsum
1454 2427 1570 2462 judicem
1590 2436 1651 2457 esse
1670 2431 1785 2460 conlite-

977 2468 1106 2503 _bantur,
1125 2475 1152 2498 et
1173 2478 1235 2498 cum
1254 2477 1386 2507 potestate
1408 2482 1504 2514 magna
1527 2476 1601 2511 ipsos
1622 2477 1711 2513 ejecit.
1735 2479 1785 2508 Hic

991 2521 1096 2541 rursum
1111 2516 1205 2550 maiori
1218 2517 1297 2544 modo
1311 2518 1432 2547 inimicos
1446 2527 1509 2549 suos
1520 2521 1698 2556 mqualitatem
1713 2524 1784 2553 illam

990 2560 1111 2588 coniiteri
1130 2561 1220 2596 cogit,
1236 2567 1263 2589 et
1277 2570 1325 2598 per
1340 2564 1457 2598 ipsorum
1472 2566 1552 2594 verba
1569 2568 1594 2596 in
1609 2570 1783 2605 conspicuum

990 2606 1087 2634 reddit.
1107 2607 1165 2642 ipse
1185 2615 1299 2644 namque
1317 2617 1347 2637 se
1366 2610 1400 2638 ab
1416 2611 1563 2641 ambitione
1581 2615 1697 2643 alienum
1710 2624 1782 2644 com~

990 2656 1144 2680 monstrans
1160 2653 1231 2688 (nam
1247 2662 1371 2690 magnum
1392 2657 1570 2691 spectantium
1589 2660 1723 2689 theatrum
1736 2662 1781 2689 ad-

990 2697 1109 2732 erat,qui
1124 2698 1243 2733 ingressu
1258 2700 1394 2734 arcebant,
1411 2700 1472 2730 ideo
1480 2703 1654 2741 parnlyticum
1668 2713 1784 2742 superno

989 2743 1190 2781 demiserunt),
1205 2753 1257 2773 non
1278 2747 1367 2774 statim
1386 2747 1419 2775 ad
1441 2756 1538 2784 corpus
1558 2751 1628 2786 quod
1646 2753 1785 2782 videbatur

990 2789 1139 2817 curandum
1154 2797 1184 2817 se
1196 2791 1319 2824 contulit,
1336 2792 1383 2820 sed
1397 2793 1431 2821 ab
1446 2794 1499 2822 illis
1511 2797 1652 2827 occasione
1667 2806 1782 2834 sumpta,

989 2835 1060 2869 quod
1077 2843 1130 2862 non
1145 2836 1290 2870 apparebat
1301 2838 1414 2872 primum
1428 2841 1540 2874 curavit,
1550 2850 1644 2878 nempe
1656 2841 1782 2876 an'mam.

990 2889 1050 2909 cum
1063 2886 1169 2917 peccata
1181 2882 1298 2912 dimisit:
1310 2883 1336 2912 id
1350 2885 1420 2920 quod
1435 2887 1581 2923 paralytico
1594 2890 1704 2918 salutetn
1717 2897 1787 2918 nnc-
