2067 3134
259 132 312 162 359

259 192 349 223 nebat,
361 186 414 222 ipsi
426 191 490 212 vero
504 189 557 210 nun
569 180 680 209 multum
693 177 784 214 glori-.e
796 174 865 210 apud
880 174 939 201 illos
951 171 1048 199 attulit.

259 236 299 264 Illi
312 221 383 263 enini
397 240 412 260 a
427 230 543 266 nequitia
557 235 604 256 sua
624 225 766 261 exagitati,
784 230 845 251 cum
861 221 959 248 vellent
975 225 1051 245 occa.

258 283 350 311 siones
369 265 544 307 maledicendi
558 280 696 308 quaerere,
710 268 776 297 illud
794 267 870 295 inviti
883 265 1030 293 eﬂ'ecerunt
1043 282 1052 296 ,

261 333 291 356 ut
304 334 348 355 res
362 325 461 353 clarior
475 321 610 351 evaderet.
624 319 710 353 Saga:
725 314 797 344 enim
810 320 871 341 cum
885 315 967 343 esset,
982 310 1054 344 ipso-

259 382 319 402 rum
341 372 440 400 invidia
455 374 497 398 est
517 375 581 396 usus
600 366 632 393 ad
648 365 752 400 signum
768 358 969 390 celebrandum.
983 357 1054 390 Quo-

260 420 332 448 niam
346 418 424 454 igitur
438 415 614 444 turbabantur
626 415 653 438 et
665 409 790 438 dicebant
802 415 811 435 :
826 407 853 435 5.
871 403 1054 454 Hic-blasphe-

262 449 404 499 manquis
424 467 503 498 potest
528 463 630 495 peccata
649 456 773 483 dimittere
786 474 795 486 ,
818 452 867 480 nisi
891 451 961 478 solus
986 449 1054 475 Deus

263 495 366 550 (uiri.
377 511 406 538 2.
420 495 475 545 'i)?
490 507 626 535 videamus
640 502 711 539 quod
729 502 787 536 ipse
799 498 934 550 ain-'Nn'm
952 495 1056 532 opinio-

262 543 324 586 nem
339 557 411 584 illam
427 543 540 589 rejecit?
561 550 640 585 Atqui
660 549 683 576 si
703 555 756 574 non
773 545 884 580 aequalis
904 543 959 571 Deo
980 547 1055 574 erat,

262 605 352 632 dicere
363 587 473 629 debuit:
483 598 550 633 Quid
565 597 598 623 de
610 602 653 622 me
668 601 721 621 non
731 594 938 620 consentancam
950 587 1056 622 opinio-

262 657 325 678 nem
339 647 460 676 habetis‘t
474 643 566 672 Procul
583 642 677 669 absunt
691 647 706 666 a
720 642 793 666 tanta
807 633 1056 672 potestateNerum

264 696 330 724 nihil
339 693 427 721 simile
435 692 518 722 dicit;
530 690 583 716 imo
594 694 658 714 vero
666 686 738 713 illam
749 683 902 719 opinionem
913 680 1056 709 conﬁrma-

263 744 338 770 vitet
351 739 482 772 asseruit,
499 743 551 764 tam
568 742 646 768 voce,
659 741 739 769 quam
754 730 892 760 miraculo.
906 728 974 763 Quia
987 727 1059 755 enim

263 790 297 818 de
310 788 400 823 seipso
414 785 535 822 quoniam
555 782 676 819 proferre
693 778 861 807 auditoribus
875 777 1060 811 importunum

260 844 324 865 esse
339 834 487 865 videbatur,
506 839 553 867 per
563 830 630 858 alios
641 827 685 855 illa
701 833 760 861 qua:
767 825 801 852 ad
814 832 844 852 se
856 827 979 858 Spectant
993 828 1060 849 con-

264 879 502 915 ﬁrmatzquodque
516 877 612 905 mirum
623 874 682 905 fuit,
697 880 751 900 non
766 878 814 906 per
828 869 930 897 amicos
946 872 1059 902 tantum,

264 928 312 958 sed
320 913 402 956 etiam
413 933 460 961 per
469 924 591 953 inimicos
599 930 605 949 :
613 920 684 956 quod
694 927 727 947 ex
736 917 872 953 sapientia:
879 916 937 950 ejus
944 913 1062 941 culmine

262 974 395 1012 procedit.
408 959 458 1000 Der
468 970 568 998 amicos
578 967 696 1004 quidem,
707 972 767 993 cum
777 961 936 996 dixit,Voto,
951 959 1062 1012 munda—-

264 1005 303 1055 Ire,
312 1022 430 1055 itemque
440 1025 502 1046 cum
515 1016 551 1044 ait
560 1036 569 1049 ,
581 1014 642 1043 Non
656 1012 739 1041 inveni
753 1014 848 1038 tantam
859 1008 936 1044 ﬁdem
945 1007 971 1034 in
980 1005 1063 1033 Israel

265 1053 372 1104 (tinuit.
380 1053 407 1094 ἑ.
414 1064 459 1099 10)
469 1073 477 1092 :
486 1071 535 1099 per
545 1061 761 1089 inimicosautem
770 1063 855 1089 nunc;
866 1062 927 1104 cum
933 1053 1064 1104 dixiSsent

263 1098 349 1145 enim,
362 1111 444 1139 Nemo
450 1098 533 1145 potest
543 1107 667 1134 dimittere
676 1107 788 1141 peccata,
800 1101 848 1129 nisi
856 1100 926 1128 totus
935 1098 1063 1145 Dea-{Lin-

335 1139 391 1190 ipse
400 1153 442 1181 :6.
450 1139 484 1180 t
491 1155 573 1178 autem
582 1139 680 1180 sciatis,
684 1146 743 1182 quia
749 1148 895 1181 potestatem
901 1141 973 1169 habet
982 1139 1063 1167 Filius

266 1187 374 1229 hominis
386 1199 510 1227 dimittere
523 1199 623 1233 peccata
631 1201 707 1228 super
716 1196 809 1219 terram
818 1210 826 1223 ,
841 1193 900 1216 tunc
912 1187 975 1214 dixit
988 1193 1064 1221 para-

267 1249 343 1284 lytico
351 1256 361 1276 :
372 1247 485 1283 Surgam
495 1244 556 1272 tolle
567 1241 713 1279 grabbatum
723 1243 804 1270 tuum,
818 1241 843 1264 et
853 1234 915 1262 uade
923 1235 949 1261 in
961 1234 1064 1284 domum

267 1278 348 1323 tuam.
354 1278 446 1329 Neque
453 1292 540 1320 solum
547 1278 600 1321 hic,
609 1287 657 1316 sed
665 1286 744 1315 etiam
752 1283 815 1312 alibi
821 1289 880 1310 cum
887 1281 1006 1309 dicerent
1014 1278 1063 1305 illi:

267 1342 306 1370 De
320 1343 384 1369 bono
396 1326 472 1377 opere
482 1347 534 1366 non
547 1336 691 1371 tapidamus
705 1338 728 1361 te
736 1353 745 1366 ,
761 1331 805 1359 sed
815 1331 846 1358 de
854 1326 1064 1377 blasphemia—,et

267 1389 326 1424 quia
338 1373 481 1415 homo'cttm
491 1387 535 1417 sis,
548 1384 611 1420 facis
624 1381 731 1417 teipsum
740 1378 823 1406 Deum
837 1373 986 1424 (leam-‘10.
999 1373 1063 1406 35):

268 1420 354 1471 neque
367 1438 430 1461 tunc
445 1432 513 1459 hanc
525 1430 677 1465 opinionem
691 1424 846 1455 confutavit,
858 1421 906 1450 sed
916 1420 987 1471 illam
999 1426 1065 1471 con:

268 1463 384 1508 ﬁrmavit
395 1479 502 1506 dicens:
513 1463 606 1503 Sinon
622 1472 688 1509 facio
703 1477 780 1505 opera
795 1467 880 1495 Patris
894 1466 953 1499 mei,
961 1473 992 1492 ne
1004 1463 1066 1490 mihi

268 1526 388 1557 credatis;
400 1526 420 1552 si
431 1528 514 1549 autem
526 1521 602 1555 furia,
615 1518 711 1545 etiamsi
722 1516 782 1543 mihi
794 1523 843 1541 non
854 1511 966 1545 creditis,
977 1510 1066 1537 saltem

269 1573 387 1609 operibus
398 1570 492 1597 credite
502 1568 526 1605 (Ι
531 1568 582 1594 bid.
598 1566 642 1594 57.
656 1565 713 1599 58).

305 1620 333 1646 2.
351 1617 434 1646 Unius
452 1615 500 1643 Dei
521 1619 556 1641 est
570 1617 665 1640 secreta
677 1609 760 1638 cordis
773 1615 845 1635 noue
864 1611 887 1634 et
902 1604 1067 1633 reuelare.—

270 1666 318 1694 llie
331 1673 413 1700 ιιυιτυ
425 1659 573 1690 divinitatis
590 1666 646 1686 suae
666 1655 737 1684 aliud
752 1655 855 1690 signum
878 1659 931 1679 non
955 1656 1065 1685 parvum

270 1696 388 1743 exhibet,
403 1716 505 1737 necnon
519 1713 575 1735 sum
589 1712 650 1733 cum
664 1703 745 1732 Patre
759 1698 926 1736 :equalitatis.
938 1696 977 1724 Illi
992 1703 1068 1723 nam-

270 1766 323 1793 que
340 1741 474 1788 dicebant,
499 1756 609 1789 peccata
624 1749 759 1777 dimittere
770 1746 849 1773 unius
863 1745 909 1772 Dei
924 1750 984 1771 esse
1001 1750 1007 1769 :
1024 1741 1067 1768 hic

270 1787 335 1831 vero
345 1810 398 1830 non
411 1787 490 1828 modo
500 1787 608 1834 peccata
621 1795 739 1828 dimittit,
750 1792 796 1821 sed
810 1795 887 1819 antea
908 1788 978 1816 aliud
988 1787 1067 1823 quid-

272 1850 342 1885 piam
353 1847 471 1879 exhibet,
483 1844 554 1881 quod
562 1843 640 1871 unius
653 1841 699 1869 Dei
709 1845 758 1872 est,
768 1837 841 1874 quod
854 1843 949 1871 nempe
964 1838 1067 1862 secreta

271 1882 360 1923 cordis
375 1893 484 1922 revelct.
499 1891 591 1926 Neque
601 1889 673 1916 enim
686 1887 712 1914 id
724 1885 794 1922 quod
804 1883 956 1920 cogitabant
969 1882 996 1909 in
1012 1888 1067 1908 me-

272 1942 345 1969 dium
369 1938 546 1975 protulerunt.
558 1936 585 1964 5.
600 1934 667 1962 Ecce
678 1955 686 1967 ,
702 1932 787 1968 inquit
799 1952 807 1966 ,
820 1931 924 1966 quidam
933 1929 968 1956 de
980 1927 1068 1975 scribis

273 1973 390 2013 dixerunt
405 1980 472 2011 intra
484 1990 531 2010 se:
547 1981 594 2008 Hic
610 1979 778 2014 blaspltemat.
793 1977 819 2004 4.
841 1976 873 2003 Et
892 1975 972 2003 scient
991 1973 1067 2000 Jesus

272 2031 436 2067 rogitationes
459 2036 555 2060 eorum,
572 2027 635 2054 dixit
652 2033 661 2052 :
678 2024 746 2057 Quid
759 2031 802 2050 vos
816 2021 930 2057 cogitatis
949 2020 1018 2046 mala
1041 2019 1068 2046 in

274 2077 391 2105 cordibus
406 2073 511 2102 bestris?
527 2072 602 2107 Quod
621 2075 709 2098 autem
734 2069 811 2097 unius
836 2067 881 2095 Dei
906 2067 940 2093 sit
964 2068 1067 2093 secreta

275 2131 365 2154 nosse.
384 2121 444 2149 audi
460 2119 617 2156 prophetam
633 2117 764 2144 dicentem
780 2123 786 2141 :
803 2113 841 2141 Tu
855 2113 921 2140 nosti
935 2111 1014 2139 corda
1028 2118 1069 2137 so-

275 2172 314 2198 tus
329 2169 374 2204 (‘2.
391 2166 481 2194 Par-al.
497 2166 523 2193 6.
539 2164 608 2198 50);
631 2168 659 2191 et
672 2169 775 2189 rursum
786 2181 796 2194 ,
819 2160 941 2187 Scrutans
956 2157 1033 2184 corda
1045 2161 1069 2183 et

274 2225 346 2244 renes
361 2215 429 2243 Deus
445 2212 533 2249 (l’sat.
544 2211 570 2238 7.
586 2209 648 2246 10).
663 2208 792 2237 Jcremias
802 2213 866 2234 vero
880 2206 917 2232 ait
932 2214 938 2232 :
953 2204 1069 2240 Profun-

276 2265 338 2291 dum
359 2271 402 2290 cor
414 2266 450 2289 est
464 2267 517 2296 pra:
530 2258 655 2288 omnibus,
671 2261 694 2283 et
713 2255 787 2282 homo
799 2258 845 2287 est,
870 2257 894 2279 et
908 2251 963 2287 quis
986 2254 1071 2278 noscat

276 2319 333 2337 eum
344 2307 418 2345 (Ier.
433 2307 477 2334 17.
491 2305 543 2340 9)?
554 2309 591 2337 et,
607 2302 689 2330 Homo
701 2301 767 2329 uidet
779 2300 805 2326 in
816 2299 890 2335 facie,
905 2297 974 2325 Deus
987 2300 1071 2322 autent

276 2359 302 2383 in
317 2341 392 2382 corde
406 2353 452 2389 (1.
462 2350 632 2387 Reg.l6.7).
648 2348 676 2376 ln
691 2346 780 2374 multis
788 2352 892 2380 quoque
907 2343 967 2370 aliis
982 2341 1071 2389 videre

278 2406 330 2434 est,
343 2401 425 2428 Deunt
441 2405 524 2426 unum
537 2403 597 2424 esse
609 2394 654 2430 qui
669 2397 773 2421 mentes
786 2390 898 2419 noverit.
922 2388 1072 2417 Ostendens

278 2448 369 2482 itaque
383 2453 414 2473 se
424 2445 506 2472 Deutn
518 2449 589 2476 esse,
610 2439 738 2475 aqualem
758 2437 841 2471 Patri,
857 2444 915 2472 qua:
937 2435 987 2471 ipsi
1002 2435 1028 2462 in
1043 2442 1073 2462 se

278 2480 439 2528 cogitabant.
448 2498 480 2518 ac
493 2490 588 2516 timore
603 2485 778 2514 multitudinis
789 2484 814 2511 in
827 2483 942 2510 medium
954 2480 1073 2517 proferre

279 2526 332 2565 non
347 2537 490 2569 audebant,
507 2535 563 2569 ipse
583 2532 711 2561 revelavit
736 2535 764 2558 et
786 2529 924 2556 manifesta
939 2526 1052 2555 reddidit
1064 2547 1071 2559 ,

279 2591 402 2619 magnam
423 2581 466 2609 hic
479 2588 583 2616 quoque
597 2578 676 2606 animi
693 2578 827 2605 lenitatem
841 2574 994 2602 ostendens.
1007 2572 1072 2600 Nam

282 2631 320 2658 ait
333 2639 340 2658 :
357 2629 424 2663 Quid
439 2628 553 2664 cogitatis
575 2626 644 2653 mala
662 2625 689 2651 in
710 2623 825 2651 cordibus
837 2621 943 2649 vestris?
957 2620 1036 2648 Certe
1051 2619 1073 2645 si

280 2675 413 2712 indignari
425 2673 576 2710 quempiam
591 2670 740 2707 oportebat,
754 2676 853 2704 aegrum
864 2667 938 2702 quasi
952 2666 1073 2712 delusum

281 2730 330 2758 par
342 2710 392 2749 iuit
406 2720 513 2755 indigne
527 2719 606 2750 ferre,
621 2724 652 2744 ac.
664 2716 753 2743 dicere
767 2723 774 2742 :
790 2713 830 2741 Ad
843 2713 913 2740 aliud
927 2710 1074 2739 sanandum

282 2768 390 2799 venisti,
404 2766 475 2794 aliud
487 2771 513 2792 tu
525 2772 603 2792 curas
613 2763 624 2790 ?
636 2763 768 2790 undenam
782 2760 848 2788 mihi
863 2759 990 2794 liquidum
1011 2758 1073 2790 erit,

284 2814 392 2841 dimissa
403 2812 468 2839 mihi
479 2818 539 2838 esse
547 2808 673 2845 peccata?
688 2807 763 2835 Nune
772 2811 860 2834 autem
875 2805 919 2832 ille
934 2803 998 2831 nihil
1011 2803 1075 2830 dicit

284 2858 448 2895 unjnsmodi,
458 2857 504 2886 sed
515 2857 541 2885 in
548 2855 666 2884 curantis
675 2857 833 2890 potestatem
847 2860 876 2881 sc
886 2851 981 2884 tradit;
991 2849 1016 2877 hi
1026 2858 1073 2877 au-

650 120 678 150 s.
699 117 838 148 JOANNIS
855 111 1094 145 CHRYSOSTOMI
1116 112 1272 141 ARCIIIEP.
1292 114 1560 144 CONSTANTINOP.

1849 120 1901 148 569

1106 175 1158 198 tem
1173 171 1289 205 perversi
1304 177 1330 199 ct
1343 172 1441 206 invidi,
1454 174 1567 201 aliorum
1583 174 1718 202 beneﬁciis
1731 175 1900 205 insidiantur.

1105 217 1167 245 [deo
1180 218 1252 253 ipsos
1262 226 1322 246 cum
1336 220 1408 247 omni
1428 224 1516 248 tamen
1531 221 1641 249 lenitate
1660 222 1779 257 corripit.
1795 224 1860 251 Nam
1877 226 1900 251 si

1105 272 1159 292 non
1178 265 1286 293 creditis
1298 286 1306 299 ,
1327 266 1431 302 inquit,
1446 267 1518 295 dicto
1536 268 1640 303 primo,
1654 268 1862 306 jactantiamque
1874 272 1900 299 id

1105 318 1166 339 esse
1180 312 1288 346 putatis,
1300 320 1362 340 ecce
1375 313 1429 348 jam
1442 314 1512 342 aliud
1528 314 1589 342 huic
1603 316 1719 352 adjungo
1733 317 1753 349 ¹,
1772 319 1842 352 quod
1856 326 1900 345 se-

1106 361 1177 384 creta
1193 363 1280 385 vestra
1298 359 1431 392 revelem;
1449 359 1483 387 ad
1498 360 1554 388 haec
1567 361 1675 389 tertium
1689 362 1794 398 adjicio.
1809 364 1901 397 Quod-

1107 410 1167 430 nam
1183 404 1266 431 illud?
1276 404 1351 438 Quod
1364 406 1500 442 paralytici
1511 414 1608 443 corpus
1617 408 1721 436 ﬁrmum
1732 409 1851 437 reddam.
1864 412 1903 438 Ac

1107 449 1214 483 quando
1229 450 1402 486 paralyticum
1415 451 1609 487 alloquebatur,
1625 461 1678 481 non
1697 454 1768 482 clare
1784 460 1902 490 potesta-

1109 499 1162 521 tcnt
1186 502 1261 522 suam
1277 496 1315 523 sic
1329 495 1483 529 declaravit,
1499 505 1549 525 nec
1559 498 1644 531 dixit,
1658 499 1766 528 Dimitto
1779 501 1825 528 tibi
1842 509 1891 536 pec

1108 545 1181 572 cata;
1193 541 1251 573 sed,
1268 541 1435 570 Dimittuntur
1448 543 1492 571 tibi
1505 550 1616 579 peccata.
1631 545 1687 573 Illis
1700 552 1787 574 autem
1804 555 1905 583 cogen-

1110 586 1190 620 tibus,
1205 587 1302 615 clarius
1316 595 1391 615 Suam
1406 591 1527 618 enuntiat
1547 596 1715 625 potestatem,
1741 594 1852 621 dicens:
1870 593 1907 621 Ut

1109 632 1203 664 sciatis,
1221 634 1279 667 quia
1290 639 1436 669 potestatem
1459 636 1533 663 habet
1553 636 1637 664 Filius
1659 638 1766 665 hominis
1791 640 1817 666 in
1837 646 1907 667 terra

1110 678 1251 705 dimittendi
1279 686 1392 714 peccata.
1419 680 1514 709 Viden'
1527 687 1655 717 quantum
1679 684 1765 716 abest,
1789 690 1818 712 ιιι
1839 686 1907 713 nolit

1110 724 1219 759 atqualis
1232 724 1305 753 Patri
1318 727 1434 761 reputari
1445 727 1457 754 ?
1468 727 1525 755 Non
1540 729 1611 756 enim
1625 728 1691 757 dixit
1703 739 1709 756 :
1724 730 1806 758 Filius
1816 731 1906 759 homi-

1111 770 1152 798 nis
1164 770 1217 798 alio
1229 778 1296 806 opus
1309 771 1408 805 habet;
1423 780 1510 808 neque
1522 773 1588 802 dicit
1599 795 1607 807 .
1631 775 1709 803 Dedit
1731 776 1767 803 illi
1789 783 1908 812 potesta-

1111 819 1164 843 tem
1175 824 1183 845 :
1196 817 1254 849 sed,
1264 816 1418 846 Potestatem
1428 819 1511 847 habet.
1521 819 1612 855 Neque
1622 821 1686 848 illud
1700 829 1733 849 ex
1744 821 1811 849 fastu
1822 823 1887 850 dicit
1899 833 1906 851 :

1111 862 1163 891 Sed
1172 863 1281 891 utvobis
1292 865 1476 899 persuadeant,
1487 866 1581 901 inquit,
1592 875 1636 895 me
1647 876 1698 895 non
1709 868 1907 903 blasphemarc,

1117 920 1179 940 eum
1194 920 1238 940 me
1252 912 1321 940 facio
1335 913 1468 947 aequalem
1482 912 1537 940 Deo
1545 913 1567 940 '.
1579 912 1684 948 Ubique
1699 914 1769 941 enim
1787 916 1845 942 vult
1858 916 1908 942 de-

1118 958 1329 986 monstrationes
1336 959 1456 994 prarbere
1463 959 1551 986 claras
1559 959 1748 994 ﬁrmasque,ut
1756 968 1817 988 cutn
1825 961 1906 989 dicit:

1124 1002 1204 1036 Vade,
1216 1003 1319 1030 ostende
1328 1009 1351 1031 te
1362 1003 1492 1030 sacerdoti
1504 1003 1614 1039 (Matth.
1632 1005 1658 1032 8.
1675 1004 1710 1040 4)
1722 1015 1728 1033 :
1743 1012 1909 1040 socrumque

1118 1049 1190 1077 Petri
1208 1050 1318 1078 exhibet
1339 1050 1549 1085 ministrantem,
1564 1059 1596 1079 ac
1616 1059 1715 1087 porcos
1743 1053 1908 1087 praecipitari

1119 1095 1249 1131 permittit
1264 1096 1284 1122 ³.
1304 1095 1350 1125 Sic
1377 1101 1405 1125 et
1425 1104 1515 1130 nunc,
1539 1097 1710 1126 remissionis
1730 1104 1907 1133 peccatorum

1114 1140 1219 1177 signum
1226 1143 1319 1170 statuit
1325 1144 1446 1179 corporis
1454 1144 1635 1173 valetudinem
1644 1154 1651 1178 ;
1663 1145 1822 1173 valetudinis
1832 1153 1907 1178 vero,

1115 1187 1186 1222 quod
1200 1188 1357 1224 grabbatum
1373 1190 1457 1223 tollat,
1472 1198 1507 1218 ne
1519 1195 1658 1226 putaretur
1671 1191 1697 1218 id
1719 1191 1789 1226 quod
1804 1197 1909 1227 gestum

1115 1237 1174 1261 erat
1188 1233 1343 1268 phantasma
1365 1242 1434 1263 esse.
1448 1235 1541 1271 Neque
1559 1236 1632 1272 prius
1658 1236 1724 1264 illud
1745 1236 1817 1269 fecit,
1829 1244 1909 1272 quam

1116 1279 1188 1315 ipsos
1201 1281 1401 1317 interrogasset.
1413 1282 1440 1310 5.
1450 1282 1517 1316 Quid
1530 1288 1576 1315 est,
1590 1283 1684 1318 inquit,
1696 1283 1798 1318 facilius
1808 1283 1889 1309 dicere
1899 1291 1909 1310 :

1116 1326 1285 1354 Dimittuntur
1305 1329 1350 1355 tibi
1370 1334 1488 1363 peccata,
1502 1338 1538 1357 an
1556 1330 1658 1364 dicere,
1673 1330 1744 1358 Tolle
1762 1330 1911 1366 grabbalum

1117 1378 1198 1408 tuum,
1212 1379 1236 1401 et
1249 1375 1312 1402 vade
1325 1376 1352 1402 in
1363 1376 1466 1403 domum
1480 1377 1568 1404 tuam?
1577 1377 1654 1411 Quod
1667 1381 1756 1405 autem
1769 1377 1843 1409 dicit,
1859 1377 1910 1404 hn-

1114 1420 1230 1454 jusmodi
1244 1425 1286 1448 est
1300 1430 1306 1448 :
1322 1421 1390 1456 Quid
1407 1422 1481 1449 vobis
1492 1422 1596 1450 videtur
1610 1423 1712 1450 facilius
1725 1430 1796 1455 esse,
1814 1430 1912 1457 corpus

1116 1466 1275 1493 dissolutum
1286 1466 1402 1500 ﬁrmare,
1414 1472 1459 1495 aut
1468 1468 1563 1496 animm
1574 1473 1679 1503 peccata
1690 1468 1839 1496 dimittere?
1847 1468 1913 1495 Cor-

1117 1518 1168 1547 pus
1181 1512 1287 1540 ﬁrntare
1297 1517 1379 1540 certe.
1392 1513 1497 1547 Quanto
1505 1514 1577 1542 enim
1590 1515 1677 1541 anima
1689 1515 1857 1549 prtestantior
1871 1519 1912 1542 est

1117 1565 1246 1593 corpore,
1263 1563 1335 1587 tanto
1351 1565 1456 1595 peccata
1471 1560 1606 1588 dimittere
1627 1561 1712 1596 majus
1730 1566 1772 1589 est
1792 1562 1913 1596 corporis

1117 1605 1255 1633 curatione
1272 1605 1338 1633 :sed
1359 1606 1419 1641 quia
1442 1606 1506 1633 illud
1525 1607 1668 1640 occultum,
1685 1606 1736 1634 hoc
1755 1615 1818 1634 vero
1829 1607 1914 1634 Inani-

1118 1650 1214 1679 festum
1226 1656 1277 1685 est,
1291 1652 1386 1687 adjicio
1399 1652 1425 1680 id
1436 1653 1506 1687 quod
1521 1654 1609 1681 minus
1622 1658 1673 1685 est,
1683 1654 1730 1681 sed
1745 1654 1873 1689 apertius,
1885 1658 1915 1681 ut

1119 1697 1145 1724 id
1164 1697 1235 1732 quod
1250 1697 1335 1733 majus
1354 1698 1542 1734 occultumque
1555 1704 1596 1726 est
1607 1719 1615 1732 ,
1629 1707 1678 1734 per
1689 1698 1741 1727 hoc
1752 1698 1851 1726 factum
1864 1699 1914 1726 de-

1118 1748 1290 1777 monstretur,
1303 1743 1357 1779 jam
1371 1745 1444 1780 prius
1453 1745 1579 1779 operibus
1587 1745 1709 1772 revelans
1719 1745 1744 1772 id
1754 1746 1823 1781 quod
1833 1746 1916 1773 Joan-

1119 1797 1168 1817 nes
1188 1790 1302 1824 dixerat,
1318 1791 1368 1823 Qui
1391 1791 1456 1818 tollit
1467 1796 1569 1826 peccata
1580 1791 1670 1818 mundi
1685 1790 1785 1827 (Joan.
1807 1792 1834 1819 1.
1846 1791 1883 1818 29
1895 1795 1914 1825 ).

1155 1837 1181 1864 5.
1190 1837 1255 1865 Cum
1266 1837 1354 1871 itaque
1363 1836 1438 1872 jussu
1450 1836 1532 1872 ipsius
1540 1837 1708 1869 surrexisset,
1716 1837 1823 1864 domutn
1839 1837 1915 1864 illum

1119 1884 1242 1911 remisit:
1257 1883 1300 1910 hic
1320 1891 1425 1911 rursum
1446 1883 1609 1916 ostendens,
1631 1891 1737 1919 quanta
1756 1883 1826 1911 fastu
1840 1890 1915 1911 cs.~et

1119 1930 1232 1964 alienus,
1243 1938 1354 1966 remque
1364 1930 1435 1958 illam
1447 1930 1603 1965 phantasma
1615 1938 1667 1958 non
1675 1930 1775 1958 fuisse:
1787 1931 1835 1959 has
1843 1931 1916 1958 enim

1119 1982 1147 2005 et
1158 1978 1242 2006 morbi
1255 1982 1282 2005 et
1292 1978 1413 2006 sanitatis
1424 1982 1506 2006 testes
1517 1978 1634 2006 adhibet.
1645 1977 1814 2014 Egoquidem
1825 1983 1917 2013 optas-

1120 2030 1187 2055 sem,
1204 2024 1299 2058 inquit,
1314 2031 1362 2059 per
1377 2023 1498 2051 morbutn
1519 2028 1592 2051 tuum
1605 2031 1662 2056 eos,
1677 2024 1721 2059 qui
1735 2024 1792 2051 sani
1806 2023 1916 2058 quidem

1120 2070 1253 2104 videntur,
1269 2071 1316 2099 sed
1335 2071 1423 2098 anima
1443 2075 1584 2106 tegi-olant,
1600 2078 1696 2098 sanare
1710 2079 1718 2098 :
1730 2072 1791 2105 quia
1810 2078 1875 2098 vero
1891 2071 1916 2098 id

1120 2117 1224 2147 nolunt.
1233 2116 1301 2143 Vade
1313 2117 1339 2143 in
1351 2117 1464 2149 domum,
1478 2121 1506 2144 ιιι
1526 2124 1573 2144 eos
1587 2117 1632 2151 qui
1652 2117 1687 2145 ibi
1702 2122 1764 2144 suttt
1776 2116 1917 2144 emendes.

1122 2163 1203 2192 Vides
1218 2164 1352 2200 quomodo
1366 2164 1490 2191 ostendat
1501 2171 1530 2190 se
1540 2168 1568 2190 et
1576 2164 1672 2191 animae
1684 2169 1711 2190 et
1725 2163 1846 2198 corporis
1858 2170 1919 2190 esse

1121 2215 1270 2239 creatorem
1278 2212 1290 2237 't
1297 2209 1515 2244 Utriusqneenim
1527 2209 1681 2237 substantia:
1688 2209 1819 2245 paralysin
1830 2213 1917 2239 sanat.

1122 2261 1150 2284 et
1164 2257 1235 2292 quod
1254 2257 1387 2284 occultum
1400 2262 1468 2289 erat,
1484 2264 1517 2284 ex
1531 2263 1565 2284 eo
1586 2256 1656 2291 quod
1673 2256 1842 2283 manifestum
1864 2261 1917 2288 est,

1124 2308 1215 2331 notum
1228 2303 1299 2330 facit.
1313 2304 1435 2330 Attamen
1446 2303 1483 2330 illi
1498 2302 1586 2330 adhuc
1604 2302 1677 2329 ltutni
1692 2303 1821 2337 repebant
1835 2313 1842 2330 :
1857 2310 1918 2329 naut

1124 2350 1150 2378 8.
1168 2350 1378 2383 Gloriﬁcaveruut
1402 2348 1495 2381 Deum,
1516 2349 1611 2384 inquit,
1633 2349 1677 2384 qui
1690 2348 1758 2375 dedit
1770 2354 1919 2384 potestatem

1124 2396 1199 2423 tatem
1216 2395 1374 2427 hominibus;
1387 2395 1450 2430 ipsis
1463 2394 1534 2422 enim
1555 2401 1618 2422 caro
1628 2393 1779 2421 resistebat.
1794 2394 1842 2420 Ille
1856 2402 1921 2421 vero

1125 2449 1177 2468 non
1192 2442 1337 2477 increpavit
1344 2448 1400 2474 eos,
1415 2440 1462 2468 sed
1477 2439 1587 2475 prodest
1599 2444 1685 2467 tatncn
1706 2440 1766 2469 illis.
1779 2447 1826 2474 per
1838 2448 1919 2473 opera

1125 2489 1254 2521 excitans,
1267 2495 1412 2522 eorumque
1423 2487 1540 2514 animum
1555 2486 1580 2513 in
1593 2486 1706 2513 sublime
1719 2486 1834 2520 erigens.
1851 2486 1917 2512 lute-

1126 2535 1176 2562 rim
1191 2542 1255 2562 vero
1268 2543 1319 2561 non
1335 2541 1446 2569 parvum
1461 2538 1528 2566 erat,
1550 2532 1620 2568 quod
1645 2533 1763 2558 omnium
1784 2532 1919 2558 hominum

1127 2582 1257 2608 maximus
1271 2581 1423 2613 haberetur,
1436 2579 1559 2615 quodque
1570 2587 1584 2606 a
1598 2579 1653 2606 Deo
1667 2579 1757 2605 venire
1772 2583 1920 2613 putaretur.

1126 2629 1191 2656 Nam
1203 2629 1224 2655 si
1238 2629 1293 2654 ll:t'C
1305 2628 1416 2654 ﬁrmiter
1431 2632 1519 2653 mente
1547 2626 1706 2653 tenuissent.
1720 2624 1826 2659 paulurn
1841 2623 1922 2658 proli-

1126 2676 1226 2701 cit-mes
1246 2675 1414 2709 agnoviSsent
1434 2673 1519 2707 ipsum
1530 2679 1589 2699 esse
1603 2671 1649 2698 Dei
1664 2670 1770 2698 Filium.
1799 2668 1851 2697 Sed
1867 2669 1922 2696 ha'c

1128 2729 1180 2748 non
1203 2721 1312 2748 linniter
1335 2720 1511 2750 retinuerunt.
1528 2718 1642 2753 ideoque
1666 2717 1793 2744 accedere
1807 2723 1859 2743 non
1875 2723 1921 2750 po-

1161 2792 1168 2807 ¹
1188 2791 1234 2815 Alii
1246 2791 1345 2818 habent,
1358 2789 1425 2814 aliud
1437 2789 1531 2818 signum
1543 2786 1599 2812 huic
1608 2786 1723 2817 adjungo.

1161 2824 1170 2838 '
1189 2823 1234 2846 Alii
1249 2822 1342 2853 legunt,
1355 2823 1439 2852 Patri,
1451 2829 1504 2853 pro,
1518 2821 1576 2846 Deo.

1162 2855 1172 2871 ³
1188 2853 1244 2882 Alii,
1256 2858 1407 2884 pru't‘iptturt
1422 2856 1493 2879 rubet.
