2067 3134
214 168 261 196 581

215 229 321 253 tnerunt
331 224 377 260 (ιι).
394 224 509 252 Rursum
523 223 593 252 enim
602 211 725 250 dicebant
739 232 746 250 :
762 221 810 249 Hic
823 222 898 248 homo
909 229 958 247 non
969 224 1005 247 est

215 271 394 305 aDeo(Joan
419 273 445 298 9.
466 271 535 305 16);
551 275 588 301 et,
617 269 750 303 Quomodo
773 268 813 295 hit:
835 276 851 294 a
873 267 926 294 Deo
947 266 1006 294 est?

215 317 328 350 Hu‘cque
348 317 500 352 frequenter
521 315 670 347 versabant.
696 315 739 342 illa
751 314 877 341 vitiorum
897 320 1006 340 suorum

216 363 329 398 tegmina
340 363 516 390 obtendentes
532 371 538 388 :
554 361 624 397 quod
632 361 711 388 etiam
725 368 797 388 nunc
804 359 880 386 multi
894 358 1005 392 faciunt,

215 416 257 444 qui
271 408 334 436 dum
350 409 433 435 Deum
450 407 585 435 vindicare
596 406 731 438 videntur,
747 405 802 433 suis
819 404 957 440 indulgent
968 403 1008 430 af-

215 453 337 488 fectibus,
366 462 427 481 cum
450 457 586 489 oporteret
605 453 695 481 omnia
717 460 777 480 cum
807 449 1008 479 mansuetudine

216 505 341 528 tractare.
358 499 462 528 Etenim
487 499 670 527 universorum
691 498 772 531 Deus,
790 496 835 532 qui
857 496 955 523 fulmen
971 495 1008 521 vi-

216 546 293 574 brare
304 549 392 580 potest.
401 546 427 573 in
443 552 491 573 eos
512 545 558 580 qui
573 544 660 580 ipsqu
675 542 848 578 blasphemiis
864 542 1006 576 impetunt,

215 591 301 619 solem
313 598 390 618 suum
404 590 469 618 oriri
493 594 579 624 curat,
605 589 706 617 imbres
731 588 846 620 emittit,
861 591 1010 619 cmtcraqne

215 637 305 664 omnia
319 636 428 672 largiter
440 635 593 671 suppeditat
608 643 616 661 :
630 642 709 670 quem
721 633 820 661 imitari
831 639 880 660 nos
893 635 1008 666 oportet,

215 689 311 718 rogare
322 690 428 718 nempe,
443 689 562 714 monere,
574 681 713 708 instituere
720 687 780 707 cum
795 676 1008 710 mansuetudine,

216 737 270 757 non
285 729 374 763 irasci,
397 736 448 757 nec
462 728 579 757 efferari.
592 727 685 762 Neque
698 726 769 754 enim
791 733 824 753 ex
847 723 1010 759 blasphemia

216 774 280 810 quid
293 775 446 802 noeumenti
459 774 493 802 ad
504 774 587 801 Deum
602 772 714 805 accedit,
731 775 760 799 ut
773 775 801 798 tu
815 770 1009 801 excandescas;

217 821 264 849 sed
279 821 324 856 qni
336 821 532 856 blasphemavit
546 821 603 855 ipse
614 820 710 847 vulnus
725 818 837 853 accepit.
856 817 948 852 Itaque
971 817 1011 842 in-

217 867 343 902 gemisce.
358 867 526 903 lacrymare:
547 865 674 902 lacrymis
695 864 767 892 enim
785 864 893 899 dignum
907 862 1012 890 esthoc

217 913 320 945 vitium,
334 912 377 940 cui
387 912 506 939 curando
521 911 623 939 nullout
643 909 844 938 mansuetudine
857 909 953 936 melius
966 916 1011 935 re-

219 958 344 986 medium.
358 957 534 986 Mansuetudo
543 957 640 993 quippe
653 957 726 985 omni
740 956 864 984 violentia
878 955 1012 990 potentior

218 1007 270 1031 est.
281 1003 348 1031 Vide
359 1003 438 1039 igitur
449 1002 585 1039 quomodo
602 1003 625 1030 is
638 1002 705 1038 ipse,
717 1002 762 1036 qui
772 1001 869 1036 injuria
883 1000 1010 1033 afficitur,

219 1053 247 1076 et
264 1049 291 1076 in
310 1049 395 1077 veteri
410 1053 437 1077 et
456 1049 482 1076 in
503 1055 573 1076 nova
591 1048 649 1084 lege
672 1047 795 1082 loquatur
817 1054 824 1073 :
847 1046 882 1074 ibi
905 1045 1011 1081 quidem

219 1095 311 1124 dicens
326 1104 334 1122 :
346 1095 446 1131 Populo
459 1103 539 1127 metu,
559 1095 620 1129 quid
630 1094 678 1129 feci
699 1094 743 1120 tibi
760 1091 859 1129 (Mich.
873 1092 900 1120 6.
912 1093 929 1120 3
939 1091 972 1128 )7
986 1092 1012 1120 in

222 1149 291 1170 nova
305 1146 406 1174 autem,
418 1141 507 1173 Saule,
517 1140 676 1176 Saule,quid
689 1148 729 1167 me
739 1139 894 1175 persequeris
903 1138 970 1175 (Act.
984 1138 1012 1166 9;

220 1187 274 1222 4)?
287 1187 384 1215 Paulus
397 1188 459 1215 item
473 1187 549 1222 jubet
560 1185 727 1214 adversarios
737 1192 797 1213 cum
808 1184 1014 1212 mansuetudine

220 1234 361 1269 corripere
375 1233 420 1269 (Ξ.
436 1233 502 1261 Tim.
526 1233 554 1260 2.
581 1231 646 1268 2t).
670 1231 729 1268 Ipse
751 1238 856 1267 quoque
880 1231 1012 1264 Christus,

219 1279 509 1315 quando‘aooessernt
531 1278 663 1314 discipuli,
688 1282 813 1313 rogantes
827 1281 858 1305 ut
880 1277 967 1313 ignem
980 1277 1014 1305 de

219 1325 288 1354 (uelo
298 1326 445 1358 emitteret,
471 1325 644 1353 vehementer
664 1323 812 1359 increpavit
836 1330 883 1351 eos
903 1323 1012 1359 dicens,

221 1370 333 1398 Nescitis
343 1371 530 1407 ujoupiritus
542 1371 600 1398 estis
608 1378 650 1398 tm
662 1369 737 1405 (L‘uc.
750 1368 776 1397 9.
788 1368 851 1404 5‘).
863 1368 911 1396 Hic
924 1373 1013 1396 autem

220 1424 274 1444 non
289 1417 353 1445 dicit
364 1417 430 1452 ipse,
444 1416 467 1445 0
479 1417 634 1446 essecrandi
655 1421 683 1445 et
704 1414 909 1452 prteSIigiatores
921 1415 929 1444 l
943 1422 960 1442 ο
974 1415 1014 1442 in-

220 1462 273 1490 vidi
287 1467 314 1490 et
339 1463 475 1490 hominum
490 1463 583 1491 salutis
610 1463 726 1491 inimici!
749 1464 807 1498 sed,
820 1465 887 1499 Quid
901 1465 1015 1501 cogitatis

251 1519 288 1556 (ri)
306 1519 434 1556 Inui-seco,
447 1523 477 1556 ad
487 1528 540 1545 τοῦτο
547 1524 590 1556 catt
597 1527 701 1556 προσιλοιτν
712 1525 833 1556 ἦδυνῆρῃθαν,
847 1528 904 1553 quae
915 1522 950 1547 sic
958 1529 1015 1547 con-

221 1551 284 1584 verti
299 1551 409 1576 debent:
425 1551 526 1582 Ideoque
549 1551 650 1576 ulterius
668 1552 783 1583 progredi
801 1559 846 1577 non
857 1551 991 1584 'potuertmt
1003 1559 1014 1579 :

220 1581 312 1606 scilicet
324 1588 371 1606 non
390 1585 520 1613 potuerunt
542 1589 573 1607 eo
587 1584 701 1615 progredi
713 1581 747 1607 "ut
761 1581 914 1609 divinitatem
926 1584 1015 1610 Christl

221 1617 392 1643 agnoscerent.

689 163 722 192 tu
743 161 944 191 MAT'I‘IIEUM
965 160 1079 188 IIOMIL.
1101 160 1186 189 XXX.
1206 161 1241 188 al.
1263 161 1360 190 XXXI.

1798 161 1849 189 562

1055 220 1126 245 mala
1139 219 1167 246 in
1184 219 1300 246 cordibus
1310 220 1397 247 vestris
1408 219 1416 254 (
1429 219 1522 246 Manli.
1540 220 1582 248 15.
1596 219 1667 256 30)?
1679 220 1791 254 Oportet
1802 222 1850 257 igi-

1058 268 1101 292 tur
1111 273 1171 293 cum
1185 265 1388 294 mansuetudine
1408 266 1530 294 morbum
1552 274 1699 295 removere.
1714 266 1779 294 Nam
1806 269 1850 303 qui

1058 319 1091 338 ex
1105 311 1220 339 humano
1234 313 1328 340 timore
1341 313 1435 340 melior
1446 313 1569 346 efficitur,
1582 315 1635 340 cito
1645 314 1676 341 ad
1693 315 1850 349 pravitatem

1059 357 1166 384 redibit.
1182 357 1299 393 Ideoque
1311 358 1411 386 zizania
1428 358 1543 394 relinqui
1555 359 1643 393 jussit,
1665 361 1731 386 dans
1748 365 1853 395 tempus

1067 401 1099 428 ad
1113 402 1310 436 pmnitentiam.
1326 401 1401 428 Multi
1418 409 1536 437 namque
1546 403 1655 430 illorum
1666 404 1853 437 paenitentiam

1066 452 1187 481 egerunt,
1195 452 1222 475 et
1235 447 1311 482 probi
1325 448 1389 475 facti
1409 452 1483 479 sunt,
1496 448 1547 483 qui
1553 449 1756 484 perversiprius
1764 455 1852 485 erant;

1060 494 1283 529 quemadmodum
1295 494 1402 527 Paulus,
1414 495 1568 530 publicanus
1580 516 1587 528 ,
1604 496 1671 524 latro
1686 505 1694 524 :
1708 504 1768 524 nam
1782 503 1855 533 post-

1061 548 1140 575 quam
1163 540 1264 568 zizania
1293 540 1407 573 fuerant,
1431 541 1458 568 in
1484 541 1598 568 triticum
1614 547 1745 570 maturum
1760 544 1854 571 mutati

1062 593 1133 614 sunt.
1149 586 1178 614 In
1192 587 1338 614 seminibus
1352 591 1425 615 certe
1439 587 1465 614 id
1480 587 1537 615 fieri
1552 589 1661 623 nequit;
1679 589 1704 616 in
1718 592 1855 626 proposito

1062 639 1089 660 et
1103 633 1240 660 voluntate
1253 633 1279 660 id
1300 637 1373 660 certe
1400 633 1475 661 facile
1498 638 1539 661 est
1554 645 1561 662 :
1576 641 1629 661 nun
1659 636 1730 662 enim
1753 641 1856 664 natura:

1063 679 1184 706 terminis
1194 679 1250 714 ipsa
1266 679 1398 714 alligatur,
1414 679 1461 707 sed
1477 679 1599 708 libertate
1611 681 1714 708 arbitrii
1726 681 1855 709 honorata

1064 724 1122 752 fuit.
1146 725 1213 753 Cum
1233 733 1297 761 ergo
1316 725 1414 753 videris
1428 726 1547 754 veritatis
1562 726 1683 759 hostem,
1698 728 1855 763 obsequium

1064 772 1101 799 illi
1118 772 1217 807 prmbe,
1239 779 1330 799 curam
1356 773 1426 800 illius
1449 772 1528 806 habe,
1553 773 1586 800 ad
1611 775 1735 802 virtutem
1763 775 1855 808 reduc,

1063 819 1214 854 exemplum
1227 819 1288 846 vita:
1301 819 1430 853 optimum
1447 820 1577 854 praebens,
1590 828 1714 848 sermone
1727 826 1804 849 utens
1818 822 1861 849 in-

1063 865 1179 899 cnlpato,
1195 865 1372 899 patrocinium
1388 865 1436 899 ipsi
1453 869 1481 892 et
1503 872 1594 893 curam
1620 865 1787 901 impendens,
1801 875 1857 894 mo-

1064 911 1126 938 dum
1141 919 1246 938 omnem
1262 911 1456 938 emendationis
1464 911 1621 944 admovens,
1631 912 1759 940 imitando
1772 913 1858 940 inedi-

1064 966 1110 986 cos
1125 959 1249 993 optimos,
1265 959 1310 993 qui
1325 965 1377 985 non
1405 965 1457 985 una
1472 962 1572 985 tantum
1595 958 1735 986 medicina:
1756 960 1858 988 ratione

1064 1009 1184 1036 utuntur,
1209 1004 1256 1031 sed
1278 1011 1339 1031 cum
1359 1003 1449 1030 vident
1463 1003 1538 1030 ulcus
1553 1003 1633 1038 priori
1649 1004 1793 1039 pharmaco
1807 1014 1858 1034 non

1065 1050 1171 1083 cedere,
1195 1049 1268 1076 aliud
1287 1049 1426 1084 adjiciunt,
1451 1054 1478 1076 et
1501 1053 1561 1084 post
1573 1049 1639 1076 illud
1652 1058 1757 1077 rursum
1769 1051 1859 1084 aliud;

1065 1102 1091 1123 et
1105 1103 1176 1124 nunc
1188 1099 1291 1128 secant,
1307 1103 1378 1122 nunc
1390 1095 1509 1130 alligant.
1525 1094 1561 1122 Et
1573 1099 1600 1122 tu
1613 1095 1700 1131 itaque
1710 1096 1858 1125 animarum

1066 1143 1184 1170 medicus
1196 1142 1318 1175 effectus,
1340 1141 1412 1169 omni
1428 1142 1511 1170 utaris
1524 1142 1635 1170 curandi
1647 1144 1751 1171 ratione
1765 1151 1860 1171 secun-

1065 1188 1128 1216 dum
1140 1187 1239 1215 Christi
1253 1187 1327 1222 leges
1336 1208 1343 1220 ,
1357 1192 1387 1214 ut
1400 1191 1429 1214 et
1440 1187 1599 1215 salutarium
1624 1195 1735 1223 operum
1754 1193 1858 1216 tuorum

1065 1238 1093 1262 et
1104 1233 1217 1261 aliorum
1243 1238 1324 1268 parta:
1338 1233 1433 1260 salutis
1453 1232 1604 1260 mercedem
1622 1234 1747 1268 accipias.
1763 1235 1795 1261 ad
1814 1235 1858 1262 Dei

1065 1280 1175 1316 gloriam
1185 1280 1273 1307 omnia
1283 1279 1391 1312 faciens,
1407 1284 1435 1307 et
1448 1279 1510 1307 inde
1521 1280 1566 1307 tibi
1575 1280 1686 1315 gloriam
1696 1281 1841 1308 concilians
1852 1291 1859 1309 :

1066 1334 1127 1354 nam
1138 1326 1185 1360 ait,
1199 1325 1375 1360 Gloriﬁcantes
1389 1333 1429 1352 me
1442 1325 1599 1360 glori/italia.
1610 1330 1632 1352 et
1645 1326 1688 1358 qui
1701 1331 1859 1353 contemnunt

1066 1380 1114 1404 me,
1127 1376 1315 1399 contemnemur
1328 1371 1338 1407 (
1351 1372 1375 1398 t.
1392 1371 1455 1406 Reg.
1472 1370 1499 1397 2.
1516 1371 1576 1407 50).
1593 1371 1687 1399 Omnia
1711 1371 1801 1406 itaque
1826 1372 1859 1400 ad

1066 1419 1123 1453 ejus
1136 1418 1246 1453 gloriam
1262 1417 1399 1451 faciamus,
1414 1421 1443 1445 ut
1457 1417 1562 1445 beatam
1585 1418 1656 1445 illam
1672 1424 1772 1446 sortem
1793 1427 1859 1446 con-

1066 1471 1211 1500 sequamur
1226 1472 1234 1491 :
1249 1471 1329 1499 quam
1343 1463 1446 1490 utinam
1461 1470 1557 1491 omnes
1573 1463 1762 1499 adipiscamur,
1777 1466 1859 1499 gra’tia

1066 1515 1094 1538 et
1120 1510 1281 1544 benignitate
1297 1509 1401 1536 Domini
1416 1510 1499 1536 nostri
1515 1509 1577 1536 .Iesn
1595 1510 1702 1541 Christi.
1716 1511 1758 1537 eui
1777 1511 1860 1546 gloria

1067 1561 1094 1585 et
1109 1556 1259 1591 imperium,
1278 1556 1302 1583 in
1325 1556 1421 1584 sarcula
1437 1557 1606 1584 stt-culorum.
1622 1557 1718 1584 Anien.

778 1714 952 1746 HOMILIA
986 1715 1095 1747 XXX.
1103 1715 1146 1746 aI.
1162 1715 1284 1746 XXXI.

221 1774 285 1804 (ἔην.
298 1775 324 1803 9.
337 1783 363 1802 v.
379 1775 405 1803 9.
419 1774 451 1802 Et
461 1783 517 1802 cum
533 1775 647 1802 transiret
659 1775 718 1802 inde
727 1775 812 1808 Jews,
821 1776 882 1803 uidit
892 1776 1017 1804 hominem

257 1822 382 1850 sedentem
395 1824 422 1849 in
436 1823 539 1854 telonio,
553 1821 704 1849 Matt/tcum
715 1824 827 1850 nomine.
847 1822 881 1850 Et
902 1823 939 1850 ait
951 1822 990 1850 illi
1005 1831 1016 1850 :

258 1869 369 1903 Sequere
378 1877 425 1896 me.
441 1868 476 1896 Et
486 1877 590 1904 surgens
598 1874 716 1904 sequutus
728 1874 763 1897 at
772 1877 839 1897 eum.

259 1916 285 1943 1.
304 1914 436 1948 Quomodo
454 1923 499 1942 nos
512 1923 598 1951 gerere
611 1915 743 1942 debeamus
762 1923 823 1950 erga
845 1915 1014 1942 insidiatores.

223 1961 339 1989 Matthci
352 1961 449 1988 occatio
461 1965 484 1988 et
494 1961 624 1988 rirtuo.—
634 1960 746 1988 Peracto
760 1960 900 1993 miraculo,
913 1968 965 1988 non
979 1960 1016 1988 ibi

223 2008 332 2038 mansit.
346 2015 380 2035 ne
393 2007 583 2042 illo.pr:esente
603 2006 700 2034 invidia
724 2006 808 2042 magis
831 2006 953 2039 arderet;
968 2007 1016 2034 sed

223 2053 250 2080 in
266 2052 377 2087 gratiam
392 2053 510 2087 ipsorum
525 2052 646 2085 recessit,
662 2056 691 2079 ut
701 2052 810 2079 morbus
822 2052 870 2079 ille
881 2052 1016 2087 mitigare-

224 2103 277 2126 tur.
291 2098 356 2126 Illud
370 2106 478 2134 quoque
490 2106 539 2126 nos
563 2098 701 2132 faciamus,
718 2105 772 2125 non
787 2097 866 2126 simul
878 2102 1015 2126 versantes

223 2153 285 2173 cum
299 2145 496 2178 insidiantibus,
520 2144 569 2173 sed
591 2152 684 2173 eorum
707 2143 789 2172 ulceri
813 2144 1014 2179 indulgeamus,

223 2191 350 2219 cedentes
364 2195 390 2219 et
405 2191 604 2219 contentionem
626 2190 750 2218 vitantes.
762 2190 814 2218 Sed
826 2197 874 2218 cur
886 2197 938 2217 non
953 2197 1014 2217 cum

224 2236 319 2269 Petro,
341 2236 444 2264 Joanne
471 2241 500 2264 et
521 2236 580 2264 aliis
605 2237 710 2264 vocavit
721 2237 803 2264 eum?
821 2236 856 2264 Ut
875 2240 937 2264 tunc
952 2236 1014 2264 illuc

224 2283 313 2315 venit,
335 2290 397 2310 cum
424 2283 506 2310 sciret
531 2282 655 2310 homines
681 2282 912 2318 obtemperaturos
932 2289 1012 2310 esse:

224 2328 263 2355 sic
287 2332 351 2355 tunc
374 2327 526 2355 Matthzeum
550 2328 665 2360 vocavit,
691 2334 750 2355 cum
766 2332 939 2362 sequutnrum
952 2334 1015 2355 eum

225 2381 285 2401 esse
310 2378 430 2402 noverat.
459 2374 603 2409 Propterea
625 2373 705 2401 etiam
725 2373 837 2401 Paulum
849 2378 909 2408 post
925 2380 1015 2401 resur-

226 2421 372 2448 rectionem
387 2421 505 2456 piscatus
524 2424 574 2448 est.
591 2420 657 2448 Nam
675 2419 720 2455 qui
735 2419 814 2448 corda
829 2419 913 2451 novit,
928 2424 955 2447 et
966 2426 1014 2447 oc-

224 2467 295 2494 culta
321 2467 448 2494 mentium
471 2466 607 2501 perspicit,
632 2466 736 2494 sciebat
758 2465 925 2500 quandonam
940 2465 1014 2500 quis-

224 2521 277 2548 que
290 2520 382 2540 eorum
402 2513 597 2548 obsaquuturus
621 2517 703 2541 esset.
728 2512 844 2547 Ideoque
866 2519 918 2539 non
940 2511 1015 2539 initio

225 2559 330 2586 vocavit
352 2559 425 2586 illum
437 2578 446 2591 ,
468 2566 528 2586 cuin
541 2558 629 2585 adhuc
649 2557 758 2586 duriore
773 2562 844 2586 esset
855 2558 954 2591 animo,
967 2558 1014 2585 sed

225 2609 286 2640 post
300 2609 425 2632 sexcenta
441 2604 568 2631 miracula
578 2624 586 2636 ,
602 2611 662 2631 cum
685 2604 753 2630 fama
774 2611 822 2631 sua
848 2603 1016 2638 percrebruis-

226 2657 278 2683 set,
292 2650 398 2686 quando
412 2650 485 2677 illum
497 2653 611 2677 noverat
623 2649 657 2677 ad
670 2649 907 2684 obtemperantium
927 2650 1016 2684 aptio-

227 2704 283 2723 rem
297 2703 367 2724 esse.
388 2695 447 2724 Non
460 2696 509 2724 abs
521 2703 551 2723 re
564 2700 654 2723 autem
675 2694 755 2722 fuerit
768 2695 882 2730 apostoli
896 2694 1016 2730 philoso.

215 2742 316 2778 .phiam
333 2742 342 2757 '
358 2741 463 2773 mirari,
479 2741 525 2776 qui
538 2744 687 2768 anteactam
702 2740 784 2768 vitam
797 2747 849 2767 non
861 2739 1014 2774 occultavit,

260 2806 497 2861 ’.ῗῖῗέἓιθέυᾚξῖἓ

225 2840 259 2864 Ιιὶι
277 2838 367 2864 melius
377 2839 497 2872 quadrare
509 2836 608 2872 videtur
617 2845 624 2862 :
638 2836 692 2872 nam
704 2836 852 2872 philosophia
868 2836 1017 2872 apudchry-

223 2874 359 2895 snstomum
373 2867 425 2899 pro,
446 2869 540 2899 virtute,
553 2867 670 2894 modestia
691 2867 719 2892 et
735 2867 877 2895 Itumilitate.
884 2867 1015 2899 accipitur.

227 2902 271 2927 Itic
279 2907 350 2931 porro
359 2900 491 2925 Matthacum
504 2900 592 2931 laudat,
601 2901 642 2932 qui
654 2899 795 2931 publicanus
803 2906 857 2924 cum
865 2901 943 2930 esset,
952 2899 1019 2924 ideo-

1071 1776 1118 1804 sed
1134 1780 1163 1803 et
1177 1784 1273 1803 nomen
1285 1784 1362 1804 suum
1373 1776 1471 1811 posuit,
1485 1776 1555 1812 quod
1570 1777 1616 1805 alii
1632 1778 1658 1805 in
1672 1778 1743 1806 aliud
1764 1787 1860 1808 nomen

1070 1822 1198 1849 mutando
1209 1822 1390 1850 occultavere.
1405 1823 1458 1850 Cur
1473 1830 1553 1858 porro
1574 1823 1640 1851 dixit
1661 1824 1747 1860 ipsum
1761 1825 1862 1854 sedisse

1071 1869 1098 1896 in
1111 1868 1230 1896 telonio?
1245 1868 1371 1896 Vocantis
1384 1869 1439 1896 vim
1454 1868 1599 1897 ostendens
1609 1890 1616 1903 ,
1633 1870 1704 1906 qttod
1719 1879 1779 1899 cum
1794 1879 1862 1899 non-
1896 1877 1899 1881 ‘

1069 1913 1133 1941 dum
1149 1913 1296 1942 destitisset
1309 1918 1337 1942 et
1350 1914 1474 1949 improbo
1489 1914 1588 1942 telonio
1601 1915 1726 1950 hmreret,
1749 1924 1782 1945 ex
1804 1926 1862 1946 me-

1070 1961 1120 1988 diis
1140 1961 1226 1996 ipsum
1253 1961 1331 1988 malis
1355 1961 1510 1989 extraxerit.
1536 1961 1764 1995 Quemadmodum
1789 1964 1860 1992 enim

1070 2007 1176 2034 beatum
1201 2007 1313 2034 Paulum
1329 2007 1460 2035 furentem
1474 2012 1501 2035 et
1513 2008 1589 2036 rabie
1605 2009 1734 2043 percitum
1750 2017 1862 2038 conver-

1068 2053 1119 2080 tit:
1133 2053 1158 2081 id
1170 2053 1240 2088 quod
1256 2054 1313 2088 ipse
1327 2053 1449 2081 vocantis
1468 2053 1592 2081 virtutem
1618 2054 1806 2083 demonstrans
1823 2056 1863 2083 ait

1069 2099 1101 2126 ad
1122 2099 1230 2127 Galatas
1255 2100 1377 2127 scribens
1391 2108 1398 2127 :
1411 2099 1524 2128 Audistis
1550 2101 1762 2128 conversationem
1780 2111 1862 2130 nteant

1067 2144 1205 2179 aliquando
1214 2144 1241 2171 in
1255 2144 1399 2177 Judaismo,
1415 2144 1474 2180 quia
1493 2152 1571 2180 supra
1583 2145 1686 2172 modum
1698 2148 1862 2181 persequebar

1069 2189 1210 2217 Ecclesium
1224 2190 1272 2217 Dei
1287 2189 1362 2227 (Gal.
1379 2191 1407 2220 I.
1427 2190 1479 2226 I5)
1494 2190 1552 2218 :sic
1564 2195 1590 2218 et
1602 2191 1748 2226 piscatores
1761 2192 1787 2220 in
1802 2201 1861 2220 me-

1068 2236 1119 2264 diis
1127 2237 1254 2271 operibus
1267 2236 1391 2264 vocavit:
1405 2235 1453 2264 sed
1474 2236 1512 2264 illi
1527 2240 1611 2264 artem
1633 2237 1793 2265 exercebant
1807 2246 1860 2265 non

1069 2283 1271 2318 vituperabilem
1286 2283 1403 2318 quidem,
1420 2282 1467 2310 sed
1482 2290 1542 2318 quae
1554 2287 1612 2310 erat
1636 2283 1772 2311 hominum
1783 2291 1860 2320 agre-

1070 2331 1162 2362 stium,
1186 2337 1240 2357 non
1263 2329 1436 2362 urbanorum,
1459 2334 1539 2365 atque
1560 2330 1669 2357 omnino
1680 2330 1858 2365 simplicium;

1069 2377 1125 2403 htec
1140 2380 1228 2403 autent
1244 2375 1363 2403 lucrandi
1377 2375 1456 2409 ratio,
1470 2375 1632 2410 impudentia
1646 2376 1722 2411 plena
1736 2381 1803 2410 erat,
1826 2385 1859 2404 ac

1069 2423 1214 2458 petulantia
1225 2443 1232 2455 ,
1248 2428 1367 2458 quzrstus
1380 2423 1487 2457 iniquus
1498 2426 1525 2450 et
1539 2426 1687 2450 mercatura
1701 2422 1838 2450 illiberalis
1851 2432 1858 2450 :

1069 2474 1185 2497 attamen
1208 2469 1274 2496 nihil
1288 2469 1383 2496 horum
1398 2469 1504 2497 erubuit
1522 2469 1544 2496 is
1554 2469 1599 2504 qui
1613 2470 1726 2497 vocavit.
1739 2469 1794 2498 Nec
1808 2478 1861 2497 mt-

1069 2525 1139 2550 rum,
1153 2517 1175 2544 si
1186 2516 1357 2552 publicanum
1371 2524 1424 2543 non
1434 2516 1584 2547 erubescat,
1598 2515 1704 2551 quando
1714 2523 1763 2543 nec
1775 2524 1862 2544 mere-

1069 2563 1160 2591 tricem
1171 2570 1268 2590 vocare
1279 2570 1330 2590 non
1345 2562 1430 2590 modo
1439 2569 1492 2591 non
1511 2561 1627 2594 erubuit,
1642 2562 1688 2589 sed
1703 2562 1784 2596 pedes
1798 2570 1862 2590 suos

1068 2611 1195 2643 osculari,
1220 2610 1398 2646 laerymisqne
1420 2609 1506 2644 rigare
1528 2608 1659 2644 permisit.
1682 2609 1786 2636 Etenim
1801 2609 1862 2637 ideo

1069 2657 1151 2690 venit,
1168 2664 1220 2683 non
1241 2660 1270 2682 ut
1290 2663 1386 2690 corpus
1401 2659 1509 2682 curaret
1529 2654 1633 2686 solum,
1647 2654 1694 2682 sed
1715 2659 1745 2682 ut
1765 2655 1862 2682 anima:

1069 2703 1171 2730 morbis
1185 2701 1346 2730 mederetur.
1357 2701 1434 2735 Quod
1451 2701 1531 2728 etiam
1556 2701 1704 2737 paralytico
1714 2701 1838 2737 praestitit
1854 2709 1862 2728 :

1069 2811 1120 2837 que
1130 2803 1195 2837 male
1206 2802 1300 2837 audiret
1310 2802 1374 2833 apud
1384 2801 1496 2837 :tudteos,
1515 2807 1693 2837 nomensuurn
1708 2804 1791 2826 tamen
1811 2807 1861 2825 non

1069 2832 1236 2862 occultaverit.
1256 2833 1301 2858 sed
1310 2832 1368 2858 sese
1384 2833 1513 2857 Matthteun
1537 2832 1707 2863 appellaverit,
1725 2838 1808 2863 neque
1820 2838 1861 2855 na-

1069 2874 1127 2891 men
1134 2873 1204 2892 suum
1213 2865 1351 2890 mutaverit.
1360 2864 1422 2895 quod
1432 2867 1510 2888 tamet
1525 2863 1637 2889 fecerunt
1644 2863 1683 2887 alii
1693 2863 1860 2894 evangelista.

1070 2898 1113 2930 qui
1123 2899 1202 2929 ipsum
1213 2896 1269 2922 bovi
1281 2895 1442 2927 appellarunt.
