2067 3134
182 120 234 148 363

179 184 205 205 et
221 178 360 211 (mstquam
372 175 445 203 clare
457 174 621 207 ostenderat,
636 181 666 201 se
679 180 756 208 posse
769 176 875 207 peccata
887 170 976 198 dimit-

180 227 246 256 tere,
263 222 298 250 ad
311 222 382 250 hunc
393 226 486 257 postea
501 220 624 254 accessit,
640 226 668 248 ut
688 228 740 247 non
751 219 923 246 turbarentur
937 218 976 245 vi-

181 269 276 297 dentes
292 268 460 304 publicanum
475 267 502 295 in
516 266 709 303 discipulorum
728 266 841 294 chorum
851 264 977 293 adscribi.

181 314 247 342 Nam
261 315 306 350 qui
321 318 408 350 potest
431 318 538 349 peccata
560 313 649 342 omnia
669 312 784 345 solvere,
800 311 864 347 quid
879 311 976 339 mirum

180 361 203 388 si
215 365 242 388 et
263 361 334 387 hunc
346 360 495 395 apostolum
511 359 609 387 faciat?
623 358 676 386 Sed
691 363 720 386 ut
730 357 847 386 didicisti
859 357 979 385 vocantis

182 410 352 440 potestatem,
369 406 409 434 sic
421 405 494 433 disce
503 405 590 432 vocati
604 403 795 432 obedientiam.
806 402 897 438 Neque
907 402 978 430 enim

181 452 348 488 repugnavit,
361 459 448 488 neque
459 451 584 479 dubitans
593 451 677 478 dixit:
691 449 760 484 Quid
774 449 826 477 hoc
837 449 900 477 est?
914 457 979 477 num

184 506 228 526 me
249 498 384 526 hominem
406 496 560 532 hujusmodi
589 495 773 524 fraudulenter
795 495 894 523 vocat?
912 494 978 522 Nam

184 551 257 574 certe
277 545 463 581 intempestiva
483 543 576 572 fuisset
594 542 746 578 huiusmodi
763 542 910 570 humilitas.
925 541 979 570 Sed

183 593 273 620 statim
288 591 426 620 obedivit:
444 598 530 626 neque
546 590 621 625 petiit
634 589 780 617 utdomum
802 589 842 617 ire
867 588 978 621 liceret,

183 644 212 666 ut
234 646 290 666 rem
313 645 374 665 cum
410 637 467 665 suis
494 635 724 669 communicaret,
750 633 978 670 quemadmodum

182 685 262 713 etiam
272 685 420 720 piscatores
433 683 553 711 fecerunt
569 691 575 710 :
594 686 622 710 ut
640 681 713 710 enim
725 681 763 709 illi
776 682 856 715 retia,
871 680 981 708 navicu-

183 731 248 763 lam,
269 736 296 759 et
308 736 422 766 patrem,
436 730 472 757 ita
487 734 516 758 et
528 730 571 757 hic
581 728 749 756 teloniariam
763 734 884 755 mensam
897 731 925 754 et
940 726 981 753 lu-

184 784 261 805 crum
274 777 395 812 reliquit,
410 780 440 804 ut
453 780 622 811 sequeretur,
636 774 668 802 ad
681 773 771 801 omnia
785 777 905 809 paratum
920 771 980 799 ani-

184 831 257 852 mum
275 823 405 851 exhibens
421 831 428 850 :
444 827 471 851 et
495 829 510 849 a
524 822 605 850 rebus
618 820 744 848 omnibus
763 819 936 847 saecularibus
952 825 981 847 se

183 870 274 897 statim
298 868 469 902 abscindens,
482 875 531 904 per
545 866 728 894 obedientiam
744 864 889 901 perfectam
905 863 981 892 testi-

184 916 325 949 ficabatur,
339 923 418 950 quam
435 914 594 949 tempestive
605 916 715 940 vocatus
738 912 840 939 fuisset.
864 910 899 938 Et
922 917 980 943 cur,

185 963 299 998 inquies,
315 970 370 990 non
390 961 424 989 de
434 960 493 988 aliis
503 960 580 992 dixit,
608 957 743 995 quomodo
756 957 843 985 vocati
861 956 959 984 fuerint
972 976 981 990 ,

185 1008 234 1036 sed
246 1008 280 1036 de
295 1008 374 1035 Petro
385 1011 497 1038 tantum,
511 1004 624 1036 Jacnbo,
640 1003 744 1031 Joanne
758 1007 786 1030 et
800 1002 933 1037 Philippo,
948 1001 983 1029 de

185 1055 292 1083 ceteris
309 1060 374 1081 vero
388 1051 539 1088 nusquam?
560 1050 626 1085 Quia
649 1049 675 1076 hi
700 1049 816 1076 maxime
834 1053 922 1080 erant,
936 1046 983 1082 qui

186 1101 301 1128 humiles
323 1099 364 1127 vel
389 1103 481 1133 turpes
504 1102 575 1124 artes
602 1095 780 1127 exercebant;
805 1101 891 1128 neque
910 1093 982 1120 enim

186 1146 321 1182 quidpiam
341 1150 383 1174 est
404 1144 548 1181 publicano
559 1142 688 1175 deterius,
699 1141 741 1169 vel
750 1141 883 1176 piscatore
892 1139 986 1168 vilius.

187 1192 263 1227 Quod
275 1199 356 1227 porro
368 1191 507 1226 Philippus
521 1189 601 1217 etiam
625 1188 694 1215 inter
711 1186 842 1223 ignobiles
861 1193 984 1214 censere-

187 1243 241 1271 tur,
255 1245 286 1266 ex
297 1236 380 1272 patria
395 1236 488 1271 liquet.
506 1234 608 1262 Idcirco
621 1232 671 1261 bos
680 1233 795 1260 maxime
809 1239 869 1259 cum
882 1231 985 1259 artibus

187 1285 244 1312 suis
269 1282 427 1319 pru'dicant,
443 1281 485 1308 his
508 1280 677 1308 declarantcs
691 1278 742 1306 sibi
757 1278 837 1306 etiam
862 1277 887 1304 in
903 1277 985 1304 rebus

189 1330 337 1365 splendidis
357 1328 436 1356 (idem
462 1334 522 1355 esse
550 1324 713 1353 habendam.
735 1323 803 1351 Cum
825 1322 898 1350 enim
918 1321 986 1349 nihil

191 1380 350 1411 przctereant
361 1382 455 1404 eorum
474 1381 533 1409 qua:
559 1370 744 1407 vituperabilis
763 1369 805 1397 vel
824 1369 886 1396 vilia
911 1372 984 1401 sunt,

190 1423 237 1451 scd
250 1423 308 1450 lucc
321 1429 375 1457 pra:
390 1420 450 1448 aliis
462 1423 586 1447 accurate
597 1417 754 1453 prazdiccut,
768 1415 825 1443 sive
845 1414 890 1442 illa
904 1413 987 1449 magi-

190 1476 286 1502 strum,
311 1468 368 1496 sive
393 1466 540 1501 discipulos
564 1461 808 1500 spectent,curin
833 1459 985 1496 splendidis

190 1514 395 1549 conspicuisque
403 1511 522 1547 suspecti
534 1509 644 1542 fuerint,
669 1515 729 1535 cum
740 1506 856 1535 maxime
873 1506 948 1541 signa
960 1508 989 1532 et

194 1559 325 1589 miracula
339 1559 422 1586 multa
438 1563 446 1577 ι
461 1560 682 1593 praetercurrant,
711 1559 738 1581 et
758 1560 817 1589 quae
828 1551 861 1580 ad
879 1559 988 1580 crucem

191 1609 323 1642 spectant,
335 1613 394 1640 qua:
411 1608 487 1632 certe
502 1602 631 1638 probrosa
646 1601 770 1628 videntur
782 1603 907 1627 accurate
914 1605 988 1634 pras-

192 1652 295 1685 dicent,
311 1649 502 1686 discipulorum
526 1647 590 1676 item
614 1650 697 1677 artes,
721 1645 854 1680 vilemque
876 1648 986 1677 sortem,

192 1698 311 1734 magistri
322 1704 426 1732 quoque
435 1694 631 1731 progenitores,
640 1693 685 1727 qui
701 1691 743 1719 vel
759 1699 793 1719 ex
807 1691 932 1726 peccatis,
945 1689 989 1718 vel

193 1752 226 1773 ex
244 1744 290 1771 vili
305 1742 460 1770 conditione
477 1740 534 1768 noti
553 1743 640 1772 erant,
658 1738 731 1765 clara
746 1744 812 1765 voce
829 1736 855 1764 in
871 1736 989 1764 medium

193 1789 358 1826 pnefcrunt?
372 1787 451 1816 Unde
464 1785 636 1814 manifestum
650 1788 701 1815 est.
717 1783 789 1818 ipsos
804 1789 929 1817 magnam
940 1789 988 1810 ve-

196 1835 282 1863 ritatis
298 1834 423 1862 habuisse
439 1832 580 1861 rationem.
607 1837 638 1857 ac
659 1837 746 1864 neque
759 1828 793 1855 ad
804 1828 926 1864 gratiam,
941 1834 988 1855 ne-

195 1889 247 1918 que
262 1880 295 1908 ad
313 1878 518 1908 ostentationem
534 1875 686 1911 scripsisse.

230 1928 259 1955 2.
273 1926 366 1954 Christi
389 1924 460 1959 apud
483 1923 631 1951 Matt/unum
653 1920 807 1948 conuiuenti:
817 1919 908 1956 agendi
925 1919 991 1946 ratio

195 1973 346 2009 explicatur.
367 1970 566 2004 Redarguuntur
586 1967 605 1994 ii
617 1967 660 2002 qui
674 1966 721 1995 sibi
741 1967 836 2002 faniam
850 1973 882 1992 ea:
890 1965 990 2000 jejunio

196 2027 285 2056 parere
301 2022 402 2046 curant.
426 2031 462 2037 —
476 2015 605 2043 Vocatum
621 2015 711 2049 itaque
725 2012 879 2040 Mattbmum
895 2018 991 2046 magno

196 2066 285 2094 affecit
310 2065 414 2092 honore
435 2062 469 2090 ad
493 2068 612 2090 mensam
633 2060 788 2091 admittens.
802 2067 856 2094 quo
871 2059 944 2086 illum
957 2057 991 2085 de

195 2113 287 2141 futuro
300 2111 368 2139 bene
381 2117 490 2146 sperare
503 2113 590 2141 curat,
601 2113 628 2135 et
639 2106 767 2142 majorcm
779 2106 846 2133 indit
856 2105 990 2133 fiduciam.

195 2157 255 2192 non
271 2156 343 2185 enim
357 2156 383 2183 in
398 2154 517 2182 sananda
525 2153 583 2188 ejus
595 2152 733 2187 iniquitate
743 2151 855 2179 multum
865 2149 994 2185 temporis

196 2202 329 2236 adhibuit,
352 2201 401 2230 sed
423 2200 489 2228 illud
513 2200 603 2227 statim
629 2198 728 2226 factum
749 2202 805 2230 est;
827 2205 914 2232 neque
930 2204 991 2224 cum

198 2248 246 2277 illo
259 2251 366 2276 tantum
381 2245 516 2274 recumbit
524 2244 557 2272 ad
565 2251 700 2277 mensam,
709 2242 757 2271 sed
768 2249 830 2270 cum
839 2241 901 2269 aliis
911 2240 983 2268 mul—

199 2294 235 2322 tis
244 2304 252 2323 :
262 2300 427 2330 quamquam
437 2291 464 2320 id
473 2291 512 2319 illi
521 2290 631 2319 crimini
642 2289 768 2320 dabatur,
777 2287 848 2324 quod
861 2292 986 2323 peccato-

199 2347 245 2368 res
257 2347 311 2367 non
323 2339 452 2374 abigeret.
463 2337 563 2364 Verum
577 2343 664 2371 neque
676 2336 729 2363 hoc
743 2334 832 2362 celant
847 2331 985 2368 cvangeli-

200 2391 250 2413 δικ
263 2385 400 2421 quomodo
419 2384 456 2411 illi
470 2382 618 2410 accusandi
631 2382 793 2409 occasiones
813 2379 961 2414 captabant.
977 2397 988 2411 ,

200 2430 260 2465 eius
271 2429 441 2464 explorantes
454 2434 545 2462 spera.
559 2425 729 2453 Conveniunt
748 2432 827 2459 porro
840 2424 973 2460 publicani
985 2444 993 2457 ,

200 2475 277 2510 quasi
300 2475 333 2502 ad
358 2474 423 2502 artis
445 2478 614 2505 consortem;
637 2478 698 2498 nam
713 2471 808 2499 honori
827 2470 879 2498 sibi
893 2470 994 2499 ducens

200 2521 271 2557 quod
284 2521 405 2549 Christus
420 2520 454 2547 ad
467 2527 495 2547 se
509 2519 637 2551 venisset,
650 2524 743 2545 omnes
755 2517 920 2545 convocavit.
934 2517 995 2544 Ete-

200 2569 255 2597 nim
270 2575 350 2595 omne
368 2565 512 2594 curationis
532 2572 618 2600 genus
630 2563 752 2592 Christus
770 2563 929 2596 adhibebat,
944 2570 995 2591 nec

198 2614 282 2651 modo
292 2621 353 2641 cum
367 2613 581 2644 concionaretur,
597 2618 658 2638 cum
670 2614 786 2641 curaret,
798 2617 859 2636 cum
873 2609 995 2637 inimicos

202 2661 384 2696 redargueret,
414 2658 461 2686 sed
486 2658 565 2686 etiam
589 2664 651 2685 cum
674 2655 870 2688 convivaretur,
896 2654 995 2684 multos

205 2707 276 2734 male
291 2705 400 2733 affectos
414 2703 574 2732 emendabat
586 2712 593 2730 :
605 2703 647 2730 his
659 2709 709 2729 nos
720 2701 820 2729 docens
832 2709 912 2729 omne
926 2705 996 2728 tem-

205 2758 253 2786 pus
277 2757 410 2785 omneque
434 2756 501 2785 opus
525 2755 602 2783 posse
625 2747 702 2774 nobis
724 2747 862 2774 utilitatem
889 2745 994 2774 afferre.

205 2797 331 2831 Quamvis
344 2801 431 2824 autem
441 2803 474 2823 ea
484 2802 543 2830 quae
557 2798 619 2821 tunc
628 2792 749 2828 apposita
761 2797 846 2826 erant,
860 2792 997 2828 iniquitate

241 2865 248 2879 ¹
268 2863 323 2893 Alii,
335 2869 389 2889 cum
398 2861 502 2887 maxime
515 2860 583 2892 siqua
595 2859 669 2886 multa
681 2863 703 2885 ct
715 2858 842 2886 mirabilia.

555 117 583 145 S.
604 116 742 145 JOANNIS
760 113 998 143 ειιηγδοετωιι
1019 112 1176 142 ARCHIEP.
1196 113 1464 144 CONSTANTINOP.

1767 118 1820 146 561

1029 176 1057 198 et
1071 172 1180 199 avaritia
1195 176 1270 206 parta
1282 173 1377 201 essent
1390 181 1397 200 :
1415 181 1470 201 non
1484 165 1615 202 recusarit
1627 179 1715 204 tamen
1743 175 1821 204 Chri-

1026 223 1084 246 stus
1093 218 1135 246 his
1148 216 1283 245 convivari
1296 217 1372 253 :quia
1386 226 1511 253 magnum
1524 219 1586 247 inde
1599 220 1700 248 lucrum
1712 227 1822 250 eventur-

1029 270 1088 290 rum
1107 266 1181 296 erat;
1201 263 1248 291 sed
1261 264 1459 293 contubernalis
1472 270 1499 293 et
1512 267 1649 294 convictor
1668 273 1710 295 est
1728 276 1822 296 eorum

1029 308 1074 343 qui
1095 308 1247 344 hujusmodi
1269 310 1401 345 iniquitati
1423 318 1454 338 se
1476 310 1641 340 dediderant.
1665 313 1823 348 llujusmndi

1029 354 1128 390 quippe
1138 355 1267 387 medicus,
1283 356 1332 384 nisi
1347 364 1479 392 aegrorum
1494 358 1661 392 putredinem
1675 359 1752 392 ferat,
1769 368 1822 387 non

1030 407 1078 428 eos
1089 408 1105 427 a
1121 400 1214 428 utorbo
1226 400 1296 428 eruit
1312 409 1320 429 :
1335 409 1495 437 quamquam
1510 402 1571 431 inde
1591 404 1688 432 malam
1708 405 1758 432 sibi
1782 406 1822 433 fa-

1031 453 1103 474 mam
1113 447 1269 481 attraheret,
1285 452 1311 475 et
1324 448 1396 483 quod
1409 455 1470 477 cum
1485 449 1530 477 illo
1541 450 1645 484 ederet,
1665 456 1690 479 et
1710 452 1780 487 quod
1796 454 1824 481 in

1029 491 1111 520 domo
1124 493 1184 527 ejus
1197 500 1257 521 cum
1282 494 1429 528 publicanis
1451 495 1552 523 multis.
1573 496 1639 524 Vide
1652 502 1741 525 autem
1755 506 1823 532 quo-

1031 538 1112 567 modo
1133 539 1160 567 id
1182 539 1219 567 illi
1239 540 1336 575 probro
1348 547 1472 569 vertant:
1487 541 1553 569 Ecce
1567 543 1642 570 homo
1656 544 1724 571 edax
1735 550 1757 572 et
1772 546 1825 573 vini

1032 589 1142 619 potator,
1152 585 1344 621 publicanorum
1350 588 1446 614 amicus
1458 593 1481 615 et
1490 593 1649 623 peccatorum
1661 589 1767 624 (Matth.
1777 592 1789 619 1
1798 593 1806 619 1
1814 611 1822 618 .

1032 630 1089 666 19).
1106 631 1221 659 Audiam
1235 631 1272 659 illi
1286 632 1331 668 qui
1345 641 1468 669 magnam
1488 634 1538 662 sibi
1553 634 1649 663 famam
1668 644 1702 664 ex
1720 636 1824 672 jejunio

1031 684 1127 712 parere
1137 682 1260 713 satagunt
1276 687 1283 705 :
1299 679 1470 716 cogitentque
1485 680 1626 709 Dominum
1641 687 1763 711 nostrum
1777 692 1826 711 vo-

1031 731 1120 751 racem
1140 729 1167 752 et
1181 724 1234 752 vini
1248 729 1397 760 potatorem
1415 731 1536 755 vocatum
1550 728 1631 757 fuisse
1641 750 1650 763 ,
1665 737 1751 765 neque
1762 739 1825 760 eru—

1031 769 1136 802 buisse;
1159 770 1207 798 sed
1223 771 1280 799 huic
1298 772 1387 800 omnia
1402 773 1569 808 despexisse,
1585 779 1614 802 ut
1626 783 1683 804 rem
1693 777 1743 805 sibi
1759 785 1825 812 pro-

1032 817 1145 852 positam
1166 818 1308 853 perliceret
1324 826 1333 852 ;
1356 819 1382 847 id
1397 820 1468 862 quod
1491 821 1571 848 etiam
1594 823 1694 850 evenit.
1714 823 1779 851 Nam
1797 828 1826 852 et

1031 861 1188 897 publicanus
1200 870 1344 892 conversus
1356 869 1398 892 est
1410 870 1437 893 et
1450 865 1545 894 melior
1555 867 1674 896 effectus.
1689 868 1725 897 Ut
1734 874 1825 898 autem

1032 907 1130 941 diseas,
1141 913 1267 944 quantum
1281 909 1343 938 boni
1357 911 1498 939 accederet
1517 912 1550 940 iis
1568 913 1614 948 qui
1633 913 1752 949 ejusdem
1764 923 1826 943 cum

1032 961 1066 982 eo
1079 962 1179 983 mensae
1190 956 1331 992 participes
1339 961 1440 991 essent,
1451 957 1511 986 audi
1525 959 1588 994 quid
1600 959 1670 988 dicat
1681 960 1827 989 Zacchmus

1032 1000 1100 1028 alius
1115 1001 1280 1036 publicanus.
1305 1002 1370 1037 Quia
1384 1003 1455 1031 enim
1471 1004 1571 1032 audivit
1584 1004 1720 1034 Christum
1735 1006 1828 1035 dicen-

1035 1051 1089 1074 tem
1098 1067 1107 1080 ,
1123 1047 1208 1077 Ilodie
1221 1049 1248 1076 in
1262 1049 1337 1077 domo
1356 1055 1399 1077 tua
1413 1056 1510 1086 oportet
1523 1060 1563 1080 me
1575 1061 1675 1080 induere
1686 1053 1770 1089 (Luc.
1781 1055 1826 1083 l9.

1033 1092 1074 1127 5),
1089 1093 1187 1129 gaudio
1207 1095 1347 1130 perfusus,
1361 1096 1426 1124 dixit
1441 1105 1447 1124 :
1463 1096 1603 1126 Dimidium
1617 1098 1738 1127 bonorum
1758 1108 1828 1128 meo-

1033 1148 1090 1167 rum
1102 1140 1135 1167 do
1148 1140 1312 1175 pauperibus,
1326 1147 1349 1168 et
1360 1143 1449 1175 siquid
1461 1143 1569 1179 aliquem
1578 1144 1737 1180 defraudaut',
1748 1145 1828 1173 reddo

1034 1187 1204 1222 quadruplum
1220 1187 1300 1222 (Ibid.
1316 1195 1340 1215 tt.
1356 1188 1395 1224 8).
1406 1188 1455 1216 Cui
1470 1190 1607 1224 respondit
1625 1190 1724 1221 Iesus:
1743 1191 1830 1219 Hodie

1034 1232 1104 1260 salus
1117 1233 1204 1260 domui
1217 1233 1275 1261 huic
1288 1235 1356 1269 facta
1369 1239 1405 1262 est
1418 1234 1498 1270 (Ibid.
1510 1243 1535 1263 υ.
1550 1236 1588 1272 9).
1602 1236 1646 1265 Sic
1656 1244 1690 1265 ex
1703 1237 1829 1266 omnibus

1035 1279 1103 1307 alios
1118 1279 1257 1309 instituere
1272 1281 1343 1309 licet.
1360 1281 1394 1310 Et
1414 1283 1548 1317 quomodo
1559 1303 1567 1317 ,
1585 1283 1689 1319 inquies
1700 1304 1708 1317 ,
1729 1284 1829 1313 Paulus

1037 1326 1157 1360 prmcipit
1169 1335 1176 1353 :
1188 1326 1219 1353 Si
1231 1327 1298 1360 quis,
1308 1335 1366 1354 cum
1373 1327 1452 1362 frater
1461 1329 1614 1364 nominetur,
1623 1330 1655 1357 ait
1663 1330 1828 1365 fornicari“,

1037 1377 1080 1398 aut
1095 1380 1197 1405 avarus,
1210 1381 1267 1399 cum
1277 1381 1307 1401 eo
1317 1381 1348 1401 ne
1360 1374 1489 1402 comedere
1499 1375 1601 1410 quidem
1610 1381 1708 1411 oportet
1720 1377 1743 1412 (1
1750 1395 1758 1404 .
1767 1376 1828 1404 Cor.

1037 1418 1064 1446 5.
1080 1417 1144 1454 ll)?
1158 1419 1193 1446 At
1204 1426 1257 1446 non
1271 1423 1354 1454 patet,
1369 1427 1403 1447 an
1418 1420 1482 1448 illud
1494 1421 1574 1448 etiam
1589 1422 1722 1457 magistris
1736 1422 1831 1457 praeci-

1037 1465 1143 1501 piatur,
1164 1473 1250 1500 neque
1273 1466 1359 1494 solum
1379 1465 1514 1494 fratribus.
1533 1467 1632 1495 Deinde
1652 1468 1689 1496 illi
1711 1468 1830 1495 nondum

1037 1510 1150 1546 perfecti
1163 1512 1288 1546 auctique
1301 1516 1394 1544 erant,
1418 1519 1504 1547 neque
1520 1512 1647 1540 fratribus
1666 1520 1831 1540 annumera-

1038 1557 1145 1585 bantur.
1173 1557 1215 1585 Ad
1239 1557 1298 1585 bare
1318 1565 1382 1585 vero
1404 1558 1513 1591 Paulus,
1531 1557 1585 1594 jam
1599 1558 1660 1586 illos
1679 1557 1831 1586 in'fratrum

1039 1612 1179 1632 numerum
1200 1604 1317 1632 adscitos
1335 1605 1452 1632 aversari
1464 1605 1554 1640 jubet,
1570 1605 1592 1632 si
1610 1605 1637 1632 in
1650 1605 1727 1633 malis
1740 1613 1832 1640 perse-

1039 1656 1133 1679 verent
1149 1660 1156 1679 :
1171 1651 1200 1679 hi
1212 1656 1302 1679 autem
1317 1652 1387 1679 male
1407 1659 1488 1686 agere
1510 1656 1681 1679 cessaverant
1696 1652 1831 1680 conversi.

1041 1700 1139 1728 Verum
1153 1699 1219 1727 nihil
1234 1699 1330 1726 horum
1343 1698 1494 1726 Pharisaaos
1507 1700 1684 1733 compressit.
1708 1697 1757 1726 sed
1776 1699 1831 1726 cri—

1039 1747 1173 1774 minantes
1185 1745 1376 1780 aggrediuntur
1388 1744 1534 1779 discipulos
1549 1744 1590 1771 his
1602 1744 1710 1771 verbis:
1725 1744 1770 1772 11.
1781 1744 1834 1771 Cur

1039 1802 1099 1820 cum
1131 1792 1272 1827 publicanis
1301 1795 1325 1818 et
1352 1790 1526 1826 peccatoribus
1552 1790 1689 1816 manducat
1713 1790 1834 1825 magister

1040 1839 1138 1867 uerter?
1148 1839 1180 1866 Et
1192 1846 1254 1866 cum
1271 1837 1392 1873 discipuli
1407 1844 1518 1872 peccare
1539 1837 1678 1869 videntur,
1697 1835 1834 1864 Christum

1039 1886 1081 1913 sic
1093 1885 1265 1920 alloquuntur
1280 1891 1287 1911 :
1307 1883 1373 1910 Ecce
1389 1882 1509 1917 discipuli
1526 1882 1564 1909 tui
1584 1883 1680 1918 faciunt
1699 1882 1767 1917 quod
1782 1891 1833 1909 non

1040 1932 1099 1959 licet
1117 1931 1143 1958 in
1164 1929 1267 1958 sabbato
1289 1929 1372 1964 facere
1385 1929 1493 1964 (Matth.
1508 1928 1552 1956 12.
1566 1928 1611 1964 2);
1626 1928 1669 1956 hic
1680 1935 1744 1956 vero
1762 1928 1833 1963 apud

1040 1977 1186 2013 discipulos
1207 1976 1342 2004 Christum
1365 1975 1548 2003 criminantur.
1571 1975 1636 2009 Quae
1649 1975 1739 2002 omnia
1754 1974 1833 2001 mali-

1041 2023 1177 2060 gnantium
1200 2026 1286 2055 erant,
1307 2026 1334 2050 et
1356 2021 1502 2048 volentium
1519 2020 1707 2055 discipulorum
1721 2020 1833 2047 chorum

1042 2078 1057 2097 a
1069 2069 1196 2104 magistro
1205 2067 1401 2101 avellere.Quid
1410 2067 1489 2102 igitur
1497 2067 1626 2094 immensa
1638 2066 1681 2093 illa
1692 2066 1835 2100 sapientia?

1045 2116 1088 2143 1'2.
1104 2115 1165 2142 Non
1176 2115 1299 2150 indigent,
1313 2114 1414 2149 inquit,
1437 2113 1494 2140 sani
1508 2113 1615 2145 medico,
1639 2113 1682 2139 sed
1704 2113 1747 2146 qui
1769 2112 1835 2139 male

1044 2162 1144 2192 habent.
1159 2161 1226 2188 Vide
1241 2159 1376 2195 quomodo
1391 2166 1542 2187 sermonem
1561 2166 1656 2187 eorum
1669 2158 1705 2188 ,in
1724 2162 1835 2186 contra-

1043 2207 1114 2234 rium
1134 2206 1223 2234 vertit.
1240 2205 1279 2233 llli
1293 2212 1410 2240 namque
1428 2203 1535 2231 crimini
1554 2203 1653 2231 dabant
1674 2203 1741 2238 ipsi,
1763 2202 1836 2238 quod

1043 2252 1162 2280 cumillis
1173 2256 1340 2284 versaretur;
1349 2250 1394 2278 ille
1403 2250 1566 2278 contrarium
1578 2249 1687 2284 profert,
1699 2249 1836 2284 indignum

1045 2297 1210 2333 benignitate
1231 2305 1280 2324 sua
1305 2303 1365 2324 esse
1383 2296 1406 2324 si
1432 2303 1485 2323 non
1499 2303 1559 2323 cum
1575 2295 1628 2324 illis
1646 2301 1785 2327 versetur;
1805 2302 1838 2322 ac

1044 2353 1099 2374 non
1114 2345 1194 2372 modo
1213 2351 1243 2372 se
1262 2344 1376 2371 crimine
1388 2350 1500 2370 vacuum
1514 2350 1575 2370 esse
1593 2350 1653 2370 cum
1668 2342 1729 2369 illos
1742 2349 1837 2370 emcn-

1045 2391 1138 2424 daret,
1154 2391 1201 2418 sed
1214 2398 1271 2418 rem
1285 2397 1346 2418 esse
1360 2390 1520 2424 pmcipuam
1530 2409 1538 2422 ,
1559 2393 1586 2416 et
1599 2388 1774 2416 necessariam
1786 2408 1795 2421 ,
1809 2391 1838 2415 et

1045 2438 1119 2466 mille
1132 2437 1254 2465 laudibus
1273 2437 1392 2472 dignam.
1415 2435 1516 2463 Deinde
1530 2444 1563 2463 ne
1580 2435 1717 2463 videretur
1728 2438 1838 2462 vocatos

1045 2485 1148 2521 pudore
1161 2483 1268 2512 afficere
1277 2504 1286 2517 ,
1300 2490 1361 2511 cum
1375 2482 1494 2515 diceret,
1510 2481 1561 2515 Qui
1578 2481 1644 2508 ntale
1656 2480 1761 2513 habent,
1776 2479 1840 2507 vide

1046 2530 1180 2566 quomodo
1202 2530 1283 2558 leniat
1306 2528 1390 2562 illud,
1413 2536 1474 2556 cum
1494 2527 1554 2555 illos
1573 2527 1695 2562 increpat
1713 2530 1741 2554 et
1755 2526 1838 2554 dicit:

1046 2577 1091 2604 1⁸5.
1109 2577 1214 2608 Euntes,
1231 2575 1320 2602 discite
1328 2575 1389 2610 quid
1399 2579 1446 2606 est,
1460 2573 1662 2601 Misericordiam
1671 2572 1739 2604 volo,
1753 2577 1840 2599 etnon

1046 2623 1199 2658 sacriﬁcium
1214 2621 1290 2657 (Osee
1304 2621 1331 2649 6.
1347 2621 1386 2656 6).
1402 2620 1458 2648 Hoc
1475 2623 1563 2647 autem
1578 2619 1701 2652 dicebat,
1715 2618 1838 2652 Scriptu-

1046 2677 1136 2697 rarum
1161 2668 1336 2703 ignorantiam
1359 2666 1424 2702 ipsis
1444 2666 1509 2693 vitio
1522 2670 1639 2693 vertens.
1659 2665 1838 2698 Quamobrem

1047 2713 1277 2748 ncriusloquitur,
1287 2719 1341 2739 non
1357 2712 1443 2740 iratus
1451 2711 1539 2745 ;absit
1548 2720 1556 2745 ;
1566 2711 1613 2739 sed
1623 2719 1656 2739 ne
1663 2711 1702 2738 illi
1712 2711 1835 2738 animum

1048 2760 1258 2796 desponderent.
1274 2759 1447 2794 Quamquam
1467 2759 1558 2786 dicere
1571 2762 1677 2792 poterat
1692 2767 1699 2785 :
1717 2757 1775 2785 Non
1789 2765 1837 2784 co-

1049 2805 1161 2840 gitatis,
1185 2805 1324 2840 quomodo
1352 2804 1503 2839 paralytico
1527 2809 1638 2839 peccata
1663 2803 1838 2830 dimiserim?

1051 2859 1148 2887 corpus
1157 2851 1216 2887 ejus
1226 2850 1390 2878 firmaverim
1402 2850 1413 2876 ?
1423 2850 1457 2876 At
1465 2849 1533 2877 nihil
1543 2849 1639 2876 horum
1650 2848 1714 2876 dicit
1727 2857 1732 2875 :
1741 2851 1836 2876 verum
