  <div class='ocr_page' id='page_1' title='image "/cluster/home/n/w/nwhite01/storage/ocr_20150623/57-58/njp.32101077772653/296.png"; bbox 0 0 2067 3134; ppageno 0'>
   <div class='ocr_carea' id='block_1_1' title="bbox 231 171 284 200">
    <p class='ocr_par' dir='ltr' id='par_1_1' title="bbox 231 171 284 200">
     <span class='ocr_line' id='line_1_1' title="bbox 231 171 284 200; baseline 0 0"><span class='ocrx_word' id='word_1_1' title='bbox 231 171 284 200; x_wconf 62' lang='grc' dir='ltr'><strong>5(ξῖ</strong></span> 
     </span>
    </p>
   </div>
   <div class='ocr_carea' id='block_1_2' title="bbox 233 226 1024 262">
    <p class='ocr_par' dir='ltr' id='par_1_2' title="bbox 233 226 1024 262">
     <span class='ocr_line' id='line_1_2' title="bbox 233 226 1024 262; baseline -0.01 -4"><span class='ocrx_word' id='word_1_2' title='bbox 233 238 246 257; x_wconf 90' lang='lat' dir='ltr'><strong>a</strong></span> <span class='ocrx_word' id='word_1_3' title='bbox 259 228 445 258; x_wconf 85' lang='lat' dir='ltr'><strong>communibus</strong></span> <span class='ocrx_word' id='word_1_4' title='bbox 457 228 604 256; x_wconf 77' lang='lat' dir='ltr'><strong>ratiociniis</strong></span> <span class='ocrx_word' id='word_1_5' title='bbox 617 228 677 256; x_wconf 89' lang='lat' dir='ltr'><strong>illos</strong></span> <span class='ocrx_word' id='word_1_6' title='bbox 689 227 842 262; x_wconf 74' lang='lat' dir='ltr'><strong>aggreditur</strong></span> <span class='ocrx_word' id='word_1_7' title='bbox 856 226 981 261; x_wconf 86' lang='lat' dir='ltr'><strong>primum.</strong></span> <span class='ocrx_word' id='word_1_8' title='bbox 997 228 1024 251; x_wconf 90' lang='lat' dir='ltr'><strong>et</strong></span> 
     </span>
    </p>
   </div>
   <div class='ocr_carea' id='block_1_3' title="bbox 233 271 1026 311">
    <p class='ocr_par' dir='ltr' id='par_1_3' title="bbox 233 271 1026 311">
     <span class='ocr_line' id='line_1_3' title="bbox 233 271 1026 311; baseline -0.008 -9"><span class='ocrx_word' id='word_1_9' title='bbox 233 281 323 311; x_wconf 76' lang='lat' dir='ltr'><strong>postea</strong></span> <span class='ocrx_word' id='word_1_10' title='bbox 335 283 350 302; x_wconf 91' lang='lat' dir='ltr'><strong>a</strong></span> <span class='ocrx_word' id='word_1_11' title='bbox 365 274 520 310; x_wconf 88' lang='lat' dir='ltr'><strong>Scripturis.</strong></span> <span class='ocrx_word' id='word_1_12' title='bbox 534 274 600 302; x_wconf 69' lang='lat' dir='ltr'><strong>Cum</strong></span> <span class='ocrx_word' id='word_1_13' title='bbox 610 274 721 301; x_wconf 86' lang='lat' dir='ltr'><strong>dixisset</strong></span> <span class='ocrx_word' id='word_1_14' title='bbox 734 273 804 300; x_wconf 87' lang='lat' dir='ltr'><strong>enim</strong></span> <span class='ocrx_word' id='word_1_15' title='bbox 817 293 824 305; x_wconf 95' lang='lat'><strong>,</strong></span> <span class='ocrx_word' id='word_1_16' title='bbox 842 271 902 299; x_wconf 87' lang='lat' dir='ltr'><strong>Non</strong></span> <span class='ocrx_word' id='word_1_17' title='bbox 917 276 951 298; x_wconf 89' lang='lat' dir='ltr'><strong>est</strong></span> <span class='ocrx_word' id='word_1_18' title='bbox 963 279 1026 305; x_wconf 87' lang='lat' dir='ltr'><strong>opus</strong></span> 
     </span>
    </p>
   </div>
   <div class='ocr_carea' id='block_1_4' title="bbox 232 317 1024 353">
    <p class='ocr_par' dir='ltr' id='par_1_4' title="bbox 232 317 1024 353">
     <span class='ocr_line' id='line_1_4' title="bbox 232 317 1024 353; baseline -0.006 -5"><span class='ocrx_word' id='word_1_19' title='bbox 232 321 373 348; x_wconf 71' lang='lat' dir='ltr'><strong>valentibus</strong></span> <span class='ocrx_word' id='word_1_20' title='bbox 393 322 504 348; x_wconf 77' lang='lat' dir='ltr'><strong>medicus</strong></span> <span class='ocrx_word' id='word_1_21' title='bbox 515 341 522 353; x_wconf 85' lang='grc'><em>,</em></span> <span class='ocrx_word' id='word_1_22' title='bbox 544 320 587 346; x_wconf 87' lang='lat' dir='ltr'><strong>sed</strong></span> <span class='ocrx_word' id='word_1_23' title='bbox 603 320 668 347; x_wconf 84' lang='lat' dir='ltr'><strong>male</strong></span> <span class='ocrx_word' id='word_1_24' title='bbox 681 318 828 346; x_wconf 79' lang='lat' dir='ltr'><strong>habentibus</strong></span> <span class='ocrx_word' id='word_1_25' title='bbox 839 339 847 351; x_wconf 91' lang='lat'><strong>,</strong></span> <span class='ocrx_word' id='word_1_26' title='bbox 866 322 894 344; x_wconf 88' lang='lat' dir='ltr'><strong>et</strong></span> <span class='ocrx_word' id='word_1_27' title='bbox 907 317 1024 351; x_wconf 88' lang='lat' dir='ltr'><strong>seipsum</strong></span> 
     </span>
    </p>
   </div>
   <div class='ocr_carea' id='block_1_5' title="bbox 232 363 1023 396">
    <p class='ocr_par' dir='ltr' id='par_1_5' title="bbox 232 363 1023 396">
     <span class='ocr_line' id='line_1_5' title="bbox 232 363 1023 396; baseline -0.005 -3"><span class='ocrx_word' id='word_1_28' title='bbox 232 374 291 393; x_wconf 86' lang='lat' dir='ltr'><strong>esse</strong></span> <span class='ocrx_word' id='word_1_29' title='bbox 311 366 444 394; x_wconf 87' lang='lat' dir='ltr'><strong>medicum</strong></span> <span class='ocrx_word' id='word_1_30' title='bbox 463 366 627 393; x_wconf 83' lang='lat' dir='ltr'><strong>subobscure</strong></span> <span class='ocrx_word' id='word_1_31' title='bbox 641 365 804 392; x_wconf 86' lang='lat' dir='ltr'><strong>declarasset</strong></span> <span class='ocrx_word' id='word_1_32' title='bbox 822 373 828 390; x_wconf 91' lang='lat'>:</span> <span class='ocrx_word' id='word_1_33' title='bbox 851 369 912 396; x_wconf 84' lang='lat' dir='ltr'><strong>tunc</strong></span> <span class='ocrx_word' id='word_1_34' title='bbox 935 363 1023 396; x_wconf 80' lang='lat' dir='ltr'><strong>dixit,</strong></span> 
     </span>
    </p>
   </div>
   <div class='ocr_carea' id='block_1_6' title="bbox 232 410 1024 446">
    <p class='ocr_par' dir='ltr' id='par_1_6' title="bbox 232 410 1024 446">
     <span class='ocr_line' id='line_1_6' title="bbox 232 410 1024 446; baseline -0.005 -7"><span class='ocrx_word' id='word_1_35' title='bbox 232 412 346 445; x_wconf 81' lang='lat' dir='ltr'><strong>Euutes,</strong></span> <span class='ocrx_word' id='word_1_36' title='bbox 360 413 449 439; x_wconf 72' lang='lat' dir='ltr'><strong>discite</strong></span> <span class='ocrx_word' id='word_1_37' title='bbox 468 411 530 446; x_wconf 87' lang='lat' dir='ltr'><strong>quid</strong></span> <span class='ocrx_word' id='word_1_38' title='bbox 548 416 601 444; x_wconf 88' lang='lat' dir='ltr'><strong>est,</strong></span> <span class='ocrx_word' id='word_1_39' title='bbox 621 410 822 438; x_wconf 82' lang='lat' dir='ltr'><strong>Misericordiam</strong></span> <span class='ocrx_word' id='word_1_40' title='bbox 844 410 915 443; x_wconf 79' lang='lat' dir='ltr'><strong>volo,</strong></span> <span class='ocrx_word' id='word_1_41' title='bbox 931 414 955 436; x_wconf 83' lang='lat' dir='ltr'><strong>et</strong></span> <span class='ocrx_word' id='word_1_42' title='bbox 974 417 1024 436; x_wconf 87' lang='lat' dir='ltr'><strong>non</strong></span> 
     </span>
    </p>
   </div>
   <div class='ocr_carea' id='block_1_7' title="bbox 231 456 1024 493">
    <p class='ocr_par' dir='ltr' id='par_1_7' title="bbox 231 456 1024 493">
     <span class='ocr_line' id='line_1_7' title="bbox 231 456 1024 493; baseline -0.004 -8"><span class='ocrx_word' id='word_1_43' title='bbox 231 458 394 493; x_wconf 68' lang='lat' dir='ltr'><strong>sacriﬁcium.</strong></span> <span class='ocrx_word' id='word_1_44' title='bbox 406 458 462 485; x_wconf 85' lang='lat' dir='ltr'><strong>Hoc</strong></span> <span class='ocrx_word' id='word_1_45' title='bbox 473 463 500 485; x_wconf 89' lang='lat' dir='ltr'><strong>et</strong></span> <span class='ocrx_word' id='word_1_46' title='bbox 514 457 610 484; x_wconf 86' lang='lat' dir='ltr'><strong>Paulus</strong></span> <span class='ocrx_word' id='word_1_47' title='bbox 621 456 693 484; x_wconf 83' lang='lat' dir='ltr'><strong>facit.</strong></span> <span class='ocrx_word' id='word_1_48' title='bbox 705 456 794 484; x_wconf 87' lang='lat' dir='ltr'><strong>Primo</strong></span> <span class='ocrx_word' id='word_1_49' title='bbox 803 456 874 483; x_wconf 84' lang='lat' dir='ltr'><strong>enim</strong></span> <span class='ocrx_word' id='word_1_50' title='bbox 885 464 899 483; x_wconf 90' lang='lat' dir='ltr'><strong>a</strong></span> <span class='ocrx_word' id='word_1_51' title='bbox 908 463 1024 483; x_wconf 89' lang='lat' dir='ltr'><strong>commu-</strong></span> 
     </span>
    </p>
   </div>
   <div class='ocr_carea' id='block_1_8' title="bbox 231 502 1024 539">
    <p class='ocr_par' dir='ltr' id='par_1_8' title="bbox 231 502 1024 539">
     <span class='ocr_line' id='line_1_8' title="bbox 231 502 1024 539; baseline -0.005 -8"><span class='ocrx_word' id='word_1_52' title='bbox 231 505 310 532; x_wconf 91' lang='lat' dir='ltr'><strong>nibus</strong></span> <span class='ocrx_word' id='word_1_53' title='bbox 330 504 459 539; x_wconf 80' lang='lat' dir='ltr'><strong>exemplis</strong></span> <span class='ocrx_word' id='word_1_54' title='bbox 475 504 514 531; x_wconf 91' lang='lat' dir='ltr'><strong>sic</strong></span> <span class='ocrx_word' id='word_1_55' title='bbox 526 511 623 531; x_wconf 87' lang='lat' dir='ltr'><strong>orsus:</strong></span> <span class='ocrx_word' id='word_1_56' title='bbox 639 503 703 536; x_wconf 80' lang='lat' dir='ltr'><strong>Quis</strong></span> <span class='ocrx_word' id='word_1_57' title='bbox 723 502 802 538; x_wconf 83' lang='lat' dir='ltr'><strong>pascit</strong></span> <span class='ocrx_word' id='word_1_58' title='bbox 819 510 933 538; x_wconf 82' lang='lat' dir='ltr'><strong>gregem,</strong></span> <span class='ocrx_word' id='word_1_59' title='bbox 953 505 975 528; x_wconf 87' lang='lat' dir='ltr'><strong>et</strong></span> <span class='ocrx_word' id='word_1_60' title='bbox 993 509 1024 528; x_wconf 75' lang='lat' dir='ltr'><strong>ea:</strong></span> 
     </span>
    </p>
   </div>
   <div class='ocr_carea' id='block_1_9' title="bbox 231 548 1023 586">
    <p class='ocr_par' dir='ltr' id='par_1_9' title="bbox 231 548 1023 586">
     <span class='ocr_line' id='line_1_9' title="bbox 231 548 1023 586; baseline -0.003 -8"><span class='ocrx_word' id='word_1_61' title='bbox 231 551 294 578; x_wconf 83' lang='lat' dir='ltr'><strong>lacte</strong></span> <span class='ocrx_word' id='word_1_62' title='bbox 306 551 361 586; x_wconf 83' lang='lat' dir='ltr'><strong>ejus</strong></span> <span class='ocrx_word' id='word_1_63' title='bbox 375 559 425 577; x_wconf 88' lang='lat' dir='ltr'><strong>non</strong></span> <span class='ocrx_word' id='word_1_64' title='bbox 437 551 545 577; x_wconf 84' lang='lat' dir='ltr'><strong>comedit</strong></span> <span class='ocrx_word' id='word_1_65' title='bbox 559 550 597 586; x_wconf 87' lang='lat' dir='ltr'><strong>(l.</strong></span> <span class='ocrx_word' id='word_1_66' title='bbox 611 549 670 578; x_wconf 89' lang='lat' dir='ltr'><strong>Cor.</strong></span> <span class='ocrx_word' id='word_1_67' title='bbox 684 549 711 577; x_wconf 84' lang='lat'><strong>9.</strong></span> <span class='ocrx_word' id='word_1_68' title='bbox 727 549 773 583; x_wconf 84' lang='lat'><strong>7)?</strong></span> <span class='ocrx_word' id='word_1_69' title='bbox 788 553 849 576; x_wconf 90' lang='lat' dir='ltr'><strong>tunc</strong></span> <span class='ocrx_word' id='word_1_70' title='bbox 870 548 1023 583; x_wconf 86' lang='lat' dir='ltr'><strong>Scripturas</strong></span> 
     </span>
    </p>
   </div>
   <div class='ocr_carea' id='block_1_10' title="bbox 231 594 1020 632">
    <p class='ocr_par' dir='ltr' id='par_1_10' title="bbox 231 594 1020 632">
     <span class='ocr_line' id='line_1_10' title="bbox 231 594 1020 632; baseline -0.005 -8"><span class='ocrx_word' id='word_1_71' title='bbox 231 597 348 630; x_wconf 87' lang='lat' dir='ltr'><strong>inducit,</strong></span> <span class='ocrx_word' id='word_1_72' title='bbox 365 601 392 624; x_wconf 89' lang='lat' dir='ltr'><strong>et</strong></span> <span class='ocrx_word' id='word_1_73' title='bbox 403 596 441 624; x_wconf 90' lang='lat' dir='ltr'><strong>ait</strong></span> <span class='ocrx_word' id='word_1_74' title='bbox 454 605 462 623; x_wconf 90' lang='lat'><strong>:</strong></span> <span class='ocrx_word' id='word_1_75' title='bbox 477 596 510 624; x_wconf 87' lang='lat' dir='ltr'><strong>In</strong></span> <span class='ocrx_word' id='word_1_76' title='bbox 523 597 577 632; x_wconf 77' lang='lat' dir='ltr'><strong>lege</strong></span> <span class='ocrx_word' id='word_1_77' title='bbox 590 604 698 631; x_wconf 83' lang='lat' dir='ltr'><strong>namque</strong></span> <span class='ocrx_word' id='word_1_78' title='bbox 715 594 813 630; x_wconf 79' lang='lat' dir='ltr'><strong>Moysis</strong></span> <span class='ocrx_word' id='word_1_79' title='bbox 831 595 954 628; x_wconf 81' lang='lat' dir='ltr'><strong>scriptum</strong></span> <span class='ocrx_word' id='word_1_80' title='bbox 967 599 1003 621; x_wconf 79' lang='lat' dir='ltr'><strong>est</strong></span> <span class='ocrx_word' id='word_1_81' title='bbox 1013 614 1020 627; x_wconf 97' lang='lat'><strong>,</strong></span> 
     </span>
    </p>
   </div>
   <div class='ocr_carea' id='block_1_11' title="bbox 231 640 1020 679">
    <p class='ocr_par' dir='ltr' id='par_1_11' title="bbox 231 640 1020 679">
     <span class='ocr_line' id='line_1_11' title="bbox 231 640 1020 679; baseline -0.004 -9"><span class='ocrx_word' id='word_1_82' title='bbox 231 642 292 670; x_wconf 80' lang='lat' dir='ltr'><strong>Non</strong></span> <span class='ocrx_word' id='word_1_83' title='bbox 305 643 421 679; x_wconf 83' lang='lat' dir='ltr'><strong>alligabis</strong></span> <span class='ocrx_word' id='word_1_84' title='bbox 433 652 461 670; x_wconf 86' lang='lat' dir='ltr'><strong>os</strong></span> <span class='ocrx_word' id='word_1_85' title='bbox 473 643 528 670; x_wconf 79' lang='lat' dir='ltr'><strong>boui</strong></span> <span class='ocrx_word' id='word_1_86' title='bbox 538 643 664 669; x_wconf 85' lang='lat' dir='ltr'><strong>trituranti</strong></span> <span class='ocrx_word' id='word_1_87' title='bbox 677 641 757 678; x_wconf 80' lang='lat' dir='ltr'><strong>(Ibid.</strong></span> <span class='ocrx_word' id='word_1_88' title='bbox 767 641 820 669; x_wconf 82' lang='lat' dir='ltr'><strong>v.9.</strong></span> <span class='ocrx_word' id='word_1_89' title='bbox 834 640 910 668; x_wconf 84' lang='lat' dir='ltr'><strong>Deut.</strong></span> <span class='ocrx_word' id='word_1_90' title='bbox 923 640 967 668; x_wconf 77' lang='grc'><strong>25.</strong></span> <span class='ocrx_word' id='word_1_91' title='bbox 981 640 1020 675; x_wconf 57' lang='lat' dir='ltr'><strong>At);</strong></span> 
     </span>
    </p>
   </div>
   <div class='ocr_carea' id='block_1_12' title="bbox 229 687 1022 722">
    <p class='ocr_par' dir='ltr' id='par_1_12' title="bbox 229 687 1022 722">
     <span class='ocr_line' id='line_1_12' title="bbox 229 687 1022 722; baseline -0.005 -6"><span class='ocrx_word' id='word_1_92' title='bbox 229 696 262 716; x_wconf 84' lang='lat' dir='ltr'><strong>ac</strong></span> <span class='ocrx_word' id='word_1_93' title='bbox 271 696 376 716; x_wconf 87' lang='lat' dir='ltr'><strong>rursum</strong></span> <span class='ocrx_word' id='word_1_94' title='bbox 388 709 395 722; x_wconf 93' lang='lat'><strong>,</strong></span> <span class='ocrx_word' id='word_1_95' title='bbox 409 688 455 716; x_wconf 88' lang='lat' dir='ltr'><strong>Sic</strong></span> <span class='ocrx_word' id='word_1_96' title='bbox 472 687 597 715; x_wconf 76' lang='lat' dir='ltr'><strong>Dominus</strong></span> <span class='ocrx_word' id='word_1_97' title='bbox 608 688 753 721; x_wconf 88' lang='lat' dir='ltr'><strong>constituit,</strong></span> <span class='ocrx_word' id='word_1_98' title='bbox 767 692 795 714; x_wconf 87' lang='lat' dir='ltr'><strong>ut</strong></span> <span class='ocrx_word' id='word_1_99' title='bbox 807 687 849 722; x_wconf 87' lang='lat' dir='ltr'><strong>qui</strong></span> <span class='ocrx_word' id='word_1_100' title='bbox 865 687 1022 722; x_wconf 80' lang='lat' dir='ltr'><strong>evangelium</strong></span> 
     </span>
    </p>
   </div>
   <div class='ocr_carea' id='block_1_13' title="bbox 230 733 1021 770">
    <p class='ocr_par' dir='ltr' id='par_1_13' title="bbox 230 733 1021 770">
     <span class='ocr_line' id='line_1_13' title="bbox 230 733 1021 770; baseline -0.003 -8"><span class='ocrx_word' id='word_1_101' title='bbox 230 735 398 768; x_wconf 85' lang='lat' dir='ltr'><strong>annuntiant,</strong></span> <span class='ocrx_word' id='word_1_102' title='bbox 421 743 453 762; x_wconf 80' lang='lat' dir='ltr'><strong>ea:</strong></span> <span class='ocrx_word' id='word_1_103' title='bbox 475 735 604 770; x_wconf 85' lang='lat' dir='ltr'><strong>evangelio</strong></span> <span class='ocrx_word' id='word_1_104' title='bbox 627 735 710 761; x_wconf 77' lang='lat' dir='ltr'><strong>vivant</strong></span> <span class='ocrx_word' id='word_1_105' title='bbox 733 734 841 769; x_wconf 78' lang='lat' dir='ltr'><strong>(LCor.</strong></span> <span class='ocrx_word' id='word_1_106' title='bbox 862 733 888 761; x_wconf 90' lang='lat'><strong>9.</strong></span> <span class='ocrx_word' id='word_1_107' title='bbox 910 733 964 768; x_wconf 76' lang='grc'><strong>14).</strong></span> <span class='ocrx_word' id='word_1_108' title='bbox 979 733 1021 760; x_wconf 82' lang='lat' dir='ltr'><strong>Ad</strong></span> 
     </span>
    </p>
   </div>
   <div class='ocr_carea' id='block_1_14' title="bbox 230 780 1021 817">
    <p class='ocr_par' dir='ltr' id='par_1_14' title="bbox 230 780 1021 817">
     <span class='ocr_line' id='line_1_14' title="bbox 230 780 1021 817; baseline -0.003 -8"><span class='ocrx_word' id='word_1_109' title='bbox 230 782 373 817; x_wconf 87' lang='lat' dir='ltr'><strong>discipulos</strong></span> <span class='ocrx_word' id='word_1_110' title='bbox 387 786 476 810; x_wconf 89' lang='lat' dir='ltr'><strong>autem</strong></span> <span class='ocrx_word' id='word_1_111' title='bbox 487 789 541 810; x_wconf 91' lang='lat' dir='ltr'><strong>non</strong></span> <span class='ocrx_word' id='word_1_112' title='bbox 553 782 592 809; x_wconf 85' lang='lat' dir='ltr'><strong>sic</strong></span> <span class='ocrx_word' id='word_1_113' title='bbox 604 790 612 815; x_wconf 89' lang='lat'><strong>;</strong></span> <span class='ocrx_word' id='word_1_114' title='bbox 625 781 673 809; x_wconf 89' lang='lat' dir='ltr'><strong>sed</strong></span> <span class='ocrx_word' id='word_1_115' title='bbox 683 781 758 816; x_wconf 79' lang='lat' dir='ltr'><strong>signa</strong></span> <span class='ocrx_word' id='word_1_116' title='bbox 770 788 818 808; x_wconf 87' lang='lat' dir='ltr'><strong>sua</strong></span> <span class='ocrx_word' id='word_1_117' title='bbox 827 781 854 808; x_wconf 92' lang='lat' dir='ltr'><strong>in</strong></span> <span class='ocrx_word' id='word_1_118' title='bbox 866 780 1021 808; x_wconf 85' lang='lat' dir='ltr'><strong>memoriam</strong></span> 
     </span>
    </p>
   </div>
   <div class='ocr_carea' id='block_1_15' title="bbox 231 827 1022 863">
    <p class='ocr_par' dir='ltr' id='par_1_15' title="bbox 231 827 1022 863">
     <span class='ocr_line' id='line_1_15' title="bbox 231 827 1022 863; baseline -0.004 -7"><span class='ocrx_word' id='word_1_119' title='bbox 231 828 333 856; x_wconf 85' lang='lat' dir='ltr'><strong>reducit</strong></span> <span class='ocrx_word' id='word_1_120' title='bbox 347 828 398 856; x_wconf 87' lang='lat' dir='ltr'><strong>hoc</strong></span> <span class='ocrx_word' id='word_1_121' title='bbox 411 833 488 863; x_wconf 88' lang='lat' dir='ltr'><strong>pacto</strong></span> <span class='ocrx_word' id='word_1_122' title='bbox 503 837 510 856; x_wconf 92' lang='lat'><strong>:</strong></span> <span class='ocrx_word' id='word_1_123' title='bbox 526 828 588 855; x_wconf 86' lang='lat' dir='ltr'><strong>Non</strong></span> <span class='ocrx_word' id='word_1_124' title='bbox 602 828 750 855; x_wconf 76' lang='lat' dir='ltr'><strong>meministis</strong></span> <span class='ocrx_word' id='word_1_125' title='bbox 764 827 872 863; x_wconf 81' lang='lat' dir='ltr'><strong>quinque</strong></span> <span class='ocrx_word' id='word_1_126' title='bbox 881 835 987 862; x_wconf 87' lang='lat' dir='ltr'><strong>panum,</strong></span> <span class='ocrx_word' id='word_1_127' title='bbox 999 832 1022 854; x_wconf 89' lang='lat' dir='ltr'><strong>et</strong></span> 
     </span>
    </p>
   </div>
   <div class='ocr_carea' id='block_1_16' title="bbox 230 874 1022 911">
    <p class='ocr_par' dir='ltr' id='par_1_16' title="bbox 230 874 1022 911">
     <span class='ocr_line' id='line_1_16' title="bbox 230 874 1022 911; baseline 0 -10"><span class='ocrx_word' id='word_1_128' title='bbox 230 875 358 902; x_wconf 80' lang='lat' dir='ltr'><strong>hominum</strong></span> <span class='ocrx_word' id='word_1_129' title='bbox 374 875 483 911; x_wconf 83' lang='lat' dir='ltr'><strong>quinque</strong></span> <span class='ocrx_word' id='word_1_130' title='bbox 497 875 622 909; x_wconf 86' lang='lat' dir='ltr'><strong>millium,</strong></span> <span class='ocrx_word' id='word_1_131' title='bbox 637 880 661 902; x_wconf 86' lang='lat' dir='ltr'><strong>et</strong></span> <span class='ocrx_word' id='word_1_132' title='bbox 674 880 734 910; x_wconf 82' lang='lat' dir='ltr'><strong>quot</strong></span> <span class='ocrx_word' id='word_1_133' title='bbox 755 875 876 910; x_wconf 86' lang='lat' dir='ltr'><strong>cophinos</strong></span> <span class='ocrx_word' id='word_1_134' title='bbox 886 874 1022 910; x_wconf 80' lang='lat' dir='ltr'><strong>collogistis</strong></span> 
     </span>
    </p>
   </div>
   <div class='ocr_carea' id='block_1_17' title="bbox 230 921 457 957">
    <p class='ocr_par' dir='ltr' id='par_1_17' title="bbox 230 921 457 957">
     <span class='ocr_line' id='line_1_17' title="bbox 230 921 457 957; baseline 0.004 -9"><span class='ocrx_word' id='word_1_135' title='bbox 230 921 334 957; x_wconf 78' lang='lat' dir='ltr'><strong>(Matth.</strong></span> <span class='ocrx_word' id='word_1_136' title='bbox 350 921 394 949; x_wconf 81' lang='lat' dir='ltr'><strong>t6.</strong></span> <span class='ocrx_word' id='word_1_137' title='bbox 408 921 457 956; x_wconf 78' lang='lat'><strong>9)?</strong></span> 
     </span>
    </p>
   </div>
   <div class='ocr_carea' id='block_1_18' title="bbox 265 965 1021 1002">
    <p class='ocr_par' dir='ltr' id='par_1_18' title="bbox 265 965 1021 1002">
     <span class='ocr_line' id='line_1_18' title="bbox 265 965 1021 1002; baseline 0 -8"><span class='ocrx_word' id='word_1_138' title='bbox 265 967 293 994; x_wconf 78' lang='lat'><strong>5.</strong></span> <span class='ocrx_word' id='word_1_139' title='bbox 314 966 367 994; x_wconf 88' lang='lat' dir='ltr'><strong>Sed</strong></span> <span class='ocrx_word' id='word_1_140' title='bbox 390 974 443 994; x_wconf 93' lang='lat' dir='ltr'><strong>non</strong></span> <span class='ocrx_word' id='word_1_141' title='bbox 468 967 504 994; x_wconf 82' lang='lat' dir='ltr'><strong>ita</strong></span> <span class='ocrx_word' id='word_1_142' title='bbox 529 974 560 995; x_wconf 89' lang='lat' dir='ltr'><strong>se</strong></span> <span class='ocrx_word' id='word_1_143' title='bbox 581 967 651 1002; x_wconf 78' lang='lat' dir='ltr'><strong>gerit</strong></span> <span class='ocrx_word' id='word_1_144' title='bbox 668 973 728 994; x_wconf 88' lang='lat' dir='ltr'><strong>cum</strong></span> <span class='ocrx_word' id='word_1_145' title='bbox 747 965 822 1000; x_wconf 82' lang='lat' dir='ltr'><strong>istis;</strong></span> <span class='ocrx_word' id='word_1_146' title='bbox 838 974 931 994; x_wconf 91' lang='lat' dir='ltr'><strong>verum</strong></span> <span class='ocrx_word' id='word_1_147' title='bbox 945 974 1021 995; x_wconf 90' lang='lat' dir='ltr'><strong>com-</strong></span> 
     </span>
    </p>
   </div>
   <div class='ocr_carea' id='block_1_19' title="bbox 229 1013 1022 1049">
    <p class='ocr_par' dir='ltr' id='par_1_19' title="bbox 229 1013 1022 1049">
     <span class='ocr_line' id='line_1_19' title="bbox 229 1013 1022 1049; baseline 0.001 -9"><span class='ocrx_word' id='word_1_148' title='bbox 229 1020 336 1040; x_wconf 86' lang='lat' dir='ltr'><strong>munem</strong></span> <span class='ocrx_word' id='word_1_149' title='bbox 347 1013 528 1041; x_wconf 89' lang='lat' dir='ltr'><strong>infirmitatem</strong></span> <span class='ocrx_word' id='word_1_150' title='bbox 542 1017 750 1047; x_wconf 83' lang='lat' dir='ltr'><strong>commemorat,</strong></span> <span class='ocrx_word' id='word_1_151' title='bbox 770 1013 938 1048; x_wconf 86' lang='lat' dir='ltr'><strong>ostenditque</strong></span> <span class='ocrx_word' id='word_1_152' title='bbox 951 1013 1022 1049; x_wconf 87' lang='lat' dir='ltr'><strong>ipsos</strong></span> 
     </span>
    </p>
   </div>
   <div class='ocr_carea' id='block_1_20' title="bbox 229 1058 1022 1094">
    <p class='ocr_par' dir='ltr' id='par_1_20' title="bbox 229 1058 1022 1094">
     <span class='ocr_line' id='line_1_20' title="bbox 229 1058 1022 1094; baseline 0.003 -9"><span class='ocrx_word' id='word_1_153' title='bbox 229 1059 307 1086; x_wconf 88' lang='lat' dir='ltr'><strong>etiam</strong></span> <span class='ocrx_word' id='word_1_154' title='bbox 322 1067 354 1086; x_wconf 81' lang='lat' dir='ltr'><strong>es</strong></span> <span class='ocrx_word' id='word_1_155' title='bbox 370 1059 535 1087; x_wconf 87' lang='lat' dir='ltr'><strong>infirmorum</strong></span> <span class='ocrx_word' id='word_1_156' title='bbox 546 1066 657 1086; x_wconf 90' lang='lat' dir='ltr'><strong>numero</strong></span> <span class='ocrx_word' id='word_1_157' title='bbox 668 1066 727 1087; x_wconf 83' lang='lat' dir='ltr'><strong>esse</strong></span> <span class='ocrx_word' id='word_1_158' title='bbox 735 1080 742 1092; x_wconf 89' lang='lat'><strong>,</strong></span> <span class='ocrx_word' id='word_1_159' title='bbox 754 1059 798 1094; x_wconf 91' lang='lat' dir='ltr'><strong>qui</strong></span> <span class='ocrx_word' id='word_1_160' title='bbox 814 1067 862 1086; x_wconf 90' lang='lat' dir='ltr'><strong>nec</strong></span> <span class='ocrx_word' id='word_1_161' title='bbox 872 1058 1022 1094; x_wconf 84' lang='lat' dir='ltr'><strong>Scripturas</strong></span> 
     </span>
    </p>
   </div>
   <div class='ocr_carea' id='block_1_21' title="bbox 229 1104 1021 1140">
    <p class='ocr_par' dir='ltr' id='par_1_21' title="bbox 229 1104 1021 1140">
     <span class='ocr_line' id='line_1_21' title="bbox 229 1104 1021 1140; baseline 0.001 -9"><span class='ocrx_word' id='word_1_162' title='bbox 229 1104 373 1138; x_wconf 87' lang='lat' dir='ltr'><strong>sciebant,</strong></span> <span class='ocrx_word' id='word_1_163' title='bbox 396 1109 423 1132; x_wconf 90' lang='lat' dir='ltr'><strong>et</strong></span> <span class='ocrx_word' id='word_1_164' title='bbox 450 1112 557 1132; x_wconf 85' lang='lat' dir='ltr'><strong>omnem</strong></span> <span class='ocrx_word' id='word_1_165' title='bbox 575 1104 700 1132; x_wconf 84' lang='lat' dir='ltr'><strong>virtutem</strong></span> <span class='ocrx_word' id='word_1_166' title='bbox 726 1104 910 1140; x_wconf 73' lang='lat' dir='ltr'><strong>negligentes,</strong></span> <span class='ocrx_word' id='word_1_167' title='bbox 933 1105 959 1132; x_wconf 92' lang='lat' dir='ltr'><strong>in</strong></span> <span class='ocrx_word' id='word_1_168' title='bbox 978 1112 1021 1132; x_wconf 87' lang='lat' dir='ltr'><strong>sa-</strong></span> 
     </span>
    </p>
   </div>
   <div class='ocr_carea' id='block_1_22' title="bbox 229 1150 1022 1186">
    <p class='ocr_par' dir='ltr' id='par_1_22' title="bbox 229 1150 1022 1186">
     <span class='ocr_line' id='line_1_22' title="bbox 229 1150 1022 1186; baseline 0 -8"><span class='ocrx_word' id='word_1_169' title='bbox 229 1150 335 1178; x_wconf 89' lang='lat' dir='ltr'><strong>crificiis</strong></span> <span class='ocrx_word' id='word_1_170' title='bbox 366 1155 451 1179; x_wconf 92' lang='lat' dir='ltr'><strong>totum</strong></span> <span class='ocrx_word' id='word_1_171' title='bbox 483 1151 681 1179; x_wconf 87' lang='lat' dir='ltr'><strong>c0nstituebant</strong></span> <span class='ocrx_word' id='word_1_172' title='bbox 708 1160 715 1178; x_wconf 89' lang='lat'><strong>:</strong></span> <span class='ocrx_word' id='word_1_173' title='bbox 744 1151 815 1186; x_wconf 91' lang='lat' dir='ltr'><strong>quod</strong></span> <span class='ocrx_word' id='word_1_174' title='bbox 848 1151 1022 1179; x_wconf 85' lang='lat' dir='ltr'><strong>subindicans</strong></span> 
     </span>
    </p>
   </div>
   <div class='ocr_carea' id='block_1_23' title="bbox 230 1196 1020 1233">
    <p class='ocr_par' dir='ltr' id='par_1_23' title="bbox 230 1196 1020 1233">
     <span class='ocr_line' id='line_1_23' title="bbox 230 1196 1020 1233; baseline 0.003 -10"><span class='ocrx_word' id='word_1_175' title='bbox 230 1197 306 1231; x_wconf 86' lang='lat' dir='ltr'><strong>ipse,</strong></span> <span class='ocrx_word' id='word_1_176' title='bbox 322 1196 348 1224; x_wconf 92' lang='lat' dir='ltr'><strong>id</strong></span> <span class='ocrx_word' id='word_1_177' title='bbox 371 1197 441 1231; x_wconf 91' lang='lat' dir='ltr'><strong>quod</strong></span> <span class='ocrx_word' id='word_1_178' title='bbox 461 1205 478 1224; x_wconf 88' lang='lat' dir='ltr'><strong>a</strong></span> <span class='ocrx_word' id='word_1_179' title='bbox 500 1197 636 1233; x_wconf 85' lang='lat' dir='ltr'><strong>prophetis</strong></span> <span class='ocrx_word' id='word_1_180' title='bbox 655 1197 780 1225; x_wconf 89' lang='lat' dir='ltr'><strong>omnibus</strong></span> <span class='ocrx_word' id='word_1_181' title='bbox 795 1197 893 1224; x_wconf 91' lang='lat' dir='ltr'><strong>dictum</strong></span> <span class='ocrx_word' id='word_1_182' title='bbox 916 1197 1020 1231; x_wconf 84' lang='lat' dir='ltr'><strong>fuerat,</strong></span> 
     </span>
    </p>
   </div>
   <div class='ocr_carea' id='block_1_24' title="bbox 230 1242 1022 1279">
    <p class='ocr_par' dir='ltr' id='par_1_24' title="bbox 230 1242 1022 1279">
     <span class='ocr_line' id='line_1_24' title="bbox 230 1242 1022 1279; baseline 0.001 -10"><span class='ocrx_word' id='word_1_183' title='bbox 230 1243 320 1278; x_wconf 80' lang='lat' dir='ltr'><strong>paucis</strong></span> <span class='ocrx_word' id='word_1_184' title='bbox 334 1243 417 1270; x_wconf 82' lang='lat' dir='ltr'><strong>refert</strong></span> <span class='ocrx_word' id='word_1_185' title='bbox 431 1242 524 1270; x_wconf 87' lang='lat' dir='ltr'><strong>dicens</strong></span> <span class='ocrx_word' id='word_1_186' title='bbox 538 1252 546 1271; x_wconf 90' lang='lat'><strong>:</strong></span> <span class='ocrx_word' id='word_1_187' title='bbox 559 1242 656 1270; x_wconf 83' lang='lat' dir='ltr'><strong>Discite</strong></span> <span class='ocrx_word' id='word_1_188' title='bbox 667 1243 728 1279; x_wconf 87' lang='lat' dir='ltr'><strong>quid</strong></span> <span class='ocrx_word' id='word_1_189' title='bbox 746 1248 782 1270; x_wconf 85' lang='lat' dir='ltr'><strong>est</strong></span> <span class='ocrx_word' id='word_1_190' title='bbox 793 1263 801 1275; x_wconf 96' lang='lat'><strong>,</strong></span> <span class='ocrx_word' id='word_1_191' title='bbox 821 1243 1022 1271; x_wconf 80' lang='lat' dir='ltr'><strong>Misericordiam</strong></span> 
     </span>
    </p>
   </div>
   <div class='ocr_carea' id='block_1_25' title="bbox 231 1289 1020 1324">
    <p class='ocr_par' dir='ltr' id='par_1_25' title="bbox 231 1289 1020 1324">
     <span class='ocr_line' id='line_1_25' title="bbox 231 1289 1020 1324; baseline 0.001 -8"><span class='ocrx_word' id='word_1_192' title='bbox 231 1289 298 1322; x_wconf 73' lang='lat' dir='ltr'><strong>uolo,</strong></span> <span class='ocrx_word' id='word_1_193' title='bbox 312 1293 336 1316; x_wconf 82' lang='lat' dir='ltr'><strong>et</strong></span> <span class='ocrx_word' id='word_1_194' title='bbox 348 1297 398 1316; x_wconf 86' lang='lat' dir='ltr'><strong>non</strong></span> <span class='ocrx_word' id='word_1_195' title='bbox 409 1289 563 1324; x_wconf 83' lang='lat' dir='ltr'><strong>sacriﬁcium</strong></span> <span class='ocrx_word' id='word_1_196' title='bbox 576 1289 653 1324; x_wconf 82' lang='lat' dir='ltr'><strong>(Osee</strong></span> <span class='ocrx_word' id='word_1_197' title='bbox 664 1289 692 1318; x_wconf 88' lang='lat'><strong>6.</strong></span> <span class='ocrx_word' id='word_1_198' title='bbox 704 1289 743 1323; x_wconf 85' lang='lat'><strong>6).</strong></span> <span class='ocrx_word' id='word_1_199' title='bbox 753 1289 800 1317; x_wconf 89' lang='lat' dir='ltr'><strong>His</strong></span> <span class='ocrx_word' id='word_1_200' title='bbox 810 1290 882 1317; x_wconf 89' lang='lat' dir='ltr'><strong>enim</strong></span> <span class='ocrx_word' id='word_1_201' title='bbox 895 1290 1020 1323; x_wconf 83' lang='lat' dir='ltr'><strong>ostendit,</strong></span> 
     </span>
    </p>
   </div>
   <div class='ocr_carea' id='block_1_26' title="bbox 231 1335 1023 1371">
    <p class='ocr_par' dir='ltr' id='par_1_26' title="bbox 231 1335 1023 1371">
     <span class='ocr_line' id='line_1_26' title="bbox 231 1335 1023 1371; baseline 0.001 -8"><span class='ocrx_word' id='word_1_202' title='bbox 231 1343 284 1363; x_wconf 91' lang='lat' dir='ltr'><strong>non</strong></span> <span class='ocrx_word' id='word_1_203' title='bbox 298 1343 329 1364; x_wconf 87' lang='lat' dir='ltr'><strong>se</strong></span> <span class='ocrx_word' id='word_1_204' title='bbox 342 1335 431 1371; x_wconf 89' lang='lat' dir='ltr'><strong>inique</strong></span> <span class='ocrx_word' id='word_1_205' title='bbox 445 1343 537 1371; x_wconf 71' lang='lat' dir='ltr'><strong>agere,</strong></span> <span class='ocrx_word' id='word_1_206' title='bbox 548 1335 595 1364; x_wconf 89' lang='lat' dir='ltr'><strong>sed</strong></span> <span class='ocrx_word' id='word_1_207' title='bbox 608 1337 695 1371; x_wconf 87' lang='lat' dir='ltr'><strong>ipsos;</strong></span> <span class='ocrx_word' id='word_1_208' title='bbox 707 1344 738 1364; x_wconf 89' lang='lat' dir='ltr'><strong>ac</strong></span> <span class='ocrx_word' id='word_1_209' title='bbox 752 1338 774 1364; x_wconf 91' lang='lat' dir='ltr'><strong>si</strong></span> <span class='ocrx_word' id='word_1_210' title='bbox 789 1337 901 1370; x_wconf 89' lang='lat' dir='ltr'><strong>diceret,</strong></span> <span class='ocrx_word' id='word_1_211' title='bbox 911 1338 965 1364; x_wconf 86' lang='lat' dir='ltr'><strong>Cur</strong></span> <span class='ocrx_word' id='word_1_212' title='bbox 978 1345 1023 1365; x_wconf 86' lang='lat' dir='ltr'><strong>ac-</strong></span> 
     </span>
    </p>
   </div>
   <div class='ocr_carea' id='block_1_27' title="bbox 230 1381 1021 1419">
    <p class='ocr_par' dir='ltr' id='par_1_27' title="bbox 230 1381 1021 1419">
     <span class='ocr_line' id='line_1_27' title="bbox 230 1381 1021 1419; baseline 0.003 -10"><span class='ocrx_word' id='word_1_213' title='bbox 230 1381 329 1409; x_wconf 86' lang='lat' dir='ltr'><strong>cusatis</strong></span> <span class='ocrx_word' id='word_1_214' title='bbox 342 1382 403 1410; x_wconf 82' lang='lat' dir='ltr'><strong>me?</strong></span> <span class='ocrx_word' id='word_1_215' title='bbox 415 1390 448 1409; x_wconf 94' lang='lat' dir='ltr'><strong>an</strong></span> <span class='ocrx_word' id='word_1_216' title='bbox 461 1382 523 1418; x_wconf 89' lang='lat' dir='ltr'><strong>quia</strong></span> <span class='ocrx_word' id='word_1_217' title='bbox 536 1388 691 1418; x_wconf 85' lang='lat' dir='ltr'><strong>peccatores</strong></span> <span class='ocrx_word' id='word_1_218' title='bbox 704 1384 837 1411; x_wconf 86' lang='lat' dir='ltr'><strong>emendo?</strong></span> <span class='ocrx_word' id='word_1_219' title='bbox 849 1384 920 1419; x_wconf 75' lang='lat' dir='ltr'><strong>Ergo</strong></span> <span class='ocrx_word' id='word_1_220' title='bbox 934 1389 961 1412; x_wconf 88' lang='lat' dir='ltr'><strong>et</strong></span> <span class='ocrx_word' id='word_1_221' title='bbox 971 1384 1021 1411; x_wconf 86' lang='lat' dir='ltr'><strong>Pa-</strong></span> 
     </span>
    </p>
   </div>
   <div class='ocr_carea' id='block_1_28' title="bbox 231 1428 1021 1463">
    <p class='ocr_par' dir='ltr' id='par_1_28' title="bbox 231 1428 1021 1463">
     <span class='ocr_line' id='line_1_28' title="bbox 231 1428 1021 1463; baseline 0.004 -9"><span class='ocrx_word' id='word_1_222' title='bbox 231 1433 299 1455; x_wconf 83' lang='lat' dir='ltr'><strong>trem</strong></span> <span class='ocrx_word' id='word_1_223' title='bbox 322 1435 411 1455; x_wconf 89' lang='lat' dir='ltr'><strong>meum</strong></span> <span class='ocrx_word' id='word_1_224' title='bbox 435 1428 485 1456; x_wconf 89' lang='lat' dir='ltr'><strong>hac</strong></span> <span class='ocrx_word' id='word_1_225' title='bbox 507 1428 541 1456; x_wconf 89' lang='lat' dir='ltr'><strong>de</strong></span> <span class='ocrx_word' id='word_1_226' title='bbox 561 1436 591 1456; x_wconf 92' lang='lat' dir='ltr'><strong>re</strong></span> <span class='ocrx_word' id='word_1_227' title='bbox 612 1429 781 1457; x_wconf 84' lang='lat' dir='ltr'><strong>accusabitis.</strong></span> <span class='ocrx_word' id='word_1_228' title='bbox 804 1429 881 1463; x_wconf 88' lang='lat' dir='ltr'><strong>Quod</strong></span> <span class='ocrx_word' id='word_1_229' title='bbox 906 1434 934 1457; x_wconf 89' lang='lat' dir='ltr'><strong>et</strong></span> <span class='ocrx_word' id='word_1_230' title='bbox 958 1430 1021 1457; x_wconf 87' lang='lat' dir='ltr'><strong>alibi</strong></span> 
     </span>
    </p>
   </div>
   <div class='ocr_carea' id='block_1_29' title="bbox 231 1473 1022 1512">
    <p class='ocr_par' dir='ltr' id='par_1_29' title="bbox 231 1473 1022 1512">
     <span class='ocr_line' id='line_1_29' title="bbox 231 1473 1022 1512; baseline 0.004 -11"><span class='ocrx_word' id='word_1_231' title='bbox 231 1473 323 1501; x_wconf 83' lang='lat' dir='ltr'><strong>eadem</strong></span> <span class='ocrx_word' id='word_1_232' title='bbox 337 1479 426 1502; x_wconf 89' lang='lat' dir='ltr'><strong>mente</strong></span> <span class='ocrx_word' id='word_1_233' title='bbox 444 1474 567 1502; x_wconf 85' lang='lat' dir='ltr'><strong>dicebat:</strong></span> <span class='ocrx_word' id='word_1_234' title='bbox 582 1474 659 1502; x_wconf 85' lang='lat' dir='ltr'><strong>Pater</strong></span> <span class='ocrx_word' id='word_1_235' title='bbox 673 1484 741 1503; x_wconf 82' lang='lat' dir='ltr'><strong>meus</strong></span> <span class='ocrx_word' id='word_1_236' title='bbox 754 1484 833 1512; x_wconf 84' lang='lat' dir='ltr'><strong>usque</strong></span> <span class='ocrx_word' id='word_1_237' title='bbox 845 1476 920 1503; x_wconf 87' lang='lat' dir='ltr'><strong>modo</strong></span> <span class='ocrx_word' id='word_1_238' title='bbox 932 1485 1022 1512; x_wconf 87' lang='lat' dir='ltr'><strong>opera-</strong></span> 
     </span>
    </p>
   </div>
   <div class='ocr_carea' id='block_1_30' title="bbox 233 1520 1021 1558">
    <p class='ocr_par' dir='ltr' id='par_1_30' title="bbox 233 1520 1021 1558">
     <span class='ocr_line' id='line_1_30' title="bbox 233 1520 1021 1558; baseline 0.006 -12"><span class='ocrx_word' id='word_1_239' title='bbox 233 1524 284 1552; x_wconf 89' lang='lat' dir='ltr'><strong>tur,</strong></span> <span class='ocrx_word' id='word_1_240' title='bbox 306 1524 331 1547; x_wconf 83' lang='lat' dir='ltr'><strong>et</strong></span> <span class='ocrx_word' id='word_1_241' title='bbox 356 1528 402 1556; x_wconf 84' lang='lat' dir='ltr'><strong>ego</strong></span> <span class='ocrx_word' id='word_1_242' title='bbox 427 1529 518 1555; x_wconf 88' lang='lat' dir='ltr'><strong>operor</strong></span> <span class='ocrx_word' id='word_1_243' title='bbox 541 1520 633 1557; x_wconf 84' lang='lat' dir='ltr'><strong>(Joan.</strong></span> <span class='ocrx_word' id='word_1_244' title='bbox 658 1520 686 1548; x_wconf 86' lang='lat'><strong>5.</strong></span> <span class='ocrx_word' id='word_1_245' title='bbox 713 1522 776 1558; x_wconf 78' lang='lat' dir='ltr'><strong>l7);</strong></span> <span class='ocrx_word' id='word_1_246' title='bbox 799 1527 826 1550; x_wconf 89' lang='lat' dir='ltr'><strong>et</strong></span> <span class='ocrx_word' id='word_1_247' title='bbox 839 1522 882 1550; x_wconf 88' lang='lat' dir='ltr'><strong>hic</strong></span> <span class='ocrx_word' id='word_1_248' title='bbox 895 1530 1021 1551; x_wconf 84' lang='lat' dir='ltr'><strong>rursum:</strong></span> 
     </span>
    </p>
   </div>
   <div class='ocr_carea' id='block_1_31' title="bbox 232 1563 1024 1600">
    <p class='ocr_par' dir='ltr' id='par_1_31' title="bbox 232 1563 1024 1600">
     <span class='ocr_line' id='line_1_31' title="bbox 232 1563 1024 1600; baseline 0.005 -9"><span class='ocrx_word' id='word_1_249' title='bbox 232 1563 328 1592; x_wconf 76' lang='lat' dir='ltr'><strong>Euntes</strong></span> <span class='ocrx_word' id='word_1_250' title='bbox 341 1565 429 1592; x_wconf 73' lang='lat' dir='ltr'><strong>discite</strong></span> <span class='ocrx_word' id='word_1_251' title='bbox 439 1566 500 1599; x_wconf 87' lang='lat' dir='ltr'><strong>quid</strong></span> <span class='ocrx_word' id='word_1_252' title='bbox 512 1571 548 1593; x_wconf 85' lang='lat' dir='ltr'><strong>est</strong></span> <span class='ocrx_word' id='word_1_253' title='bbox 558 1586 566 1600; x_wconf 95' lang='lat'><strong>,</strong></span> <span class='ocrx_word' id='word_1_254' title='bbox 582 1566 610 1593; x_wconf 87' lang='grc' dir='ltr'><em>Μ</em></span> <span class='ocrx_word' id='word_1_255' title='bbox 613 1567 782 1594; x_wconf 81' lang='lat' dir='ltr'><strong>isericordiam</strong></span> <span class='ocrx_word' id='word_1_256' title='bbox 796 1567 852 1594; x_wconf 74' lang='lat' dir='ltr'><strong>colo</strong></span> <span class='ocrx_word' id='word_1_257' title='bbox 861 1587 869 1600; x_wconf 99' lang='lat'><strong>,</strong></span> <span class='ocrx_word' id='word_1_258' title='bbox 883 1573 906 1595; x_wconf 89' lang='lat' dir='ltr'><strong>et</strong></span> <span class='ocrx_word' id='word_1_259' title='bbox 919 1576 970 1595; x_wconf 90' lang='lat' dir='ltr'><strong>non</strong></span> <span class='ocrx_word' id='word_1_260' title='bbox 982 1576 1024 1595; x_wconf 82' lang='lat' dir='ltr'><strong>sa-</strong></span> 
     </span>
    </p>
   </div>
   <div class='ocr_carea' id='block_1_32' title="bbox 234 1610 1023 1646">
    <p class='ocr_par' dir='ltr' id='par_1_32' title="bbox 234 1610 1023 1646">
     <span class='ocr_line' id='line_1_32' title="bbox 234 1610 1023 1646; baseline 0.006 -10"><span class='ocrx_word' id='word_1_261' title='bbox 234 1610 368 1645; x_wconf 78' lang='lat' dir='ltr'><strong>cri/icium.</strong></span> <span class='ocrx_word' id='word_1_262' title='bbox 385 1611 615 1644; x_wconf 85' lang='lat' dir='ltr'><strong>Quemadmodum</strong></span> <span class='ocrx_word' id='word_1_263' title='bbox 629 1613 701 1641; x_wconf 89' lang='lat' dir='ltr'><strong>enim</strong></span> <span class='ocrx_word' id='word_1_264' title='bbox 716 1613 766 1641; x_wconf 89' lang='lat' dir='ltr'><strong>hoc</strong></span> <span class='ocrx_word' id='word_1_265' title='bbox 781 1614 824 1641; x_wconf 85' lang='lat' dir='ltr'><strong>ille</strong></span> <span class='ocrx_word' id='word_1_266' title='bbox 839 1614 913 1646; x_wconf 92' lang='lat' dir='ltr'><strong>vult,</strong></span> <span class='ocrx_word' id='word_1_267' title='bbox 936 1614 975 1641; x_wconf 87' lang='lat' dir='ltr'><strong>sic</strong></span> <span class='ocrx_word' id='word_1_268' title='bbox 995 1619 1023 1642; x_wconf 88' lang='lat' dir='ltr'><strong>et</strong></span> 
     </span>
    </p>
   </div>
   <div class='ocr_carea' id='block_1_33' title="bbox 233 1656 1024 1694">
    <p class='ocr_par' dir='ltr' id='par_1_33' title="bbox 233 1656 1024 1694">
     <span class='ocr_line' id='line_1_33' title="bbox 233 1656 1024 1694; baseline 0.005 -11"><span class='ocrx_word' id='word_1_269' title='bbox 233 1663 292 1692; x_wconf 77' lang='lat' dir='ltr'><strong>ego.</strong></span> <span class='ocrx_word' id='word_1_270' title='bbox 309 1656 402 1685; x_wconf 83' lang='lat' dir='ltr'><strong>Viden‘</strong></span> <span class='ocrx_word' id='word_1_271' title='bbox 417 1658 551 1693; x_wconf 90' lang='lat' dir='ltr'><strong>quomodo</strong></span> <span class='ocrx_word' id='word_1_272' title='bbox 561 1659 604 1686; x_wconf 89' lang='lat' dir='ltr'><strong>illa</strong></span> <span class='ocrx_word' id='word_1_273' title='bbox 618 1659 725 1694; x_wconf 90' lang='lat' dir='ltr'><strong>quidem</strong></span> <span class='ocrx_word' id='word_1_274' title='bbox 739 1660 872 1694; x_wconf 86' lang='lat' dir='ltr'><strong>superflua</strong></span> <span class='ocrx_word' id='word_1_275' title='bbox 889 1660 953 1693; x_wconf 90' lang='lat' dir='ltr'><strong>sint,</strong></span> <span class='ocrx_word' id='word_1_276' title='bbox 966 1659 1024 1687; x_wconf 63' lang='lat' dir='ltr'><strong>haec</strong></span> 
     </span>
    </p>
   </div>
   <div class='ocr_carea' id='block_1_34' title="bbox 233 1705 1022 1741">
    <p class='ocr_par' dir='ltr' id='par_1_34' title="bbox 233 1705 1022 1741">
     <span class='ocr_line' id='line_1_34' title="bbox 233 1705 1022 1741; baseline 0.004 -10"><span class='ocrx_word' id='word_1_277' title='bbox 233 1711 296 1731; x_wconf 90' lang='lat' dir='ltr'><strong>vero</strong></span> <span class='ocrx_word' id='word_1_278' title='bbox 317 1705 486 1732; x_wconf 85' lang='lat' dir='ltr'><strong>necessaria?</strong></span> <span class='ocrx_word' id='word_1_279' title='bbox 509 1705 601 1741; x_wconf 88' lang='lat' dir='ltr'><strong>Neque</strong></span> <span class='ocrx_word' id='word_1_280' title='bbox 621 1706 693 1733; x_wconf 91' lang='lat' dir='ltr'><strong>enim</strong></span> <span class='ocrx_word' id='word_1_281' title='bbox 714 1706 798 1740; x_wconf 84' lang='lat' dir='ltr'><strong>dixit,</strong></span> <span class='ocrx_word' id='word_1_282' title='bbox 814 1706 1022 1734; x_wconf 86' lang='lat' dir='ltr'><strong>Misericordiam</strong></span> 
     </span>
    </p>
   </div>
   <div class='ocr_carea' id='block_1_35' title="bbox 232 1751 1022 1787">
    <p class='ocr_par' dir='ltr' id='par_1_35' title="bbox 232 1751 1022 1787">
     <span class='ocr_line' id='line_1_35' title="bbox 232 1751 1022 1787; baseline 0.005 -10"><span class='ocrx_word' id='word_1_283' title='bbox 232 1751 293 1777; x_wconf 88' lang='lat' dir='ltr'><strong>volo</strong></span> <span class='ocrx_word' id='word_1_284' title='bbox 304 1755 331 1778; x_wconf 91' lang='lat' dir='ltr'><strong>et</strong></span> <span class='ocrx_word' id='word_1_285' title='bbox 340 1751 500 1779; x_wconf 89' lang='lat' dir='ltr'><strong>sacrificium</strong></span> <span class='ocrx_word' id='word_1_286' title='bbox 512 1760 520 1785; x_wconf 85' lang='lat'><strong>;</strong></span> <span class='ocrx_word' id='word_1_287' title='bbox 534 1752 582 1780; x_wconf 88' lang='lat' dir='ltr'><strong>sed</strong></span> <span class='ocrx_word' id='word_1_288' title='bbox 593 1771 600 1784; x_wconf 87' lang='grc'>,</span> <span class='ocrx_word' id='word_1_289' title='bbox 617 1751 819 1779; x_wconf 83' lang='lat' dir='ltr'><strong>Misericordiam</strong></span> <span class='ocrx_word' id='word_1_290' title='bbox 837 1753 894 1780; x_wconf 82' lang='lat' dir='ltr'><strong>uolo</strong></span> <span class='ocrx_word' id='word_1_291' title='bbox 905 1773 913 1787; x_wconf 91' lang='lat'><strong>,</strong></span> <span class='ocrx_word' id='word_1_292' title='bbox 935 1758 958 1781; x_wconf 87' lang='lat' dir='ltr'><strong>et</strong></span> <span class='ocrx_word' id='word_1_293' title='bbox 972 1761 1022 1781; x_wconf 84' lang='lat' dir='ltr'><strong>non</strong></span> 
     </span>
    </p>
   </div>
   <div class='ocr_carea' id='block_1_36' title="bbox 233 1797 1024 1833">
    <p class='ocr_par' dir='ltr' id='par_1_36' title="bbox 233 1797 1024 1833">
     <span class='ocr_line' id='line_1_36' title="bbox 233 1797 1024 1833; baseline 0.005 -11"><span class='ocrx_word' id='word_1_294' title='bbox 233 1797 394 1831; x_wconf 78' lang='lat' dir='ltr'><strong>sacriﬁcium.</strong></span> <span class='ocrx_word' id='word_1_295' title='bbox 416 1797 537 1825; x_wconf 85' lang='lat' dir='ltr'><strong>Alterum</strong></span> <span class='ocrx_word' id='word_1_296' title='bbox 553 1798 624 1826; x_wconf 87' lang='lat' dir='ltr'><strong>enim</strong></span> <span class='ocrx_word' id='word_1_297' title='bbox 640 1798 840 1833; x_wconf 87' lang='lat' dir='ltr'><strong>comprobavit,</strong></span> <span class='ocrx_word' id='word_1_298' title='bbox 855 1798 967 1826; x_wconf 83' lang='lat' dir='ltr'><strong>alterum</strong></span> <span class='ocrx_word' id='word_1_299' title='bbox 981 1807 1024 1827; x_wconf 91' lang='lat' dir='ltr'><strong>re-</strong></span> 
     </span>
    </p>
   </div>
   <div class='ocr_carea' id='block_1_37' title="bbox 235 1842 1024 1880">
    <p class='ocr_par' dir='ltr' id='par_1_37' title="bbox 235 1842 1024 1880">
     <span class='ocr_line' id='line_1_37' title="bbox 235 1842 1024 1880; baseline 0.003 -10"><span class='ocrx_word' id='word_1_300' title='bbox 235 1843 374 1877; x_wconf 85' lang='lat' dir='ltr'><strong>probavit;</strong></span> <span class='ocrx_word' id='word_1_301' title='bbox 398 1842 644 1880; x_wconf 83' lang='lat' dir='ltr'><strong>demonstravitque</strong></span> <span class='ocrx_word' id='word_1_302' title='bbox 665 1844 692 1872; x_wconf 90' lang='lat' dir='ltr'><strong>id</strong></span> <span class='ocrx_word' id='word_1_303' title='bbox 719 1844 791 1880; x_wconf 89' lang='lat' dir='ltr'><strong>quod</strong></span> <span class='ocrx_word' id='word_1_304' title='bbox 815 1845 1024 1873; x_wconf 83' lang='lat' dir='ltr'><strong>criminabantur</strong></span> 
     </span>
    </p>
   </div>
   <div class='ocr_carea' id='block_1_38' title="bbox 233 1888 1024 1926">
    <p class='ocr_par' dir='ltr' id='par_1_38' title="bbox 233 1888 1024 1926">
     <span class='ocr_line' id='line_1_38' title="bbox 233 1888 1024 1926; baseline 0.005 -11"><span class='ocrx_word' id='word_1_305' title='bbox 233 1896 286 1915; x_wconf 88' lang='lat' dir='ltr'><strong>non</strong></span> <span class='ocrx_word' id='word_1_306' title='bbox 302 1888 380 1915; x_wconf 91' lang='lat' dir='ltr'><strong>modo</strong></span> <span class='ocrx_word' id='word_1_307' title='bbox 395 1897 453 1925; x_wconf 87' lang='lat' dir='ltr'><strong>non</strong></span> <span class='ocrx_word' id='word_1_308' title='bbox 468 1889 578 1917; x_wconf 89' lang='lat' dir='ltr'><strong>vetitum</strong></span> <span class='ocrx_word' id='word_1_309' title='bbox 591 1910 599 1923; x_wconf 90' lang='lat'><strong>,</strong></span> <span class='ocrx_word' id='word_1_310' title='bbox 624 1889 672 1918; x_wconf 89' lang='lat' dir='ltr'><strong>sed</strong></span> <span class='ocrx_word' id='word_1_311' title='bbox 695 1891 775 1918; x_wconf 89' lang='lat' dir='ltr'><strong>etiam</strong></span> <span class='ocrx_word' id='word_1_312' title='bbox 791 1890 848 1926; x_wconf 74' lang='lat' dir='ltr'><strong>lege</strong></span> <span class='ocrx_word' id='word_1_313' title='bbox 863 1896 1024 1926; x_wconf 84' lang='lat' dir='ltr'><strong>praeceptum</strong></span> 
     </span>
    </p>
   </div>
   <div class='ocr_carea' id='block_1_39' title="bbox 232 1936 1023 1974">
    <p class='ocr_par' dir='ltr' id='par_1_39' title="bbox 232 1936 1023 1974">
     <span class='ocr_line' id='line_1_39' title="bbox 232 1936 1023 1974; baseline 0.006 -13"><span class='ocrx_word' id='word_1_314' title='bbox 232 1942 302 1968; x_wconf 82' lang='lat' dir='ltr'><strong>esse,</strong></span> <span class='ocrx_word' id='word_1_315' title='bbox 326 1936 410 1970; x_wconf 84' lang='lat' dir='ltr'><strong>magis</strong></span> <span class='ocrx_word' id='word_1_316' title='bbox 434 1944 514 1971; x_wconf 87' lang='lat' dir='ltr'><strong>quam</strong></span> <span class='ocrx_word' id='word_1_317' title='bbox 533 1937 664 1964; x_wconf 85' lang='lat' dir='ltr'><strong>sacrificia</strong></span> <span class='ocrx_word' id='word_1_318' title='bbox 681 1945 688 1964; x_wconf 87' lang='lat'><strong>:</strong></span> <span class='ocrx_word' id='word_1_319' title='bbox 703 1937 841 1973; x_wconf 77' lang='lat' dir='ltr'><strong>ipsamque</strong></span> <span class='ocrx_word' id='word_1_320' title='bbox 867 1938 953 1974; x_wconf 81' lang='lat' dir='ltr'><strong>legem</strong></span> <span class='ocrx_word' id='word_1_321' title='bbox 975 1946 1023 1966; x_wconf 92' lang='lat' dir='ltr'><strong>ve-</strong></span> 
     </span>
    </p>
   </div>
   <div class='ocr_carea' id='block_1_40' title="bbox 233 1981 1024 2020">
    <p class='ocr_par' dir='ltr' id='par_1_40' title="bbox 233 1981 1024 2020">
     <span class='ocr_line' id='line_1_40' title="bbox 233 1981 1024 2020; baseline 0.005 -12"><span class='ocrx_word' id='word_1_322' title='bbox 233 1985 316 2011; x_wconf 88' lang='lat' dir='ltr'><strong>terem</strong></span> <span class='ocrx_word' id='word_1_323' title='bbox 338 1981 439 2009; x_wconf 90' lang='lat' dir='ltr'><strong>inducit</strong></span> <span class='ocrx_word' id='word_1_324' title='bbox 454 1982 495 2010; x_wconf 91' lang='lat' dir='ltr'><strong>his</strong></span> <span class='ocrx_word' id='word_1_325' title='bbox 512 1990 630 2011; x_wconf 88' lang='lat' dir='ltr'><strong>consona</strong></span> <span class='ocrx_word' id='word_1_326' title='bbox 650 1983 803 2019; x_wconf 88' lang='lat' dir='ltr'><strong>loquentem</strong></span> <span class='ocrx_word' id='word_1_327' title='bbox 819 1988 846 2011; x_wconf 92' lang='lat' dir='ltr'><strong>et</strong></span> <span class='ocrx_word' id='word_1_328' title='bbox 867 1985 1024 2020; x_wconf 72' lang='lat' dir='ltr'><strong>przecipien-</strong></span> 
     </span>
    </p>
   </div>
   <div class='ocr_carea' id='block_1_41' title="bbox 233 2027 1024 2065">
    <p class='ocr_par' dir='ltr' id='par_1_41' title="bbox 233 2027 1024 2065">
     <span class='ocr_line' id='line_1_41' title="bbox 233 2027 1024 2065; baseline 0.005 -11"><span class='ocrx_word' id='word_1_329' title='bbox 233 2031 297 2054; x_wconf 88' lang='lat' dir='ltr'><strong>tem.</strong></span> <span class='ocrx_word' id='word_1_330' title='bbox 325 2027 387 2056; x_wconf 88' lang='lat' dir='ltr'><strong>lllos</strong></span> <span class='ocrx_word' id='word_1_331' title='bbox 408 2028 498 2063; x_wconf 80' lang='lat' dir='ltr'><strong>itaque</strong></span> <span class='ocrx_word' id='word_1_332' title='bbox 526 2030 708 2065; x_wconf 81' lang='lat' dir='ltr'><strong>perstringens</strong></span> <span class='ocrx_word' id='word_1_333' title='bbox 729 2034 757 2057; x_wconf 92' lang='lat' dir='ltr'><strong>et</strong></span> <span class='ocrx_word' id='word_1_334' title='bbox 780 2037 813 2058; x_wconf 83' lang='lat' dir='ltr'><strong>ex</strong></span> <span class='ocrx_word' id='word_1_335' title='bbox 836 2031 1024 2059; x_wconf 89' lang='lat' dir='ltr'><strong>communibus</strong></span> 
     </span>
    </p>
   </div>
   <div class='ocr_carea' id='block_1_42' title="bbox 235 2075 1025 2111">
    <p class='ocr_par' dir='ltr' id='par_1_42' title="bbox 235 2075 1025 2111">
     <span class='ocr_line' id='line_1_42' title="bbox 235 2075 1025 2111; baseline 0.006 -10"><span class='ocrx_word' id='word_1_336' title='bbox 235 2075 373 2109; x_wconf 80' lang='lat' dir='ltr'><strong>exemplis,</strong></span> <span class='ocrx_word' id='word_1_337' title='bbox 389 2079 417 2102; x_wconf 90' lang='lat' dir='ltr'><strong>et</strong></span> <span class='ocrx_word' id='word_1_338' title='bbox 431 2083 464 2103; x_wconf 84' lang='lat' dir='ltr'><strong>ex</strong></span> <span class='ocrx_word' id='word_1_339' title='bbox 476 2075 630 2110; x_wconf 86' lang='lat' dir='ltr'><strong>Scripturis,</strong></span> <span class='ocrx_word' id='word_1_340' title='bbox 641 2076 733 2111; x_wconf 87' lang='lat' dir='ltr'><strong>adjicit</strong></span> <span class='ocrx_word' id='word_1_341' title='bbox 748 2085 755 2104; x_wconf 91' lang='lat'><strong>:</strong></span> <span class='ocrx_word' id='word_1_342' title='bbox 779 2077 841 2104; x_wconf 89' lang='lat' dir='ltr'><strong>Non</strong></span> <span class='ocrx_word' id='word_1_343' title='bbox 861 2078 917 2105; x_wconf 79' lang='lat' dir='ltr'><strong>veni</strong></span> <span class='ocrx_word' id='word_1_344' title='bbox 937 2086 1025 2106; x_wconf 82' lang='lat' dir='ltr'><strong>vocare</strong></span> 
     </span>
    </p>
   </div>
   <div class='ocr_carea' id='block_1_43' title="bbox 233 2120 1024 2158">
    <p class='ocr_par' dir='ltr' id='par_1_43' title="bbox 233 2120 1024 2158">
     <span class='ocr_line' id='line_1_43' title="bbox 233 2120 1024 2158; baseline 0.008 -11"><span class='ocrx_word' id='word_1_345' title='bbox 233 2120 322 2154; x_wconf 77' lang='lat' dir='ltr'><strong>iustos,</strong></span> <span class='ocrx_word' id='word_1_346' title='bbox 337 2121 382 2148; x_wconf 80' lang='lat' dir='ltr'><strong>sed</strong></span> <span class='ocrx_word' id='word_1_347' title='bbox 396 2127 538 2156; x_wconf 71' lang='lat' dir='ltr'><strong>peccatores</strong></span> <span class='ocrx_word' id='word_1_348' title='bbox 549 2122 583 2149; x_wconf 91' lang='lat' dir='ltr'><strong>ad</strong></span> <span class='ocrx_word' id='word_1_349' title='bbox 598 2123 780 2158; x_wconf 73' lang='lat' dir='ltr'><strong>paenitentiam.</strong></span> <span class='ocrx_word' id='word_1_350' title='bbox 801 2124 828 2151; x_wconf 89' lang='lat' dir='ltr'><strong>Id</strong></span> <span class='ocrx_word' id='word_1_351' title='bbox 848 2132 911 2152; x_wconf 89' lang='lat' dir='ltr'><strong>vero</strong></span> <span class='ocrx_word' id='word_1_352' title='bbox 924 2124 1024 2153; x_wconf 86' lang='lat' dir='ltr'><strong>ironice</strong></span> 
     </span>
    </p>
   </div>
   <div class='ocr_carea' id='block_1_44' title="bbox 234 2167 1024 2205">
    <p class='ocr_par' dir='ltr' id='par_1_44' title="bbox 234 2167 1024 2205">
     <span class='ocr_line' id='line_1_44' title="bbox 234 2167 1024 2205; baseline 0.005 -11"><span class='ocrx_word' id='word_1_353' title='bbox 234 2167 361 2202; x_wconf 89' lang='lat' dir='ltr'><strong>loquitur,</strong></span> <span class='ocrx_word' id='word_1_354' title='bbox 384 2173 411 2194; x_wconf 90' lang='lat' dir='ltr'><strong>ut</strong></span> <span class='ocrx_word' id='word_1_355' title='bbox 431 2175 491 2195; x_wconf 90' lang='lat' dir='ltr'><strong>cum</strong></span> <span class='ocrx_word' id='word_1_356' title='bbox 514 2168 600 2196; x_wconf 86' lang='lat' dir='ltr'><strong>dicit:</strong></span> <span class='ocrx_word' id='word_1_357' title='bbox 616 2168 683 2196; x_wconf 87' lang='lat' dir='ltr'><strong>Ecce</strong></span> <span class='ocrx_word' id='word_1_358' title='bbox 705 2170 786 2196; x_wconf 81' lang='lat' dir='ltr'><strong>Adam</strong></span> <span class='ocrx_word' id='word_1_359' title='bbox 802 2171 884 2205; x_wconf 80' lang='lat' dir='ltr'><strong>factus</strong></span> <span class='ocrx_word' id='word_1_360' title='bbox 904 2175 941 2198; x_wconf 79' lang='lat' dir='ltr'><strong>est</strong></span> <span class='ocrx_word' id='word_1_361' title='bbox 959 2171 1024 2198; x_wconf 86' lang='lat' dir='ltr'><strong>sicut</strong></span> 
     </span>
    </p>
   </div>
   <div class='ocr_carea' id='block_1_45' title="bbox 234 2214 1023 2249">
    <p class='ocr_par' dir='ltr' id='par_1_45' title="bbox 234 2214 1023 2249">
     <span class='ocr_line' id='line_1_45' title="bbox 234 2214 1023 2249; baseline 0.004 -9"><span class='ocrx_word' id='word_1_362' title='bbox 234 2222 298 2240; x_wconf 88' lang='lat' dir='ltr'><strong>unus</strong></span> <span class='ocrx_word' id='word_1_363' title='bbox 313 2222 344 2241; x_wconf 77' lang='lat' dir='ltr'><strong>ea:</strong></span> <span class='ocrx_word' id='word_1_364' title='bbox 358 2214 428 2241; x_wconf 86' lang='lat' dir='ltr'><strong>nobis</strong></span> <span class='ocrx_word' id='word_1_365' title='bbox 439 2214 516 2249; x_wconf 82' lang='lat' dir='ltr'><strong>(Gen.</strong></span> <span class='ocrx_word' id='word_1_366' title='bbox 529 2215 554 2242; x_wconf 81' lang='grc'><strong>5.</strong></span> <span class='ocrx_word' id='word_1_367' title='bbox 567 2214 626 2249; x_wconf 75' lang='lat'><strong>22);</strong></span> <span class='ocrx_word' id='word_1_368' title='bbox 646 2223 678 2242; x_wconf 87' lang='lat' dir='ltr'><strong>ac</strong></span> <span class='ocrx_word' id='word_1_369' title='bbox 695 2223 799 2242; x_wconf 88' lang='lat' dir='ltr'><strong>rursum</strong></span> <span class='ocrx_word' id='word_1_370' title='bbox 811 2236 818 2248; x_wconf 93' lang='lat'><strong>,</strong></span> <span class='ocrx_word' id='word_1_371' title='bbox 842 2215 873 2243; x_wconf 87' lang='lat' dir='ltr'><strong>Si</strong></span> <span class='ocrx_word' id='word_1_372' title='bbox 896 2217 1023 2249; x_wconf 85' lang='lat' dir='ltr'><strong>esuriero,</strong></span> 
     </span>
    </p>
   </div>
   <div class='ocr_carea' id='block_1_46' title="bbox 234 2259 1045 2296">
    <p class='ocr_par' dir='ltr' id='par_1_46' title="bbox 234 2259 1045 2296">
     <span class='ocr_line' id='line_1_46' title="bbox 234 2259 1045 2296; baseline 0.006 -11"><span class='ocrx_word' id='word_1_373' title='bbox 234 2267 284 2286; x_wconf 87' lang='lat' dir='ltr'><strong>non</strong></span> <span class='ocrx_word' id='word_1_374' title='bbox 297 2259 379 2286; x_wconf 85' lang='lat' dir='ltr'><strong>dicant</strong></span> <span class='ocrx_word' id='word_1_375' title='bbox 393 2260 436 2286; x_wconf 84' lang='lat' dir='ltr'><strong>tibi</strong></span> <span class='ocrx_word' id='word_1_376' title='bbox 449 2259 534 2296; x_wconf 82' lang='lat' dir='ltr'><strong>(Psal.</strong></span> <span class='ocrx_word' id='word_1_377' title='bbox 547 2260 592 2288; x_wconf 68' lang='lat' dir='ltr'><strong>l9.</strong></span> <span class='ocrx_word' id='word_1_378' title='bbox 607 2261 664 2296; x_wconf 76' lang='grc'><strong>12).</strong></span> <span class='ocrx_word' id='word_1_379' title='bbox 677 2261 752 2294; x_wconf 89' lang='lat' dir='ltr'><strong>Quod</strong></span> <span class='ocrx_word' id='word_1_380' title='bbox 768 2262 838 2289; x_wconf 87' lang='lat' dir='ltr'><strong>enim</strong></span> <span class='ocrx_word' id='word_1_381' title='bbox 853 2263 942 2290; x_wconf 91' lang='lat' dir='ltr'><strong>nullus</strong></span> <span class='ocrx_word' id='word_1_382' title='bbox 954 2268 1026 2290; x_wconf 87' lang='lat' dir='ltr'><strong>esset</strong></span> <span class='ocrx_word' id='word_1_383' title='bbox 1043 2279 1045 2282; x_wconf 66' lang='grc' dir='ltr'><strong><em>τ</em></strong></span> 
     </span>
    </p>
   </div>
   <div class='ocr_carea' id='block_1_47' title="bbox 233 2305 1025 2340">
    <p class='ocr_par' dir='ltr' id='par_1_47' title="bbox 233 2305 1025 2340">
     <span class='ocr_line' id='line_1_47' title="bbox 233 2305 1025 2340; baseline 0.005 -7"><span class='ocrx_word' id='word_1_384' title='bbox 233 2305 322 2340; x_wconf 87' lang='lat' dir='ltr'><strong>justus</strong></span> <span class='ocrx_word' id='word_1_385' title='bbox 335 2306 361 2333; x_wconf 90' lang='lat' dir='ltr'><strong>in</strong></span> <span class='ocrx_word' id='word_1_386' title='bbox 377 2310 446 2334; x_wconf 86' lang='lat' dir='ltr'><strong>terra</strong></span> <span class='ocrx_word' id='word_1_387' title='bbox 456 2327 463 2339; x_wconf 91' lang='lat'><strong>,</strong></span> <span class='ocrx_word' id='word_1_388' title='bbox 482 2307 580 2334; x_wconf 84' lang='lat' dir='ltr'><strong>Paulus</strong></span> <span class='ocrx_word' id='word_1_389' title='bbox 592 2308 738 2336; x_wconf 84' lang='lat' dir='ltr'><strong>declaravit</strong></span> <span class='ocrx_word' id='word_1_390' title='bbox 753 2309 793 2336; x_wconf 91' lang='lat' dir='ltr'><strong>his</strong></span> <span class='ocrx_word' id='word_1_391' title='bbox 808 2310 897 2338; x_wconf 89' lang='lat' dir='ltr'><strong>verbis</strong></span> <span class='ocrx_word' id='word_1_392' title='bbox 911 2319 918 2337; x_wconf 90' lang='lat'>:</span> <span class='ocrx_word' id='word_1_393' title='bbox 932 2310 1025 2337; x_wconf 80' lang='lat' dir='ltr'><strong>Omnes</strong></span> 
     </span>
    </p>
   </div>
   <div class='ocr_carea' id='block_1_48' title="bbox 235 2353 1026 2392">
    <p class='ocr_par' dir='ltr' id='par_1_48' title="bbox 235 2353 1026 2392">
     <span class='ocr_line' id='line_1_48' title="bbox 235 2353 1026 2392; baseline 0.005 -14"><span class='ocrx_word' id='word_1_394' title='bbox 235 2353 300 2379; x_wconf 83' lang='lat' dir='ltr'><strong>enim</strong></span> <span class='ocrx_word' id='word_1_395' title='bbox 310 2357 474 2388; x_wconf 80' lang='lat' dir='ltr'><strong>peccauerunt</strong></span> <span class='ocrx_word' id='word_1_396' title='bbox 483 2374 491 2387; x_wconf 92' lang='lat'><strong>,</strong></span> <span class='ocrx_word' id='word_1_397' title='bbox 503 2359 526 2380; x_wconf 89' lang='lat' dir='ltr'><strong>et</strong></span> <span class='ocrx_word' id='word_1_398' title='bbox 539 2359 611 2389; x_wconf 77' lang='lat' dir='ltr'><strong>egent</strong></span> <span class='ocrx_word' id='word_1_399' title='bbox 624 2355 706 2390; x_wconf 83' lang='lat' dir='ltr'><strong>gloria</strong></span> <span class='ocrx_word' id='word_1_400' title='bbox 719 2355 766 2382; x_wconf 88' lang='lat' dir='ltr'><strong>Dei</strong></span> <span class='ocrx_word' id='word_1_401' title='bbox 779 2356 866 2391; x_wconf 79' lang='lat' dir='ltr'><strong>(Rom.</strong></span> <span class='ocrx_word' id='word_1_402' title='bbox 882 2356 909 2384; x_wconf 80' lang='lat'><strong>5.</strong></span> <span class='ocrx_word' id='word_1_403' title='bbox 924 2356 981 2392; x_wconf 76' lang='lat'><strong>25).</strong></span> <span class='ocrx_word' id='word_1_404' title='bbox 999 2356 1026 2383; x_wconf 92' lang='lat' dir='ltr'><strong>Id</strong></span> 
     </span>
    </p>
   </div>
   <div class='ocr_carea' id='block_1_49' title="bbox 234 2399 1025 2434">
    <p class='ocr_par' dir='ltr' id='par_1_49' title="bbox 234 2399 1025 2434">
     <span class='ocr_line' id='line_1_49' title="bbox 234 2399 1025 2434; baseline 0.004 -8"><span class='ocrx_word' id='word_1_405' title='bbox 234 2399 313 2427; x_wconf 81' lang='lat' dir='ltr'><strong>etiam</strong></span> <span class='ocrx_word' id='word_1_406' title='bbox 333 2399 373 2427; x_wconf 87' lang='lat' dir='ltr'><strong>eis</strong></span> <span class='ocrx_word' id='word_1_407' title='bbox 392 2400 438 2434; x_wconf 90' lang='lat' dir='ltr'><strong>qui</strong></span> <span class='ocrx_word' id='word_1_408' title='bbox 454 2400 541 2427; x_wconf 86' lang='lat' dir='ltr'><strong>vocati</strong></span> <span class='ocrx_word' id='word_1_409' title='bbox 555 2405 618 2427; x_wconf 89' lang='lat' dir='ltr'><strong>sunt</strong></span> <span class='ocrx_word' id='word_1_410' title='bbox 638 2401 814 2429; x_wconf 88' lang='lat' dir='ltr'><strong>consolationi</strong></span> <span class='ocrx_word' id='word_1_411' title='bbox 829 2406 896 2429; x_wconf 88' lang='lat' dir='ltr'><strong>erat.</strong></span> <span class='ocrx_word' id='word_1_412' title='bbox 911 2403 1025 2430; x_wconf 89' lang='lat' dir='ltr'><strong>Tantum</strong></span> 
     </span>
    </p>
   </div>
   <div class='ocr_carea' id='block_1_50' title="bbox 234 2446 1025 2481">
    <p class='ocr_par' dir='ltr' id='par_1_50' title="bbox 234 2446 1025 2481">
     <span class='ocr_line' id='line_1_50' title="bbox 234 2446 1025 2481; baseline 0.005 -8"><span class='ocrx_word' id='word_1_413' title='bbox 234 2446 330 2480; x_wconf 85' lang='lat' dir='ltr'><strong>abest,</strong></span> <span class='ocrx_word' id='word_1_414' title='bbox 348 2446 451 2481; x_wconf 86' lang='lat' dir='ltr'><strong>inquit.</strong></span> <span class='ocrx_word' id='word_1_415' title='bbox 467 2451 495 2474; x_wconf 93' lang='lat' dir='ltr'><strong>ut</strong></span> <span class='ocrx_word' id='word_1_416' title='bbox 509 2451 664 2481; x_wconf 85' lang='lat' dir='ltr'><strong>peccatores</strong></span> <span class='ocrx_word' id='word_1_417' title='bbox 685 2448 875 2476; x_wconf 87' lang='lat' dir='ltr'><strong>abominationi</strong></span> <span class='ocrx_word' id='word_1_418' title='bbox 891 2449 1003 2477; x_wconf 89' lang='lat' dir='ltr'><strong>habeam</strong></span> <span class='ocrx_word' id='word_1_419' title='bbox 1017 2470 1025 2480; x_wconf 88' lang='lat'><strong>.</strong></span> 
     </span>
    </p>
   </div>
   <div class='ocr_carea' id='block_1_51' title="bbox 236 2492 1026 2528">
    <p class='ocr_par' dir='ltr' id='par_1_51' title="bbox 236 2492 1026 2528">
     <span class='ocr_line' id='line_1_51' title="bbox 236 2492 1026 2528; baseline 0.005 -9"><span class='ocrx_word' id='word_1_420' title='bbox 236 2496 263 2519; x_wconf 90' lang='lat' dir='ltr'><strong>ut</strong></span> <span class='ocrx_word' id='word_1_421' title='bbox 275 2492 356 2520; x_wconf 88' lang='lat' dir='ltr'><strong>etiam</strong></span> <span class='ocrx_word' id='word_1_422' title='bbox 369 2497 479 2528; x_wconf 85' lang='lat' dir='ltr'><strong>propter</strong></span> <span class='ocrx_word' id='word_1_423' title='bbox 491 2493 553 2521; x_wconf 89' lang='lat' dir='ltr'><strong>illos</strong></span> <span class='ocrx_word' id='word_1_424' title='bbox 567 2497 668 2521; x_wconf 90' lang='lat' dir='ltr'><strong>tantum</strong></span> <span class='ocrx_word' id='word_1_425' title='bbox 683 2494 850 2522; x_wconf 88' lang='lat' dir='ltr'><strong>advenerim.</strong></span> <span class='ocrx_word' id='word_1_426' title='bbox 866 2495 974 2528; x_wconf 83' lang='lat' dir='ltr'><strong>Deinde,</strong></span> <span class='ocrx_word' id='word_1_427' title='bbox 991 2503 1026 2524; x_wconf 87' lang='lat' dir='ltr'><strong>ne</strong></span> 
     </span>
    </p>
   </div>
   <div class='ocr_carea' id='block_1_52' title="bbox 236 2538 1026 2575">
    <p class='ocr_par' dir='ltr' id='par_1_52' title="bbox 236 2538 1026 2575">
     <span class='ocr_line' id='line_1_52' title="bbox 236 2538 1026 2575; baseline 0.004 -10"><span class='ocrx_word' id='word_1_428' title='bbox 236 2538 294 2566; x_wconf 87' lang='lat' dir='ltr'><strong>illos</strong></span> <span class='ocrx_word' id='word_1_429' title='bbox 318 2538 429 2574; x_wconf 90' lang='lat' dir='ltr'><strong>supinos</strong></span> <span class='ocrx_word' id='word_1_430' title='bbox 448 2538 586 2570; x_wconf 83' lang='lat' dir='ltr'><strong>redderet.</strong></span> <span class='ocrx_word' id='word_1_431' title='bbox 604 2546 665 2567; x_wconf 89' lang='lat' dir='ltr'><strong>cum</strong></span> <span class='ocrx_word' id='word_1_432' title='bbox 682 2544 835 2575; x_wconf 63' lang='lat' dir='ltr'><strong>peccatores</strong></span> <span class='ocrx_word' id='word_1_433' title='bbox 849 2541 1026 2574; x_wconf 88' lang='lat' dir='ltr'><strong>memoravit,</strong></span> 
     </span>
    </p>
   </div>
   <div class='ocr_carea' id='block_1_53' title="bbox 235 2584 1025 2620">
    <p class='ocr_par' dir='ltr' id='par_1_53' title="bbox 235 2584 1025 2620">
     <span class='ocr_line' id='line_1_53' title="bbox 235 2584 1025 2620; baseline 0.005 -9"><span class='ocrx_word' id='word_1_434' title='bbox 235 2592 288 2611; x_wconf 87' lang='lat' dir='ltr'><strong>non</strong></span> <span class='ocrx_word' id='word_1_435' title='bbox 296 2584 351 2619; x_wconf 91' lang='lat' dir='ltr'><strong>jam</strong></span> <span class='ocrx_word' id='word_1_436' title='bbox 363 2585 454 2618; x_wconf 88' lang='lat' dir='ltr'><strong>tacuit,</strong></span> <span class='ocrx_word' id='word_1_437' title='bbox 468 2584 517 2612; x_wconf 86' lang='lat' dir='ltr'><strong>sed</strong></span> <span class='ocrx_word' id='word_1_438' title='bbox 528 2585 634 2620; x_wconf 84' lang='lat' dir='ltr'><strong>adjecit,</strong></span> <span class='ocrx_word' id='word_1_439' title='bbox 643 2586 684 2612; x_wconf 82' lang='lat' dir='ltr'><strong>Ad</strong></span> <span class='ocrx_word' id='word_1_440' title='bbox 694 2587 874 2620; x_wconf 60' lang='lat' dir='ltr'><strong>penitentiam.</strong></span> <span class='ocrx_word' id='word_1_441' title='bbox 888 2587 945 2615; x_wconf 85' lang='lat' dir='ltr'><strong>Non</strong></span> <span class='ocrx_word' id='word_1_442' title='bbox 954 2588 1025 2615; x_wconf 86' lang='lat' dir='ltr'><strong>enim</strong></span> 
     </span>
    </p>
   </div>
   <div class='ocr_carea' id='block_1_54' title="bbox 237 2631 1026 2669">
    <p class='ocr_par' dir='ltr' id='par_1_54' title="bbox 237 2631 1026 2669">
     <span class='ocr_line' id='line_1_54' title="bbox 237 2631 1026 2669; baseline 0.005 -11"><span class='ocrx_word' id='word_1_443' title='bbox 237 2631 297 2659; x_wconf 82' lang='lat' dir='ltr'><strong>ideo</strong></span> <span class='ocrx_word' id='word_1_444' title='bbox 313 2632 408 2660; x_wconf 85' lang='lat' dir='ltr'><strong>adveni</strong></span> <span class='ocrx_word' id='word_1_445' title='bbox 427 2637 457 2660; x_wconf 91' lang='lat' dir='ltr'><strong>ut</strong></span> <span class='ocrx_word' id='word_1_446' title='bbox 478 2633 515 2660; x_wconf 92' lang='lat' dir='ltr'><strong>illi</strong></span> <span class='ocrx_word' id='word_1_447' title='bbox 529 2637 683 2669; x_wconf 85' lang='lat' dir='ltr'><strong>peccatores</strong></span> <span class='ocrx_word' id='word_1_448' title='bbox 696 2639 845 2666; x_wconf 87' lang='lat' dir='ltr'><strong>manerent,</strong></span> <span class='ocrx_word' id='word_1_449' title='bbox 863 2633 909 2661; x_wconf 90' lang='lat' dir='ltr'><strong>sed</strong></span> <span class='ocrx_word' id='word_1_450' title='bbox 923 2639 951 2661; x_wconf 81' lang='lat' dir='ltr'><strong>ut.</strong></span> <span class='ocrx_word' id='word_1_451' title='bbox 966 2642 1026 2662; x_wconf 90' lang='lat' dir='ltr'><strong>mu-</strong></span> 
     </span>
    </p>
   </div>
   <div class='ocr_carea' id='block_1_55' title="bbox 237 2679 1025 2708">
    <p class='ocr_par' dir='ltr' id='par_1_55' title="bbox 237 2679 1025 2708">
     <span class='ocr_line' id='line_1_55' title="bbox 237 2679 1025 2708; baseline 0.005 -4"><span class='ocrx_word' id='word_1_452' title='bbox 237 2683 355 2705; x_wconf 88' lang='lat' dir='ltr'><strong>tarentur</strong></span> <span class='ocrx_word' id='word_1_453' title='bbox 367 2683 394 2705; x_wconf 87' lang='lat' dir='ltr'><strong>et</strong></span> <span class='ocrx_word' id='word_1_454' title='bbox 411 2679 536 2706; x_wconf 88' lang='lat' dir='ltr'><strong>meliores</strong></span> <span class='ocrx_word' id='word_1_455' title='bbox 550 2679 704 2707; x_wconf 87' lang='lat' dir='ltr'><strong>evaderent.</strong></span> <span class='ocrx_word' id='word_1_456' title='bbox 719 2679 785 2707; x_wconf 86' lang='lat' dir='ltr'><strong>Cum</strong></span> <span class='ocrx_word' id='word_1_457' title='bbox 807 2685 895 2707; x_wconf 91' lang='lat' dir='ltr'><strong>autem</strong></span> <span class='ocrx_word' id='word_1_458' title='bbox 919 2680 1025 2708; x_wconf 91' lang='lat' dir='ltr'><strong>illorum</strong></span> 
     </span>
    </p>
   </div>
   <div class='ocr_carea' id='block_1_56' title="bbox 236 2725 1027 2762">
    <p class='ocr_par' dir='ltr' id='par_1_56' title="bbox 236 2725 1027 2762">
     <span class='ocr_line' id='line_1_56' title="bbox 236 2725 1027 2762; baseline 0.005 -12"><span class='ocrx_word' id='word_1_459' title='bbox 236 2731 281 2750; x_wconf 88' lang='lat' dir='ltr'><strong>ora</strong></span> <span class='ocrx_word' id='word_1_460' title='bbox 297 2732 406 2759; x_wconf 84' lang='lat' dir='ltr'><strong>prorsus</strong></span> <span class='ocrx_word' id='word_1_461' title='bbox 420 2725 568 2759; x_wconf 86' lang='lat' dir='ltr'><strong>clausisset,</strong></span> <span class='ocrx_word' id='word_1_462' title='bbox 576 2731 631 2754; x_wconf 90' lang='lat' dir='ltr'><strong>tum</strong></span> <span class='ocrx_word' id='word_1_463' title='bbox 645 2734 679 2754; x_wconf 78' lang='lat' dir='ltr'><strong>ex</strong></span> <span class='ocrx_word' id='word_1_464' title='bbox 691 2727 845 2762; x_wconf 87' lang='lat' dir='ltr'><strong>Scripturis,</strong></span> <span class='ocrx_word' id='word_1_465' title='bbox 853 2731 908 2754; x_wconf 92' lang='lat' dir='ltr'><strong>tum</strong></span> <span class='ocrx_word' id='word_1_466' title='bbox 923 2735 955 2755; x_wconf 81' lang='lat' dir='ltr'><strong>ex</strong></span> <span class='ocrx_word' id='word_1_467' title='bbox 969 2727 1027 2762; x_wconf 89' lang='lat' dir='ltr'><strong>ipsa</strong></span> 
     </span>
    </p>
   </div>
   <div class='ocr_carea' id='block_1_57' title="bbox 237 2772 1027 2809">
    <p class='ocr_par' dir='ltr' id='par_1_57' title="bbox 237 2772 1027 2809">
     <span class='ocr_line' id='line_1_57' title="bbox 237 2772 1027 2809; baseline 0.004 -11"><span class='ocrx_word' id='word_1_468' title='bbox 237 2779 325 2799; x_wconf 85' lang='lat' dir='ltr'><strong>rerum</strong></span> <span class='ocrx_word' id='word_1_469' title='bbox 336 2772 421 2806; x_wconf 87' lang='lat' dir='ltr'><strong>serie,</strong></span> <span class='ocrx_word' id='word_1_470' title='bbox 436 2776 465 2800; x_wconf 85' lang='lat' dir='ltr'><strong>et</strong></span> <span class='ocrx_word' id='word_1_471' title='bbox 478 2773 545 2801; x_wconf 91' lang='lat' dir='ltr'><strong>nihil</strong></span> <span class='ocrx_word' id='word_1_472' title='bbox 563 2774 630 2801; x_wconf 82' lang='lat' dir='ltr'><strong>ultra</strong></span> <span class='ocrx_word' id='word_1_473' title='bbox 643 2773 733 2802; x_wconf 90' lang='lat' dir='ltr'><strong>dicere</strong></span> <span class='ocrx_word' id='word_1_474' title='bbox 746 2778 856 2809; x_wconf 88' lang='lat' dir='ltr'><strong>possent</strong></span> <span class='ocrx_word' id='word_1_475' title='bbox 865 2794 873 2807; x_wconf 82' lang='lat'><strong>,</strong></span> <span class='ocrx_word' id='word_1_476' title='bbox 886 2773 957 2809; x_wconf 90' lang='lat' dir='ltr'><strong>quod</strong></span> <span class='ocrx_word' id='word_1_477' title='bbox 977 2774 1027 2809; x_wconf 84' lang='lat' dir='ltr'><strong>ipsi</strong></span> 
     </span>
    </p>
   </div>
   <div class='ocr_carea' id='block_1_58' title="bbox 236 2819 1027 2857">
    <p class='ocr_par' dir='ltr' id='par_1_58' title="bbox 236 2819 1027 2857">
     <span class='ocr_line' id='line_1_58' title="bbox 236 2819 1027 2857; baseline 0.001 -10"><span class='ocrx_word' id='word_1_478' title='bbox 236 2819 429 2847; x_wconf 87' lang='lat' dir='ltr'><strong>iiscrintinihus</strong></span> <span class='ocrx_word' id='word_1_479' title='bbox 436 2821 542 2848; x_wconf 79' lang='lat' dir='ltr'><strong>obnoxii</strong></span> <span class='ocrx_word' id='word_1_480' title='bbox 549 2821 734 2856; x_wconf 86' lang='lat' dir='ltr'><strong>probarentur,</strong></span> <span class='ocrx_word' id='word_1_481' title='bbox 741 2829 800 2857; x_wconf 74' lang='lat' dir='ltr'><strong>quae</strong></span> <span class='ocrx_word' id='word_1_482' title='bbox 808 2821 860 2857; x_wconf 88' lang='lat' dir='ltr'><strong>ipsi</strong></span> <span class='ocrx_word' id='word_1_483' title='bbox 866 2821 1027 2855; x_wconf 86' lang='lat' dir='ltr'><strong>obtulerant,</strong></span> 
     </span>
    </p>
   </div>
   <div class='ocr_carea' id='block_1_59' title="bbox 238 2865 1029 2902">
    <p class='ocr_par' dir='ltr' id='par_1_59' title="bbox 238 2865 1029 2902">
     <span class='ocr_line' id='line_1_59' title="bbox 238 2865 1029 2902; baseline 0.003 -9"><span class='ocrx_word' id='word_1_484' title='bbox 238 2865 399 2902; x_wconf 82' lang='lat' dir='ltr'><strong>insnperque</strong></span> <span class='ocrx_word' id='word_1_485' title='bbox 413 2867 463 2902; x_wconf 74' lang='lat' dir='ltr'><strong>legi</strong></span> <span class='ocrx_word' id='word_1_486' title='bbox 479 2872 562 2895; x_wconf 86' lang='lat' dir='ltr'><strong>vetert</strong></span> <span class='ocrx_word' id='word_1_487' title='bbox 573 2867 756 2900; x_wconf 83' lang='lat' dir='ltr'><strong>adversantes,</strong></span> <span class='ocrx_word' id='word_1_488' title='bbox 779 2867 827 2895; x_wconf 92' lang='lat' dir='ltr'><strong>illo</strong></span> <span class='ocrx_word' id='word_1_489' title='bbox 839 2868 932 2899; x_wconf 87' lang='lat' dir='ltr'><strong>misso.</strong></span> <span class='ocrx_word' id='word_1_490' title='bbox 948 2868 974 2895; x_wconf 90' lang='lat' dir='ltr'><strong>in</strong></span> <span class='ocrx_word' id='word_1_491' title='bbox 987 2867 1029 2895; x_wconf 91' lang='lat' dir='ltr'><strong>di-</strong></span> 
     </span>
    </p>
   </div>
   <div class='ocr_carea' id='block_1_60' title="bbox 241 2911 1026 2950">
    <p class='ocr_par' dir='ltr' id='par_1_60' title="bbox 241 2911 1026 2950">
     <span class='ocr_line' id='line_1_60' title="bbox 241 2911 1026 2950; baseline 0.006 -13"><span class='ocrx_word' id='word_1_492' title='bbox 241 2911 356 2946; x_wconf 53' lang='lat' dir='ltr'><strong>scipulos</strong></span> <span class='ocrx_word' id='word_1_493' title='bbox 369 2913 470 2941; x_wconf 86' lang='lat' dir='ltr'><strong>crimen</strong></span> <span class='ocrx_word' id='word_1_494' title='bbox 481 2913 652 2942; x_wconf 80' lang='lat' dir='ltr'><strong>transferunt.</strong></span> <span class='ocrx_word' id='word_1_495' title='bbox 664 2913 749 2942; x_wconf 82' lang='lat' dir='ltr'><strong>Lucas</strong></span> <span class='ocrx_word' id='word_1_496' title='bbox 756 2913 833 2949; x_wconf 85' lang='lat' dir='ltr'><strong>(Cap.</strong></span> <span class='ocrx_word' id='word_1_497' title='bbox 843 2914 870 2942; x_wconf 83' lang='lat'><strong>5.</strong></span> <span class='ocrx_word' id='word_1_498' title='bbox 879 2921 905 2941; x_wconf 74' lang='grc' dir='ltr'>υ.</span> <span class='ocrx_word' id='word_1_499' title='bbox 913 2913 959 2949; x_wconf 73' lang='grc'><strong>55)</strong></span> <span class='ocrx_word' id='word_1_500' title='bbox 967 2914 1026 2950; x_wconf 86' lang='lat' dir='ltr'><strong>qui-</strong></span> 
     </span>
    </p>
   </div>
   <div class='ocr_carea' id='block_1_61' title="bbox 721 165 1395 200">
    <p class='ocr_par' dir='ltr' id='par_1_61' title="bbox 721 165 1395 200">
     <span class='ocr_line' id='line_1_61' title="bbox 721 165 1395 200; baseline -0.003 -1"><span class='ocrx_word' id='word_1_501' title='bbox 721 168 755 200; x_wconf 82' lang='grc' dir='ltr'><strong>ΙΝ</strong></span> <span class='ocrx_word' id='word_1_502' title='bbox 773 167 980 196; x_wconf 67' lang='grc' dir='ltr'><strong>ΜᾹΤΤῘΙΛΕΠΜ</strong></span> <span class='ocrx_word' id='word_1_503' title='bbox 999 165 1114 194; x_wconf 78' lang='lat' dir='ltr'><strong>HOMIL.</strong></span> <span class='ocrx_word' id='word_1_504' title='bbox 1136 166 1220 195; x_wconf 75' lang='lat' dir='ltr'><strong>XXX.</strong></span> <span class='ocrx_word' id='word_1_505' title='bbox 1242 169 1277 196; x_wconf 84' lang='lat' dir='ltr'><strong>al.</strong></span> <span class='ocrx_word' id='word_1_506' title='bbox 1299 169 1395 197; x_wconf 74' lang='lat' dir='ltr'><strong>XXXI.</strong></span> 
     </span>
    </p>
   </div>
   <div class='ocr_carea' id='block_1_62' title="bbox 1819 176 1871 204">
    <p class='ocr_par' dir='ltr' id='par_1_62' title="bbox 1819 176 1871 204">
     <span class='ocr_line' id='line_1_62' title="bbox 1819 176 1871 204; baseline 0 0"><span class='ocrx_word' id='word_1_507' title='bbox 1819 176 1871 204; x_wconf 70' lang='lat'><strong>366</strong></span> 
     </span>
    </p>
   </div>
   <div class='ocr_carea' id='block_1_63' title="bbox 1083 223 1871 262">
    <p class='ocr_par' dir='ltr' id='par_1_63' title="bbox 1083 223 1871 262">
     <span class='ocr_line' id='line_1_63' title="bbox 1083 223 1871 262; baseline 0.011 -11"><span class='ocrx_word' id='word_1_508' title='bbox 1083 223 1144 252; x_wconf 92' lang='lat' dir='ltr'><strong>dem</strong></span> <span class='ocrx_word' id='word_1_509' title='bbox 1159 225 1196 252; x_wconf 87' lang='lat' dir='ltr'><strong>ait</strong></span> <span class='ocrx_word' id='word_1_510' title='bbox 1208 225 1356 254; x_wconf 71' lang='lat' dir='ltr'><strong>Pharisams</strong></span> <span class='ocrx_word' id='word_1_511' title='bbox 1368 227 1420 254; x_wconf 91' lang='lat' dir='ltr'><strong>hoc</strong></span> <span class='ocrx_word' id='word_1_512' title='bbox 1430 226 1540 260; x_wconf 81' lang='lat' dir='ltr'><strong>dixisse,</strong></span> <span class='ocrx_word' id='word_1_513' title='bbox 1551 227 1689 257; x_wconf 65' lang='lat' dir='ltr'><strong>Matutinus</strong></span> <span class='ocrx_word' id='word_1_514' title='bbox 1705 238 1777 262; x_wconf 84' lang='lat' dir='ltr'><strong>vero,</strong></span> <span class='ocrx_word' id='word_1_515' title='bbox 1792 232 1871 260; x_wconf 72' lang='lat' dir='ltr'><strong>disci-</strong></span> 
     </span>
    </p>
   </div>
   <div class='ocr_carea' id='block_1_64' title="bbox 1082 270 1870 314">
    <p class='ocr_par' dir='ltr' id='par_1_64' title="bbox 1082 270 1870 314">
     <span class='ocr_line' id='line_1_64' title="bbox 1082 270 1870 314; baseline 0.01 -17"><span class='ocrx_word' id='word_1_516' title='bbox 1082 270 1158 304; x_wconf 87' lang='lat' dir='ltr'><strong>pulos</strong></span> <span class='ocrx_word' id='word_1_517' title='bbox 1169 271 1279 298; x_wconf 81' lang='lat' dir='ltr'><strong>Joannis</strong></span> <span class='ocrx_word' id='word_1_518' title='bbox 1295 281 1302 298; x_wconf 89' lang='lat'>:</span> <span class='ocrx_word' id='word_1_519' title='bbox 1318 272 1462 299; x_wconf 81' lang='lat' dir='ltr'><strong>verisimile</strong></span> <span class='ocrx_word' id='word_1_520' title='bbox 1488 278 1576 301; x_wconf 87' lang='lat' dir='ltr'><strong>autem</strong></span> <span class='ocrx_word' id='word_1_521' title='bbox 1600 279 1642 302; x_wconf 87' lang='lat' dir='ltr'><strong>est</strong></span> <span class='ocrx_word' id='word_1_522' title='bbox 1664 275 1720 303; x_wconf 70' lang='lat' dir='ltr'><strong>haec</strong></span> <span class='ocrx_word' id='word_1_523' title='bbox 1744 281 1870 314; x_wconf 80' lang='lat' dir='ltr'><strong>utrosque</strong></span> 
     </span>
    </p>
   </div>
   <div class='ocr_carea' id='block_1_65' title="bbox 1080 316 1868 356">
    <p class='ocr_par' dir='ltr' id='par_1_65' title="bbox 1080 316 1868 356">
     <span class='ocr_line' id='line_1_65' title="bbox 1080 316 1868 356; baseline 0.011 -13"><span class='ocrx_word' id='word_1_524' title='bbox 1080 316 1189 344; x_wconf 69' lang='lat' dir='ltr'><strong>dixisse.</strong></span> <span class='ocrx_word' id='word_1_525' title='bbox 1205 317 1272 345; x_wconf 90' lang='lat' dir='ltr'><strong>Cum</strong></span> <span class='ocrx_word' id='word_1_526' title='bbox 1292 319 1363 346; x_wconf 92' lang='lat' dir='ltr'><strong>enim</strong></span> <span class='ocrx_word' id='word_1_527' title='bbox 1377 319 1414 346; x_wconf 94' lang='lat' dir='ltr'><strong>illi</strong></span> <span class='ocrx_word' id='word_1_528' title='bbox 1436 320 1462 346; x_wconf 91' lang='lat' dir='ltr'><strong>in</strong></span> <span class='ocrx_word' id='word_1_529' title='bbox 1475 319 1556 347; x_wconf 92' lang='lat' dir='ltr'><strong>dubio</strong></span> <span class='ocrx_word' id='word_1_530' title='bbox 1569 327 1739 350; x_wconf 79' lang='lat' dir='ltr'><strong>versarentur</strong></span> <span class='ocrx_word' id='word_1_531' title='bbox 1750 344 1758 356; x_wconf 91' lang='lat'><strong>,</strong></span> <span class='ocrx_word' id='word_1_532' title='bbox 1775 325 1868 352; x_wconf 85' lang='lat' dir='ltr'><strong>verisi-</strong></span> 
     </span>
    </p>
   </div>
   <div class='ocr_carea' id='block_1_66' title="bbox 1077 363 1868 403">
    <p class='ocr_par' dir='ltr' id='par_1_66' title="bbox 1077 363 1868 403">
     <span class='ocr_line' id='line_1_66' title="bbox 1077 363 1868 403; baseline 0.013 -15"><span class='ocrx_word' id='word_1_533' title='bbox 1077 363 1175 389; x_wconf 65' lang='lat' dir='ltr'><strong>militt-r</strong></span> <span class='ocrx_word' id='word_1_534' title='bbox 1198 369 1224 390; x_wconf 93' lang='lat' dir='ltr'><strong>et</strong></span> <span class='ocrx_word' id='word_1_535' title='bbox 1247 364 1308 391; x_wconf 91' lang='lat' dir='ltr'><strong>illos</strong></span> <span class='ocrx_word' id='word_1_536' title='bbox 1331 371 1422 392; x_wconf 90' lang='lat' dir='ltr'><strong>secum</strong></span> <span class='ocrx_word' id='word_1_537' title='bbox 1445 372 1658 401; x_wconf 86' lang='lat' dir='ltr'><strong>assumpserunl,</strong></span> <span class='ocrx_word' id='word_1_538' title='bbox 1678 369 1748 403; x_wconf 92' lang='lat' dir='ltr'><strong>quod</strong></span> <span class='ocrx_word' id='word_1_539' title='bbox 1769 375 1868 398; x_wconf 88' lang='lat' dir='ltr'><strong>etcum</strong></span> 
     </span>
    </p>
   </div>
   <div class='ocr_carea' id='block_1_67' title="bbox 1078 408 1868 451">
    <p class='ocr_par' dir='ltr' id='par_1_67' title="bbox 1078 408 1868 451">
     <span class='ocr_line' id='line_1_67' title="bbox 1078 408 1868 451; baseline 0.01 -16"><span class='ocrx_word' id='word_1_540' title='bbox 1078 408 1232 436; x_wconf 88' lang='lat' dir='ltr'><strong>llerodianis</strong></span> <span class='ocrx_word' id='word_1_541' title='bbox 1247 415 1339 444; x_wconf 88' lang='lat' dir='ltr'><strong>postea</strong></span> <span class='ocrx_word' id='word_1_542' title='bbox 1352 410 1481 439; x_wconf 81' lang='lat' dir='ltr'><strong>fecerunt.</strong></span> <span class='ocrx_word' id='word_1_543' title='bbox 1505 412 1661 440; x_wconf 75' lang='lat' dir='ltr'><strong>[invidebant</strong></span> <span class='ocrx_word' id='word_1_544' title='bbox 1675 415 1746 441; x_wconf 90' lang='lat' dir='ltr'><strong>enim</strong></span> <span class='ocrx_word' id='word_1_545' title='bbox 1760 423 1868 451; x_wconf 86' lang='lat' dir='ltr'><strong>semper</strong></span> 
     </span>
    </p>
   </div>
   <div class='ocr_carea' id='block_1_68' title="bbox 1076 454 1867 496">
    <p class='ocr_par' dir='ltr' id='par_1_68' title="bbox 1076 454 1867 496">
     <span class='ocr_line' id='line_1_68' title="bbox 1076 454 1867 496; baseline 0.009 -14"><span class='ocrx_word' id='word_1_546' title='bbox 1076 454 1182 482; x_wconf 80' lang='lat' dir='ltr'><strong>Christo</strong></span> <span class='ocrx_word' id='word_1_547' title='bbox 1195 455 1305 483; x_wconf 77' lang='lat' dir='ltr'><strong>Joannis</strong></span> <span class='ocrx_word' id='word_1_548' title='bbox 1314 456 1447 492; x_wconf 89' lang='lat' dir='ltr'><strong>discipuli,</strong></span> <span class='ocrx_word' id='word_1_549' title='bbox 1459 462 1485 485; x_wconf 86' lang='lat' dir='ltr'><strong>et</strong></span> <span class='ocrx_word' id='word_1_550' title='bbox 1496 463 1588 486; x_wconf 86' lang='lat' dir='ltr'><strong>contra</strong></span> <span class='ocrx_word' id='word_1_551' title='bbox 1600 459 1673 486; x_wconf 91' lang='lat' dir='ltr'><strong>illum</strong></span> <span class='ocrx_word' id='word_1_552' title='bbox 1686 460 1867 496; x_wconf 68' lang='lat' dir='ltr'><strong>disputabant;</strong></span> 
     </span>
    </p>
   </div>
   <div class='ocr_carea' id='block_1_69' title="bbox 1077 504 1868 539">
    <p class='ocr_par' dir='ltr' id='par_1_69' title="bbox 1077 504 1868 539">
     <span class='ocr_line' id='line_1_69' title="bbox 1077 504 1868 539; baseline 0.009 -9"><span class='ocrx_word' id='word_1_553' title='bbox 1077 508 1139 532; x_wconf 92' lang='lat' dir='ltr'><strong>tunc</strong></span> <span class='ocrx_word' id='word_1_554' title='bbox 1153 504 1261 532; x_wconf 92' lang='lat' dir='ltr'><strong>demum</strong></span> <span class='ocrx_word' id='word_1_555' title='bbox 1276 505 1433 533; x_wconf 88' lang='lat' dir='ltr'><strong>humiliores</strong></span> <span class='ocrx_word' id='word_1_556' title='bbox 1445 506 1545 539; x_wconf 87' lang='lat' dir='ltr'><strong>ell&#39;ecti,</strong></span> <span class='ocrx_word' id='word_1_557' title='bbox 1562 515 1623 535; x_wconf 84' lang='lat' dir='ltr'><strong>cum</strong></span> <span class='ocrx_word' id='word_1_558' title='bbox 1637 507 1754 536; x_wconf 83' lang='lat' dir='ltr'><strong>Joannes</strong></span> <span class='ocrx_word' id='word_1_559' title='bbox 1768 509 1794 536; x_wconf 90' lang='lat' dir='ltr'><strong>in</strong></span> <span class='ocrx_word' id='word_1_560' title='bbox 1807 517 1868 537; x_wconf 83' lang='lat' dir='ltr'><strong>car-</strong></span> 
     </span>
    </p>
   </div>
   <div class='ocr_carea' id='block_1_70' title="bbox 1075 552 1867 585">
    <p class='ocr_par' dir='ltr' id='par_1_70' title="bbox 1075 552 1867 585">
     <span class='ocr_line' id='line_1_70' title="bbox 1075 552 1867 585; baseline 0.01 -8"><span class='ocrx_word' id='word_1_561' title='bbox 1075 558 1163 578; x_wconf 88' lang='lat' dir='ltr'><strong>cerem</strong></span> <span class='ocrx_word' id='word_1_562' title='bbox 1181 555 1270 580; x_wconf 89' lang='lat' dir='ltr'><strong>trusus</strong></span> <span class='ocrx_word' id='word_1_563' title='bbox 1290 558 1341 580; x_wconf 93' lang='lat' dir='ltr'><strong>est.</strong></span> <span class='ocrx_word' id='word_1_564' title='bbox 1362 552 1429 580; x_wconf 86' lang='lat' dir='ltr'><strong>Nam</strong></span> <span class='ocrx_word' id='word_1_565' title='bbox 1452 557 1516 581; x_wconf 91' lang='lat' dir='ltr'><strong>tunc</strong></span> <span class='ocrx_word' id='word_1_566' title='bbox 1531 554 1557 581; x_wconf 92' lang='lat' dir='ltr'><strong>id</strong></span> <span class='ocrx_word' id='word_1_567' title='bbox 1572 560 1705 583; x_wconf 87' lang='lat' dir='ltr'><strong>venerunt</strong></span> <span class='ocrx_word' id='word_1_568' title='bbox 1718 556 1867 585; x_wconf 88' lang='lat' dir='ltr'><strong>nttntiatum</strong></span> 
     </span>
    </p>
   </div>
   <div class='ocr_carea' id='block_1_71' title="bbox 1074 595 1864 634">
    <p class='ocr_par' dir='ltr' id='par_1_71' title="bbox 1074 595 1864 634">
     <span class='ocr_line' id='line_1_71' title="bbox 1074 595 1864 634; baseline 0.009 -12"><span class='ocrx_word' id='word_1_569' title='bbox 1074 595 1138 623; x_wconf 81' lang='lat' dir='ltr'><strong>Jesu</strong></span> <span class='ocrx_word' id='word_1_570' title='bbox 1154 596 1262 624; x_wconf 85' lang='lat' dir='ltr'><strong>Christo</strong></span> <span class='ocrx_word' id='word_1_571' title='bbox 1278 605 1286 625; x_wconf 84' lang='lat'>:</span> <span class='ocrx_word' id='word_1_572' title='bbox 1302 603 1395 633; x_wconf 88' lang='lat' dir='ltr'><strong>postea</strong></span> <span class='ocrx_word' id='word_1_573' title='bbox 1408 606 1473 627; x_wconf 89' lang='lat' dir='ltr'><strong>vero</strong></span> <span class='ocrx_word' id='word_1_574' title='bbox 1488 599 1514 626; x_wconf 93' lang='lat' dir='ltr'><strong>in</strong></span> <span class='ocrx_word' id='word_1_575' title='bbox 1531 599 1646 634; x_wconf 89' lang='lat' dir='ltr'><strong>priorem</strong></span> <span class='ocrx_word' id='word_1_576' title='bbox 1667 609 1773 629; x_wconf 90' lang='lat' dir='ltr'><strong>rursum</strong></span> <span class='ocrx_word' id='word_1_577' title='bbox 1796 602 1864 630; x_wconf 89' lang='lat' dir='ltr'><strong>invi-</strong></span> 
     </span>
    </p>
   </div>
   <div class='ocr_carea' id='block_1_72' title="bbox 1074 642 1867 681">
    <p class='ocr_par' dir='ltr' id='par_1_72' title="bbox 1074 642 1867 681">
     <span class='ocr_line' id='line_1_72' title="bbox 1074 642 1867 681; baseline 0.009 -12"><span class='ocrx_word' id='word_1_578' title='bbox 1074 642 1145 670; x_wconf 86' lang='lat' dir='ltr'><strong>diam</strong></span> <span class='ocrx_word' id='word_1_579' title='bbox 1153 648 1216 671; x_wconf 88' lang='lat' dir='ltr'><strong>sunt</strong></span> <span class='ocrx_word' id='word_1_580' title='bbox 1225 644 1337 672; x_wconf 82' lang='lat' dir='ltr'><strong>reversi.</strong></span> <span class='ocrx_word' id='word_1_581' title='bbox 1349 645 1416 679; x_wconf 86' lang='lat' dir='ltr'><strong>Quid</strong></span> <span class='ocrx_word' id='word_1_582' title='bbox 1431 646 1510 681; x_wconf 75' lang='lat' dir='ltr'><strong>igitur</strong></span> <span class='ocrx_word' id='word_1_583' title='bbox 1518 645 1544 673; x_wconf 89' lang='lat' dir='ltr'><strong>hi</strong></span> <span class='ocrx_word' id='word_1_584' title='bbox 1553 645 1661 674; x_wconf 85' lang='lat' dir='ltr'><strong>dicunt?</strong></span> <span class='ocrx_word' id='word_1_585' title='bbox 1668 647 1711 674; x_wconf 75' lang='grc'><strong>14.</strong></span> <span class='ocrx_word' id='word_1_586' title='bbox 1725 647 1812 681; x_wconf 81' lang='lat' dir='ltr'><strong>Quare</strong></span> <span class='ocrx_word' id='word_1_587' title='bbox 1821 657 1867 677; x_wconf 77' lang='lat' dir='ltr'><strong>nos</strong></span> 
     </span>
    </p>
   </div>
   <div class='ocr_carea' id='block_1_73' title="bbox 1074 687 1868 727">
    <p class='ocr_par' dir='ltr' id='par_1_73' title="bbox 1074 687 1868 727">
     <span class='ocr_line' id='line_1_73' title="bbox 1074 687 1868 727; baseline 0.006 -11"><span class='ocrx_word' id='word_1_588' title='bbox 1074 693 1098 716; x_wconf 84' lang='lat' dir='ltr'><strong>et</strong></span> <span class='ocrx_word' id='word_1_589' title='bbox 1111 687 1235 716; x_wconf 78' lang='lat' dir='ltr'><strong>Pharistet&#39;</strong></span> <span class='ocrx_word' id='word_1_590' title='bbox 1249 691 1357 717; x_wconf 89' lang='lat' dir='ltr'><strong>multum</strong></span> <span class='ocrx_word' id='word_1_591' title='bbox 1365 691 1513 726; x_wconf 85' lang='lat' dir='ltr'><strong>jejunamus</strong></span> <span class='ocrx_word' id='word_1_592' title='bbox 1531 699 1541 719; x_wconf 90' lang='lat'><strong><em>:</em></strong></span> <span class='ocrx_word' id='word_1_593' title='bbox 1561 692 1679 727; x_wconf 79' lang='lat' dir='ltr'><strong>discipuli</strong></span> <span class='ocrx_word' id='word_1_594' title='bbox 1694 701 1751 721; x_wconf 80' lang='lat' dir='ltr'><strong>vero</strong></span> <span class='ocrx_word' id='word_1_595' title='bbox 1766 694 1801 720; x_wconf 87' lang='lat' dir='ltr'><strong>tui</strong></span> <span class='ocrx_word' id='word_1_596' title='bbox 1817 703 1868 721; x_wconf 88' lang='lat' dir='ltr'><strong>non</strong></span> 
     </span>
    </p>
   </div>
   <div class='ocr_carea' id='block_1_74' title="bbox 1069 735 1867 772">
    <p class='ocr_par' dir='ltr' id='par_1_74' title="bbox 1069 735 1867 772">
     <span class='ocr_line' id='line_1_74' title="bbox 1069 735 1867 772; baseline 0.008 -11"><span class='ocrx_word' id='word_1_597' title='bbox 1069 735 1209 771; x_wconf 80' lang='lat' dir='ltr'><strong>jejunum?</strong></span> <span class='ocrx_word' id='word_1_598' title='bbox 1219 735 1268 763; x_wconf 87' lang='lat' dir='ltr'><strong>Hic</strong></span> <span class='ocrx_word' id='word_1_599' title='bbox 1280 736 1389 764; x_wconf 87' lang='lat' dir='ltr'><strong>morbus</strong></span> <span class='ocrx_word' id='word_1_600' title='bbox 1404 742 1455 770; x_wconf 89' lang='lat' dir='ltr'><strong>est,</strong></span> <span class='ocrx_word' id='word_1_601' title='bbox 1463 745 1542 772; x_wconf 91' lang='lat' dir='ltr'><strong>quem</strong></span> <span class='ocrx_word' id='word_1_602' title='bbox 1553 737 1616 765; x_wconf 88' lang='lat' dir='ltr'><strong>olint</strong></span> <span class='ocrx_word' id='word_1_603' title='bbox 1628 738 1779 767; x_wconf 87' lang='lat' dir='ltr'><strong>abseiderat</strong></span> <span class='ocrx_word' id='word_1_604' title='bbox 1788 739 1867 767; x_wconf 86' lang='lat' dir='ltr'><strong>Chri-</strong></span> 
     </span>
    </p>
   </div>
   <div class='ocr_carea' id='block_1_75' title="bbox 1073 780 1867 820">
    <p class='ocr_par' dir='ltr' id='par_1_75' title="bbox 1073 780 1867 820">
     <span class='ocr_line' id='line_1_75' title="bbox 1073 780 1867 820; baseline 0.006 -13"><span class='ocrx_word' id='word_1_605' title='bbox 1073 784 1131 807; x_wconf 88' lang='lat' dir='ltr'><strong>stus</strong></span> <span class='ocrx_word' id='word_1_606' title='bbox 1138 788 1198 807; x_wconf 92' lang='lat' dir='ltr'><strong>cum</strong></span> <span class='ocrx_word' id='word_1_607' title='bbox 1204 780 1242 807; x_wconf 91' lang='lat' dir='ltr'><strong>ait</strong></span> <span class='ocrx_word' id='word_1_608' title='bbox 1249 790 1256 808; x_wconf 89' lang='lat'><strong><em>:</em></strong></span> <span class='ocrx_word' id='word_1_609' title='bbox 1264 781 1325 808; x_wconf 84' lang='lat' dir='ltr'><strong>Cum</strong></span> <span class='ocrx_word' id='word_1_610' title='bbox 1326 782 1492 817; x_wconf 81' lang='lat' dir='ltr'><strong>jejunaveris,</strong></span> <span class='ocrx_word' id='word_1_611' title='bbox 1500 791 1565 817; x_wconf 85' lang='lat' dir='ltr'><strong>unge</strong></span> <span class='ocrx_word' id='word_1_612' title='bbox 1572 788 1648 819; x_wconf 86' lang='lat' dir='ltr'><strong>caput</strong></span> <span class='ocrx_word' id='word_1_613' title='bbox 1654 789 1735 816; x_wconf 82' lang='lat' dir='ltr'><strong>luunt,</strong></span> <span class='ocrx_word' id='word_1_614' title='bbox 1743 790 1766 811; x_wconf 88' lang='lat' dir='ltr'><strong>et</strong></span> <span class='ocrx_word' id='word_1_615' title='bbox 1775 786 1867 820; x_wconf 82' lang='lat' dir='ltr'><strong>facient</strong></span> 
     </span>
    </p>
   </div>
   <div class='ocr_carea' id='block_1_76' title="bbox 1075 825 1866 864">
    <p class='ocr_par' dir='ltr' id='par_1_76' title="bbox 1075 825 1866 864">
     <span class='ocr_line' id='line_1_76' title="bbox 1075 825 1866 864; baseline 0.008 -12"><span class='ocrx_word' id='word_1_616' title='bbox 1075 830 1143 853; x_wconf 88' lang='lat' dir='ltr'><strong>tuam</strong></span> <span class='ocrx_word' id='word_1_617' title='bbox 1157 826 1213 852; x_wconf 87' lang='lat' dir='ltr'><strong>lava</strong></span> <span class='ocrx_word' id='word_1_618' title='bbox 1227 825 1334 861; x_wconf 83' lang='lat' dir='ltr'><strong>(Matth.</strong></span> <span class='ocrx_word' id='word_1_619' title='bbox 1350 828 1376 854; x_wconf 82' lang='lat'><strong>6.</strong></span> <span class='ocrx_word' id='word_1_620' title='bbox 1393 828 1454 862; x_wconf 81' lang='lat' dir='ltr'><strong>l7);</strong></span> <span class='ocrx_word' id='word_1_621' title='bbox 1470 835 1529 855; x_wconf 90' lang='lat' dir='ltr'><strong>cum</strong></span> <span class='ocrx_word' id='word_1_622' title='bbox 1543 829 1679 862; x_wconf 69' lang='lat' dir='ltr'><strong>przesciret</strong></span> <span class='ocrx_word' id='word_1_623' title='bbox 1691 837 1721 857; x_wconf 87' lang='lat' dir='ltr'><strong>ea</strong></span> <span class='ocrx_word' id='word_1_624' title='bbox 1732 838 1792 864; x_wconf 79' lang='lat' dir='ltr'><strong>qua:</strong></span> <span class='ocrx_word' id='word_1_625' title='bbox 1804 830 1866 858; x_wconf 83' lang='lat' dir='ltr'><strong>inde</strong></span> 
     </span>
    </p>
   </div>
   <div class='ocr_carea' id='block_1_77' title="bbox 1074 872 1868 910">
    <p class='ocr_par' dir='ltr' id='par_1_77' title="bbox 1074 872 1868 910">
     <span class='ocr_line' id='line_1_77' title="bbox 1074 872 1868 910; baseline 0.005 -11"><span class='ocrx_word' id='word_1_626' title='bbox 1074 872 1207 899; x_wconf 73' lang='lat' dir='ltr'><strong>nascitur:</strong></span> <span class='ocrx_word' id='word_1_627' title='bbox 1219 877 1296 900; x_wconf 84' lang='lat' dir='ltr'><strong>erant</strong></span> <span class='ocrx_word' id='word_1_628' title='bbox 1307 873 1386 900; x_wconf 86' lang='lat' dir='ltr'><strong>mala.</strong></span> <span class='ocrx_word' id='word_1_629' title='bbox 1399 873 1451 900; x_wconf 87' lang='lat' dir='ltr'><strong>Sed</strong></span> <span class='ocrx_word' id='word_1_630' title='bbox 1464 873 1512 900; x_wconf 91' lang='lat' dir='ltr'><strong>hos</strong></span> <span class='ocrx_word' id='word_1_631' title='bbox 1522 874 1564 900; x_wconf 91' lang='lat' dir='ltr'><strong>ille</strong></span> <span class='ocrx_word' id='word_1_632' title='bbox 1575 881 1628 900; x_wconf 89' lang='lat' dir='ltr'><strong>non</strong></span> <span class='ocrx_word' id='word_1_633' title='bbox 1642 875 1770 909; x_wconf 84' lang='lat' dir='ltr'><strong>increpat,</strong></span> <span class='ocrx_word' id='word_1_634' title='bbox 1781 883 1868 910; x_wconf 89' lang='lat' dir='ltr'><strong>neque</strong></span> 
     </span>
    </p>
   </div>
   <div class='ocr_carea' id='block_1_78' title="bbox 1073 918 1867 954">
    <p class='ocr_par' dir='ltr' id='par_1_78' title="bbox 1073 918 1867 954">
     <span class='ocr_line' id='line_1_78' title="bbox 1073 918 1867 954; baseline 0.005 -9"><span class='ocrx_word' id='word_1_635' title='bbox 1073 918 1140 946; x_wconf 89' lang='lat' dir='ltr'><strong>dixit</strong></span> <span class='ocrx_word' id='word_1_636' title='bbox 1150 918 1188 946; x_wconf 88' lang='lat'><strong>:0</strong></span> <span class='ocrx_word' id='word_1_637' title='bbox 1196 926 1270 946; x_wconf 72' lang='lat' dir='ltr'><strong>vanae</strong></span> <span class='ocrx_word' id='word_1_638' title='bbox 1276 919 1368 954; x_wconf 72' lang='lat' dir='ltr'><strong>gloritc</strong></span> <span class='ocrx_word' id='word_1_639' title='bbox 1376 919 1475 953; x_wconf 79' lang='lat' dir='ltr'><strong>cupidi,</strong></span> <span class='ocrx_word' id='word_1_640' title='bbox 1486 924 1512 946; x_wconf 85' lang='lat' dir='ltr'><strong>et</strong></span> <span class='ocrx_word' id='word_1_641' title='bbox 1520 919 1607 947; x_wconf 86' lang='lat' dir='ltr'><strong>futiles</strong></span> <span class='ocrx_word' id='word_1_642' title='bbox 1614 920 1744 948; x_wconf 83' lang='lat' dir='ltr'><strong>homines!</strong></span> <span class='ocrx_word' id='word_1_643' title='bbox 1752 921 1798 949; x_wconf 88' lang='lat' dir='ltr'><strong>sed</strong></span> <span class='ocrx_word' id='word_1_644' title='bbox 1807 929 1867 949; x_wconf 90' lang='lat' dir='ltr'><strong>cum</strong></span> 
     </span>
    </p>
   </div>
   <div class='ocr_carea' id='block_1_79' title="bbox 1073 964 1868 1002">
    <p class='ocr_par' dir='ltr' id='par_1_79' title="bbox 1073 964 1868 1002">
     <span class='ocr_line' id='line_1_79' title="bbox 1073 964 1868 1002; baseline 0.003 -10"><span class='ocrx_word' id='word_1_645' title='bbox 1073 965 1146 992; x_wconf 91' lang='lat' dir='ltr'><strong>omni</strong></span> <span class='ocrx_word' id='word_1_646' title='bbox 1153 964 1359 992; x_wconf 83' lang='lat' dir='ltr'><strong>mansuetudine</strong></span> <span class='ocrx_word' id='word_1_647' title='bbox 1366 965 1438 999; x_wconf 72' lang='lat' dir='ltr'><strong>ipsos</strong></span> <span class='ocrx_word' id='word_1_648' title='bbox 1445 965 1585 1000; x_wconf 83' lang='lat' dir='ltr'><strong>alloquitur</strong></span> <span class='ocrx_word' id='word_1_649' title='bbox 1591 965 1692 992; x_wconf 84' lang='lat' dir='ltr'><strong>dicens.</strong></span> <span class='ocrx_word' id='word_1_650' title='bbox 1702 966 1807 994; x_wconf 76' lang='lat' dir='ltr'><strong>l5.Non</strong></span> <span class='ocrx_word' id='word_1_651' title='bbox 1815 976 1868 1002; x_wconf 75' lang='lat' dir='ltr'><strong>poo-</strong></span> 
     </span>
    </p>
   </div>
   <div class='ocr_carea' id='block_1_80' title="bbox 1074 1011 1855 1047">
    <p class='ocr_par' dir='ltr' id='par_1_80' title="bbox 1074 1011 1855 1047">
     <span class='ocr_line' id='line_1_80' title="bbox 1074 1011 1855 1047; baseline 0.003 -9"><span class='ocrx_word' id='word_1_652' title='bbox 1074 1016 1133 1038; x_wconf 84' lang='lat' dir='ltr'><strong>sunt</strong></span> <span class='ocrx_word' id='word_1_653' title='bbox 1141 1011 1189 1045; x_wconf 80' lang='lat' dir='ltr'><strong>filii</strong></span> <span class='ocrx_word' id='word_1_654' title='bbox 1197 1011 1284 1046; x_wconf 84' lang='lat' dir='ltr'><strong>sponsi</strong></span> <span class='ocrx_word' id='word_1_655' title='bbox 1287 1012 1416 1047; x_wconf 83' lang='lat' dir='ltr'><strong>jejunare,</strong></span> <span class='ocrx_word' id='word_1_656' title='bbox 1428 1011 1548 1046; x_wconf 86' lang='lat' dir='ltr'><strong>quamdiu</strong></span> <span class='ocrx_word' id='word_1_657' title='bbox 1561 1019 1619 1038; x_wconf 88' lang='lat' dir='ltr'><strong>cum</strong></span> <span class='ocrx_word' id='word_1_658' title='bbox 1629 1012 1680 1038; x_wconf 81' lang='lat' dir='ltr'><strong>illis</strong></span> <span class='ocrx_word' id='word_1_659' title='bbox 1690 1017 1725 1039; x_wconf 81' lang='lat' dir='ltr'><strong>cst</strong></span> <span class='ocrx_word' id='word_1_660' title='bbox 1737 1021 1855 1047; x_wconf 84' lang='lat' dir='ltr'><strong>sponsus.</strong></span> 
     </span>
    </p>
   </div>
   <div class='ocr_carea' id='block_1_81' title="bbox 1074 1057 1868 1092">
    <p class='ocr_par' dir='ltr' id='par_1_81' title="bbox 1074 1057 1868 1092">
     <span class='ocr_line' id='line_1_81' title="bbox 1074 1057 1868 1092; baseline 0 -7"><span class='ocrx_word' id='word_1_661' title='bbox 1074 1057 1187 1091; x_wconf 87' lang='lat' dir='ltr'><strong>Quando</strong></span> <span class='ocrx_word' id='word_1_662' title='bbox 1195 1057 1265 1084; x_wconf 90' lang='lat' dir='ltr'><strong>enim</strong></span> <span class='ocrx_word' id='word_1_663' title='bbox 1273 1065 1321 1092; x_wconf 90' lang='lat' dir='ltr'><strong>pro</strong></span> <span class='ocrx_word' id='word_1_664' title='bbox 1329 1057 1389 1084; x_wconf 83' lang='lat' dir='ltr'><strong>aliis</strong></span> <span class='ocrx_word' id='word_1_665' title='bbox 1397 1057 1565 1092; x_wconf 87' lang='lat' dir='ltr'><strong>loquebatur,</strong></span> <span class='ocrx_word' id='word_1_666' title='bbox 1577 1065 1625 1092; x_wconf 88' lang='lat' dir='ltr'><strong>pro</strong></span> <span class='ocrx_word' id='word_1_667' title='bbox 1637 1057 1784 1092; x_wconf 86' lang='lat' dir='ltr'><strong>publicanis</strong></span> <span class='ocrx_word' id='word_1_668' title='bbox 1794 1066 1868 1086; x_wconf 57' lang='lat' dir='ltr'><strong>nent.</strong></span> 
     </span>
    </p>
   </div>
   <div class='ocr_carea' id='block_1_82' title="bbox 1074 1103 1867 1142">
    <p class='ocr_par' dir='ltr' id='par_1_82' title="bbox 1074 1103 1867 1142">
     <span class='ocr_line' id='line_1_82' title="bbox 1074 1103 1867 1142; baseline 0.003 -11"><span class='ocrx_word' id='word_1_669' title='bbox 1074 1111 1117 1139; x_wconf 88' lang='lat' dir='ltr'><strong>pe,</strong></span> <span class='ocrx_word' id='word_1_670' title='bbox 1145 1108 1175 1131; x_wconf 92' lang='lat' dir='ltr'><strong>ut</strong></span> <span class='ocrx_word' id='word_1_671' title='bbox 1190 1111 1283 1131; x_wconf 87' lang='lat' dir='ltr'><strong>eorum</strong></span> <span class='ocrx_word' id='word_1_672' title='bbox 1301 1104 1405 1131; x_wconf 88' lang='lat' dir='ltr'><strong>animos</strong></span> <span class='ocrx_word' id='word_1_673' title='bbox 1429 1103 1584 1142; x_wconf 87' lang='lat' dir='ltr'><strong>vulneratos</strong></span> <span class='ocrx_word' id='word_1_674' title='bbox 1610 1104 1752 1138; x_wconf 83' lang='lat' dir='ltr'><strong>solaretur,</strong></span> <span class='ocrx_word' id='word_1_675' title='bbox 1768 1112 1867 1140; x_wconf 84' lang='lat' dir='ltr'><strong>expro-</strong></span> 
     </span>
    </p>
   </div>
   <div class='ocr_carea' id='block_1_83' title="bbox 1074 1149 1867 1185">
    <p class='ocr_par' dir='ltr' id='par_1_83' title="bbox 1074 1149 1867 1185">
     <span class='ocr_line' id='line_1_83' title="bbox 1074 1149 1867 1185; baseline 0.001 -8"><span class='ocrx_word' id='word_1_676' title='bbox 1074 1149 1182 1177; x_wconf 87' lang='lat' dir='ltr'><strong>brantes</strong></span> <span class='ocrx_word' id='word_1_677' title='bbox 1206 1149 1392 1177; x_wconf 87' lang='lat' dir='ltr'><strong>vehementius</strong></span> <span class='ocrx_word' id='word_1_678' title='bbox 1418 1149 1581 1185; x_wconf 85' lang='lat' dir='ltr'><strong>increpavit:</strong></span> <span class='ocrx_word' id='word_1_679' title='bbox 1595 1157 1655 1177; x_wconf 90' lang='lat' dir='ltr'><strong>cum</strong></span> <span class='ocrx_word' id='word_1_680' title='bbox 1676 1154 1765 1178; x_wconf 88' lang='lat' dir='ltr'><strong>autem</strong></span> <span class='ocrx_word' id='word_1_681' title='bbox 1781 1150 1867 1185; x_wconf 89' lang='lat' dir='ltr'><strong>ipsum</strong></span> 
     </span>
    </p>
   </div>
   <div class='ocr_carea' id='block_1_84' title="bbox 1073 1194 1869 1229">
    <p class='ocr_par' dir='ltr' id='par_1_84' title="bbox 1073 1194 1869 1229">
     <span class='ocr_line' id='line_1_84' title="bbox 1073 1194 1869 1229; baseline 0 -7"><span class='ocrx_word' id='word_1_682' title='bbox 1073 1199 1102 1222; x_wconf 87' lang='lat' dir='ltr'><strong>et</strong></span> <span class='ocrx_word' id='word_1_683' title='bbox 1112 1194 1258 1229; x_wconf 87' lang='lat' dir='ltr'><strong>discipulos</strong></span> <span class='ocrx_word' id='word_1_684' title='bbox 1271 1194 1427 1229; x_wconf 86' lang='lat' dir='ltr'><strong>carpebant,</strong></span> <span class='ocrx_word' id='word_1_685' title='bbox 1442 1202 1502 1221; x_wconf 87' lang='lat' dir='ltr'><strong>ctnn</strong></span> <span class='ocrx_word' id='word_1_686' title='bbox 1516 1194 1588 1221; x_wconf 90' lang='lat' dir='ltr'><strong>omni</strong></span> <span class='ocrx_word' id='word_1_687' title='bbox 1602 1195 1805 1222; x_wconf 88' lang='lat' dir='ltr'><strong>mansuetudine</strong></span> <span class='ocrx_word' id='word_1_688' title='bbox 1819 1202 1869 1222; x_wconf 89' lang='lat' dir='ltr'><strong>oc-</strong></span> 
     </span>
    </p>
   </div>
   <div class='ocr_carea' id='block_1_85' title="bbox 1074 1239 1866 1275">
    <p class='ocr_par' dir='ltr' id='par_1_85' title="bbox 1074 1239 1866 1275">
     <span class='ocr_line' id='line_1_85' title="bbox 1074 1239 1866 1275; baseline 0.001 -8"><span class='ocrx_word' id='word_1_689' title='bbox 1074 1240 1156 1268; x_wconf 85' lang='lat' dir='ltr'><strong>currit</strong></span> <span class='ocrx_word' id='word_1_690' title='bbox 1171 1240 1246 1275; x_wconf 89' lang='lat' dir='ltr'><strong>ipsis.</strong></span> <span class='ocrx_word' id='word_1_691' title='bbox 1262 1239 1338 1273; x_wconf 83' lang='lat' dir='ltr'><strong>Quod</strong></span> <span class='ocrx_word' id='word_1_692' title='bbox 1352 1243 1439 1267; x_wconf 90' lang='lat' dir='ltr'><strong>autem</strong></span> <span class='ocrx_word' id='word_1_693' title='bbox 1460 1239 1551 1267; x_wconf 88' lang='lat' dir='ltr'><strong>dicunt</strong></span> <span class='ocrx_word' id='word_1_694' title='bbox 1565 1239 1621 1273; x_wconf 89' lang='lat' dir='ltr'><strong>illi,</strong></span> <span class='ocrx_word' id='word_1_695' title='bbox 1638 1239 1790 1275; x_wconf 88' lang='lat' dir='ltr'><strong>ltujusmodi</strong></span> <span class='ocrx_word' id='word_1_696' title='bbox 1804 1246 1844 1268; x_wconf 90' lang='lat' dir='ltr'><strong>est</strong></span> <span class='ocrx_word' id='word_1_697' title='bbox 1859 1249 1866 1268; x_wconf 95' lang='lat'><strong>:</strong></span> 
     </span>
    </p>
   </div>
   <div class='ocr_carea' id='block_1_86' title="bbox 1075 1285 1869 1323">
    <p class='ocr_par' dir='ltr' id='par_1_86' title="bbox 1075 1285 1869 1323">
     <span class='ocr_line' id='line_1_86' title="bbox 1075 1285 1869 1323; baseline -0.001 -7"><span class='ocrx_word' id='word_1_698' title='bbox 1075 1288 1150 1320; x_wconf 86' lang='lat' dir='ltr'><strong>Esto.</strong></span> <span class='ocrx_word' id='word_1_699' title='bbox 1163 1293 1190 1316; x_wconf 91' lang='lat' dir='ltr'><strong>tu</strong></span> <span class='ocrx_word' id='word_1_700' title='bbox 1204 1292 1295 1323; x_wconf 90' lang='lat' dir='ltr'><strong>utpote</strong></span> <span class='ocrx_word' id='word_1_701' title='bbox 1307 1286 1425 1315; x_wconf 89' lang='lat' dir='ltr'><strong>medicus</strong></span> <span class='ocrx_word' id='word_1_702' title='bbox 1440 1286 1490 1314; x_wconf 91' lang='lat' dir='ltr'><strong>hoc</strong></span> <span class='ocrx_word' id='word_1_703' title='bbox 1505 1286 1586 1314; x_wconf 82' lang='lat' dir='ltr'><strong>facias</strong></span> <span class='ocrx_word' id='word_1_704' title='bbox 1602 1294 1609 1313; x_wconf 92' lang='lat'>:</span> <span class='ocrx_word' id='word_1_705' title='bbox 1624 1285 1671 1314; x_wconf 91' lang='lat' dir='ltr'><strong>sed</strong></span> <span class='ocrx_word' id='word_1_706' title='bbox 1682 1294 1730 1314; x_wconf 91' lang='lat' dir='ltr'><strong>cur</strong></span> <span class='ocrx_word' id='word_1_707' title='bbox 1747 1286 1869 1322; x_wconf 87' lang='lat' dir='ltr'><strong>discipuli</strong></span> 
     </span>
    </p>
   </div>
   <div class='ocr_carea' id='block_1_87' title="bbox 1075 1331 1869 1369">
    <p class='ocr_par' dir='ltr' id='par_1_87' title="bbox 1075 1331 1869 1369">
     <span class='ocr_line' id='line_1_87' title="bbox 1075 1331 1869 1369; baseline -0.001 -8"><span class='ocrx_word' id='word_1_708' title='bbox 1075 1334 1124 1367; x_wconf 88' lang='lat' dir='ltr'><strong>tui,</strong></span> <span class='ocrx_word' id='word_1_709' title='bbox 1150 1333 1234 1361; x_wconf 91' lang='lat' dir='ltr'><strong>misso</strong></span> <span class='ocrx_word' id='word_1_710' title='bbox 1260 1332 1374 1369; x_wconf 86' lang='lat' dir='ltr'><strong>jejunio,</strong></span> <span class='ocrx_word' id='word_1_711' title='bbox 1398 1331 1550 1367; x_wconf 88' lang='lat' dir='ltr'><strong>hujusmodi</strong></span> <span class='ocrx_word' id='word_1_712' title='bbox 1573 1332 1673 1359; x_wconf 86' lang='lat' dir='ltr'><strong>mensis</strong></span> <span class='ocrx_word' id='word_1_713' title='bbox 1690 1332 1869 1360; x_wconf 89' lang='lat' dir='ltr'><strong>accumbunt?</strong></span> 
     </span>
    </p>
   </div>
   <div class='ocr_carea' id='block_1_88' title="bbox 1076 1377 1869 1414">
    <p class='ocr_par' dir='ltr' id='par_1_88' title="bbox 1076 1377 1869 1414">
     <span class='ocr_line' id='line_1_88' title="bbox 1076 1377 1869 1414; baseline -0.001 -7"><span class='ocrx_word' id='word_1_714' title='bbox 1076 1378 1177 1407; x_wconf 88' lang='lat' dir='ltr'><strong>Deinde</strong></span> <span class='ocrx_word' id='word_1_715' title='bbox 1188 1383 1216 1406; x_wconf 90' lang='lat' dir='ltr'><strong>ut</strong></span> <span class='ocrx_word' id='word_1_716' title='bbox 1226 1378 1355 1414; x_wconf 87' lang='lat' dir='ltr'><strong>majorem</strong></span> <span class='ocrx_word' id='word_1_717' title='bbox 1366 1378 1564 1406; x_wconf 85' lang='lat' dir='ltr'><strong>accusationem</strong></span> <span class='ocrx_word' id='word_1_718' title='bbox 1578 1377 1712 1411; x_wconf 75' lang='lat' dir='ltr'><strong>facerent,</strong></span> <span class='ocrx_word' id='word_1_719' title='bbox 1729 1386 1758 1406; x_wconf 89' lang='lat' dir='ltr'><strong>se</strong></span> <span class='ocrx_word' id='word_1_720' title='bbox 1769 1379 1869 1413; x_wconf 87' lang='lat' dir='ltr'><strong>primos</strong></span> 
     </span>
    </p>
   </div>
   <div class='ocr_carea' id='block_1_89' title="bbox 1075 1424 1867 1461">
    <p class='ocr_par' dir='ltr' id='par_1_89' title="bbox 1075 1424 1867 1461">
     <span class='ocr_line' id='line_1_89' title="bbox 1075 1424 1867 1461; baseline 0.001 -9"><span class='ocrx_word' id='word_1_721' title='bbox 1075 1430 1186 1461; x_wconf 86' lang='lat' dir='ltr'><strong>ponunt,</strong></span> <span class='ocrx_word' id='word_1_722' title='bbox 1198 1429 1344 1460; x_wconf 83' lang='lat' dir='ltr'><strong>posteaque</strong></span> <span class='ocrx_word' id='word_1_723' title='bbox 1358 1424 1518 1457; x_wconf 55' lang='lat' dir='ltr'><strong>Phariszcos,</strong></span> <span class='ocrx_word' id='word_1_724' title='bbox 1532 1425 1731 1459; x_wconf 87' lang='lat' dir='ltr'><strong>comparatione</strong></span> <span class='ocrx_word' id='word_1_725' title='bbox 1745 1425 1867 1453; x_wconf 85' lang='lat' dir='ltr'><strong>volentes</strong></span> 
     </span>
    </p>
   </div>
   <div class='ocr_carea' id='block_1_90' title="bbox 1075 1470 1868 1506">
    <p class='ocr_par' dir='ltr' id='par_1_90' title="bbox 1075 1470 1868 1506">
     <span class='ocr_line' id='line_1_90' title="bbox 1075 1470 1868 1506; baseline -0.004 -6"><span class='ocrx_word' id='word_1_726' title='bbox 1075 1473 1177 1500; x_wconf 89' lang='lat' dir='ltr'><strong>crimen</strong></span> <span class='ocrx_word' id='word_1_727' title='bbox 1192 1479 1309 1506; x_wconf 77' lang='lat' dir='ltr'><strong>augere;</strong></span> <span class='ocrx_word' id='word_1_728' title='bbox 1330 1478 1391 1498; x_wconf 90' lang='lat' dir='ltr'><strong>nam</strong></span> <span class='ocrx_word' id='word_1_729' title='bbox 1414 1470 1449 1497; x_wconf 89' lang='lat' dir='ltr'><strong>Et</strong></span> <span class='ocrx_word' id='word_1_730' title='bbox 1472 1479 1527 1503; x_wconf 87' lang='lat' dir='ltr'><strong>nos,</strong></span> <span class='ocrx_word' id='word_1_731' title='bbox 1546 1470 1675 1505; x_wconf 90' lang='lat' dir='ltr'><strong>inquiunt,</strong></span> <span class='ocrx_word' id='word_1_732' title='bbox 1697 1476 1720 1497; x_wconf 89' lang='lat' dir='ltr'><strong>et</strong></span> <span class='ocrx_word' id='word_1_733' title='bbox 1743 1470 1868 1498; x_wconf 69' lang='lat' dir='ltr'><strong>Phariuei</strong></span> 
     </span>
    </p>
   </div>
   <div class='ocr_carea' id='block_1_91' title="bbox 1074 1515 1870 1554">
    <p class='ocr_par' dir='ltr' id='par_1_91' title="bbox 1074 1515 1870 1554">
     <span class='ocr_line' id='line_1_91' title="bbox 1074 1515 1870 1554; baseline -0.001 -9"><span class='ocrx_word' id='word_1_734' title='bbox 1074 1519 1181 1545; x_wconf 86' lang='lat' dir='ltr'><strong>multum</strong></span> <span class='ocrx_word' id='word_1_735' title='bbox 1204 1518 1360 1554; x_wconf 82' lang='lat' dir='ltr'><strong>jejunamus.</strong></span> <span class='ocrx_word' id='word_1_736' title='bbox 1382 1515 1448 1544; x_wconf 87' lang='lat' dir='ltr'><strong>Nam</strong></span> <span class='ocrx_word' id='word_1_737' title='bbox 1473 1516 1641 1551; x_wconf 88' lang='lat' dir='ltr'><strong>jejunabant,</strong></span> <span class='ocrx_word' id='word_1_738' title='bbox 1663 1516 1701 1543; x_wconf 90' lang='lat' dir='ltr'><strong>illi</strong></span> <span class='ocrx_word' id='word_1_739' title='bbox 1729 1523 1743 1542; x_wconf 89' lang='lat' dir='ltr'><strong>a</strong></span> <span class='ocrx_word' id='word_1_740' title='bbox 1767 1516 1870 1544; x_wconf 81' lang='lat' dir='ltr'><strong>Joanne</strong></span> 
     </span>
    </p>
   </div>
   <div class='ocr_carea' id='block_1_92' title="bbox 1074 1561 1870 1598">
    <p class='ocr_par' dir='ltr' id='par_1_92' title="bbox 1074 1561 1870 1598">
     <span class='ocr_line' id='line_1_92' title="bbox 1074 1561 1870 1598; baseline -0.003 -6"><span class='ocrx_word' id='word_1_741' title='bbox 1074 1564 1173 1597; x_wconf 86' lang='lat' dir='ltr'><strong>edocti,</strong></span> <span class='ocrx_word' id='word_1_742' title='bbox 1184 1563 1280 1592; x_wconf 87' lang='lat' dir='ltr'><strong>hivero</strong></span> <span class='ocrx_word' id='word_1_743' title='bbox 1293 1571 1308 1590; x_wconf 90' lang='lat' dir='ltr'><strong>a</strong></span> <span class='ocrx_word' id='word_1_744' title='bbox 1321 1563 1378 1598; x_wconf 77' lang='lat' dir='ltr'><strong>lege</strong></span> <span class='ocrx_word' id='word_1_745' title='bbox 1388 1570 1395 1595; x_wconf 91' lang='lat'><strong>;</strong></span> <span class='ocrx_word' id='word_1_746' title='bbox 1407 1562 1630 1597; x_wconf 87' lang='lat' dir='ltr'><strong>quemadmodum</strong></span> <span class='ocrx_word' id='word_1_747' title='bbox 1646 1561 1708 1589; x_wconf 85' lang='lat' dir='ltr'><strong>item</strong></span> <span class='ocrx_word' id='word_1_748' title='bbox 1719 1562 1870 1590; x_wconf 69' lang='lat' dir='ltr'><strong>Phariszeus</strong></span> 
     </span>
    </p>
   </div>
   <div class='ocr_carea' id='block_1_93' title="bbox 1074 1608 1870 1645">
    <p class='ocr_par' dir='ltr' id='par_1_93' title="bbox 1074 1608 1870 1645">
     <span class='ocr_line' id='line_1_93' title="bbox 1074 1608 1870 1645; baseline -0.001 -7"><span class='ocrx_word' id='word_1_749' title='bbox 1074 1610 1181 1638; x_wconf 86' lang='lat' dir='ltr'><strong>dicebat</strong></span> <span class='ocrx_word' id='word_1_750' title='bbox 1196 1619 1205 1638; x_wconf 88' lang='lat'><em>:</em></span> <span class='ocrx_word' id='word_1_751' title='bbox 1219 1610 1313 1645; x_wconf 78' lang='lat' dir='ltr'><strong>Jejuno</strong></span> <span class='ocrx_word' id='word_1_752' title='bbox 1337 1609 1373 1636; x_wconf 85' lang='lat' dir='ltr'><strong>bis</strong></span> <span class='ocrx_word' id='word_1_753' title='bbox 1398 1609 1424 1636; x_wconf 84' lang='lat' dir='ltr'><strong>in</strong></span> <span class='ocrx_word' id='word_1_754' title='bbox 1445 1608 1612 1636; x_wconf 77' lang='lat' dir='ltr'><strong>hebdomade.</strong></span> <span class='ocrx_word' id='word_1_755' title='bbox 1629 1608 1697 1642; x_wconf 91' lang='lat' dir='ltr'><strong>Quid</strong></span> <span class='ocrx_word' id='word_1_756' title='bbox 1712 1609 1792 1644; x_wconf 75' lang='lat' dir='ltr'><strong>igitur</strong></span> <span class='ocrx_word' id='word_1_757' title='bbox 1805 1609 1870 1637; x_wconf 89' lang='lat' dir='ltr'><strong>dicit</strong></span> 
     </span>
    </p>
   </div>
   <div class='ocr_carea' id='block_1_94' title="bbox 1074 1654 1870 1691">
    <p class='ocr_par' dir='ltr' id='par_1_94' title="bbox 1074 1654 1870 1691">
     <span class='ocr_line' id='line_1_94' title="bbox 1074 1654 1870 1691; baseline -0.004 -6"><span class='ocrx_word' id='word_1_758' title='bbox 1074 1656 1174 1685; x_wconf 62' lang='lat' dir='ltr'><strong>Iesus?</strong></span> <span class='ocrx_word' id='word_1_759' title='bbox 1188 1655 1260 1683; x_wconf 91' lang='lat' dir='ltr'><strong>Num</strong></span> <span class='ocrx_word' id='word_1_760' title='bbox 1288 1660 1393 1691; x_wconf 85' lang='lat' dir='ltr'><strong>possunt</strong></span> <span class='ocrx_word' id='word_1_761' title='bbox 1417 1655 1465 1689; x_wconf 81' lang='lat' dir='ltr'><strong>ﬁlii</strong></span> <span class='ocrx_word' id='word_1_762' title='bbox 1490 1654 1578 1688; x_wconf 76' lang='lat' dir='ltr'><strong>sponsi</strong></span> <span class='ocrx_word' id='word_1_763' title='bbox 1596 1654 1726 1689; x_wconf 82' lang='lat' dir='ltr'><strong>jejunare,</strong></span> <span class='ocrx_word' id='word_1_764' title='bbox 1748 1655 1870 1690; x_wconf 82' lang='lat' dir='ltr'><strong>quamdiu</strong></span> 
     </span>
    </p>
   </div>
   <div class='ocr_carea' id='block_1_95' title="bbox 1075 1701 1870 1738">
    <p class='ocr_par' dir='ltr' id='par_1_95' title="bbox 1075 1701 1870 1738">
     <span class='ocr_line' id='line_1_95' title="bbox 1075 1701 1870 1738; baseline -0.004 -7"><span class='ocrx_word' id='word_1_765' title='bbox 1075 1712 1133 1731; x_wconf 87' lang='lat' dir='ltr'><strong>cum</strong></span> <span class='ocrx_word' id='word_1_766' title='bbox 1145 1703 1197 1730; x_wconf 83' lang='lat' dir='ltr'><strong>illis</strong></span> <span class='ocrx_word' id='word_1_767' title='bbox 1216 1707 1253 1730; x_wconf 79' lang='lat' dir='ltr'><strong>est</strong></span> <span class='ocrx_word' id='word_1_768' title='bbox 1272 1702 1402 1738; x_wconf 78' lang='lat' dir='ltr'><strong>sponsus(</strong></span> <span class='ocrx_word' id='word_1_769' title='bbox 1417 1701 1482 1728; x_wconf 84' lang='lat' dir='ltr'><strong>Luc.</strong></span> <span class='ocrx_word' id='word_1_770' title='bbox 1496 1701 1538 1728; x_wconf 77' lang='grc'><strong>18.</strong></span> <span class='ocrx_word' id='word_1_771' title='bbox 1555 1701 1589 1728; x_wconf 72' lang='grc'><strong>12</strong></span> <span class='ocrx_word' id='word_1_772' title='bbox 1602 1701 1631 1736; x_wconf 83' lang='lat'><strong>)?</strong></span> <span class='ocrx_word' id='word_1_773' title='bbox 1652 1701 1742 1729; x_wconf 89' lang='lat' dir='ltr'><strong>Primo</strong></span> <span class='ocrx_word' id='word_1_774' title='bbox 1763 1701 1870 1737; x_wconf 88' lang='lat' dir='ltr'><strong>quidem</strong></span> 
     </span>
    </p>
   </div>
   <div class='ocr_carea' id='block_1_96' title="bbox 1075 1747 1870 1784">
    <p class='ocr_par' dir='ltr' id='par_1_96' title="bbox 1075 1747 1870 1784">
     <span class='ocr_line' id='line_1_96' title="bbox 1075 1747 1870 1784; baseline -0.006 -5"><span class='ocrx_word' id='word_1_775' title='bbox 1075 1757 1136 1779; x_wconf 89' lang='lat' dir='ltr'><strong>sese</strong></span> <span class='ocrx_word' id='word_1_776' title='bbox 1150 1749 1283 1778; x_wconf 90' lang='lat' dir='ltr'><strong>medicum</strong></span> <span class='ocrx_word' id='word_1_777' title='bbox 1293 1749 1406 1782; x_wconf 89' lang='lat' dir='ltr'><strong>vocavit,</strong></span> <span class='ocrx_word' id='word_1_778' title='bbox 1419 1747 1462 1775; x_wconf 89' lang='lat' dir='ltr'><strong>hic</strong></span> <span class='ocrx_word' id='word_1_779' title='bbox 1473 1756 1536 1776; x_wconf 90' lang='lat' dir='ltr'><strong>vero</strong></span> <span class='ocrx_word' id='word_1_780' title='bbox 1546 1755 1685 1783; x_wconf 85' lang='lat' dir='ltr'><strong>sponsum,</strong></span> <span class='ocrx_word' id='word_1_781' title='bbox 1696 1752 1799 1775; x_wconf 87' lang='lat' dir='ltr'><strong>secreta</strong></span> <span class='ocrx_word' id='word_1_782' title='bbox 1813 1756 1870 1784; x_wconf 82' lang='lat' dir='ltr'><strong>my-</strong></span> 
     </span>
    </p>
   </div>
   <div class='ocr_carea' id='block_1_97' title="bbox 1075 1795 1870 1833">
    <p class='ocr_par' dir='ltr' id='par_1_97' title="bbox 1075 1795 1870 1833">
     <span class='ocr_line' id='line_1_97' title="bbox 1075 1795 1870 1833; baseline -0.005 -7"><span class='ocrx_word' id='word_1_783' title='bbox 1075 1798 1156 1827; x_wconf 88' lang='lat' dir='ltr'><strong>steria</strong></span> <span class='ocrx_word' id='word_1_784' title='bbox 1170 1805 1218 1833; x_wconf 88' lang='lat' dir='ltr'><strong>per</strong></span> <span class='ocrx_word' id='word_1_785' title='bbox 1233 1796 1291 1825; x_wconf 76' lang='lat' dir='ltr'><strong>lucc</strong></span> <span class='ocrx_word' id='word_1_786' title='bbox 1310 1796 1417 1824; x_wconf 88' lang='lat' dir='ltr'><strong>nomina</strong></span> <span class='ocrx_word' id='word_1_787' title='bbox 1433 1795 1557 1823; x_wconf 82' lang='lat' dir='ltr'><strong>reVelans</strong></span> <span class='ocrx_word' id='word_1_788' title='bbox 1571 1803 1578 1822; x_wconf 89' lang='lat'><strong>:</strong></span> <span class='ocrx_word' id='word_1_789' title='bbox 1590 1802 1751 1830; x_wconf 89' lang='lat' dir='ltr'><strong>quamquam</strong></span> <span class='ocrx_word' id='word_1_790' title='bbox 1765 1799 1870 1830; x_wconf 82' lang='lat' dir='ltr'><strong>poterat</strong></span> 
     </span>
    </p>
   </div>
   <div class='ocr_carea' id='block_1_98' title="bbox 1075 1841 1870 1873">
    <p class='ocr_par' dir='ltr' id='par_1_98' title="bbox 1075 1841 1870 1873">
     <span class='ocr_line' id='line_1_98' title="bbox 1075 1841 1870 1873; baseline -0.006 0"><span class='ocrx_word' id='word_1_791' title='bbox 1075 1846 1138 1873; x_wconf 91' lang='lat' dir='ltr'><strong>illos</strong></span> <span class='ocrx_word' id='word_1_792' title='bbox 1149 1845 1238 1872; x_wconf 86' lang='lat' dir='ltr'><strong>acrius</strong></span> <span class='ocrx_word' id='word_1_793' title='bbox 1251 1843 1373 1871; x_wconf 83' lang='lat' dir='ltr'><strong>refellere</strong></span> <span class='ocrx_word' id='word_1_794' title='bbox 1389 1842 1482 1870; x_wconf 87' lang='lat' dir='ltr'><strong>dicens</strong></span> <span class='ocrx_word' id='word_1_795' title='bbox 1497 1850 1505 1869; x_wconf 90' lang='lat'>:</span> <span class='ocrx_word' id='word_1_796' title='bbox 1521 1841 1575 1870; x_wconf 85' lang='lat' dir='ltr'><strong>Vos</strong></span> <span class='ocrx_word' id='word_1_797' title='bbox 1590 1849 1644 1869; x_wconf 92' lang='lat' dir='ltr'><strong>non</strong></span> <span class='ocrx_word' id='word_1_798' title='bbox 1665 1841 1769 1869; x_wconf 88' lang='lat' dir='ltr'><strong>habetis</strong></span> <span class='ocrx_word' id='word_1_799' title='bbox 1779 1846 1870 1868; x_wconf 83' lang='lat' dir='ltr'><strong>aucto-</strong></span> 
     </span>
    </p>
   </div>
   <div class='ocr_carea' id='block_1_99' title="bbox 1075 1888 1870 1926">
    <p class='ocr_par' dir='ltr' id='par_1_99' title="bbox 1075 1888 1870 1926">
     <span class='ocr_line' id='line_1_99' title="bbox 1075 1888 1870 1926; baseline -0.006 -6"><span class='ocrx_word' id='word_1_800' title='bbox 1075 1893 1182 1921; x_wconf 87' lang='lat' dir='ltr'><strong>ritatem</strong></span> <span class='ocrx_word' id='word_1_801' title='bbox 1197 1889 1350 1926; x_wconf 82' lang='lat' dir='ltr'><strong>hujusmodi</strong></span> <span class='ocrx_word' id='word_1_802' title='bbox 1363 1889 1437 1925; x_wconf 74' lang='lat' dir='ltr'><strong>leges</strong></span> <span class='ocrx_word' id='word_1_803' title='bbox 1451 1888 1567 1924; x_wconf 86' lang='lat' dir='ltr'><strong>ponendi</strong></span> <span class='ocrx_word' id='word_1_804' title='bbox 1582 1896 1662 1924; x_wconf 71' lang='lat' dir='ltr'><strong>:quaa</strong></span> <span class='ocrx_word' id='word_1_805' title='bbox 1680 1888 1752 1916; x_wconf 90' lang='lat' dir='ltr'><strong>enim</strong></span> <span class='ocrx_word' id='word_1_806' title='bbox 1770 1888 1870 1916; x_wconf 89' lang='lat' dir='ltr'><strong>utilitas</strong></span> 
     </span>
    </p>
   </div>
   <div class='ocr_carea' id='block_1_100' title="bbox 1075 1934 1871 1973">
    <p class='ocr_par' dir='ltr' id='par_1_100' title="bbox 1075 1934 1871 1973">
     <span class='ocr_line' id='line_1_100' title="bbox 1075 1934 1871 1973; baseline -0.005 -7"><span class='ocrx_word' id='word_1_807' title='bbox 1075 1945 1109 1966; x_wconf 76' lang='lat' dir='ltr'><strong>ex</strong></span> <span class='ocrx_word' id='word_1_808' title='bbox 1120 1937 1232 1973; x_wconf 83' lang='lat' dir='ltr'><strong>jejunio,</strong></span> <span class='ocrx_word' id='word_1_809' title='bbox 1246 1934 1353 1972; x_wconf 85' lang='lat' dir='ltr'><strong>quando</strong></span> <span class='ocrx_word' id='word_1_810' title='bbox 1365 1935 1454 1962; x_wconf 83' lang='lat' dir='ltr'><strong>anima</strong></span> <span class='ocrx_word' id='word_1_811' title='bbox 1466 1934 1602 1969; x_wconf 90' lang='lat' dir='ltr'><strong>iniquitate</strong></span> <span class='ocrx_word' id='word_1_812' title='bbox 1614 1934 1691 1969; x_wconf 86' lang='lat' dir='ltr'><strong>plena</strong></span> <span class='ocrx_word' id='word_1_813' title='bbox 1700 1938 1751 1967; x_wconf 84' lang='lat' dir='ltr'><strong>est,</strong></span> <span class='ocrx_word' id='word_1_814' title='bbox 1762 1941 1823 1961; x_wconf 89' lang='lat' dir='ltr'><strong>cum</strong></span> <span class='ocrx_word' id='word_1_815' title='bbox 1836 1934 1871 1962; x_wconf 86' lang='lat' dir='ltr'><strong>de</strong></span> 
     </span>
    </p>
   </div>
   <div class='ocr_carea' id='block_1_101' title="bbox 1076 1979 1871 2014">
    <p class='ocr_par' dir='ltr' id='par_1_101' title="bbox 1076 1979 1871 2014">
     <span class='ocr_line' id='line_1_101' title="bbox 1076 1979 1871 2014; baseline -0.006 -3"><span class='ocrx_word' id='word_1_816' title='bbox 1076 1983 1136 2011; x_wconf 87' lang='lat' dir='ltr'><strong>aliis</strong></span> <span class='ocrx_word' id='word_1_817' title='bbox 1150 1982 1324 2014; x_wconf 87' lang='lat' dir='ltr'><strong>accusamini,</strong></span> <span class='ocrx_word' id='word_1_818' title='bbox 1339 1989 1400 2010; x_wconf 89' lang='lat' dir='ltr'><strong>cum</strong></span> <span class='ocrx_word' id='word_1_819' title='bbox 1422 1979 1602 2013; x_wconf 88' lang='lat' dir='ltr'><strong>damnamini,</strong></span> <span class='ocrx_word' id='word_1_820' title='bbox 1616 1987 1677 2007; x_wconf 92' lang='lat' dir='ltr'><strong>cum</strong></span> <span class='ocrx_word' id='word_1_821' title='bbox 1693 1979 1781 2007; x_wconf 84' lang='lat' dir='ltr'><strong>trabes</strong></span> <span class='ocrx_word' id='word_1_822' title='bbox 1795 1979 1871 2007; x_wconf 83' lang='lat' dir='ltr'><strong>fertis</strong></span> 
     </span>
    </p>
   </div>
   <div class='ocr_carea' id='block_1_102' title="bbox 1076 2026 1870 2063">
    <p class='ocr_par' dir='ltr' id='par_1_102' title="bbox 1076 2026 1870 2063">
     <span class='ocr_line' id='line_1_102' title="bbox 1076 2026 1870 2063; baseline -0.006 -5"><span class='ocrx_word' id='word_1_823' title='bbox 1076 2031 1103 2058; x_wconf 93' lang='lat' dir='ltr'><strong>in</strong></span> <span class='ocrx_word' id='word_1_824' title='bbox 1114 2029 1210 2063; x_wconf 87' lang='lat' dir='ltr'><strong>oculis,</strong></span> <span class='ocrx_word' id='word_1_825' title='bbox 1232 2033 1260 2056; x_wconf 90' lang='lat' dir='ltr'><strong>et</strong></span> <span class='ocrx_word' id='word_1_826' title='bbox 1283 2028 1317 2056; x_wconf 87' lang='lat' dir='ltr'><strong>ad</strong></span> <span class='ocrx_word' id='word_1_827' title='bbox 1341 2027 1550 2055; x_wconf 86' lang='lat' dir='ltr'><strong>ostentationem</strong></span> <span class='ocrx_word' id='word_1_828' title='bbox 1571 2026 1662 2053; x_wconf 88' lang='lat' dir='ltr'><strong>omnia</strong></span> <span class='ocrx_word' id='word_1_829' title='bbox 1683 2026 1870 2054; x_wconf 67' lang='lat' dir='ltr'><strong>facitisYAnte</strong></span> 
     </span>
    </p>
   </div>
   <div class='ocr_carea' id='block_1_103' title="bbox 1077 2072 1868 2108">
    <p class='ocr_par' dir='ltr' id='par_1_103' title="bbox 1077 2072 1868 2108">
     <span class='ocr_line' id='line_1_103' title="bbox 1077 2072 1868 2108; baseline -0.008 -4"><span class='ocrx_word' id='word_1_830' title='bbox 1077 2076 1136 2104; x_wconf 80' lang='lat' dir='ltr'><strong>ltazc</strong></span> <span class='ocrx_word' id='word_1_831' title='bbox 1148 2076 1219 2104; x_wconf 90' lang='lat' dir='ltr'><strong>enim</strong></span> <span class='ocrx_word' id='word_1_832' title='bbox 1233 2074 1324 2102; x_wconf 88' lang='lat' dir='ltr'><strong>omnia</strong></span> <span class='ocrx_word' id='word_1_833' title='bbox 1338 2081 1433 2101; x_wconf 89' lang='lat' dir='ltr'><strong>vanam</strong></span> <span class='ocrx_word' id='word_1_834' title='bbox 1447 2072 1559 2108; x_wconf 76' lang='lat' dir='ltr'><strong>gloriam</strong></span> <span class='ocrx_word' id='word_1_835' title='bbox 1583 2072 1681 2106; x_wconf 81' lang='lat' dir='ltr'><strong>ejicere</strong></span> <span class='ocrx_word' id='word_1_836' title='bbox 1699 2075 1868 2106; x_wconf 87' lang='lat' dir='ltr'><strong>oportuerat,</strong></span> 
     </span>
    </p>
   </div>
   <div class='ocr_carea' id='block_1_104' title="bbox 1077 2120 1869 2158">
    <p class='ocr_par' dir='ltr' id='par_1_104' title="bbox 1077 2120 1869 2158">
     <span class='ocr_line' id='line_1_104' title="bbox 1077 2120 1869 2158; baseline -0.008 -7"><span class='ocrx_word' id='word_1_837' title='bbox 1077 2127 1157 2158; x_wconf 86' lang='lat' dir='ltr'><strong>atque</strong></span> <span class='ocrx_word' id='word_1_838' title='bbox 1171 2122 1224 2150; x_wconf 87' lang='lat' dir='ltr'><strong>alia</strong></span> <span class='ocrx_word' id='word_1_839' title='bbox 1239 2121 1328 2150; x_wconf 86' lang='lat' dir='ltr'><strong>omnia</strong></span> <span class='ocrx_word' id='word_1_840' title='bbox 1338 2125 1412 2148; x_wconf 87' lang='lat' dir='ltr'><strong>recte</strong></span> <span class='ocrx_word' id='word_1_841' title='bbox 1422 2120 1539 2155; x_wconf 86' lang='lat' dir='ltr'><strong>operari,</strong></span> <span class='ocrx_word' id='word_1_842' title='bbox 1553 2120 1702 2151; x_wconf 83' lang='lat' dir='ltr'><strong>caritatem.</strong></span> <span class='ocrx_word' id='word_1_843' title='bbox 1715 2123 1869 2146; x_wconf 86' lang='lat' dir='ltr'><strong>mansuetu-</strong></span> 
     </span>
    </p>
   </div>
   <div class='ocr_carea' id='block_1_105' title="bbox 1078 2164 1869 2200">
    <p class='ocr_par' dir='ltr' id='par_1_105' title="bbox 1078 2164 1869 2200">
     <span class='ocr_line' id='line_1_105' title="bbox 1078 2164 1869 2200; baseline -0.006 -4"><span class='ocrx_word' id='word_1_844' title='bbox 1078 2168 1180 2200; x_wconf 91' lang='lat' dir='ltr'><strong>dinem,</strong></span> <span class='ocrx_word' id='word_1_845' title='bbox 1194 2167 1304 2194; x_wconf 86' lang='lat' dir='ltr'><strong>fratrum</strong></span> <span class='ocrx_word' id='word_1_846' title='bbox 1318 2174 1449 2194; x_wconf 89' lang='lat' dir='ltr'><strong>amorem.</strong></span> <span class='ocrx_word' id='word_1_847' title='bbox 1467 2165 1564 2193; x_wconf 84' lang='lat' dir='ltr'><strong>Verum</strong></span> <span class='ocrx_word' id='word_1_848' title='bbox 1585 2164 1650 2192; x_wconf 90' lang='lat' dir='ltr'><strong>nihil</strong></span> <span class='ocrx_word' id='word_1_849' title='bbox 1675 2164 1770 2192; x_wconf 88' lang='lat' dir='ltr'><strong>horum</strong></span> <span class='ocrx_word' id='word_1_850' title='bbox 1793 2164 1869 2198; x_wconf 82' lang='lat' dir='ltr'><strong>dicit,</strong></span> 
     </span>
    </p>
   </div>
   <div class='ocr_carea' id='block_1_106' title="bbox 1078 2211 1870 2246">
    <p class='ocr_par' dir='ltr' id='par_1_106' title="bbox 1078 2211 1870 2246">
     <span class='ocr_line' id='line_1_106' title="bbox 1078 2211 1870 2246; baseline -0.006 -4"><span class='ocrx_word' id='word_1_851' title='bbox 1078 2215 1125 2243; x_wconf 87' lang='lat' dir='ltr'><strong>sed</strong></span> <span class='ocrx_word' id='word_1_852' title='bbox 1136 2223 1196 2242; x_wconf 93' lang='lat' dir='ltr'><strong>cum</strong></span> <span class='ocrx_word' id='word_1_853' title='bbox 1210 2214 1282 2241; x_wconf 92' lang='lat' dir='ltr'><strong>omni</strong></span> <span class='ocrx_word' id='word_1_854' title='bbox 1297 2212 1501 2240; x_wconf 88' lang='lat' dir='ltr'><strong>mansuetudine</strong></span> <span class='ocrx_word' id='word_1_855' title='bbox 1516 2220 1523 2239; x_wconf 89' lang='lat'><strong>:</strong></span> <span class='ocrx_word' id='word_1_856' title='bbox 1540 2211 1601 2238; x_wconf 89' lang='lat' dir='ltr'><strong>Non</strong></span> <span class='ocrx_word' id='word_1_857' title='bbox 1614 2215 1716 2246; x_wconf 84' lang='lat' dir='ltr'><strong>possunt</strong></span> <span class='ocrx_word' id='word_1_858' title='bbox 1724 2211 1772 2245; x_wconf 81' lang='lat' dir='ltr'><strong>ﬁlii</strong></span> <span class='ocrx_word' id='word_1_859' title='bbox 1784 2212 1870 2245; x_wconf 84' lang='lat' dir='ltr'><strong>sponsi</strong></span> 
     </span>
    </p>
   </div>
   <div class='ocr_carea' id='block_1_107' title="bbox 1073 2257 1868 2298">
    <p class='ocr_par' dir='ltr' id='par_1_107' title="bbox 1073 2257 1868 2298">
     <span class='ocr_line' id='line_1_107' title="bbox 1073 2257 1868 2298; baseline -0.006 -9"><span class='ocrx_word' id='word_1_860' title='bbox 1073 2263 1201 2298; x_wconf 81' lang='lat' dir='ltr'><strong>jejunarc,</strong></span> <span class='ocrx_word' id='word_1_861' title='bbox 1213 2260 1335 2296; x_wconf 87' lang='lat' dir='ltr'><strong>quamdiu</strong></span> <span class='ocrx_word' id='word_1_862' title='bbox 1347 2267 1405 2286; x_wconf 86' lang='lat' dir='ltr'><strong>cunt</strong></span> <span class='ocrx_word' id='word_1_863' title='bbox 1417 2259 1453 2286; x_wconf 85' lang='lat' dir='ltr'><strong>sis</strong></span> <span class='ocrx_word' id='word_1_864' title='bbox 1465 2263 1501 2286; x_wconf 81' lang='lat' dir='ltr'><strong>est</strong></span> <span class='ocrx_word' id='word_1_865' title='bbox 1513 2266 1621 2294; x_wconf 83' lang='lat' dir='ltr'><strong>sponsus</strong></span> <span class='ocrx_word' id='word_1_866' title='bbox 1632 2257 1642 2294; x_wconf 96' lang='lat'><strong>(</strong></span> <span class='ocrx_word' id='word_1_867' title='bbox 1652 2258 1731 2285; x_wconf 86' lang='lat' dir='ltr'><strong>Joan.</strong></span> <span class='ocrx_word' id='word_1_868' title='bbox 1747 2257 1774 2285; x_wconf 78' lang='lat'><strong>5.</strong></span> <span class='ocrx_word' id='word_1_869' title='bbox 1789 2257 1841 2293; x_wconf 70' lang='grc' dir='ltr'><strong>ς29)</strong></span> <span class='ocrx_word' id='word_1_870' title='bbox 1861 2266 1868 2284; x_wconf 90' lang='lat'>:</span> 
     </span>
    </p>
   </div>
   <div class='ocr_carea' id='block_1_108' title="bbox 1078 2304 1870 2339">
    <p class='ocr_par' dir='ltr' id='par_1_108' title="bbox 1078 2304 1870 2339">
     <span class='ocr_line' id='line_1_108' title="bbox 1078 2304 1870 2339; baseline -0.009 -2"><span class='ocrx_word' id='word_1_871' title='bbox 1078 2309 1160 2337; x_wconf 88' lang='lat' dir='ltr'><strong>verba</strong></span> <span class='ocrx_word' id='word_1_872' title='bbox 1172 2307 1283 2336; x_wconf 83' lang='lat' dir='ltr'><strong>Joannis</strong></span> <span class='ocrx_word' id='word_1_873' title='bbox 1298 2312 1451 2333; x_wconf 88' lang='lat' dir='ltr'><strong>memorans</strong></span> <span class='ocrx_word' id='word_1_874' title='bbox 1465 2304 1577 2332; x_wconf 74' lang='lat' dir='ltr'><strong>isthmc:</strong></span> <span class='ocrx_word' id='word_1_875' title='bbox 1595 2304 1644 2337; x_wconf 78' lang='lat' dir='ltr'><strong>Qui</strong></span> <span class='ocrx_word' id='word_1_876' title='bbox 1663 2304 1736 2331; x_wconf 76' lang='lat' dir='ltr'><strong>habet</strong></span> <span class='ocrx_word' id='word_1_877' title='bbox 1752 2312 1870 2339; x_wconf 80' lang='lat' dir='ltr'><strong>sponsam</strong></span> 
     </span>
    </p>
   </div>
   <div class='ocr_carea' id='block_1_109' title="bbox 1078 2350 1869 2390">
    <p class='ocr_par' dir='ltr' id='par_1_109' title="bbox 1078 2350 1869 2390">
     <span class='ocr_line' id='line_1_109' title="bbox 1078 2350 1869 2390; baseline -0.01 -7"><span class='ocrx_word' id='word_1_878' title='bbox 1078 2363 1186 2390; x_wconf 82' lang='lat' dir='ltr'><strong>sponsus</strong></span> <span class='ocrx_word' id='word_1_879' title='bbox 1196 2357 1233 2381; x_wconf 85' lang='lat' dir='ltr'><strong>est</strong></span> <span class='ocrx_word' id='word_1_880' title='bbox 1247 2361 1258 2380; x_wconf 88' lang='lat'><em>:</em></span> <span class='ocrx_word' id='word_1_881' title='bbox 1270 2352 1367 2380; x_wconf 87' lang='lat' dir='ltr'><strong>amicus</strong></span> <span class='ocrx_word' id='word_1_882' title='bbox 1379 2355 1463 2378; x_wconf 81' lang='lat' dir='ltr'><strong>autent</strong></span> <span class='ocrx_word' id='word_1_883' title='bbox 1476 2351 1579 2385; x_wconf 87' lang='lat' dir='ltr'><strong>sponsi,</strong></span> <span class='ocrx_word' id='word_1_884' title='bbox 1595 2354 1631 2377; x_wconf 87' lang='lat' dir='ltr'><strong>est</strong></span> <span class='ocrx_word' id='word_1_885' title='bbox 1650 2350 1694 2385; x_wconf 74' lang='lat' dir='ltr'><strong>qui</strong></span> <span class='ocrx_word' id='word_1_886' title='bbox 1705 2353 1756 2376; x_wconf 75' lang='lat' dir='ltr'><strong>stat</strong></span> <span class='ocrx_word' id='word_1_887' title='bbox 1765 2357 1776 2376; x_wconf 88' lang='lat'><strong><em>:</em></strong></span> <span class='ocrx_word' id='word_1_888' title='bbox 1789 2354 1813 2376; x_wconf 81' lang='lat' dir='ltr'><strong>et</strong></span> <span class='ocrx_word' id='word_1_889' title='bbox 1822 2358 1869 2376; x_wconf 89' lang='lat' dir='ltr'><strong>au-</strong></span> 
     </span>
    </p>
   </div>
   <div class='ocr_carea' id='block_1_110' title="bbox 1079 2395 1870 2435">
    <p class='ocr_par' dir='ltr' id='par_1_110' title="bbox 1079 2395 1870 2435">
     <span class='ocr_line' id='line_1_110' title="bbox 1079 2395 1870 2435; baseline -0.009 -6"><span class='ocrx_word' id='word_1_890' title='bbox 1079 2402 1149 2428; x_wconf 87' lang='lat' dir='ltr'><strong>diens</strong></span> <span class='ocrx_word' id='word_1_891' title='bbox 1159 2408 1226 2434; x_wconf 87' lang='lat' dir='ltr'><strong>eum,</strong></span> <span class='ocrx_word' id='word_1_892' title='bbox 1240 2399 1334 2435; x_wconf 83' lang='lat' dir='ltr'><strong>gaudio</strong></span> <span class='ocrx_word' id='word_1_893' title='bbox 1357 2398 1451 2433; x_wconf 83' lang='lat' dir='ltr'><strong>gaudet</strong></span> <span class='ocrx_word' id='word_1_894' title='bbox 1465 2401 1565 2432; x_wconf 85' lang='lat' dir='ltr'><strong>propter</strong></span> <span class='ocrx_word' id='word_1_895' title='bbox 1579 2404 1666 2423; x_wconf 81' lang='lat' dir='ltr'><strong>vocem</strong></span> <span class='ocrx_word' id='word_1_896' title='bbox 1684 2396 1780 2431; x_wconf 79' lang='lat' dir='ltr'><strong>sponsi.</strong></span> <span class='ocrx_word' id='word_1_897' title='bbox 1794 2395 1870 2429; x_wconf 86' lang='lat' dir='ltr'><strong>Quod</strong></span> 
     </span>
    </p>
   </div>
   <div class='ocr_carea' id='block_1_111' title="bbox 1079 2442 1869 2480">
    <p class='ocr_par' dir='ltr' id='par_1_111' title="bbox 1079 2442 1869 2480">
     <span class='ocr_line' id='line_1_111' title="bbox 1079 2442 1869 2480; baseline -0.006 -5"><span class='ocrx_word' id='word_1_898' title='bbox 1079 2453 1168 2475; x_wconf 91' lang='lat' dir='ltr'><strong>autem</strong></span> <span class='ocrx_word' id='word_1_899' title='bbox 1184 2447 1259 2479; x_wconf 86' lang='lat' dir='ltr'><strong>dicit,</strong></span> <span class='ocrx_word' id='word_1_900' title='bbox 1275 2445 1426 2480; x_wconf 88' lang='lat' dir='ltr'><strong>hujusmodi</strong></span> <span class='ocrx_word' id='word_1_901' title='bbox 1441 2449 1483 2472; x_wconf 88' lang='lat' dir='ltr'><strong>est</strong></span> <span class='ocrx_word' id='word_1_902' title='bbox 1499 2452 1506 2471; x_wconf 91' lang='lat'><strong>:</strong></span> <span class='ocrx_word' id='word_1_903' title='bbox 1522 2444 1645 2471; x_wconf 69' lang='lat' dir='ltr'><strong>Prmsens</strong></span> <span class='ocrx_word' id='word_1_904' title='bbox 1661 2447 1767 2478; x_wconf 86' lang='lat' dir='ltr'><strong>tempus</strong></span> <span class='ocrx_word' id='word_1_905' title='bbox 1782 2442 1869 2478; x_wconf 76' lang='lat' dir='ltr'><strong>gaudii</strong></span> 
     </span>
    </p>
   </div>
   <div class='ocr_carea' id='block_1_112' title="bbox 1080 2489 1871 2527">
    <p class='ocr_par' dir='ltr' id='par_1_112' title="bbox 1080 2489 1871 2527">
     <span class='ocr_line' id='line_1_112' title="bbox 1080 2489 1871 2527; baseline -0.009 -4"><span class='ocrx_word' id='word_1_906' title='bbox 1080 2500 1107 2524; x_wconf 90' lang='lat' dir='ltr'><strong>et</strong></span> <span class='ocrx_word' id='word_1_907' title='bbox 1119 2494 1217 2522; x_wconf 78' lang='lat' dir='ltr'><strong>laetitiae</strong></span> <span class='ocrx_word' id='word_1_908' title='bbox 1231 2497 1281 2521; x_wconf 89' lang='lat' dir='ltr'><strong>est.</strong></span> <span class='ocrx_word' id='word_1_909' title='bbox 1296 2493 1334 2520; x_wconf 88' lang='lat' dir='ltr'><strong>Ne</strong></span> <span class='ocrx_word' id='word_1_910' title='bbox 1344 2492 1434 2527; x_wconf 87' lang='lat' dir='ltr'><strong>itaque</strong></span> <span class='ocrx_word' id='word_1_911' title='bbox 1447 2490 1530 2518; x_wconf 87' lang='lat' dir='ltr'><strong>tristia</strong></span> <span class='ocrx_word' id='word_1_912' title='bbox 1539 2490 1660 2517; x_wconf 88' lang='lat' dir='ltr'><strong>inducas.</strong></span> <span class='ocrx_word' id='word_1_913' title='bbox 1669 2489 1766 2517; x_wconf 87' lang='lat' dir='ltr'><strong>Tristis</strong></span> <span class='ocrx_word' id='word_1_914' title='bbox 1773 2489 1871 2525; x_wconf 80' lang='lat' dir='ltr'><strong>quippe</strong></span> 
     </span>
    </p>
   </div>
   <div class='ocr_carea' id='block_1_113' title="bbox 1080 2535 1869 2575">
    <p class='ocr_par' dir='ltr' id='par_1_113' title="bbox 1080 2535 1869 2575">
     <span class='ocr_line' id='line_1_113' title="bbox 1080 2535 1869 2575; baseline -0.008 -7"><span class='ocrx_word' id='word_1_915' title='bbox 1080 2549 1124 2568; x_wconf 85' lang='lat' dir='ltr'><strong>res</strong></span> <span class='ocrx_word' id='word_1_916' title='bbox 1138 2544 1180 2568; x_wconf 90' lang='lat' dir='ltr'><strong>est</strong></span> <span class='ocrx_word' id='word_1_917' title='bbox 1187 2539 1329 2575; x_wconf 90' lang='lat' dir='ltr'><strong>jejunium,</strong></span> <span class='ocrx_word' id='word_1_918' title='bbox 1346 2546 1399 2565; x_wconf 92' lang='lat' dir='ltr'><strong>non</strong></span> <span class='ocrx_word' id='word_1_919' title='bbox 1414 2541 1509 2565; x_wconf 88' lang='lat' dir='ltr'><strong>natura</strong></span> <span class='ocrx_word' id='word_1_920' title='bbox 1521 2543 1580 2569; x_wconf 89' lang='lat' dir='ltr'><strong>sua,</strong></span> <span class='ocrx_word' id='word_1_921' title='bbox 1591 2535 1638 2563; x_wconf 86' lang='lat' dir='ltr'><strong>sed</strong></span> <span class='ocrx_word' id='word_1_922' title='bbox 1651 2535 1703 2563; x_wconf 91' lang='lat' dir='ltr'><strong>illis</strong></span> <span class='ocrx_word' id='word_1_923' title='bbox 1711 2540 1813 2563; x_wconf 85' lang='lat' dir='ltr'><strong>tantum</strong></span> <span class='ocrx_word' id='word_1_924' title='bbox 1825 2535 1869 2570; x_wconf 86' lang='lat' dir='ltr'><strong>qui</strong></span> 
     </span>
    </p>
   </div>
   <div class='ocr_carea' id='block_1_114' title="bbox 1079 2581 1868 2618">
    <p class='ocr_par' dir='ltr' id='par_1_114' title="bbox 1079 2581 1868 2618">
     <span class='ocr_line' id='line_1_114' title="bbox 1079 2581 1868 2618; baseline -0.009 -3"><span class='ocrx_word' id='word_1_925' title='bbox 1079 2587 1211 2615; x_wconf 86' lang='lat' dir='ltr'><strong>infirmius</strong></span> <span class='ocrx_word' id='word_1_926' title='bbox 1220 2585 1306 2614; x_wconf 74' lang='lat' dir='ltr'><strong>affecti</strong></span> <span class='ocrx_word' id='word_1_927' title='bbox 1323 2588 1401 2617; x_wconf 87' lang='lat' dir='ltr'><strong>sunt;</strong></span> <span class='ocrx_word' id='word_1_928' title='bbox 1419 2587 1447 2611; x_wconf 89' lang='lat' dir='ltr'><strong>at</strong></span> <span class='ocrx_word' id='word_1_929' title='bbox 1459 2583 1491 2611; x_wconf 89' lang='lat' dir='ltr'><strong>iis</strong></span> <span class='ocrx_word' id='word_1_930' title='bbox 1505 2582 1549 2618; x_wconf 91' lang='lat' dir='ltr'><strong>qui</strong></span> <span class='ocrx_word' id='word_1_931' title='bbox 1563 2581 1746 2617; x_wconf 85' lang='lat' dir='ltr'><strong>philosophari</strong></span> <span class='ocrx_word' id='word_1_932' title='bbox 1758 2581 1868 2614; x_wconf 80' lang='lat' dir='ltr'><strong>volunt,</strong></span> 
     </span>
    </p>
   </div>
   <div class='ocr_carea' id='block_1_115' title="bbox 1080 2627 1869 2662">
    <p class='ocr_par' dir='ltr' id='par_1_115' title="bbox 1080 2627 1869 2662">
     <span class='ocr_line' id='line_1_115' title="bbox 1080 2627 1869 2662; baseline -0.01 0"><span class='ocrx_word' id='word_1_933' title='bbox 1080 2642 1123 2662; x_wconf 89' lang='lat' dir='ltr'><strong>res</strong></span> <span class='ocrx_word' id='word_1_934' title='bbox 1137 2632 1281 2662; x_wconf 90' lang='lat' dir='ltr'><strong>admodum</strong></span> <span class='ocrx_word' id='word_1_935' title='bbox 1301 2631 1386 2659; x_wconf 89' lang='lat' dir='ltr'><strong>dulcis</strong></span> <span class='ocrx_word' id='word_1_936' title='bbox 1405 2635 1447 2658; x_wconf 88' lang='lat' dir='ltr'><strong>est</strong></span> <span class='ocrx_word' id='word_1_937' title='bbox 1466 2634 1494 2657; x_wconf 89' lang='lat' dir='ltr'><strong>et</strong></span> <span class='ocrx_word' id='word_1_938' title='bbox 1514 2628 1708 2657; x_wconf 85' lang='lat' dir='ltr'><strong>desiderabilis.</strong></span> <span class='ocrx_word' id='word_1_939' title='bbox 1732 2627 1869 2662; x_wconf 89' lang='lat' dir='ltr'><strong>Quemad-</strong></span> 
     </span>
    </p>
   </div>
   <div class='ocr_carea' id='block_1_116' title="bbox 1079 2674 1869 2713">
    <p class='ocr_par' dir='ltr' id='par_1_116' title="bbox 1079 2674 1869 2713">
     <span class='ocr_line' id='line_1_116' title="bbox 1079 2674 1869 2713; baseline -0.009 -5"><span class='ocrx_word' id='word_1_940' title='bbox 1079 2680 1188 2708; x_wconf 91' lang='lat' dir='ltr'><strong>modum</strong></span> <span class='ocrx_word' id='word_1_941' title='bbox 1200 2679 1273 2708; x_wconf 86' lang='lat' dir='ltr'><strong>cnim</strong></span> <span class='ocrx_word' id='word_1_942' title='bbox 1284 2684 1397 2713; x_wconf 86' lang='lat' dir='ltr'><strong>corpore</strong></span> <span class='ocrx_word' id='word_1_943' title='bbox 1407 2677 1476 2704; x_wconf 89' lang='lat' dir='ltr'><strong>bene</strong></span> <span class='ocrx_word' id='word_1_944' title='bbox 1486 2675 1601 2708; x_wconf 90' lang='lat' dir='ltr'><strong>valente,</strong></span> <span class='ocrx_word' id='word_1_945' title='bbox 1616 2674 1699 2702; x_wconf 88' lang='lat' dir='ltr'><strong>multa</strong></span> <span class='ocrx_word' id='word_1_946' title='bbox 1709 2674 1800 2702; x_wconf 61' lang='lat' dir='ltr'><strong>laetitia</strong></span> <span class='ocrx_word' id='word_1_947' title='bbox 1812 2678 1869 2702; x_wconf 85' lang='lat' dir='ltr'><strong>est:</strong></span> 
     </span>
    </p>
   </div>
   <div class='ocr_carea' id='block_1_117' title="bbox 1080 2720 1869 2757">
    <p class='ocr_par' dir='ltr' id='par_1_117' title="bbox 1080 2720 1869 2757">
     <span class='ocr_line' id='line_1_117' title="bbox 1080 2720 1869 2757; baseline -0.008 -3"><span class='ocrx_word' id='word_1_948' title='bbox 1080 2727 1120 2755; x_wconf 89' lang='lat' dir='ltr'><strong>sic</strong></span> <span class='ocrx_word' id='word_1_949' title='bbox 1131 2726 1219 2753; x_wconf 85' lang='lat' dir='ltr'><strong>anima</strong></span> <span class='ocrx_word' id='word_1_950' title='bbox 1234 2725 1302 2752; x_wconf 87' lang='lat' dir='ltr'><strong>bene</strong></span> <span class='ocrx_word' id='word_1_951' title='bbox 1313 2723 1405 2751; x_wconf 79' lang='lat' dir='ltr'><strong>aﬂ‘ecta</strong></span> <span class='ocrx_word' id='word_1_952' title='bbox 1416 2743 1424 2756; x_wconf 83' lang='lat'><strong>,</strong></span> <span class='ocrx_word' id='word_1_953' title='bbox 1443 2722 1528 2757; x_wconf 86' lang='lat' dir='ltr'><strong>major</strong></span> <span class='ocrx_word' id='word_1_954' title='bbox 1543 2725 1586 2749; x_wconf 91' lang='lat' dir='ltr'><strong>est</strong></span> <span class='ocrx_word' id='word_1_955' title='bbox 1610 2721 1742 2756; x_wconf 89' lang='lat' dir='ltr'><strong>voluptas.</strong></span> <span class='ocrx_word' id='word_1_956' title='bbox 1762 2720 1814 2749; x_wconf 90' lang='lat' dir='ltr'><strong>Sed</strong></span> <span class='ocrx_word' id='word_1_957' title='bbox 1836 2720 1869 2748; x_wconf 87' lang='lat' dir='ltr'><strong>ad</strong></span> 
     </span>
    </p>
   </div>
   <div class='ocr_carea' id='block_1_118' title="bbox 1080 2767 1869 2804">
    <p class='ocr_par' dir='ltr' id='par_1_118' title="bbox 1080 2767 1869 2804">
     <span class='ocr_line' id='line_1_118' title="bbox 1080 2767 1869 2804; baseline -0.008 -4"><span class='ocrx_word' id='word_1_958' title='bbox 1080 2773 1186 2800; x_wconf 88' lang='lat' dir='ltr'><strong>illorum</strong></span> <span class='ocrx_word' id='word_1_959' title='bbox 1201 2775 1317 2799; x_wconf 85' lang='lat' dir='ltr'><strong>mentem</strong></span> <span class='ocrx_word' id='word_1_960' title='bbox 1332 2770 1390 2797; x_wconf 75' lang='lat' dir='ltr'><strong>hzec</strong></span> <span class='ocrx_word' id='word_1_961' title='bbox 1404 2768 1553 2804; x_wconf 85' lang='lat' dir='ltr'><strong>respondit.</strong></span> <span class='ocrx_word' id='word_1_962' title='bbox 1569 2768 1615 2796; x_wconf 90' lang='lat' dir='ltr'><strong>Sic</strong></span> <span class='ocrx_word' id='word_1_963' title='bbox 1624 2772 1652 2795; x_wconf 91' lang='lat' dir='ltr'><strong>et</strong></span> <span class='ocrx_word' id='word_1_964' title='bbox 1661 2767 1742 2795; x_wconf 81' lang='lat' dir='ltr'><strong>Isaias</strong></span> <span class='ocrx_word' id='word_1_965' title='bbox 1751 2767 1785 2795; x_wconf 88' lang='lat' dir='ltr'><strong>de</strong></span> <span class='ocrx_word' id='word_1_966' title='bbox 1796 2767 1869 2802; x_wconf 83' lang='lat' dir='ltr'><strong>jeju-</strong></span> 
     </span>
    </p>
   </div>
   <div class='ocr_carea' id='block_1_119' title="bbox 1080 2812 1867 2853">
    <p class='ocr_par' dir='ltr' id='par_1_119' title="bbox 1080 2812 1867 2853">
     <span class='ocr_line' id='line_1_119' title="bbox 1080 2812 1867 2853; baseline -0.008 -7"><span class='ocrx_word' id='word_1_967' title='bbox 1080 2819 1126 2846; x_wconf 88' lang='lat' dir='ltr'><strong>nio</strong></span> <span class='ocrx_word' id='word_1_968' title='bbox 1139 2819 1260 2853; x_wconf 87' lang='lat' dir='ltr'><strong>loquens,</strong></span> <span class='ocrx_word' id='word_1_969' title='bbox 1275 2816 1454 2844; x_wconf 87' lang='lat' dir='ltr'><strong>humilitatem</strong></span> <span class='ocrx_word' id='word_1_970' title='bbox 1469 2814 1550 2842; x_wconf 89' lang='lat' dir='ltr'><strong>animi</strong></span> <span class='ocrx_word' id='word_1_971' title='bbox 1565 2818 1642 2842; x_wconf 84' lang='lat' dir='ltr'><strong>vocat</strong></span> <span class='ocrx_word' id='word_1_972' title='bbox 1656 2812 1720 2842; x_wconf 88' lang='lat' dir='ltr'><strong>illud</strong></span> <span class='ocrx_word' id='word_1_973' title='bbox 1735 2813 1812 2850; x_wconf 82' lang='lat' dir='ltr'><strong>(lsui.</strong></span> <span class='ocrx_word' id='word_1_974' title='bbox 1822 2813 1867 2841; x_wconf 74' lang='lat'><strong>58.</strong></span> 
     </span>
    </p>
   </div>
   <div class='ocr_carea' id='block_1_120' title="bbox 1078 2858 1659 2900">
    <p class='ocr_par' dir='ltr' id='par_1_120' title="bbox 1078 2858 1659 2900">
     <span class='ocr_line' id='line_1_120' title="bbox 1078 2858 1659 2900; baseline -0.014 -8"><span class='ocrx_word' id='word_1_975' title='bbox 1078 2861 1108 2900; x_wconf 80' lang='grc'><strong>5)</strong></span> <span class='ocrx_word' id='word_1_976' title='bbox 1124 2867 1171 2891; x_wconf 86' lang='lat' dir='ltr'><strong>:et</strong></span> <span class='ocrx_word' id='word_1_977' title='bbox 1185 2862 1290 2898; x_wconf 80' lang='lat' dir='ltr'><strong>Moyses</strong></span> <span class='ocrx_word' id='word_1_978' title='bbox 1302 2859 1426 2889; x_wconf 86' lang='lat' dir='ltr'><strong>similiter</strong></span> <span class='ocrx_word' id='word_1_979' title='bbox 1438 2858 1532 2896; x_wconf 85' lang='lat' dir='ltr'><strong>(Num.</strong></span> <span class='ocrx_word' id='word_1_980' title='bbox 1547 2858 1592 2888; x_wconf 76' lang='lat'><strong>50.</strong></span> <span class='ocrx_word' id='word_1_981' title='bbox 1605 2858 1659 2894; x_wconf 83' lang='lat' dir='ltr'><strong>M).</strong></span> 
     </span>
    </p>
   </div>
  </div>
