2067 3134
197 171 250 201 567

235 233 262 260 Δ.
282 232 372 267 Ncqne
384 231 446 259 hinc
461 218 563 259 tantum
579 230 638 258 illos
651 230 773 264 reprimit
794 229 932 260 Dominus,
944 227 991 254 scd

199 278 305 306 aliunde
317 278 398 306 etiam
412 277 454 304 his
466 276 555 304 verbis
571 285 578 304 :
598 275 701 303 Veniant
711 275 782 308 dies,
794 275 897 310 quando
920 275 993 309 aufe-

197 331 266 352 retur
275 324 306 351 ab
318 324 354 351 eis
366 331 485 358 sponsas,
497 322 753 356 ettuncjejunabunt.
767 320 812 347 His
818 320 891 347 enim
901 324 992 346 osten-

197 372 237 398 dd.
250 378 303 398 non
322 370 392 406 gulte
413 376 491 397 causa
509 376 560 396 non
576 368 723 403 jejunasse,
749 366 796 394 sed
825 373 857 393 ex
876 366 990 401 quadam

197 417 397 452 dispensatione
417 415 530 443 mirabili
545 415 642 442 :siuull
659 421 721 441 vero
735 413 769 441 de
794 413 919 448 passione
942 420 989 439 sua

196 463 318 498 quaedam
333 463 489 498 pra-mittit.
515 466 544 490 et
563 462 615 489 illis
638 460 824 495 respomlendo
845 459 989 494 discipulos

198 509 348 536 instituitet
362 507 492 536 exercitat
506 508 532 535 in
549 506 721 534 meditatione
734 513 823 533 rerum
844 513 904 540 qua:
922 513 988 532 one-

197 563 266 583 roste
278 560 305 583 et
319 555 409 583 tristes
420 562 480 582 esse
502 554 672 581 videbantur.
695 552 751 580 lllis
768 551 839 580 enim
863 552 914 579 hoc
933 551 988 586 jam

195 602 286 630 dicere
301 601 443 630 molestum
458 600 570 632 fuisset,
585 598 800 635 quandoquidem
816 605 876 626 cum
896 602 987 632 postea

195 647 295 674 dictum
307 647 360 675 illis
374 647 431 679 fuit,
448 647 520 681 ipsos
540 645 709 673 conturbavit
724 653 730 671 :
746 652 806 672 cum
820 648 910 671 autem
928 643 988 671 aliis

194 693 337 726 diceretur,
350 693 439 720 minus
451 693 502 720 illis
512 699 656 720 onerosum
669 696 735 719 erat.
744 691 811 726 Quia
824 698 905 727 porro
918 691 988 718 veri-

195 739 284 768 simile
297 744 355 768 erat
366 739 428 767 illos
442 739 476 767 de
496 739 619 774 passione
640 738 753 767 Joannis
778 738 861 766 altum
879 746 985 773 sapere,

193 787 265 814 hunc
278 788 397 822 ipsorum
420 791 555 814 tumorem
578 785 641 813 inde
660 785 737 813 sedat
751 794 758 812 :
772 792 821 813 nec
838 789 928 813 tamen
952 785 986 812 dc

193 833 392 861 resurrectione
406 840 557 861 sermonem
571 832 685 864 inducit;
702 831 820 859 nondum
832 831 902 859 enim
920 835 986 858 teut-

193 887 242 914 pns
254 884 321 906 erat.
339 878 396 906 Hoc
410 879 508 913 quippe
519 878 664 906 secundum
678 882 800 904 naturam
817 882 892 909 erat,
913 877 984 912 quod

193 925 273 953 homo
293 933 353 952 cum
376 930 523 960 putaretur,
549 924 693 952 moriturus
717 929 807 956 esset;
835 924 898 951 illud
921 931 985 952 vero

190 978 269 1005 supra
283 976 416 997 naturam.
433 970 534 998 Deinde
548 969 574 997 id
588 970 657 1004 quod
672 975 733 996 ante
747 969 856 1003 fecerat,
869 969 911 997 hic
918 977 984 1005 quo-

189 1024 242 1051 que
255 1016 325 1043 iacit.
342 1015 571 1050 Quemadmodum
580 1024 651 1043 ennn
673 1023 733 1043 cuin
747 1021 909 1043 conarentur
922 1024 983 1043 eum

189 1061 294 1088 crimini
309 1060 455 1088 obnoxium
469 1061 623 1093 ostendere,
639 1061 710 1096 quod
724 1069 785 1088 cum
797 1061 983 1096 peccatoribus

188 1105 351 1138 comederet,
365 1106 529 1133 contrarium
555 1106 601 1133 ille
622 1106 754 1141 probavit,
774 1106 800 1133 id
813 1114 910 1141 nempe
928 1114 982 1134 non

187 1152 289 1179 crimen
303 1159 380 1184 esse,
395 1151 443 1179 sed
461 1151 642 1179 laudandum:
657 1151 696 1179 sic
716 1156 744 1179 et
768 1151 819 1179 hoc
841 1151 900 1179 loco
920 1159 980 1179 cum

187 1198 281 1225 volunt
294 1198 418 1233 probare,
435 1198 521 1232 ipsum
533 1205 586 1225 non
601 1199 639 1225 uti
660 1205 707 1232 par
725 1202 766 1226 est
780 1198 925 1233 discipulos
939 1199 981 1226 iu-

185 1245 307 1278 stitucre,
324 1244 442 1272 ostendit
453 1252 500 1272 eos
510 1245 555 1280 qui
571 1245 634 1273 illud
645 1246 775 1278 dicerent,
792 1246 915 1282 ignorare
927 1255 981 1282 quo

187 1295 264 1325 pacto
279 1290 455 1318 sectatoribus
470 1290 596 1318 utendum
612 1297 701 1325 esset,
725 1292 771 1320 sed
787 1297 887 1320 temere
899 1301 979 1321 accu-

185 1345 246 1364 sare
261 1345 267 1362 :
286 1337 328 1364 {6.
345 1335 440 1363 Nullus
453 1338 531 1371 enim,
552 1337 647 1373 inquit,
664 1339 775 1365 immittit
789 1340 979 1367 commissuram

185 1382 265 1415 panni
277 1382 334 1409 noui
348 1382 375 1409 in
384 1383 555 1410 vestimentum
564 1389 641 1410 velut.
650 1383 753 1411 Rursus
765 1392 781 1411 a
793 1385 979 1413 communibus

184 1427 314 1462 exemplis
324 1435 477 1456 sermonem
492 1429 644 1456 concinnat.
654 1430 730 1462 Quod
742 1434 830 1457 autem
841 1430 916 1463 dicit,
927 1431 979 1458 hu-

183 1473 299 1508 jnsmodi
312 1477 374 1501 est:
390 1473 513 1502 Nondum
534 1474 617 1502 fortes
639 1479 701 1502 sunt
720 1475 853 1511 discipuli,
869 1477 915 1504 sed
929 1477 978 1504 ad-

183 1519 236 1547 huc
261 1519 344 1547 multa
375 1525 454 1555 egent
488 1520 650 1556 indulgentia
666 1522 804 1548 :nondum
826 1523 898 1550 enim
928 1531 979 1558 per

183 1566 310 1600 Spiritum
325 1566 444 1593 renovati
454 1571 526 1594 sunt.
537 1567 580 1594 Sic
594 1572 683 1594 autem
693 1568 796 1596 affectis
807 1577 858 1596 non
871 1574 977 1604 oportet

182 1611 272 1645 gravia
295 1616 489 1646 prmceptorum
517 1619 598 1640 onera
624 1613 770 1648 imponere.
798 1614 862 1642 Hzec
885 1620 975 1643 autem

182 1657 297 1690 diccbat,
313 1657 386 1692 leges
400 1662 427 1685 et
441 1658 546 1693 regulas
561 1658 703 1694 imponens
715 1659 852 1695 discipulis
867 1661 933 1694 suis,
948 1665 976 1689 ut

182 1711 242 1730 cum
257 1703 295 1730 illi
319 1703 345 1731 in
365 1704 511 1740 discipulos
528 1705 680 1733 adscribth
703 1714 797 1735 omnes
811 1707 855 1743 qui
869 1708 895 1735 in
909 1708 975 1736 orbe

183 1753 313 1776 terrarum
333 1753 405 1781 sunt,
421 1757 481 1778 cum
497 1759 592 1786 magna
614 1751 673 1779 illos
691 1753 893 1781 mansuetudine
920 1759 974 1781 tra-

181 1801 265 1824 ctent.
282 1796 325 1823 i7.
342 1796 430 1832 Neque
450 1797 588 1825 immittunt
600 1799 685 1826 vinum
700 1807 791 1826 novum
805 1801 830 1827 in
845 1806 913 1828 utres
930 1809 973 1828 tte-

181 1849 254 1871 tcrt-s.
270 1843 363 1871 Viden‘
377 1844 501 1880 exempla
518 1845 543 1871 in
562 1846 645 1873 veteri
662 1847 718 1881 lege
733 1848 879 1882 usurpata?
894 1848 973 1875 vesti-

181 1895 311 1923 mentum,
325 1890 418 1917 utres?
437 1891 568 1918 .leremias
582 1892 708 1927 populum
726 1898 799 1919 vocnt
827 1894 971 1927 perirotua,

182 1936 299 1971 itemque
313 1941 386 1964 utres
402 1942 534 1975 memorat
555 1943 635 1973 atque
660 1939 750 1966 vinum
763 1940 771 1974 (
784 1938 839 1966 λεν.
866 1941 909 1967 15.
927 1941 971 1968 10.

181 1983 236 2018 12).
250 1983 316 2017 Quia
327 1983 399 2011 enim
413 1983 446 2012 de
459 1992 550 2012 mensa
560 1989 588 2012 et
599 1984 633 2012 de
653 1985 715 2020 gula
738 1992 829 2013 sermo
852 1991 926 2021 erat,
939 1994 973 2014 ex

181 2029 246 2063 ipsis
256 2030 379 2065 exempla
392 2030 518 2058 desumit.
534 2030 620 2058 Lucas
635 2030 710 2067 (Cap.
720 2031 747 2059 5.
755 2039 779 2058 υ.
790 2031 836 2068 '56)
849 2039 914 2060 vero
925 2033 973 2060 ali-

180 2075 242 2110 quid
255 2076 370 2110 amplius
384 2076 458 2109 dicit,
474 2084 572 2104 novum
587 2084 684 2112 nempe
698 2076 794 2109 scindi,
806 2077 828 2105 si
850 2077 914 2106 illud
927 2086 973 2106 ve-

181 2122 230 2148 teri
239 2120 370 2156 iunxeris.
388 2121 480 2150 Viden‘
489 2130 541 2150 non
557 2122 637 2150 modo
650 2123 748 2150 nullam
762 2123 914 2156 utilitatem,
924 2125 971 2152 sed

180 2167 265 2202 majus
277 2167 467 2195 detrimentum
478 2168 540 2196 hinc
550 2168 637 2196 oriri?
657 2169 690 2196 Et
704 2170 846 2204 prtesentia
863 2170 970 2206 quidem

180 2217 279 2245 narrat,
290 2213 377 2241 futura
391 2221 455 2242 vero
468 2214 606 2249 praadicit;
619 2222 716 2250 nempe
729 2215 788 2242 illos
802 2223 885 2244 novos
899 2220 972 2251 post-

182 2266 214 2285 ca
235 2259 338 2286 futuros
358 2267 437 2287 esse:
453 2264 481 2288 et
495 2265 638 2295 antequam
655 2260 680 2287 id
695 2261 819 2295 eveniat,
833 2261 897 2289 nihil
921 2269 971 2289 au-

179 2310 280 2333 sterum
294 2310 321 2333 et
330 2314 411 2342 grave
429 2307 494 2342 ipsis
516 2311 679 2342 praeceptum
705 2307 747 2334 iri.
763 2307 829 2335 Nam
845 2308 890 2343 qui
910 2313 972 2336 ante

180 2358 359 2387 Opportunum
375 2357 491 2388 tempus,
506 2352 602 2388 inquit,
623 2353 749 2381 sublimia
759 2353 885 2389 dogmata
904 2361 971 2382 con-

179 2399 289 2427 stituere
301 2400 406 2435 quaerit,
421 2407 470 2427 suo
481 2404 573 2434 postea
596 2403 716 2434 tempore
733 2407 787 2427 non
805 2399 916 2427 idoneos
929 2407 972 2428 re-

180 2445 274 2479 periet,
299 2445 370 2480 quod
396 2445 456 2472 illos
477 2445 561 2473 semel
589 2445 697 2473 inutiles
723 2445 877 2473 reddiderit.
903 2445 970 2473 Illud

180 2498 259 2524 porro
272 2498 324 2517 non
339 2499 371 2518 ex
387 2490 449 2518 vino
464 2490 594 2525 procedit,
610 2498 697 2526 neque
714 2499 747 2518 ex
760 2491 864 2518 utribus
878 2491 970 2518 vinum

178 2537 372 2572 excipientibus
383 2557 390 2570 ,
406 2537 453 2564 sed
466 2545 499 2564 ex
521 2545 614 2565 eorum
629 2537 673 2572 qui
688 2537 842 2564 infuderunt
859 2537 970 2565 festina-

179 2583 260 2610 tione.
275 2583 342 2610 liinc
358 2583 434 2611 nobis
448 2591 555 2611 causam
571 2581 690 2619 exponit,
699 2591 748 2611 cur
759 2583 820 2611 illos
830 2583 971 2618 alloquens

179 2630 322 2658 humilibus
336 2630 426 2657 verbis
447 2630 602 2665 frequenter
625 2635 756 2658 uteretur.
772 2631 838 2657 Nam
859 2636 972 2666 propter

178 2678 296 2712 ipsorum
312 2676 493 2704 inﬁrmitatem
509 2677 590 2705 multa
605 2677 711 2705 dicebat
733 2677 822 2704 minus
846 2677 969 2704 sublimia

177 2731 257 2758 quatn
269 2729 318 2756 pro
333 2729 379 2750 sua
394 2722 523 2758 dignitate
537 2731 544 2749 :
556 2723 626 2757 quod
649 2723 736 2758 ipsum
749 2729 856 2757 quoque
869 2721 970 2748 dixisse

177 2770 216 2796 sic
229 2769 309 2796 refert
320 2769 436 2797 Joannes
450 2778 456 2796 :
470 2769 553 2796 Multa
567 2769 645 2796 habeo
661 2769 729 2796 vobis
744 2769 826 2795 dicere
836 2789 845 2802 ,
864 2768 909 2795 sed
919 2775 969 2794 non

177 2815 279 2850 potestis
295 2820 396 2850 portare
408 2815 482 2842 modo
493 2815 582 2849 (Joan.
593 2815 636 2842 16.
647 2814 703 2850 ιε).
716 2814 754 2842 Ne
765 2817 887 2849 putarent
896 2813 968 2841 enim

178 2862 223 2890 illa
236 2862 321 2889 solum
337 2870 396 2890 esse
419 2870 479 2897 qua:
497 2861 574 2895 dixit,
595 2865 677 2897 utque
692 2861 743 2889 alia
765 2861 842 2896 longe
865 2860 965 2894 majora

551 171 581 200 S.
599 170 740 200 JOANNIS
758 168 998 199 CIIRYSOSTOMI
1018 169 1174 199 ΛῐυῖΙΙΙΕΡ.
1195 171 1464 203 ΩΟΝΞΤΛΝΠΝΟΡ.

1788 179 1839 207 568

1048 232 1136 254 monte
1149 228 1333 264 conciperent,
1358 230 1541 260 infirmitatem
1563 239 1656 260 eorum
1672 233 1699 261 in
1721 234 1838 262 medium

1045 273 1164 306 adduxit,
1183 275 1316 309 pollicitus
1331 284 1361 303 ea
1375 284 1405 304 se
1415 277 1558 310 dicturum,
1571 287 1631 306 cum
1643 279 1768 308 fortiores
1780 281 1837 309 fuc-

1044 319 1097 347 rint
1109 329 1117 348 :
1133 320 1159 348 id
1173 321 1243 356 quod
1254 321 1297 349 hic
1317 323 1397 350 etiam
1411 324 1475 352 dicit
1492 333 1498 351 :
1518 325 1620 353 Veniant
1633 326 1688 354 dies
1698 347 1706 360 ,
1719 335 1777 354 cum
1791 336 1836 354 au-

1043 368 1138 400 feretur
1149 366 1180 393 ab
1195 367 1230 394 eis
1243 376 1361 403 sponsus,
1386 374 1409 398 at
1430 375 1489 398 tum:
1506 371 1671 406 jejunabunt.
1692 372 1732 401 Ne
1748 373 1837 409 itaque

1043 419 1092 439 nos
1104 412 1193 439 omnia
1218 413 1252 441 ab
1266 415 1391 443 omnibus
1410 415 1436 443 in
1451 416 1584 452 principio
1607 418 1745 453 exigamus
1757 439 1764 452 ,
1787 420 1836 447 sed

1041 463 1139 492 quanta
1153 465 1264 494 possunt
1278 460 1345 494 fieri,
1357 466 1384 490 et
1396 462 1450 490 cito
1462 463 1639 498 procedemus
1650 465 1729 492 ultra.
1741 465 1768 492 Si
1788 473 1836 493 au~

1043 508 1095 530 lem
1111 506 1208 538 premis
1219 511 1245 533 et
1260 506 1385 538 festinas,
1405 507 1465 536 ideo
1483 516 1516 536 ne
1529 516 1635 544 premas
1645 530 1654 541 ,
1670 514 1699 537 ut
1712 509 1832 538 festines.

1040 549 1116 583 Quod
1130 550 1152 577 si
1167 550 1218 579 hoc
1234 552 1278 579 tibi
1290 553 1404 588 :cuigma
1419 553 1523 581 videtur
1532 562 1603 587 esse,
1617 555 1652 583 ab
1672 556 1725 591 ipsa
1742 564 1832 585 rerum

1041 600 1133 623 natura
1144 596 1226 630 disce,
1241 603 1269 626 et
1280 603 1341 627 tunc
1352 599 1415 627 dicti
1430 601 1483 627 vim
1494 608 1602 629 omnem
1618 603 1768 637 percipies:
1784 611 1833 631 ιιι-ιι

1040 646 1065 668 te
1080 649 1204 671 moveant
1223 645 1241 672 ii
1265 645 1309 680 qui
1336 645 1487 682 importune
1505 652 1646 680 accusant;
1661 656 1721 675 nam
1743 649 1786 677 hic
1805 654 1833 678 et

1039 688 1166 716 l‘harismi
1176 691 1344 723 accusabant,
1357 697 1383 718 et
1391 691 1528 727 discipulis
1543 693 1753 728 exprobrabant.

1074 736 1101 762 5.
1117 735 1261 764 Moderatio
1282 737 1376 765 Christi
1390 738 1416 765 in
1428 739 1487 766 aliis
1505 743 1528 766 et
1547 740 1674 775 prtecipuc
1694 740 1831 769 luxuriosis

1037 781 1182 809 mulieribus
1191 783 1364 816 emendandis,
1376 784 1684 813 imitanda.—Attamen
1698 787 1761 814 nihil
1783 788 1830 815 ho-

1036 835 1095 855 rum
1110 828 1246 856 Christum
1259 837 1274 857 a
1287 831 1418 858 sententia
1432 831 1563 865 dimovit,
1579 839 1668 868 neque
1682 833 1747 861 dixit
1763 834 1807 862 ille
1820 843 1827 862 :

1036 874 1126 903 Pudor
1137 880 1179 903 est
1199 875 1249 903 hos
1263 876 1385 911 jejunare
1399 882 1427 905 et
1445 877 1495 906 hos
1513 885 1566 906 non
1584 878 1717 914 jejunare.
1733 880 1784 908 Sed
1801 886 1829 908 ut

1034 922 1151 956 optimus
1163 922 1326 957 gubernator
1344 931 1397 951 non
1417 925 1558 953 commotis
1570 925 1705 960 ﬂuctibus,
1715 927 1762 954 sed
1778 928 1828 955 arti

1034 975 1090 995 sua:
1104 968 1220 996 intentus
1233 973 1275 997 est
1289 978 1296 996 :
1311 969 1346 996 ita
1362 974 1388 997 et
1407 969 1530 998 Christus
1551 976 1613 999 tunc
1633 971 1706 1000 fecit.
1722 973 1826 1000 Etenim

1035 1014 1120 1048 pudor
1129 1019 1198 1047 erat,
1212 1023 1264 1042 non
1288 1016 1358 1051 quod
1381 1016 1418 1044 illi
1435 1025 1486 1045 non
1501 1017 1664 1052 jejunarent,
1685 1019 1732 1046 sed
1755 1020 1827 1055 quod

1033 1065 1142 1094 propter
1160 1060 1291 1095 jejunium
1305 1062 1394 1090 letalia
1416 1063 1524 1090 vulnera
1540 1064 1703 1099 acciperent,
1724 1066 1824 1093 discin-

1031 1105 1168 1139 dcrentur,
1183 1106 1408 1142 dirumperentur.
1425 1109 1489 1142 Qua:
1505 1110 1585 1137 etiam
1607 1118 1657 1138 nos
1676 1112 1766 1139 animo
1783 1121 1825 1140 rc~

1032 1156 1165 1187 putantes,
1181 1153 1220 1181 sic
1234 1161 1297 1189 erga
1317 1160 1425 1182 nostros
1446 1163 1495 1182 nos
1516 1163 1650 1191 geramus.
1665 1157 1693 1185 Si
1712 1166 1825 1186 uxorem

1031 1197 1140 1232 habeas,
1156 1199 1305 1232 ornatibus,
1326 1199 1387 1228 fuco
1400 1205 1428 1228 et
1450 1201 1590 1237 pigmentis
1604 1202 1722 1231 deditam
1741 1208 1768 1232 et
1782 1204 1823 1232 his

1030 1244 1187 1277 inhiantem,
1201 1245 1303 1273 deliciis
1319 1246 1473 1274 affluentem
1484 1267 1491 1278 .
1508 1247 1658 1283 loquacem,
1674 1254 1702 1277 et
1714 1257 1824 1284 prorsus

1030 1290 1149 1318 inutilem
1162 1298 1169 1323 ;
1184 1298 1343 1326 quamquam
1354 1292 1462 1319 difficile
1476 1298 1517 1320 est
1528 1293 1554 1320 in
1568 1301 1619 1321 una
1636 1295 1748 1323 muliere
1765 1296 1822 1324 hmo

1028 1337 1117 1363 omnia
1130 1343 1308 1370 concurrere;
1330 1338 1460 1372 fingamus
1482 1343 1570 1366 tamen
1585 1347 1646 1367 esse
1661 1340 1751 1368 talem.
1768 1341 1823 1369 Sed

1027 1390 1086 1416 cur,
1103 1382 1217 1417 inquies,
1239 1383 1391 1415 mulierem,
1414 1391 1467 1411 non
1489 1384 1574 1412 virum
1593 1385 1735 1421 depingis?
1753 1387 1821 1415 Sunt

1026 1433 1099 1456 certe
1118 1429 1168 1456 viri
1192 1429 1344 1464 bujnsmodi
1366 1429 1481 1458 muliere
1504 1430 1662 1459 deteriores.
1685 1432 1738 1464 Sed
1759 1433 1820 1468 quia

1026 1475 1191 1510 gubernandi
1209 1475 1325 1503 officium
1347 1476 1411 1503 viris
1436 1476 1562 1504 traditum
1581 1482 1633 1511 est,
1654 1477 1698 1505 hic
1713 1479 1818 1506 interim

1026 1520 1166 1548 mulierem
1185 1521 1369 1549 describamus
1383 1531 1390 1548 :
1405 1530 1457 1550 non
1473 1523 1543 1557 quod
1559 1523 1585 1550 in
1609 1523 1714 1557 feminis
1733 1526 1819 1559 major

1025 1567 1059 1593 sit
1073 1567 1204 1600 nequitia:
1220 1567 1302 1593 multa
1316 1567 1414 1602 quippe
1428 1572 1455 1595 et
1468 1569 1538 1603 apud
1552 1569 1623 1596 viros
1636 1570 1753 1605 reperire
1764 1577 1816 1602 est,

1025 1617 1086 1644 qua:
1113 1611 1270 1639 mulieribus
1296 1619 1350 1640 non
1377 1620 1542 1650 competunt,
1570 1621 1599 1643 ut
1626 1618 1813 1650 homicidium,

1025 1655 1211 1689 sepulcrorum
1243 1656 1430 1692 eil'ossionem,
1462 1668 1523 1688 cum
1542 1660 1638 1689 belluis
1653 1668 1770 1696 pugnant
1791 1665 1811 1697 ί,

1024 1704 1051 1728 et
1079 1701 1162 1729 multa
1197 1702 1240 1730 his
1273 1703 1382 1732 similia.
1407 1704 1447 1733 Ne
1475 1706 1575 1741 putetis
1607 1715 1674 1743 ergo
1704 1716 1754 1736 nos
1778 1717 1812 1736 cx

1023 1755 1106 1776 sexus
1136 1749 1290 1784 huiusmodi
1312 1757 1468 1787 contemptu
1493 1753 1550 1781 haec
1574 1754 1650 1782 effari
1676 1764 1683 1783 :
1706 1757 1777 1784 absit
1797 1765 1812 1784 a

1018 1801 1078 1826 me;
1093 1794 1139 1822 sed
1153 1794 1186 1822 ad
1198 1802 1256 1823 rem
1276 1803 1347 1824 nunc
1365 1796 1441 1831 juvat
1458 1797 1546 1833 imago
1562 1798 1723 1832 bujusmodi.
1743 1799 1811 1834 Sup-

1017 1845 1131 1876 ponatur
1145 1848 1210 1876 ergo
1231 1842 1308 1870 nobis
1329 1843 1425 1871 mulier
1447 1843 1523 1877 talis,
1547 1845 1640 1880 virque
1661 1845 1718 1880 ejus
1737 1847 1812 1874 omni

1016 1886 1096 1914 modo
1110 1886 1216 1914 studeat
1229 1888 1312 1922 ipsam
1323 1888 1474 1916 emendare.
1485 1889 1625 1922 Quomodo
1638 1891 1810 1918 emendabili

1014 1931 1072 1959 Non
1086 1933 1177 1960 omnia
1191 1933 1270 1960 simul
1287 1934 1477 1969 praecipiendo,
1498 1935 1545 1962 sed
1566 1935 1665 1963 leviora
1682 1937 1805 1971 primunt,

1014 1979 1109 2014 quibus
1124 1979 1168 2007 illa
1180 1987 1232 2007 non
1244 1980 1356 2008 multum
1364 1986 1484 2016 angatur.
1497 1981 1562 2008 Nam
1577 1982 1599 2009 si
1614 1987 1697 2009 totum
1709 1991 1723 2009 a
1736 1983 1808 2018 prin-

1014 2025 1083 2059 cipio
1094 2025 1239 2053 emendare
1257 2025 1378 2059 festines,
1393 2031 1477 2054 totum
1494 2027 1599 2061 perdes.
1621 2027 1659 2055 Ne
1673 2036 1737 2064 ergo
1751 2034 1807 2057 sta-

1014 2073 1059 2099 tim
1075 2072 1100 2100 ei
1114 2079 1196 2100 aurea
1208 2077 1362 2100 ornamenta
1377 2073 1499 2106 auferas;
1510 2073 1556 2101 sed
1571 2073 1629 2102 Ιιςιιο
1643 2075 1748 2102 interitu
1761 2075 1808 2102 ha-

1012 2119 1083 2150 beat,
1101 2118 1186 2153 iisque
1198 2123 1288 2146 utatur
1309 2127 1315 2145 :
1332 2126 1392 2145 nam
1408 2119 1495 2147 minus
1511 2120 1608 2147 malum
1623 2120 1727 2148 videtur
1742 2121 1806 2149 illud

1011 2172 1081 2196 esse,
1097 2171 1177 2199 quam
1192 2164 1324 2199 pigmenta
1338 2168 1366 2191 et
1380 2163 1467 2191 fucus.
1487 2164 1533 2192 Illa
1551 2165 1666 2200 primum
1682 2166 1806 2194 auferan-

1012 2215 1064 2242 tur,
1079 2217 1131 2237 non
1143 2217 1177 2237 ex
1189 2209 1394 2237 comminatione
1404 2210 1444 2237 vel
1458 2210 1563 2243 timore,
1578 2211 1624 2239 sed
1636 2219 1668 2238 ex
1679 2212 1806 2240 suasione

1011 2260 1038 2283 et
1053 2255 1172 2289 lenitate,
1187 2262 1220 2282 ex
1235 2254 1405 2282 accusatione
1424 2255 1451 2282 in
1468 2255 1534 2283 alias
1548 2256 1674 2284 mulieres
1695 2257 1804 2292 injecta.

1011 2311 1044 2330 ex
1060 2302 1165 2337 propria
1190 2307 1235 2330 tua
1257 2301 1389 2329 sententia
1413 2306 1493 2337 atque
1513 2307 1602 2338 gustu.
1619 2303 1665 2330 Dic
1689 2303 1727 2330 illi
1748 2304 1804 2331 fre-

1010 2338 1146 2384 quenter‘:
1166 2348 1259 2376 Facies
1271 2356 1331 2375 cum
1349 2348 1394 2375 tali
1414 2353 1509 2376 ornatu
1531 2356 1584 2376 non
1606 2349 1727 2377 amabilis
1749 2355 1805 2383 estI

1011 2397 1064 2424 imo
1079 2396 1220 2430 injucunda
1237 2404 1244 2423 :
1264 2395 1356 2430 illique
1379 2395 1471 2428 suade,
1494 2395 1557 2422 ideo
1575 2395 1690 2423 maxime
1705 2396 1730 2423 id
1756 2396 1802 2423 tibi

1009 2442 1161 2476 displicere.
1176 2441 1238 2468 Post
1254 2446 1325 2468 tuam
1338 2446 1426 2468 autem
1440 2441 1603 2476 opinionem,
1612 2441 1723 2468 aliorum
1737 2449 1804 2476 quo-

1009 2497 1061 2524 que
1075 2488 1233 2516 sententiam
1253 2487 1339 2515 adduc
1353 2487 1379 2514 in
1394 2487 1523 2520 medium,
1538 2487 1645 2522 dieque,
1662 2487 1688 2515 id
1703 2488 1802 2515 fonne-

1009 2543 1053 2563 sas
1064 2535 1215 2563 deformare
1236 2535 1333 2566 solere,
1355 2540 1384 2561 ut
1408 2533 1531 2561 morbum
1550 2533 1585 2561 de
1604 2534 1692 2561 medio
1713 2535 1800 2562 tollas.

1010 2583 1080 2610 Nihil
1089 2581 1176 2609 adhuc
1190 2581 1224 2609 de
1238 2581 1358 2616 gehenna
1378 2580 1506 2614 loquaris,
1525 2579 1566 2607 vel
1580 2579 1614 2606 de
1627 2587 1727 2614 regno:
1741 2588 1801 2607 nam

1010 2628 1107 2656 frustra
1122 2627 1180 2654 hzcc
1195 2626 1306 2654 dixeris.
1320 2625 1454 2653 Persuade
1480 2625 1539 2659 ipsi,
1569 2625 1662 2660 majori
1687 2625 1732 2652 tibi
1756 2633 1803 2652 vo-

1010 2673 1102 2708 luptati
1116 2679 1187 2702 esse.
1199 2672 1221 2699 si
1238 2672 1293 2706 ipsa
1313 2671 1358 2698 Dei
1369 2678 1437 2706 opus
1450 2670 1548 2697 nudum
1567 2671 1691 2698 ostendat
1705 2679 1712 2696 :
1726 2670 1800 2697 illam

1009 2719 1080 2746 enim
1100 2726 1159 2753 quzc
1174 2718 1268 2745 faciem
1287 2717 1422 2752 perfricat,
1445 2715 1541 2749 tendit,
1561 2716 1688 2751 depingit,
1710 2717 1800 2743 multis

1009 2769 1061 2794 non
1083 2766 1226 2793 formosam
1248 2764 1343 2791 videri.
1368 2763 1486 2791 Primum
1509 2762 1694 2790 communibus
1719 2763 1799 2789 ratio-

1008 2812 1086 2840 ciniis
1098 2816 1122 2838 et
1135 2811 1253 2838 omnium
1272 2809 1381 2836 calculis
1396 2808 1517 2836 morbum
1537 2807 1645 2842 abigere
1667 2812 1757 2840 tenta;
1773 2811 1800 2834 et

1054 2860 1062 2876 ι
1075 2860 1122 2885 til‘r.
1138 2859 1223 2884 Adnul.
1237 2857 1359 2883 l-‘ridcrici
1373 2857 1444 2883 Field
1465 2858 1494 2882 ad
1504 2865 1560 2889 pag.
1572 2858 1627 2882 55L
