2067 3134
126 2413 129 2417 ’
177 2420 317 2447 τίποιυιιηι
331 2426 377 2447 ora
399 2421 643 2454 comprimerentur
668 2428 675 2446 :

195 106 245 136 369

197 170 335 200 postquam
345 163 416 191 illam
430 162 581 198 hujusmodi
597 163 686 191 verbis
700 163 873 195 cmolliveris,
885 162 929 190 illa
937 162 989 190 alia

195 210 290 245 adjice.
306 209 335 237 Si
350 209 434 237 semel
449 209 562 241 dixeris,
578 216 627 236 nec
640 209 773 241 suaseris,
791 207 919 242 secundo,
934 212 990 236 ter-

196 257 242 288 tio.
265 261 293 284 et
309 256 408 290 saepius
421 256 508 288 dicas;
532 255 588 282 lucc
602 260 724 290 repetere
740 262 773 282 ne
787 254 916 290 graveris,
934 261 987 281 non

193 303 285 331 odiosa
299 303 413 337 quadam
427 302 539 334 ratione,
554 302 602 330 sed
622 301 736 336 placide,
752 308 824 328 nunc
841 299 988 328 avertendo

194 355 230 383 te,
243 357 314 377 nunc
327 349 462 377 adulando
477 353 505 377 et
524 348 646 376 colendo.
672 348 766 375 Annon
781 347 856 376 vides
871 347 987 382 pictores

194 396 274 424 modo
287 395 388 425 delere.
406 395 486 422 modo
506 395 616 430 picturae
630 394 821 430 superaddere,
838 398 867 421 ut
886 393 987 421 formo-

193 449 248 469 sam
264 442 359 469 faciem
369 441 535 476 depingunt?
545 441 583 469 Ne
594 441 632 468 sis
644 448 709 476 ergo
722 440 809 468 minus
822 447 902 475 sagax
921 440 983 468 illis.

192 487 258 515 Nam
270 487 293 514 si
306 487 342 514 illi
353 487 476 522 corporis
491 487 632 522 imaginem
649 487 796 522 pingentes,
814 489 886 513 tanta
901 491 983 513 utun-

194 539 237 561 tur
251 533 407 568 diligentia:
420 534 503 561 multo
516 533 598 568 magis
611 540 660 560 nos
673 533 789 561 animant
802 532 981 566 eﬁ'ormanles,

191 587 297 607 omnem
312 580 461 608 machinam
477 587 584 607 movere
598 587 646 614 par
660 584 709 607 est.
724 578 789 606 Nam
800 579 822 607 si
836 579 914 613 hujus
926 579 985 606 ani-

188 633 241 652 mu:
255 625 349 653 faciem
367 625 478 661 pulchre
499 625 691 658 ell‘ormaveris,
707 632 759 652 non
773 624 875 652 videbis
888 631 984 659 corpo-

188 672 228 699 ris
247 672 423 700 deformatam
440 671 545 703 faciem,
567 679 620 699 non
639 671 772 699 rubricata
789 671 870 704 labia,
887 679 939 699 non
952 679 983 699 os

190 726 260 745 ursae
274 719 314 746 ori
325 722 464 746 cruentato
480 718 577 750 simile,
594 726 647 746 non
664 723 721 746 atra
740 718 891 753 supercilia,
907 719 981 753 quasi

187 772 222 792 ex
245 764 306 792 olla:
327 764 446 799 fuligine,
471 772 525 792 non
544 765 623 792 illitas
639 771 732 799 genas,
754 769 783 792 ut
798 764 980 800 sepulcrorum

189 811 314 846 parietes.
333 811 396 838 Huic
414 811 512 846 quippe
525 811 612 839 omnia
635 811 736 847 fuligo,
758 810 843 846 pulvis
862 815 890 838 et
902 811 980 845 ciuis,

189 857 353 892 extremique
367 857 470 885 fostoris
484 857 570 893 signa.

223 903 251 931 6.
276 902 374 930 Verum
398 903 490 930 nescio
512 910 566 938 quo
586 905 664 938 pacto
687 901 713 930 in
736 901 888 937 hujusmodi
900 902 980 930 verba

187 948 312 984 delapsus
326 948 387 982 sim,
403 952 431 976 et
440 948 503 976 dum
517 948 583 976 alios
600 947 692 975 hortor
706 951 735 975 ut
749 955 809 976 cuin
827 953 981 976 mansuetu-

187 996 250 1024 dine
269 998 414 1028 moneant,
437 995 465 1023 in
487 994 651 1023 iracundiam
675 994 732 1030 ipse
752 994 893 1022 devolutus
917 995 978 1021 sim.

189 1043 366 1070 Revertantur
392 1042 481 1077 itaque
511 1042 545 1069 ad
579 1041 712 1069 mitiorem
743 1041 978 1074 admonitionem,

186 1090 329 1124 omniaque
347 1089 463 1116 feramus
487 1088 626 1116 mulierum
648 1088 711 1116 vitia
724 1108 732 1121 ,
755 1093 786 1116 ut
807 1097 867 1123 qua:
887 1089 912 1115 in
929 1096 979 1123 op-

186 1135 247 1162 tatis
270 1139 333 1162 sunt
354 1134 533 1170 perﬁciamus.
553 1135 650 1162 Annon
671 1134 746 1162 vides
763 1134 896 1170 quomodo
917 1134 979 1162 feri-

186 1189 245 1209 mus
258 1181 372 1210 infantes
385 1181 520 1217 vagientes
533 1189 593 1209 cum
615 1189 631 1209 a
654 1189 768 1209 mamma
790 1186 853 1209 sunt
875 1181 979 1208 abstra-

187 1227 266 1255 hendi
283 1237 290 1255 :
306 1227 447 1263 omniaque
468 1228 627 1260 toleramus,
650 1227 683 1254 ad
710 1227 735 1255 id
755 1227 852 1260 soluto,
876 1231 905 1254 ut
926 1227 977 1255 illis

185 1274 343 1302 suadeamus
355 1274 470 1309 priorem
480 1273 618 1308 despicere
626 1273 764 1301 menSam?
775 1273 811 1300 lta
821 1278 848 1301 et
861 1281 930 1301 nunc
938 1273 977 1300 fa-

185 1320 286 1348 ciamus
299 1328 305 1346 :
322 1325 417 1347 caetera
430 1320 519 1347 omnia
535 1319 660 1352 feramus,
681 1324 710 1347 ut
726 1319 777 1347 hoc
790 1326 974 1355 assequamur.

184 1365 250 1393 Cum
265 1366 336 1392 enim
349 1365 413 1393 illud
424 1365 592 1393 emendatum
607 1364 696 1397 fuerit,
713 1365 783 1393 aliud
798 1369 870 1393 recte
882 1373 976 1400 proce-

184 1412 248 1439 dere
260 1412 377 1444 videbis,
392 1416 471 1447 atque
485 1411 518 1439 ad
538 1419 618 1439 aurea
633 1416 790 1439 ornamenta
804 1411 895 1439 venies
906 1432 914 1445 ,
927 1418 974 1439 eo-

183 1457 297 1492 demque
313 1457 394 1485 modo
406 1457 440 1485 de
453 1456 495 1485 his
512 1457 592 1485 etiam
605 1457 738 1492 loqueris:
750 1461 778 1485 et
789 1457 828 1485 sic
848 1457 973 1492 paulatim

183 1510 293 1531 uxorem
309 1505 473 1531 concinnans
482 1523 491 1537 ,
505 1502 558 1531 eris
570 1503 657 1539 pictor
667 1503 782 1538 optimus
793 1523 802 1536 ,
813 1503 899 1531 ﬁdelis
917 1511 976 1532 ser-

182 1554 247 1582 vus',
263 1549 378 1584 agricola
392 1554 525 1577 strenuus.
542 1548 606 1577 Post
620 1548 678 1576 haec
692 1554 780 1576 autem
792 1569 801 1583 ,
817 1549 843 1576 in
857 1555 973 1578 mentem

182 1595 232 1631 ipsi
243 1602 338 1623 revoca
352 1595 474 1630 antiquas
485 1595 545 1622 illas
552 1594 688 1628 mulieres,
697 1595 799 1627 Saram,
811 1595 971 1630 Rebeccam,

181 1641 312 1669 formosas
332 1645 359 1669 et
382 1640 535 1673 deformes,
558 1645 586 1669 et
606 1640 717 1668 ostende
738 1641 775 1668 illi
797 1649 891 1669 omnes
915 1642 973 1670 illas

181 1687 261 1715 fuisse
275 1691 452 1722 temperantes
461 1691 488 1715 et
501 1686 578 1723 frugi.
586 1686 651 1714 Nam
662 1686 708 1714 Lia
724 1687 880 1722 patriarclne
894 1695 970 1721 uxor,

179 1740 239 1760 cum
256 1731 372 1760 formosa
386 1740 438 1759 non
451 1737 539 1766 esset,
562 1740 697 1768 nunquam
712 1733 764 1761 tale
777 1733 911 1768 quidpiam
925 1742 972 1762 ex-

179 1777 315 1814 cogitavit,
326 1778 374 1806 sed
385 1778 513 1806 delormis
527 1786 587 1807 curn
601 1783 690 1812 esset,
706 1787 756 1807 nec
768 1780 880 1807 multum
895 1787 970 1807 ama-

179 1830 251 1852 retur
264 1832 279 1852 a
294 1825 352 1852 viro
361 1845 369 1858 ,
380 1825 446 1852 nihil
462 1825 613 1860 hujusmodi
626 1825 763 1859 adhibuit,
776 1833 863 1861 neque
874 1825 971 1854 faciem

178 1879 253 1898 suam
270 1871 392 1904 vitiavit,
407 1871 455 1899 sed
469 1871 567 1899 mansit
581 1872 682 1907 integra
704 1879 866 1901 conservans
887 1873 970 1901 linea-

179 1922 266 1944 menta
279 1938 286 1949 ,
301 1917 404 1945 etiamsi
417 1917 512 1945 fuisset
523 1925 538 1945 a
553 1917 696 1953 gentilibus
708 1918 829 1946 educata.
846 1918 885 1946 Tu
904 1926 970 1947 vero

178 1970 236 1998 qua:
251 1963 336 1991 fidelis
350 1971 394 1996 es,
406 1963 482 1998 cujus
494 1969 572 1998 caput
586 1963 718 1997 Christus,
732 1965 878 1992 satanicam
891 1965 968 1993 nobis

179 2010 328 2037 machinam
344 2009 469 2037 inducis?
484 2017 532 2037 nec
548 2010 697 2038 recordaris
713 2019 789 2046 aquae
805 2011 875 2040 illius
885 2033 893 2046 ,
909 2020 968 2048 qme

670 104 706 134 IN
725 104 929 134 MATTHAZUM
947 104 1064 133 llOMIL.
1084 105 1180 135 XXXI.
1201 107 1236 135 al.
1257 106 1365 136 XXXII.

1783 109 1837 139 370

1043 163 1118 191 faciei
1132 169 1183 192 tuae
1195 164 1353 193 circumfusa
1372 165 1442 198 fuit,
1455 165 1599 199 sacriﬁcii,
1615 166 1686 202 quod
1699 166 1768 195 labia
1790 173 1834 196 tua

1041 211 1160 244 ornavit,
1176 212 1312 247 sanguinis
1321 232 1328 245 ,
1343 212 1388 247 qui
1402 211 1518 248 linguam
1535 217 1606 241 tuam
1618 214 1790 241 cruentavit?
1804 214 1833 242 Si

1040 257 1112 285 enim
1128 257 1185 285 haec
1200 258 1288 286 omnia
1303 262 1390 286 tecum
1407 264 1556 293 reputarcs,
1569 260 1738 294 quantumvis
1751 267 1832 287 orna-

1040 303 1110 331 tibus
1124 303 1273 339 hujusmodi
1290 304 1379 332 dedita
1392 312 1466 332 esses
1478 325 1486 338 ,
1501 312 1554 332 non
1569 304 1683 333 auderes
1697 305 1831 340 pulverem

1039 349 1114 377 illum
1127 349 1297 385 cineremque
1312 350 1449 378 adhibere.
1464 350 1541 378 Disce
1560 354 1585 378 te
1598 350 1704 378 Christo
1717 351 1833 386 despon-

1038 401 1124 424 satam
1138 404 1207 430 esse,
1222 401 1247 424 et
1261 396 1313 424 hoc
1322 397 1439 424 dedecus
1452 403 1585 424 aversare.
1598 396 1691 431 Neque
1701 396 1772 424 enim
1786 397 1832 424 ille

1040 443 1134 471 talibus
1147 443 1296 471 delectatur
1306 443 1435 479 picturis;
1450 443 1496 470 sed
1509 443 1588 470 aliam
1608 443 1703 478 quaerit
1715 443 1832 477 pulchri-

1039 489 1156 517 tudinem
1169 509 1176 521 ,
1191 497 1270 524 quam
1292 489 1465 518 vehementer
1485 494 1572 522 amat,
1587 490 1683 517 anima:
1704 489 1829 517 decorem

1037 535 1107 562 dico.
1122 535 1198 563 Hunc
1211 540 1238 564 te
1251 536 1380 571 propheta
1397 543 1519 571 qutcrere
1533 535 1609 570 jubet
1623 534 1664 562 his
1678 535 1766 562 verbis
1777 544 1784 564 :
1795 534 1830 562 Et

1035 582 1194 616 concupiscet
1205 590 1250 609 rea;
1262 582 1375 609 decorem
1385 587 1455 609 tuum
1469 581 1553 618 (Ρεαι.
1566 581 1609 608 44.
1622 581 1677 614 12).
1690 581 1729 608 Ne
1741 581 1829 616 itaque

1035 627 1168 661 superflua
1188 633 1215 655 et
1234 627 1358 655 indecora
1378 635 1647 663 qumramuszneque
1668 627 1739 655 enim
1761 634 1829 661 opus

1036 672 1082 700 Dei
1097 672 1241 708 quodpiam
1258 673 1443 708 imperfectum
1466 677 1508 701 est
1519 694 1527 706 ,
1542 677 1571 700 ut
1585 677 1628 700 tua
1642 676 1719 707 egeat
1737 679 1828 700 corre-

1034 719 1132 746 ctione.
1141 718 1206 745 Nam
1217 719 1239 746 si
1250 719 1310 753 quis
1320 719 1497 753 imperatoriae
1506 718 1612 753 imagini
1623 723 1719 745 erectae
1727 717 1826 752 aliquid

1033 765 1067 793 dc
1080 773 1130 792 suo
1142 765 1258 801 adjicere
1271 769 1393 798 tentaret,
1409 772 1460 792 non
1477 769 1548 791 tutus
1562 769 1633 791 esset
1645 769 1766 795 conatus,
1779 763 1826 791 sed

1033 816 1153 840 extremo
1178 812 1296 847 periculo
1314 811 1382 839 foret
1400 811 1539 839 obnoxius.
1561 811 1640 846 Atqui
1661 811 1741 838 homo
1755 810 1825 837 illam

1032 864 1158 894 operatus
1170 863 1221 892 est,
1237 863 1263 886 et
1278 858 1344 886 nihil
1358 858 1451 893 adjicis
1467 867 1474 884 τ
1491 858 1534 885 hic
1550 866 1613 885 \ern
1629 858 1698 885 Deus
1710 863 1803 885 auctor
1815 877 1825 891 ,

1032 910 1059 932 et
1071 904 1219 932 emendas?
1231 903 1290 932 Non
1303 904 1404 939 cogitas
1416 903 1544 938 gehennae
1566 903 1673 938 ignem?
1694 910 1747 930 non
1769 903 1826 929 ani-

1032 958 1103 978 mam
1116 950 1289 986 neglectam?
1304 949 1366 978 Ideo
1380 957 1494 984 namque
1509 949 1554 976 illa
1566 949 1686 984 neglecta
1700 953 1752 982 est,
1763 948 1824 983 quia

1032 1003 1086 1026 tota
1106 1005 1170 1025 cura
1195 998 1220 1025 in
1241 1005 1350 1025 carnem
1370 996 1465 1024 collata
1488 996 1545 1023 fuit.
1561 996 1661 1031 Ecquid
1682 994 1717 1023 de
1736 995 1824 1022 anima

1032 1044 1147 1080 loquor?
1157 1043 1223 1071 Nam
1236 1043 1286 1079 ipsi
1305 1050 1411 1078 quoque
1424 1042 1499 1070 carni
1516 1042 1647 1070 contraria
1669 1041 1825 1076 contingunt

1031 1092 1064 1119 iis
1075 1099 1133 1126 qua:
1146 1097 1194 1118 vos
1207 1090 1315 1126 optatis.
1328 1089 1375 1117 llic
1387 1096 1452 1117 vero
1464 1088 1580 1116 attende.
1593 1088 1640 1116 Vis
1653 1088 1769 1115 formosa
1781 1095 1825 1122 ap~

1030 1138 1142 1173 parere?
1153 1138 1209 1165 Hoc
1223 1142 1248 1164 te
1263 1137 1409 1165 deformem
1424 1135 1550 1163 ostendit.
1563 1135 1610 1163 Vis
1628 1135 1732 1170 placere
1745 1134 1823 1161 viro?

1030 1184 1057 1212 ld
1071 1184 1146 1212 illum
1160 1191 1276 1210 mcerore
1291 1182 1370 1210 afficit
1383 1191 1391 1210 :
1402 1189 1434 1209 ac
1453 1189 1539 1216 neque
1559 1181 1633 1208 illum
1653 1180 1740 1208 Solum
1752 1199 1760 1213 ,
1775 1179 1822 1207 sed

1029 1235 1156 1259 externos
1178 1237 1273 1257 omnes
1293 1229 1340 1256 tibi
1365 1232 1535 1256 accusatores
1557 1227 1649 1255 eflicit.
1670 1226 1716 1254 Vis
1731 1225 1822 1261 junior

1028 1276 1169 1312 apparere?
1176 1276 1232 1304 Hoc
1240 1280 1266 1304 te
1273 1276 1350 1303 citius
1360 1275 1387 1303 in
1397 1278 1560 1303 senectutem
1569 1273 1707 1301 ducet.Vis
1718 1272 1822 1300 ornari?

1028 1323 1085 1352 Hoc
1092 1323 1269 1352 tibidedccori
1278 1327 1329 1349 est.
1338 1322 1405 1349 Nam
1414 1320 1564 1357 hujusmodi
1572 1320 1727 1348 muliernon
1733 1326 1821 1354 aequa-

1028 1371 1067 1399 les
1078 1370 1167 1404 modo,
1180 1370 1228 1398 sed
1241 1370 1352 1397 ancillas
1364 1369 1486 1397 conscias
1500 1372 1527 1396 et
1535 1367 1696 1396 domesticos
1705 1367 1820 1394 scientes

1027 1417 1128 1452 pudore
1140 1417 1237 1449 afﬁcit;
1255 1416 1391 1451 multoque
1405 1415 1488 1450 magis
1501 1415 1627 1449 seipsam.
1638 1412 1692 1441 Sed
1701 1420 1750 1440 cur
1763 1412 1820 1439 ha-c

1026 1462 1134 1490 dicam?
1146 1462 1213 1490 Nam
1226 1462 1297 1498 quod
1308 1461 1427 1489 omnium
1442 1461 1626 1496 gravissimum
1646 1464 1687 1486 est
1705 1462 1819 1494 praetcr-

1026 1508 1104 1536 misi:
1114 1513 1140 1536 te
1150 1516 1246 1543 nempe
1259 1508 1342 1536 Deum
1355 1506 1501 1538 offendere,
1512 1506 1661 1533 castitatem
1674 1503 1818 1535 suffodere.

1026 1554 1164 1590 zelotypiaa
1181 1554 1302 1582 ﬂammas
1321 1552 1479 1584 accendere,
1492 1552 1632 1587 prostituta
1645 1550 1696 1578 sub
1718 1549 1819 1590 fornice

1025 1607 1112 1629 scarta
1123 1600 1231 1628 imitari.
1243 1600 1305 1628 llaec
1315 1601 1402 1635 itaque
1411 1599 1500 1627 omnia
1508 1598 1664 1634 cogitantes,
1673 1597 1817 1625 satanieam

1025 1655 1148 1682 pompam
1158 1667 1166 1680 ,
1179 1646 1390 1681 diabolicamque
1400 1650 1485 1673 artem
1499 1644 1660 1672 contemnite
1669 1663 1676 1675 ,
1691 1643 1817 1671 dimisso-

1024 1701 1076 1728 que
1092 1693 1138 1720 illo
1152 1697 1246 1720 ornatu
1257 1712 1265 1725 ,
1280 1692 1333 1719 into
1348 1691 1490 1724 dedecore,
1507 1689 1731 1726 pulchritudinem
1746 1689 1818 1716 illam

1024 1739 1051 1767 in
1066 1738 1206 1766 animabus
1218 1738 1315 1765 vestris
1329 1742 1456 1772 apparate
1465 1757 1473 1771 ,
1485 1744 1545 1772 quae
1559 1735 1661 1771 angelis
1675 1735 1796 1762 amabilis
1806 1755 1817 1768 ,

1024 1785 1081 1813 Deo
1093 1784 1218 1820 optabilis
1231 1787 1259 1811 et
1271 1783 1441 1811 consortibus
1455 1782 1543 1810 suavis
1554 1785 1606 1814 est,
1620 1786 1648 1808 ut
1660 1785 1688 1808 et
1700 1788 1819 1816 praescn~

1024 1835 1078 1858 tem
1091 1834 1119 1857 et
1132 1830 1247 1857 futuram
1263 1829 1375 1865 gloriam
1387 1827 1588 1863 consequamini
1601 1836 1608 1854 :
1620 1834 1700 1862 quam
1715 1826 1816 1854 utinam

1023 1884 1073 1904 nos
1087 1883 1182 1904 omnes
1196 1876 1384 1910 adipiscamur,
1397 1875 1482 1910 gratia
1495 1879 1523 1901 et
1536 1874 1699 1909 benignitate
1712 1874 1816 1901 Domini

1023 1924 1108 1951 nostri
1119 1923 1182 1950 Jesu
1196 1921 1305 1955 Christi,
1320 1921 1362 1949 cui
1377 1921 1460 1957 gloria
1473 1925 1501 1949 et
1514 1921 1665 1956 imperium,
1677 1921 1703 1947 in
1717 1920 1814 1948 Saecula

1023 1970 1192 1998 sazculorum.
1207 1970 1304 1997 Amen.

722 2116 895 2147 HOMILIA
916 2117 1039 2149 XXXI.
1062 2117 1106 2149 al.
1129 2117 1267 2148 XXXII.

177 2187 241 2216 Car.
251 2188 277 2216 9.
292 2188 365 2216 v.18.
382 2188 444 2216 thc
459 2187 504 2215 illo
518 2187 642 2221 loquente,
652 2195 708 2215 ecce
713 2189 830 2224 princeps
840 2189 968 2224 ingressus

213 2234 334 2261 adorabat
345 2242 402 2261 eum
415 2234 518 2261 dicens:
532 2233 601 2261 Filia
623 2242 678 2261 mea
691 2234 765 2261 modo
774 2235 894 2270 defuncta
908 2240 944 2262 est
957 2242 967 2266 ,'

211 2281 256 2308 sed
265 2281 330 2314 veni,
345 2281 445 2315 impone
457 2289 560 2307 manum
570 2285 638 2307 tuam
649 2289 726 2315 super
732 2290 798 2314 eam,
807 2286 830 2309 et
840 2283 912 2309 vivet.
924 2282 967 2310 l9.

213 2326 246 2353 Et
259 2334 364 2362 surgens
375 2326 452 2354 Iesus
466 2331 585 2362 sequutus
598 2332 633 2353 est
646 2335 704 2354 eum
715 2347 723 2359 ,
737 2332 761 2354 et
773 2327 892 2362 discipuli
902 2328 965 2360 eius.

213 2374 240 2401 l.
255 2373 328 2408 Opus
342 2381 481 2401 sermones
496 2377 636 2408 sequutum
652 2378 703 2407 est,
717 2373 754 2401 ita
766 2378 794 2401 ut
803 2373 888 2409 magis
897 2373 968 2400 Pha-

701 2426 762 2446 nam
787 2419 832 2454 qui
854 2419 968 2446 accessit

178 2473 320 2502 synagoga:
343 2465 466 2500 princeps
487 2468 546 2492 erat
559 2485 567 2498 ,
592 2464 733 2500 luctusque
760 2464 848 2500 gravis
866 2473 873 2492 :
891 2464 970 2491 unica

179 2512 249 2539 enim
262 2511 348 2547 puella
358 2515 433 2543 erat,
454 2518 639 2546 annorumque
652 2511 793 2539 duodecim
804 2531 812 2544 ,
835 2510 905 2546 quod
920 2511 969 2538 llos

179 2562 237 2585 erat
249 2557 354 2585 aetatis:
369 2561 397 2585 et
409 2557 498 2585 statim
512 2557 584 2584 illam
595 2558 743 2585 suscitavit.
754 2557 830 2591 Quod
848 2558 870 2585 si
884 2557 970 2586 Lucas

179 2609 269 2632 narrat
283 2604 389 2632 venisse
402 2604 448 2639 qui
459 2604 577 2632 dicerent
593 2613 600 2631 :
617 2603 681 2632 Noli
695 2612 787 2632 vexare
804 2605 970 2639 magistrum;

179 2654 278 2676 mth
293 2649 360 2676 enim
372 2654 406 2677 est
419 2648 495 2684 (Luc.
506 2649 534 2677 8.
552 2648 599 2685 49)
614 2659 621 2677 :
642 2650 763 2677 dicemus
777 2650 843 2678 illud
858 2670 866 2684 ,
891 2650 970 2678 Modo

179 2695 300 2730 defuncta
311 2699 358 2728 est,
368 2702 383 2722 a
397 2699 518 2730 tempore
533 2695 559 2723 in
572 2696 668 2723 itinere
680 2695 815 2731 insumpto
826 2695 969 2731 conjicien-

181 2741 214 2768 tis
227 2740 311 2768 fuisse
323 2761 330 2773 ,
347 2740 390 2768 vel
404 2741 731 2776 calamitatcmaugentis.
748 2740 805 2768 Mos
818 2742 889 2769 enim
904 2749 970 2776 sup-

178 2786 277 2822 piicum
292 2791 345 2819 est,
360 2787 429 2814 mala
443 2795 490 2820 sua
505 2787 593 2815 verbis
610 2787 758 2820 extollere,
773 2791 800 2814 et
818 2787 877 2821 plus
891 2794 971 2822 quam

181 2842 243 2863 vere
256 2835 291 2862 sit
303 2835 409 2870 dicere,
422 2838 452 2863 ut
467 2834 572 2863 facilius
585 2839 692 2870 rogatos
705 2838 827 2863 exorent.
843 2833 908 2862 Vide
921 2841 968 2861 au-

1023 2193 1076 2217 tem
1090 2197 1169 2225 quam
1184 2189 1258 2217 rudis
1270 2188 1314 2216 sit.
1331 2188 1390 2216 Duo
1404 2189 1475 2216 enim
1490 2188 1607 2223 postulat
1620 2196 1634 2216 a
1647 2189 1753 2216 Christo
1764 2209 1772 2221 ,
1786 2193 1817 2216 nt

1022 2235 1122 2269 veniat,
1136 2240 1162 2262 et
1175 2242 1283 2262 manum
1298 2235 1417 2269 imponat
1432 2234 1519 2270 :quod
1534 2235 1639 2270 signum
1652 2239 1712 2262 erat
1726 2235 1812 2269 ipsum

1022 2287 1081 2309 eam
1095 2280 1183 2308 adhuc
1208 2280 1354 2315 spirantem
1371 2280 1523 2315 reliquisse.
1537 2280 1592 2308 Hoc
1613 2284 1641 2308 et
1665 2280 1749 2316 Syrus
1769 2280 1814 2308 ille

1021 2325 1138 2353 Neeman
1153 2333 1168 2352 a
1195 2326 1322 2360 propheta
1344 2326 1451 2361 petebat
1476 2325 1518 2353 his
1531 2325 1618 2353 verbis
1634 2334 1642 2353 :
1657 2324 1745 2353 Exibit
1760 2347 1768 2359 ,
1792 2331 1815 2353 et

1022 2380 1125 2399 manum
1137 2380 1210 2399 suam
1219 2372 1330 2407 imponet
1343 2373 1382 2407 (4.
1395 2371 1458 2408 Reg.
1474 2372 1500 2400 5.
1516 2372 1571 2407 ll).
1585 2371 1651 2400 Nam
1665 2371 1724 2400 visu
1736 2377 1762 2400 et
1772 2381 1815 2400 rc—

1021 2418 1071 2446 bus
1085 2417 1136 2446 sub
1153 2425 1262 2445 sensum
1277 2418 1432 2446 cadentibus
1447 2426 1514 2453 opus
1529 2418 1627 2446 habent
1642 2418 1659 2446 ii
1669 2419 1713 2453 qui
1725 2418 1814 2446 rudio-

1021 2464 1058 2492 ris
1071 2464 1153 2491 animi
1166 2468 1237 2492 sunt.
1251 2464 1356 2492 Marcus
1369 2464 1445 2500 (Cap.
1459 2464 1486 2492 5.
1496 2465 1541 2501 57)
1555 2471 1635 2499 porro
1649 2464 1714 2493 dicit
1727 2465 1814 2501 ipsum

1022 2513 1077 2537 tres
1108 2509 1284 2545 assumpsisse
1311 2510 1475 2545 discipulos,
1502 2509 1640 2546 Lucaeque
1677 2510 1760 2546 (Cap.
1786 2511 1813 2539 8.

1022 2555 1068 2591 51)
1089 2555 1228 2588 similiter;
1254 2555 1297 2583 hic
1317 2563 1383 2583 vero
1405 2555 1549 2591 discipulos
1572 2556 1738 2591 simpliciter.
1762 2557 1815 2584 Cur

1022 2609 1086 2637 ergo
1100 2601 1253 2629 Matthazum
1268 2609 1322 2629 non
1337 2602 1441 2636 accepit
1455 2621 1464 2634 ,
1479 2601 1524 2637 qui
1538 2610 1624 2637 nuper
1642 2604 1814 2631 accesserat?

1022 2648 1058 2676 Ut
1070 2648 1144 2676 illum
1160 2649 1186 2675 in
1198 2648 1326 2683 majorem
1341 2648 1513 2684 cupiditatem
1530 2648 1672 2683 injiceret,
1696 2654 1723 2677 et
1743 2649 1814 2685 quod

1023 2694 1204 2729 imperfectior
1222 2694 1309 2722 adhuc
1322 2699 1405 2722 esset.
1430 2693 1494 2722 ideo
1506 2693 1578 2722 enim
1601 2695 1662 2723 illos
1681 2695 1813 2730 honorat,

1023 2745 1052 2768 ut
1066 2739 1093 2767 hi
1106 2740 1167 2768 illos
1180 2739 1327 2768 imitentur.
1341 2739 1466 2768 Matthaao
1481 2745 1571 2768 autem
1583 2741 1648 2768 satis
1658 2745 1726 2775 erat,
1741 2741 1812 2777 quod

1022 2786 1158 2822 sanguinis
1173 2786 1244 2813 ﬁuxu
1259 2785 1426 2814 laborantem
1441 2785 1605 2819 vidisset,,et
1624 2787 1693 2822 quod
1719 2787 1813 2814 eadem

1024 2840 1116 2861 mensa
1130 2832 1253 2868 dignatus
1268 2832 1376 2866 fuisset,
1390 2832 1509 2868 ejusdem
1521 2833 1584 2862 satis
1599 2832 1813 2870 participatione.
