2067 3134
258 109 306 136 571
627 108 655 136 S.
674 107 814 138 JOANNIS
828 107 1064 137 CHRYSOSTOMI
1085 107 1244 137 ARCHIEP.
1264 108 1531 140 CONSTANTINOP.

257 167 416 202 Surgentem
432 174 514 201 porro
525 166 601 194 multi
621 167 727 202 sequuti
740 171 820 201 sunt,
840 167 916 203 quasi
939 166 972 194 ad
997 174 1054 193 ma-

257 221 338 247 gnum
351 214 519 248 miraculum,
540 219 568 242 et
581 214 617 242 ob
639 213 796 250 dignitatem
810 213 982 247 accedentis,
996 217 1052 241 tum

257 261 338 289 etiam
354 261 416 297 quia
430 261 506 289 multi
521 261 609 290 adhuc
628 261 751 289 rudiores
764 269 818 289 non
831 265 884 288 tam
899 261 996 288 animtc
1005 268 1052 288 cu-

258 316 328 342 ram,
341 315 423 344 quam
436 309 557 344 corporis
567 308 709 336 sanitatem
722 307 889 343 quaerebant:
897 311 924 335 et
931 307 1051 334 conﬂue-

258 354 333 388 bant,
347 354 393 382 alii
402 355 458 382 suis
467 354 600 391 compulsi
610 354 767 387 morbis,alii
777 354 924 382 curationis
935 354 1051 381 aliorum

256 405 421 436 spectatores
429 401 776 436 essecupientes;doctrinae
784 405 873 428 autem
882 407 961 428 causa
973 400 1052 435 pauci

256 447 364 474 interim
373 447 406 474 ad
417 455 478 475 eum
487 447 660 475 accedebant.
672 446 728 475 Nec
737 446 871 474 concessit
879 453 926 474 eos
940 446 1049 474 domum

256 492 370 527 ingredi,
381 492 428 520 sed
441 492 587 528 discipulos
598 497 711 526 tantum,
724 500 812 528 neque
829 501 936 525 omnes.
951 493 1050 529 ubique

259 546 309 567 nos
321 540 462 567 instituens
472 539 505 567 ad
514 539 584 575 vulgi
595 539 820 567 existimationem
833 539 1029 575 depellendam.

291 585 389 621 Agendi
404 586 470 612 ratio
483 585 595 613 mulieris
606 586 705 621 fluxum
719 585 851 622 sanguinis
862 586 978 621 patientis
988 606 996 618 ,
1008 586 1048 613 di-

257 631 374 658 scutitur.
390 631 505 659 Christus
519 631 594 659 homo
606 639 657 659 non
670 631 780 667 gloriam
790 631 902 659 amabat.
913 646 949 652 -—
958 631 1005 660 20.
1014 631 1048 659 Et

255 684 310 704 ecce
323 676 412 704 mulier
425 685 484 711 qua:
497 678 628 712 sanguinis
647 678 745 713 ﬂuxum
760 678 902 713 patiebatur
913 686 930 705 a
952 678 1048 705 duode-

253 724 303 750 cim
316 724 390 751 annis
402 744 409 755 ,
422 725 526 751 accessit
537 729 624 757 retro;
637 729 660 751 et
671 725 753 760 tetigit
766 725 893 758 [imbrium
907 725 1048 753 vestimenti

253 769 319 803 ejus.
333 768 377 796 2t.
392 768 498 796 Dicebat
511 770 579 796 enim
600 769 668 796 intra
681 778 710 797 se
735 777 745 797 :
765 770 797 798 Si
821 771 926 805 tetigero
948 775 1047 798 tantum

251 816 426 843 uestimentum
439 817 504 852 ejus,
516 816 587 843 salva
600 824 652 844 ero.
664 816 720 844 Cur
730 824 782 844 non
796 816 909 845 fidenter
923 816 956 844 ad
970 817 1045 845 illutn

250 861 387 890 accessit?
400 862 475 896 Quod
488 861 601 897 puderet
615 862 649 890 de
664 862 777 896 morbo;
790 870 851 891 sese
863 871 978 899 namque
993 864 1045 891 im-

251 908 377 936 mundam
392 909 510 944 putabat.
537 909 603 937 Nam
621 909 646 937 si
677 915 842 939 menstruala
865 917 918 938 non
945 910 1044 939 munda

250 955 404 989 putabatur,
420 956 507 983 multo
522 955 607 991 magis
621 955 663 983 illa
672 963 731 991 quee
742 956 787 983 tali
800 957 895 984 morbo
905 957 1045 986 laborabat

250 999 278 1027 id
300 1000 411 1029 credere
431 1006 537 1036 poterat
557 1009 565 1028 :
591 1001 743 1037 ltujusmodi
766 1002 838 1030 enim
862 1003 1044 1031 immundities

251 1053 346 1081 magna
360 1047 507 1075 secundum
530 1047 616 1083 legem
638 1047 779 1082 putabatur
801 1055 872 1076 esse.
897 1048 960 1077 Ideo
983 1057 1043 1078 sese

248 1092 321 1120 abdit
334 1096 362 1121 et
373 1093 499 1120 occultat.
514 1093 639 1129 Alioquin
654 1100 720 1121 vero
739 1093 856 1122 nondum
871 1095 915 1122 illa
931 1103 1043 1124 consen~

248 1142 352 1166 laneam
363 1142 390 1166 et
403 1138 548 1173 perfectam
563 1139 598 1167 de
609 1139 655 1166 illo
667 1139 821 1174 opinionem
840 1140 956 1169 habebat
970 1150 978 1169 :
994 1149 1043 1170 ne-

247 1191 299 1219 que
311 1184 383 1212 enim
399 1189 518 1219 putasset
536 1192 566 1213 se
579 1184 663 1217 latere
678 1192 769 1220 posse.
784 1185 874 1214 Prima
898 1194 964 1215 vero
979 1187 1038 1216 haec

247 1230 343 1257 mulier
354 1230 460 1265 publice
470 1231 576 1259 accedit
589 1239 597 1259 :
612 1232 713 1260 etenim
726 1232 837 1266 audivit,
853 1233 941 1268 ipsum
959 1235 1040 1262 etiam

246 1276 373 1305 mulieres
387 1284 483 1305 curare
492 1298 501 1311 ,
516 1282 544 1305 et
564 1278 679 1314 puellam
692 1283 825 1308 mortuam
839 1280 924 1308 adire.
951 1280 979 1308 In
991 1281 1041 1309 do-

245 1330 319 1350 mum
332 1327 424 1351 autem
436 1331 534 1352 vocare
547 1331 601 1352 non
615 1331 680 1352 ausa
699 1330 760 1359 est,
783 1326 833 1353 etsi
846 1327 922 1355 dives
943 1333 1017 1356 esset
1031 1336 1039 1356 :

246 1377 334 1405 neque
347 1370 452 1406 publice
465 1371 588 1404 acceuit,
604 1371 652 1399 sed
662 1372 731 1400 clam
744 1379 806 1400 cum
818 1372 870 1400 tide
880 1374 1039 1403 vestimenta

245 1416 341 1452 tetigit.
356 1415 415 1444 Non
425 1416 565 1449 dubitavit.
581 1425 667 1453 neque
677 1418 704 1445 in
719 1418 806 1454 seipsa
819 1419 885 1447 dixit
899 1428 907 1447 :
921 1419 990 1448 Num
1005 1420 1039 1449 li-

244 1462 362 1490 berabor
373 1470 388 1490 a
403 1463 507 1496 morbo,
519 1464 622 1492 necne?
629 1464 677 1492 sed
687 1464 723 1492 de
730 1465 846 1494 sanitate
855 1467 1039 1502 recuperanda

243 1509 382 1538 conlidens
396 1511 510 1538 accessit
525 1519 532 1537 :
547 1510 651 1538 Dicebat
663 1512 740 1545 enim,
756 1512 852 1548 inquit,
866 1513 934 1541 intra
948 1522 976 1541 se
987 1515 1039 1543 :Si

242 1555 325 1583 solum
346 1556 449 1592 tetigero
469 1557 641 1584 vestimentum
661 1559 717 1593 ejus
730 1578 738 1591 ,
758 1559 829 1586 salva
852 1567 905 1587 ero.
921 1560 1039 1590 Noverat

243 1601 315 1629 enim
321 1609 354 1629 ex
366 1609 417 1636 qua
429 1602 602 1637 egrederetur
610 1603 702 1638 domo,
712 1611 808 1640 nempe
820 1605 1035 1641 publicanorum,

245 1649 392 1683 ctqulnam
414 1653 602 1683 sequerentur,
628 1649 753 1677 nimirum
778 1656 932 1686 peccatores
949 1657 977 1681 et
992 1661 1038 1688 pu-

242 1692 340 1720 blicani
355 1692 430 1721 :haec
445 1701 509 1721 vero
522 1695 612 1722 omnia
632 1695 710 1723 tidem
730 1696 780 1731 ipsi
799 1697 936 1725 indebant.
963 1699 1033 1733 Quid

241 1739 322 1775 igitur
353 1739 495 1768 Christus?
520 1741 579 1769 Non
612 1743 733 1778 permisit
767 1750 826 1771 eam
859 1744 961 1779 latere,
986 1747 1035 1774 scd

240 1785 268 1813 ia
289 1785 404 1814 medium
417 1786 544 1820 adduxit,
558 1791 586 1815 et
602 1788 693 1816 multis
715 1788 750 1816 de
770 1790 859 1817 causis
881 1790 952 1818 illam
976 1799 1034 1819 ma-

241 1831 365 1859 nitcstam
378 1839 439 1860 esse
459 1831 554 1859 voluit.
568 1833 736 1869 Quamquam
751 1835 859 1870 quidam
881 1836 971 1864 stolidi
993 1837 1035 1865 di-

239 1884 312 1910 cant.
327 1876 378 1904 hoc
392 1877 478 1912 ipsum
496 1878 557 1906 ideo
573 1878 668 1906 fecisse
679 1899 688 1913 ,
703 1880 774 1915 quod
789 1881 902 1916 gloriam
916 1889 1032 1912 amaret.

239 1924 294 1952 Cur
305 1924 389 1958 enim,
403 1924 524 1959 inquiunt
534 1945 542 1957 ,
557 1931 609 1952 non
621 1926 742 1960 permisit
759 1927 831 1954 illam
844 1928 926 1956 latere
937 1929 949 1957 3
962 1930 1032 1964 Quid

239 1970 323 2004 dicis,
337 1970 514 1998 exsecrande?
526 1971 572 2006 qui
583 1971 659 2006 jubet
670 1976 770 2005 tacere,
784 1973 829 2008 qui
844 1980 968 2002 sexcenta
980 1976 1034 2004 mi-

239 2016 330 2044 racula
346 2016 542 2050 pnelercurrit,
565 2017 676 2052 gloriam
696 2018 792 2045 amat?
811 2018 866 2046 Cur
881 2028 944 2055 ergo
959 2021 1032 2050 illam

239 2061 267 2089 in
282 2061 400 2090 medium
415 2061 535 2089 adducit?
549 2061 638 2090 Primo
652 2063 734 2090 solvit
747 2064 868 2092 mulieris
886 2065 1029 2101 timorem,

238 2115 274 2136 ne
286 2107 460 2136 conscientiae
472 2108 588 2136 stimulis
597 2109 695 2144 agitata
707 2129 716 2142 ,
738 2113 830 2144 utpote
843 2118 904 2146 quae
915 2112 1031 2147 gratiam

237 2154 311 2182 illam
324 2154 453 2182 sulfurata
467 2159 559 2187 esset,
582 2155 710 2191 scrupulo
722 2156 867 2185 laboraret.
884 2156 1009 2187 Secundo
1019 2180 1028 2193 ,

237 2202 322 2236 ipsam
338 2201 457 2237 corrigit,
473 2201 545 2237 quod
560 2209 590 2229 se
602 2201 685 2230 latere
699 2207 815 2237 putaret.
832 2203 934 2238 Tertio,
949 2205 1030 2234 iidem

236 2247 295 2282 ejus
309 2247 435 2275 omnibus
444 2252 537 2275 notam
553 2247 650 2281 reddit,
666 2252 694 2276 ut
705 2248 750 2276 alii
765 2256 823 2276 eam
836 2249 1005 2279 imitarentur
1020 2259 1027 2279 :

236 2301 324 2329 neque
337 2295 427 2321 minus
439 2293 544 2329 signum
571 2293 646 2328 edit,
662 2302 722 2322 cum
745 2294 862 2322 ostendit
888 2303 918 2323 se
939 2297 1029 2324 omnia

234 2340 317 2373 scire,
331 2347 412 2375 quam
431 2347 491 2368 cum
506 2340 606 2368 ﬂuxum
630 2341 768 2376 sanguinis
790 2341 907 2369 cohibet.
928 2342 1029 2371 Deinde

234 2385 486 2421 arcbisynagogum,
497 2386 574 2421 cujus
585 2386 650 2414 lides
663 2386 872 2421 periclitabatur,
887 2395 940 2422 quo
951 2393 1029 2422 pacto

234 2431 324 2459 omnia
341 2431 520 2467 perdidisset,
536 2439 585 2467 per
597 2432 736 2460 mulierem
752 2432 824 2460 illam
836 2434 1026 2462 confirmabat.

234 2477 300 2505 Nam
309 2483 437 2506 venerant
444 2478 489 2513 qui
497 2477 625 2506 dicerent:
631 2478 693 2506 Noli
700 2487 790 2506 vetare
798 2480 961 2515 magistrum;
968 2489 1028 2508 nam

234 2529 333 2551 mortua
341 2529 377 2551 est
390 2523 475 2559 puella
485 2524 562 2559 (Luc.
573 2524 714 2559 8.49).Qui
722 2531 810 2552 autem
824 2526 850 2553 in
861 2525 942 2554 domo
949 2531 1027 2555 erant

235 2569 381 2597 irridebaut
390 2578 462 2603 cum,
472 2570 544 2606 quod
552 2571 654 2598 diceret
665 2571 736 2598 illam
750 2571 879 2605 dormire;
890 2573 1026 2601 verisimi-

233 2615 312 2650 leque
325 2620 382 2642 erat
395 2620 499 2650 patrem
507 2616 586 2644 etiam
596 2616 731 2652 quidpiam
739 2616 825 2644 simile
834 2624 942 2652 passum
952 2626 1023 2647 esse.

267 2660 294 2688 2.
308 2660 371 2689 ideo
384 2661 456 2689 illam
464 2661 646 2690 inﬁrmitatem
660 2662 733 2697 prius
745 2663 903 2697 emendans,
920 2664 1024 2692 mulier-

231 2707 321 2735 culam
333 2707 477 2735 adducitiu
493 2708 621 2736 medium.
640 2708 717 2742 Quod
731 2709 802 2737 enim
818 2709 963 2737 admodum
978 2717 1010 2737 ru

230 2754 273 2782 dis
286 2754 331 2782 ille
345 2759 435 2786 esset,
453 2753 515 2782 audi
525 2754 589 2789 quid
603 2754 652 2789 ipsi
667 2754 752 2782 dicat:
766 2754 807 2782 Ne
820 2755 918 2786 timeas,
935 2759 964 2782 tu
977 2762 1016 2782 sa-

231 2800 284 2827 lum
295 2800 377 2833 crede,
394 2805 418 2827 et
430 2801 501 2828 salua
522 2801 569 2828 erit
583 2801 593 2836 (
605 2800 674 2830 Ibid.
689 2809 713 2828 υ.
727 2801 794 2837 50).
809 2800 875 2829 Nam
889 2801 923 2829 de
944 2800 1022 2828 indu-

232 2847 297 2876 stria
317 2848 470 2876 morabatur
483 2869 492 2878 .
508 2852 537 2876 ut
559 2851 623 2876 tunc
648 2847 789 2876 accederet
803 2868 811 2881 .
837 2855 898 2876 cum
914 2851 1017 2876 mortua

1852 116 1904 145 37‘!

1109 171 1181 194 esset
1196 187 1204 200 ,
1234 171 1264 194 ut
1285 167 1357 195 clara
1381 169 1545 198 resurrectio
1569 175 1652 199 esset.
1677 171 1778 200 Idcirco
1804 175 1903 202 tardius

1108 210 1229 245 incedit,
1258 217 1286 240 et
1322 214 1428 242 mulieri
1463 216 1547 244 multa
1582 216 1717 252 loquitur,
1744 224 1773 246 ut
1797 220 1902 248 interim

1109 257 1153 284 illa
1168 263 1332 292 moreretur,
1346 264 1375 288 ct
1386 261 1547 289 accederent
1561 263 1605 297 qui
1626 264 1684 291 haec
1695 265 1858 299 nuntiarent,
1873 275 1897 294 at

1107 303 1247 332 dicerent:
1266 304 1331 332 Noli
1344 314 1436 334 vexare
1447 308 1608 343 magistrum.
1631 309 1688 338 Hoc
1700 316 1727 338 et
1740 313 1902 347 evangelista

1105 351 1257 379 subindicat
1276 352 1391 381 dicens:
1411 354 1501 382 Adhuc
1515 363 1544 382 eo
1563 356 1700 391 loquente,
1721 365 1842 386 uenerunt
1865 360 1898 387 de

1104 397 1180 426 domo
1197 399 1308 427 dicentes
1323 408 1333 427 :
1348 400 1452 428 Mortua
1468 407 1504 429 est
1516 403 1572 436 ﬁlia
1593 408 1636 430 tua
1650 412 1660 430 :
1671 404 1724 431 noli
1741 413 1830 433 vexare
1846 415 1901 433 mu-

1103 444 1220 478 gistrum.
1234 445 1346 473 Volebat
1364 447 1436 474 enim
1452 447 1569 483 evulgari
1583 453 1611 476 et
1625 449 1699 477 credi
1713 455 1826 478 mortem
1842 472 1850 485 ,
1866 459 1900 479 no

1103 491 1268 519 resurrectio
1288 497 1418 527 suspecta
1433 499 1515 522 esset.
1537 494 1571 522 Et
1585 494 1637 522 hoc
1650 496 1749 532 ubique
1762 496 1836 525 facit.
1852 498 1899 526 Sic

1102 535 1170 563 et'in
1185 540 1272 564 morte
1297 537 1390 566 Lazari
1405 558 1413 572 ,
1441 544 1502 575 post
1524 540 1657 575 primam,
1679 543 1825 571 secundam
1843 549 1898 572 ter-

1104 580 1221 617 tiamque
1240 582 1311 611 diem
1334 585 1458 613 accessit.
1488 585 1605 622 ideoque
1629 587 1705 616 illam
1729 589 1756 616 in
1777 590 1897 618 medium

1101 627 1208 656 adducit
1221 633 1250 658 et
1261 629 1299 657 ait
1315 630 1380 658 :22.
1397 631 1513 666 Conﬁde,
1529 633 1585 667 ﬁlia
1596 641 1606 665 ;
1619 633 1688 662 sicut
1702 639 1730 663 et
1749 637 1897 672 paralytico

1100 673 1217 707 dicebat,
1229 674 1345 710 Con/ide,
1358 677 1395 712 fili
1405 677 1513 712 (Matth.
1521 679 1547 706 9.
1558 679 1787 714 2).Formidolosa
1797 683 1896 718 quippe

1099 721 1194 748 mulier
1207 726 1282 755 erat,
1298 723 1413 759 ideoque
1426 724 1502 758 dicit,
1519 724 1635 760 Con/ide,
1647 731 1676 755 et
1703 727 1783 756 ﬁliam
1799 735 1894 758 vocat:

1099 773 1161 794 nam
1177 766 1242 796 lides
1267 768 1339 796 illam
1365 769 1448 798 ﬁliam
1475 771 1626 806 ell'ecerat;
1653 773 1716 801 hinc
1737 775 1762 802 in
1787 775 1894 804 laudem

1099 812 1158 847 ejus
1167 813 1251 842 dicit:
1267 814 1344 842 Fides
1356 821 1401 844 tua
1412 821 1436 844 te
1445 817 1542 845 saluam
1556 818 1625 853 fecit.
1640 819 1725 848 Lucas
1737 828 1801 848 vero
1818 823 1892 856 plura

1098 860 1148 886 alia
1161 861 1239 889 nobis
1253 861 1287 890 de
1303 863 1415 891 muliere
1434 869 1535 892 narrat.
1550 865 1618 893 Cum
1631 867 1705 894 enim
1720 869 1891 903 accessisset,

1097 905 1195 942 inquit,
1210 912 1238 935 et
1247 914 1338 936 curata
1354 909 1466 944 luisset,
1491 919 1544 938 non
1569 913 1658 940 statim
1672 913 1744 941 illam
1763 914 1888 943 Christus

1096 952 1212 986 vocavit,
1224 953 1272 981 sed
1285 954 1359 989 prius
1371 955 1440 984 dixit
1451 965 1458 983 :
1468 956 1530 990 Quis
1538 965 1579 985 me
1590 958 1691 994 tetigit?
1703 959 1804 988 Deinde
1813 961 1892 989 Petm

1096 1003 1124 1026 et
1137 999 1197 1027 aliis
1209 999 1363 1029 dicentibus
1378 1010 1385 1029 :
1405 1001 1563 1038 Prteceptur,
1582 1004 1662 1032 turbte
1675 1010 1699 1033 te
1717 1007 1892 1042 constringunt

1096 1049 1119 1072 et
1134 1045 1305 1081 comprimunt
1318 1067 1326 1079 ,
1342 1052 1366 1075 et
1379 1047 1453 1081 dicis,
1469 1049 1532 1082 Quis
1544 1058 1583 1077 me
1595 1050 1675 1086 tetigit
1691 1050 1766 1087 (Luc.
1781 1052 1808 1080 8.
1822 1053 1867 1088 45)
1879 1054 1892 1080 ἲ

1095 1090 1166 1125 quod
1192 1092 1338 1120 maximum
1363 1093 1468 1128 signum
1495 1099 1574 1129 erat,
1601 1095 1687 1131 ipsum
1718 1104 1799 1125 carne
1828 1105 1891 1126 vere

1094 1137 1286 1165 circumdatum
1312 1138 1410 1172 fuisse,
1438 1144 1467 1167 et
1495 1139 1594 1168 fastum
1615 1150 1722 1170 omnem
1745 1143 1888 1171 calcasse:

1094 1189 1180 1219 neque
1194 1183 1266 1211 enim
1280 1184 1373 1218 procul
1395 1186 1587 1221 sequebantur,
1613 1188 1660 1215 sed
1676 1188 1792 1224 undique
1815 1197 1890 1217 cum-

1094 1227 1256 1263 primebant;
1273 1230 1319 1257 ille
1333 1238 1409 1263 vero.
1424 1231 1520 1267 inquit,
1534 1233 1624 1261 dicere
1639 1235 1755 1268 perstitit
1770 1244 1776 1262 :
1795 1235 1888 1272 Tetigit

1092 1281 1133 1300 me
1140 1274 1232 1309 aliquis
1244 1283 1254 1303 :
1266 1276 1324 1303 novi
1334 1277 1400 1304 enim
1412 1278 1529 1306 uirtutem
1541 1287 1573 1305 ea:
1589 1287 1629 1306 me
1642 1280 1748 1307 exivisse
1759 1280 1842 1313 (Ibid.
1861 1291 1885 1309 υ.

1092 1319 1157 1353 46);
1171 1320 1307 1349 rudiorem
1327 1323 1530 1358 responsionem
1544 1331 1592 1359 pro
1601 1325 1753 1354 auditorum
1769 1333 1847 1362 captu
1860 1333 1887 1355 et

1091 1367 1218 1401 opinione
1231 1368 1405 1397 concinnans.
1421 1369 1485 1398 Haec
1506 1376 1596 1399 autem
1611 1372 1718 1401 dicebat
1732 1394 1740 1407 ,
1767 1378 1796 1402 ut
1814 1375 1885 1402 illam

1091 1413 1124 1440 ad
1138 1414 1320 1443 conﬁtendum
1337 1415 1486 1445 induceret.
1503 1417 1618 1454 Ideoque
1631 1426 1684 1447 nou
1695 1421 1786 1448 statim
1814 1421 1885 1449 illam

1091 1460 1244 1496 arguit,quo
1252 1462 1408 1497 ostendens,
1417 1464 1542 1492 seomnia
1551 1464 1669 1499 perfecte
1680 1466 1886 1500 scire,suaderet

1091 1505 1128 1533 illi
1143 1510 1173 1533 ut
1185 1507 1273 1535 omnia
1287 1515 1335 1535 sua
1356 1512 1452 1544 sponte
1471 1508 1641 1544 declararet,
1662 1515 1690 1539 et
1703 1512 1774 1546 quod
1787 1512 1885 1540 factum

1090 1556 1147 1579 erat
1156 1552 1360 1586 praedicaretme
1368 1553 1390 1581 si
1401 1554 1459 1589 ipse
1467 1554 1730 1592 dixisset,suspectus
1739 1558 1884 1588 videretur.

1126 1597 1205 1626 Fides
1219 1599 1332 1626 mulieris
1348 1600 1479 1635 sanguinis
1492 1601 1591 1636 fluxum
1615 1602 1743 1637 patientis.
1755 1604 1885 1632 —\'iden‘

1089 1645 1229 1673 mulierem
1256 1646 1470 1682 archisynagogo
1490 1649 1704 1682 praestantiorem
1716 1649 1727 1677 '.‘
1741 1649 1798 1678 Non
1821 1651 1883 1678 reti-

1090 1692 1158 1723 nuit,
1185 1699 1237 1719 non
1253 1693 1447 1728 apprehendit;
1464 1694 1511 1722 sed
1537 1695 1652 1723 summis
1677 1700 1779 1724 tantum
1793 1697 1884 1733 digitis

1091 1738 1188 1773 tetigit,
1201 1743 1227 1766 et
1241 1746 1301 1766 cum
1314 1739 1406 1767 ultima
1418 1740 1544 1773 venisset,
1560 1741 1633 1775 prior
1645 1747 1737 1770 sanata
1748 1743 1883 1771 discessit.

1088 1783 1134 1812 Ille
1149 1784 1281 1812 medicum
1295 1785 1406 1813 adduxit
1418 1786 1544 1819 domum;
1560 1787 1620 1814 huic
1631 1791 1719 1815 tactus
1732 1789 1808 1816 solus
1817 1790 1883 1817 satis

1087 1830 1152 1857 luit:
1166 1838 1227 1858 nam
1236 1831 1286 1858 etsi
1300 1831 1456 1866 :rgritudine
1470 1831 1607 1866 ligaretur,
1620 1833 1672 1860 tide
1682 1840 1731 1861 ceu
1739 1834 1788 1861 alis
1795 1835 1882 1862 adtol-

1088 1875 1203 1904 lebatur.
1218 1876 1358 1910 Perpende
1372 1881 1463 1904 autem
1477 1878 1613 1912 quomodo
1628 1878 1700 1906 illam
1723 1880 1878 1907 consoletur

1086 1921 1198 1950 dicens:
1215 1921 1293 1950 Fides
1306 1928 1350 1950 tua
1369 1927 1393 1950 te
1414 1924 1510 1951 salsam
1523 1924 1592 1959 fecit.
1616 1924 1694 1959 Atqui
1715 1925 1738 1952 si
1759 1929 1880 1953 ostenta-

1086 1969 1168 1996 tionis
1181 1976 1261 1996 causa
1277 1969 1302 1996 in
1319 1969 1435 1997 medium
1459 1970 1532 1998 illam
1556 1970 1723 2006 produxisset
1738 1992 1746 2006 ,
1777 1980 1879 2007 nequa-

1085 2023 1166 2051 quam
1181 2015 1246 2043 illud
1265 2015 1418 2051 adjecturus
1433 2021 1490 2044 erat
1503 2024 1510 2049 ;
1525 2017 1571 2044 sed
1589 2018 1646 2045 lucc
1659 2017 1725 2046 dixit
1739 2022 1767 2046 ut
1787 2019 1879 2046 archi-

1085 2069 1250 2098 synagogum
1269 2061 1302 2089 ad
1317 2062 1481 2090 credendum
1503 2063 1673 2097 institueret,
1696 2069 1723 2091 et
1738 2065 1878 2093 mulierem

1084 2107 1303 2141 commendaret,
1319 2113 1399 2143 atque
1424 2107 1466 2136 his
1480 2109 1567 2136 verbis
1582 2110 1746 2144 voluptatem
1762 2111 1811 2145 ipsi
1825 2112 1877 2139 uti-

1084 2152 1240 2188 litatemque
1253 2152 1514 2189 prteberetcorporis
1522 2155 1659 2183 curatione
1670 2163 1722 2182 non
1734 2157 1876 2185 minorem.

1083 2199 1159 2234 Quod
1173 2203 1261 2227 autem
1283 2199 1317 2226 ad
1335 2199 1475 2227 mulierem
1497 2200 1685 2228 celebrandam
1708 2205 1878 2238 caeterosqu

1082 2245 1264 2274 etneudsndos
1285 2245 1311 2273 id
1333 2245 1437 2277 fecerit.
1463 2254 1517 2274 non
1540 2251 1632 2274 autem
1656 2246 1699 2274 sui
1723 2248 1876 2276 ostentandi

1081 2299 1172 2326 causa,
1189 2293 1230 2320 vel
1240 2292 1301 2320 hinc
1313 2293 1487 2328 conspicuum
1497 2298 1548 2325 est,
1565 2293 1637 2328 quod
1652 2294 1720 2329 ipse,
1734 2294 1873 2323 hocetiam

1080 2338 1190 2374 dempto
1200 2338 1287 2374 signo.
1297 2339 1381 2366 nihilo
1392 2339 1480 2366 minus
1487 2338 1661 2368 admirandus
1674 2339 1778 2368 futurus
1791 2347 1874 2376 esset,

1084 2382 1289 2409 cumcrehriora
1299 2383 1434 2410 nivalibus
1445 2383 1802 2413 imbribuscircuuitluereut
1813 2394 1874 2414 eum

1085 2428 1227 2462 miracula,
1238 2434 1265 2457 et
1274 2429 1353 2465 longe
1366 2431 1470 2466 majora
1483 2431 1594 2460 iecisset
1602 2431 1779 2469 {acturusque
1787 2441 1873 2463 esset:

1085 2474 1264 2508 ntuliervero,
1282 2476 1334 2503 nisr
1343 2476 1368 2503 id
1379 2477 1415 2504 ita
1433 2476 1536 2505 factum
1554 2483 1638 2510 esset,
1651 2478 1739 2507 latens
1754 2485 1781 2508 et
1793 2481 1874 2508 tantis

1084 2527 1171 2549 vacua
1177 2521 1618 2559 laudibusabscessissetJdquue
1624 2524 1711 2560 ipsam
1719 2526 1745 2553 in
1755 2527 1873 2554 medium

1085 2568 1229 2596 adductam
1240 2569 1398 2603 celebravit,
1408 2571 1523 2606 ejusque
1537 2572 1663 2599 timorem
1681 2572 1785 2607 depulit
1794 2582 1801 2600 :
1811 2581 1873 2600 nam

1088 2616 1208 2642 Tremens
1217 2615 1357 2650 accessit(I
1360 2616 1414 2644 bid.
1424 2625 1448 2644 υ.
1458 2617 1515 2653 d7),
1524 2618 1625 2653 inquit,
1636 2619 1790 2654 ipsequeilli
1805 2620 1874 2646 tidu-

1077 2662 1145 2689 ciam
1162 2661 1268 2696 indidit,
1283 2667 1312 2690 et
1332 2669 1394 2690 cum
1409 2663 1531 2698 corporis
1553 2664 1707 2693 valetudine
1720 2685 1729 2699 ,
1752 2665 1804 2693 alia
1822 2666 1872 2701 ipsi

1078 2708 1172 2736 viatica
1186 2708 1260 2736 dedit
1271 2728 1279 2741 ,
1294 2708 1400 2743 dicens,
1419 2709 1487 2736 Vade
1497 2710 1525 2737 in
1536 2719 1598 2745 pace
1614 2710 1695 2746 (Ibid.
1711 2719 1736 2739 tt.
1750 2711 1809 2747 ιε).
1822 2712 1868 2740 25.

1080 2753 1188 2782 Veniens
1204 2759 1293 2782 autem
1313 2755 1341 2782 in
1359 2755 1462 2782 domum
1476 2756 1598 2791 principis
1609 2777 1617 2789 ,
1632 2758 1767 2793 ridensque
1786 2759 1869 2785 tibici-

1076 2807 1120 2827 nes
1134 2804 1158 2827 et
1178 2800 1277 2827 turbam
1297 2801 1492 2828 tumultuantem
1506 2822 1514 2835 ,
1539 2802 1585 2830 24.
1601 2803 1667 2830 dixit
1682 2810 1693 2830 .'
1717 2803 1847 2831 Discedite
1859 2811 1870 2832 :

1077 2855 1127 2874 non
1139 2851 1176 2875 cst
1189 2847 1254 2875 cnim
1265 2853 1364 2875 mortua
1378 2847 1462 2879 puella
1472 2867 1481 2876 .
1499 2849 1543 2876 sed
1558 2848 1663 2878 dormit.
1675 2848 1710 2877 Et
1721 2849 1870 2878 deridebant
