2067 3134
195 157 248 186 515

195 224 262 243 eum.
277 213 388 242 Pulchra
402 217 476 241 certe
499 212 770 248 archisynagogorum
793 213 890 241 indicia
901 235 908 247 ,
923 222 984 242 cum

195 267 255 296 post
267 265 380 287 mortem
395 259 466 286 tibia:
480 264 507 286 et
531 258 651 294 cymbala
667 259 699 285 ad
715 259 805 286 ﬁctum
833 264 983 288 moverent.

193 306 260 340 Quid
276 305 356 341 igitur
368 304 513 332 Christus?
529 305 601 331 Alios
616 311 710 331 onmes
723 305 841 339 expulit,
860 309 984 339 parentes

193 356 282 379 autem
294 350 450 380 introduxit.
465 357 497 377 ne
512 349 564 377 diei
582 354 673 384 posset
685 350 767 377 alium
783 350 920 377 curavisse
935 359 942 378 :
957 353 985 377 et

193 404 334 434 antequam
349 397 471 430 suscitet,
486 405 552 424 voce
563 396 628 423 illud
639 396 732 428 efﬁcit,
748 404 808 424 cum
820 397 867 430 ait,
877 395 939 424 Non
947 400 983 424 est

193 449 292 471 mortua
301 444 398 479 puella,
415 442 460 470 sed
475 442 579 469 dormit.
593 442 680 470 Multis
690 450 795 477 quoque
807 442 867 470 aliis
878 443 903 469 in
917 442 983 470 locis

192 490 244 518 hoc
258 489 339 517 facit':
350 497 381 516 ac
395 489 465 516 sicut
487 489 512 515 in
526 488 593 515 mari
608 488 722 523 primum
734 488 879 524 discipulos
895 488 984 516 incre-

193 537 284 572 pavit;
299 536 337 563 sic
352 540 378 563 et
400 535 451 562 hoc
466 535 524 562 loco
541 542 574 562 ex
590 534 762 570 prmseutium
773 534 907 561 mentibus
923 541 984 568 per-

194 582 374 610 turbatiouetn
388 581 461 616 cjicit
471 601 479 612 ,
501 580 581 607 simul
595 580 751 612 ostendens,
767 579 844 607 facile
859 580 908 607 Stl)l
922 588 982 608 esse

191 633 312 656 mortuos
327 628 457 655 suscitare
471 627 551 662 (quod
563 627 642 654 etiam
656 627 681 653 in
693 626 792 653 Lazaro
804 627 865 653 fecit
878 626 981 653 dicens:

192 675 305 703 Lazarus
319 674 414 701 amicus
427 679 511 700 noster
523 673 614 699 dormit
623 671 712 709 [Joam
727 672 770 700 ll.
784 671 852 708 11]),
868 679 920 699 una
933 672 983 700 d0-

191 729 255 749 cens
269 729 321 748 non
343 720 486 747 timendam
508 726 568 746 esse
591 724 704 745 mortem
720 727 727 745 :
743 725 829 753 neque
841 718 912 745 enim
926 717 981 752 jam

190 776 251 795 esse
266 772 390 797 mortem,
405 765 453 793 sed
467 772 601 792 somnum.
615 764 679 791 Nam
693 764 753 799 quia
767 763 825 798 ipse
834 763 982 791 moriturus

190 819 258 844 erat,
273 813 386 840 aliorntn
400 819 513 846 corpora
536 811 691 838 snscitando
716 810 862 845 discipulos
875 818 981 845 praepa-

191 860 266 887 rabat
279 859 311 886 ad
323 858 446 885 ﬁduciam
461 857 634 889 sumendam,
650 862 820 891 mortemque
829 863 903 883 suam
920 856 984 883 leni-

190 912 232 934 ter
245 905 392 933 ferendam.
405 904 549 939 Postquam
563 903 633 931 enim
646 903 703 938 ipse
718 903 865 930 advenerat
878 923 886 935 ,
907 910 982 930 mors

188 954 243 989 jam
257 952 363 980 nonnisi
376 958 485 979 somnus
500 955 568 978 erat.
590 951 714 977 Attamen
727 949 885 977 deridebant
899 957 960 976 eum
974 959 980 977 :

191 1001 249 1036 ipse
260 1008 324 1026 vero
337 1006 390 1026 non
414 998 522 1031 indigne
537 997 618 1030 tulit,
639 1005 699 1024 cum
725 1005 777 1024 non
794 996 935 1024 crederent
949 996 982 1024 iis

175 1039 249 1081 quae
261 1052 322 1072 mox
338 1045 396 1079 ipse
420 1043 578 1070 mirabiliter
601 1046 760 1077 operaturus
782 1046 841 1069 erat
861 1050 867 1069 :
893 1049 982 1077 neque

189 1092 339 1127 increpavit
353 1090 471 1118 ridentes
484 1111 491 1123 ,
505 1094 535 1117 ut.
547 1094 575 1117 et
597 1089 668 1117 risus
683 1093 711 1117 et
722 1089 794 1116 tibia:
808 1092 836 1117 et
859 1088 982 1125 cymbala

188 1138 294 1173 aliaque
304 1137 404 1170 omnia,
419 1136 515 1164 mortis
529 1140 620 1163 essent
638 1135 803 1163 testimonia.

224 1185 251 1212 3.
267 1184 381 1212 Christus
395 1183 519 1218 quomodo
533 1181 744 1209 resurrectionum
756 1189 818 1216 quas
831 1180 983 1215 operabatur

188 1231 316 1258 ueritatem
330 1230 461 1257 adstruere
473 1230 573 1256 soleret.
588 1228 696 1255 Festum
720 1233 743 1255 et
765 1235 855 1254 vanam
875 1228 982 1262 gloriam

188 1278 291 1304 omnino
302 1277 430 1303 vitandum
438 1281 483 1303 est.
492 1275 520 1303 Μ
524 1284 564 1303 οη
572 1284 621 1302 non
631 1274 772 1302 metuenda.
781 1274 845 1301 Vita:
852 1275 983 1310 prwsentis

188 1323 386 1357 malu.—Qnia
399 1324 468 1351 enim
491 1330 563 1358 saepe
585 1322 710 1350 miracula
733 1327 835 1356 patrata
857 1329 910 1349 non
924 1329 983 1350 cre-

187 1371 254 1398 dunt
267 1370 401 1403 homines,
416 1377 463 1396 sua
478 1369 595 1404 ipsorum
611 1368 786 1404 responsione
805 1368 864 1396 illos
879 1376 982 1403 praeve-

187 1417 237 1449 nit,
254 1420 282 1443 ιιι
302 1420 329 1443 et
353 1416 379 1442 in
402 1415 502 1442 Lazaro
515 1419 541 1442 et
557 1414 582 1441 in
596 1414 686 1450 Moyse
709 1413 806 1441 factum
827 1418 877 1441 est.
899 1414 981 1449 Moysi

188 1470 302 1497 namque
313 1462 396 1488 dixit:
411 1461 479 1495 Quid
492 1461 539 1487 hoc
552 1467 587 1487 est
600 1461 625 1487 in
640 1469 716 1487 manu
729 1465 771 1486 tua
785 1460 881 1496 (Exod.
895 1461 920 1487 4.
936 1459 982 1496 ‘2)?

189 1517 217 1536 ιιι
231 1517 290 1536 cum
301 1509 409 1535 vidisset
424 1511 573 1541 serpentem
587 1506 693 1539 factum,
705 1514 757 1533 non
771 1507 980 1538 oblivisceretur,

187 1555 288 1590 virgam
300 1554 373 1589 prius
387 1553 484 1585 fuisse;
499 1553 544 1580 sed
560 1552 632 1578 vocis
644 1551 757 1586 propria:
772 1551 936 1582 recordatus,
949 1551 982 1578 de

187 1609 217 1629 re
229 1605 302 1636 gesta
317 1600 528 1634 obstupesceret.
548 1599 580 1625 Ει
594 1598 627 1625 de
642 1597 742 1624 Lazaro
756 1597 793 1624 ait
808 1605 814 1624 :
831 1595 880 1624 Ubi
894 1597 982 1632 posui-

187 1649 232 1676 stis
249 1648 325 1675 eum?
339 1652 367 1674 ut.
379 1647 423 1682 qni
437 1646 572 1677 dixerunt,
594 1644 666 1679 Veni,
681 1649 704 1671 et
716 1644 790 1676 vide;
804 1649 841 1676 et,
856 1643 916 1670 Jam
931 1646 981 1679 [ω-

188 1700 231 1728 tet,
245 1694 430 1730 quatritluanus
444 1692 509 1719 enim
524 1695 558 1718 est
574 1690 664 1725 (latnt.
680 1691 723 1718 Η.
738 1690 781 1718 54.
798 1690 854 1726 39),
866 1697 919 1717 nou
933 1690 982 1717 dn-

188 1742 272 1769 bitare
288 1744 406 1776 possent,
431 1739 495 1774 quin
522 1739 607 1773 ipsum
631 1741 763 1764 mortuum
787 1736 980 1764 suscitavisset.

188 1786 289 1814 Vidcns
309 1786 389 1820 igitur
408 1783 527 1820 cymbala
543 1788 569 1811 et
587 1783 691 1814 turbas,
708 1789 802 1809 omnes
818 1782 901 1816 ejicit,
915 1787 940 1808 et
955 1781 980 1808 in

188 1833 330 1869 prxesentia
350 1836 487 1866 parentum
503 1829 658 1856 miraculum
680 1833 815 1863 operatur,
828 1835 880 1854 non
903 1827 979 1854 aliam

189 1879 317 1906 inducens
329 1878 456 1910 animam,
471 1876 516 1903 sed
529 1876 600 1902 illam
614 1875 697 1910 ipsam
711 1882 771 1909 qua:
785 1874 888 1901 exierat
900 1873 980 1900 redu-

187 1935 262 1959 cens,
279 1930 305 1953 et
319 1925 393 1961 quasi
408 1933 440 1952 ex
459 1931 552 1950 somno
565 1923 695 1950 excitans.
715 1920 897 1956 Apprehendit
916 1927 980 1947 vero

189 1981 307 2006 manum,
317 1979 345 1999 ιιι
360 1975 524 2006 spectatores
538 1969 667 1997 certiores
680 1968 783 2000 ﬁerent,
793 1967 879 1995 ethoc
888 1974 979 1993 exeni-

189 2020 232 2054 plo
245 2019 314 2046 viam
329 2022 434 2052 pararet
448 2016 480 2043 ad
495 2015 574 2043 ﬁdem
587 2014 799 2043 resurrectionis.
814 2013 893 2040 Pater
905 2020 980 2039 nam-

188 2073 240 2100 que
255 2064 358 2092 diccbat
373 2073 379 2089 :
394 2062 501 2098 Impone
515 2069 616 2088 ntanuut
631 2060 737 2096 (Matth.
754 2058 846 2095 9.18);
860 2058 904 2086 ille
917 2065 981 2085 vero

189 2113 248 2148 plus
263 2112 340 2143 facit;
364 2119 416 2138 non
441 2110 551 2145 imponit
565 2108 653 2139 enim.
677 2107 724 2135 sed
746 2105 933 2141 apprehendit,
954 2110 981 2132 et

188 2158 299 2186 suscitat
313 2161 456 2188 mortuam,
470 2155 614 2183 ostendens
629 2154 717 2181 omnia
732 2153 780 2187 ipsi
797 2157 918 2187 prompta
932 2159 980 2186 pa-

167 2238 170 2241 _
188 2211 298 2240 rataqne
318 2212 388 2231 esse.
413 2203 504 2238 Neque
528 2201 607 2229 modo
628 2200 748 2232 suscitat,
768 2199 814 2226 sed
829 2198 917 2226 cibum
931 2197 981 2232 ipsi

189 2253 252 2279 dare
264 2251 348 2286 jubet,
371 2257 405 2277 ne
419 2249 555 2276 videretur
576 2255 619 2275 res
635 2253 696 2274 esse
709 2245 873 2281 phantasma.
891 2243 982 2278 Neque

190 2299 246 2329 ipse
260 2297 315 2328 dat,
331 2295 378 2323 scd
391 2296 457 2322 alios
470 2294 535 2322 dare
554 2293 630 2329 jubet
646 2301 653 2318 :
668 2290 890 2328 qnemadmmluni
910 2295 936 2316 et
949 2289 982 2316 de

189 2344 290 2371 Lazaro
303 2343 340 2369 ait
355 2351 362 2370 :
379 2341 475 2368 Soluite
494 2341 576 2372 illum,
600 2344 623 2366 et
642 2338 716 2366 sinite
735 2337 803 2364 abire
825 2335 913 2371 (Joau.
937 2335 982 2362 Η.

189 2389 247 2424 44),
263 2393 290 2416 et
305 2392 396 2423 postea
412 2394 511 2414 mensa:
524 2389 676 2413 consortem
690 2382 780 2411 efﬁcit.
794 2382 899 2409 Etenim
913 2388 984 2408 sem-

191 2445 238 2471 per
251 2442 393 2470 utrumque
405 2433 581 2468 comprobare
592 2431 669 2462 solet,
686 2435 712 2458 et
728 2426 840 2456 mortem
856 2433 882 2455 el
895 2435 985 2455 resur-

191 2483 335 2510 rectionem
357 2480 554 2508 accuratissime
568 2482 707 2505 assertam.
724 2475 764 2503 Tu
776 2482 840 2502 vero
855 2482 888 2502 ne
899 2473 983 2501 solam

190 2531 411 2559 resurrectionem
423 2527 571 2563 perpendas
583 2526 671 2558 velim,
687 2523 734 2552 sed
747 2523 825 2551 etiam
836 2521 906 2557 quod
917 2528 985 2556 prte-

189 2578 290 2613 ceperit
305 2582 333 2604 ut
349 2575 448 2603 nemini
462 2574 597 2604 dicerem;
618 2577 645 2599 et
659 2578 706 2606 per
727 2569 817 2597 omnia
830 2568 929 2600 discas,
945 2566 984 2593 fa-

189 2630 259 2652 stum
274 2630 425 2657 vanamque
444 2620 555 2656 gloriam
571 2626 634 2647 esse
653 2617 763 2645 omnino
778 2614 930 2642 vitandam:
953 2613 985 2640 il-

190 2671 289 2705 ludque
303 2673 432 2704 prieterea
444 2667 541 2699 discas,
556 2665 642 2699 ipsum
653 2664 773 2698 lugentes
787 2666 861 2689 extra
875 2660 983 2687 domum

191 2718 313 2751 ejeeisse,
327 2720 408 2750 atque
419 2714 492 2741 velut
513 2711 637 2746 indignos
660 2709 706 2736 tali
727 2707 881 2743 spectaculo
896 2705 986 2733 decla-

191 2771 276 2790 rasse.
289 2762 330 2789 Tu
348 2768 412 2787 vero
431 2767 463 2786 ne
478 2765 558 2786 exeas
578 2764 639 2784 cum
664 2754 830 2785 tibicinibus;
844 2752 892 2780 sed
908 2758 986 2778 mane
1009 2758 1011 2761 ·

191 2818 250 2837 cum
266 2808 355 2840 Petro,
367 2806 470 2834 Joanne
486 2809 513 2832 et
524 2803 634 2832 Jacobo.
651 2801 717 2829 Nam
731 2801 753 2827 si
768 2806 830 2826 tunc
843 2799 902 2826 illos
915 2798 986 2824 foras

190 2855 279 2890 eiecit,
293 2852 377 2880 multo
388 2851 471 2886 magis
484 2857 554 2878 nunc
567 2849 592 2877 id
605 2847 693 2876 faciat.
704 2846 777 2873 Tunc
787 2845 858 2873 enim
868 2844 986 2871 nondum

192 2902 277 2937 palam
291 2903 350 2929 crat
368 2903 482 2928 mortem
500 2898 554 2933 jam
568 2902 690 2924 somnum
705 2901 764 2922 esse
787 2893 881 2921 lactant
894 2899 900 2918 :
913 2896 986 2918 nunc

673 155 708 183 IN
725 155 929 184 MATTllIEUM
949 156 1063 185 llOMlL.
1084 157 1181 187 XXXI.
1200 160 1237 189 al.
1257 160 1365 190 XXXII.

1778 169 1830 198 574

1038 221 1127 244 autem
1141 217 1199 251 ipso
1210 219 1267 247 sole
1288 220 1385 248 clarius
1399 226 1450 250 est.
1464 222 1498 249 At
1512 231 1583 252 nunc
1599 232 1651 253 non
1663 225 1743 254 ﬁliam
1758 232 1828 256 tuam

1038 263 1194 308 suscitavit?
1212 264 1264 291 Sed
1285 266 1423 294 suscitabit
1441 268 1512 295 illam
1529 276 1590 297 cum
1612 271 1714 306 majore
1734 273 1829 308 gloria.

1038 306 1083 334 Illa
1102 309 1172 336 enim
1187 319 1247 345 qua:
1259 313 1386 345 surrexit.
1403 314 1499 342 iterutn
1514 322 1618 345 mortua
1632 323 1690 351 est;
1707 306 1749 347 tua
1766 328 1830 348 vero

1037 359 1097 400 cum
1120 357 1283 390 surrexerit,
1307 359 1425 387 manebit
1442 360 1611 390 immortalis.
1633 363 1718 392 Nemo
1739 366 1829 400 itaque

1038 398 1165 434 deinceps
1177 400 1275 436 lugeat,
1285 405 1554 438 nequelamentetur,
1565 413 1644 432 nemo
1662 407 1763 435 Christi
1782 398 1825 435 vi-

1023 487 1025 489 ,
1037 445 1150 489 ctoriam
1159 447 1420 476 calumnietur.Vicit
1427 450 1497 476 enim
1505 450 1678 479 illemortem.
1688 452 1757 486 Quid
1763 461 1827 489 ergo

1037 488 1139 518 frustra
1149 492 1258 526 ploras?
1267 493 1338 522 Mors
1347 501 1461 523 somnus
1467 495 1561 523 cllecta
1571 502 1624 524 est.
1637 496 1707 530 Quid
1720 488 1827 526 lamen-

1037 536 1100 562 laris
1119 541 1146 563 et
1161 536 1256 572 luges?
1279 538 1344 566 illud
1356 540 1427 567 enirn
1451 542 1473 568 si
1495 542 1609 576 gentiles
1625 543 1752 576 facerent,
1771 544 1831 572 irri-

1036 579 1116 608 dendi
1132 587 1222 609 essent
1239 593 1246 611 ε
1261 591 1322 611 cum
1336 591 1426 614 autem
1441 586 1526 615 fidelis
1537 587 1587 615 hoc
1601 589 1713 624 turpiter
1726 589 1829 624 fecerit,

1036 633 1114 660 quam
1126 627 1234 656 habebit
1245 631 1442 659 excusationem
1453 633 1464 659 ?
1476 641 1535 668 qna.-
1549 635 1624 662 venia
1635 636 1686 663 erit
1696 636 1754 664 hmc
1767 637 1831 665 insi-

1036 673 1140 707 pienter
1154 676 1294 710 agentibus
1306 683 1366 712 post
1377 683 1477 706 tantum
1493 681 1619 715 temporis
1632 688 1659 709 et
1671 683 1771 710 claram
1784 691 1831 711 re-

1036 721 1208 748 surrectionis
1220 723 1424 756 probationem?
1437 726 1475 753 'l‘u
1489 734 1560 759 vero,
1577 735 1608 755 ac
1624 730 1646 756 si
1659 729 1766 757 studeas
1778 729 1830 758 hoc

1036 772 1172 800 peccatum
1187 769 1361 804 amplificare,
1376 772 1495 806 praebeas
1511 773 1547 807 (a)
1562 774 1639 801 nobis
1651 775 1764 810 gentiles
1781 776 1830 803 ad-

1036 811 1121 844 ducis,
1143 813 1243 841 luctum
1263 815 1382 843 excitans
1397 822 1424 844 et
1440 817 1575 846 fornacem
1598 819 1742 848 incendens
1758 829 1766 848 :
1780 829 1829 851 nec

1035 859 1112 886 audis
1136 859 1246 887 Paulum
1267 861 1399 890 dicentem
1416 871 1423 890 :
1441 863 1505 897 Quae
1532 865 1638 892 societas
1659 865 1754 894 Christi
1772 876 1829 895 cum

1035 903 1139 932 Belial?
1151 911 1195 932 aut
1215 915 1271 941 quae
1283 908 1364 942 portio
1378 909 1461 942 ﬁdelis
1480 918 1538 936 cum
1556 911 1654 942 inﬁdeli
1674 911 1712 947 (‘2.
1726 912 1784 940 Cor.
1800 913 1828 941 6.

1037 951 1102 986 15)?
1116 951 1196 979 Certe
1206 953 1329 987 gentiles,
1343 954 1387 988 qni
1402 953 1465 981 nihil
1477 955 1510 982 de
1525 957 1721 985 resurrectione
1731 958 1828 991 sciunt,

1035 999 1192 1025 consolandi
1208 1004 1294 1026 tamen
1308 1000 1424 1028 rationes
1439 1001 1585 1034 inveniunt,
1608 1003 1747 1031 dicentes:
1764 1003 1831 1030 For-

1037 1044 1098 1071 titer
1113 1044 1198 1078 feras;
1214 1052 1301 1079 neque
1322 1046 1422 1080 poteris
1437 1046 1462 1074 id
1482 1047 1552 1082 quod
1567 1047 1664 1075 factum
1679 1053 1730 1082 est,
1749 1048 1831 1076 infec-

1036 1097 1091 1119 tum
1106 1091 1230 1124 reddere,
1245 1093 1287 1119 vel
1307 1092 1430 1120 lamentis
1446 1101 1502 1121 rem
1517 1099 1637 1127 mutare;
1659 1100 1686 1121 tu
1700 1103 1765 1123 vero
1784 1097 1830 1130 qui

1035 1138 1197 1166 sublimiuris
1218 1139 1385 1174 utiliorisque
1400 1139 1578 1175 philosophiae
1597 1146 1728 1176 praecepta
1741 1142 1828 1174 audis,

1035 1191 1088 1210 non
1105 1183 1239 1212 erubescis
1261 1185 1380 1220 turpiora
1393 1193 1470 1220 quam
1486 1186 1523 1213 illi
1537 1187 1636 1222 agens?
1649 1187 1740 1222 Neque
1754 1188 1824 1215 enim

1035 1231 1149 1258 dicimus
1164 1239 1212 1259 nos
1234 1240 1241 1258 :
1268 1231 1384 1259 Fortiter
1405 1232 1492 1265 feras;
1516 1240 1568 1260 non
1592 1241 1734 1268 possumus
1757 1235 1827 1262 enim

1034 1276 1105 1312 quod
1119 1276 1216 1304 factum
1231 1281 1273 1305 est
1285 1277 1410 1304 infectum
1429 1277 1556 1309 reddere;
1573 1278 1631 1310 sed,
1651 1278 1767 1306 Fortiter
1787 1278 1828 1307 fe-

1019 1321 1021 1323 ’
1035 1330 1095 1353 ras;
1112 1330 1172 1350 nam
1187 1323 1295 1351 omnino
1309 1327 1446 1358 resurget;
1462 1323 1560 1350 dormit
1574 1324 1644 1351 enim
1660 1324 1758 1359 puella,
1773 1332 1828 1352 non

1035 1374 1138 1396 mortua
1152 1374 1193 1397 est
1208 1379 1214 1396 :
1230 1370 1351 1405 quiescit,
1366 1377 1416 1397 nec
1430 1370 1516 1404 periit.
1529 1369 1602 1396 Illam
1616 1371 1730 1405 excipiet
1744 1378 1829 1398 resur-

1035 1416 1134 1449 rectio,
1150 1415 1202 1442 vita
1224 1416 1396 1450 sempiterna,
1414 1415 1609 1449 immortalitas,
1624 1423 1683 1444 sors
1697 1417 1826 1452 angelica.

1035 1461 1091 1489 Non
1108 1462 1183 1489 audis
1196 1461 1329 1489 Psalmum
1344 1461 1486 1494 dicentem,
1501 1462 1657 1494 Convertere,
1667 1462 1753 1489 anima
1762 1471 1827 1496 mea,

1035 1507 1061 1534 in
1071 1507 1180 1542 requiem
1203 1511 1290 1540 luant,
1313 1507 1372 1540 quia
1397 1506 1520 1534 Dominus
1543 1507 1664 1543 bene/erit
1684 1507 1727 1534 tibi
1742 1506 1827 1542 (Psal.

1036 1553 1096 1580 1M.
1112 1553 1138 1588 7)
1149 1553 1161 1580 ἱ)
1174 1553 1242 1580 Deus
1254 1558 1367 1580 mortem
1382 1553 1538 1580 beneﬁcium
1556 1558 1643 1586 vocat,
1657 1558 1683 1581 et
1695 1558 1722 1580 ιιι
1738 1554 1829 1589 luges?

1037 1598 1069 1625 Et
1082 1598 1144 1634 quid
1159 1598 1272 1633 amplius
1283 1598 1385 1626 faceres
1400 1598 1421 1626 si
1437 1598 1552 1626 defuncti
1567 1599 1690 1626 inimicus
1704 1603 1731 1626 et
1744 1599 1829 1626 hostis

1035 1644 1126 1671 esses?
1136 1644 1163 1672 Si
1175 1644 1328 1679 lugendum,
1340 1644 1446 1672 diabolo
1457 1645 1599 1680 lugendum
1610 1650 1660 1673 est.
1673 1645 1718 1673 llle
1727 1645 1826 1680 lugeat,

1037 1691 1079 1718 ille
1091 1692 1260 1721 lamentetur.
1277 1691 1337 1726 quia
1352 1691 1386 1718 ad
1400 1692 1500 1726 majora
1513 1691 1582 1719 bona
1597 1691 1741 1726 pergimus.
1755 1691 1828 1720 Illius

1036 1737 1150 1772 nequitia
1166 1737 1244 1772 digna
1259 1741 1301 1764 est
1315 1737 1444 1772 ejusmodi
1458 1737 1629 1770 lamentatio;
1640 1744 1717 1765 secus
1730 1741 1768 1770 tu,
1782 1738 1827 1773 qul

1034 1783 1067 1811 ad
1082 1790 1207 1811 coronam
1221 1786 1248 1810 ct
1258 1783 1376 1817 requiem
1390 1783 1504 1811 vocaris.
1517 1782 1583 1810 Nam
1595 1788 1687 1818 portus
1699 1783 1833 1819 tranquil—

1035 1829 1076 1857 lus
1098 1836 1171 1856 mors
1192 1833 1243 1856 est.
1264 1828 1402 1863 Perpende
1415 1829 1494 1863 igitur
1511 1833 1576 1864 quot
1599 1829 1676 1857 malis
1695 1829 1773 1864 plena
1793 1829 1829 1857 sit

1034 1875 1085 1902 vita
1102 1882 1219 1910 prresens
1232 1883 1239 1903 :
1255 1875 1340 1910 cogita
1352 1875 1456 1909 quoties
1469 1875 1518 1909 ipsi
1529 1875 1709 1904 maledixeris.
1723 1876 1788 1903 Nam
1801 1876 1828 1904 in

1034 1921 1110 1956 pejus
1124 1929 1230 1956 semper
1248 1928 1292 1949 res
1312 1925 1467 1954 vertuntur,
1489 1925 1570 1957 atque
1590 1929 1604 1948 a
1620 1922 1750 1957 principio
1773 1930 1828 1950 non

1033 1967 1164 1995 modicam
1180 1967 1377 1995 damnationem
1400 1967 1510 1995 sortitus
1524 1975 1562 1994 cs.
1584 1967 1616 1994 In
1629 1968 1767 2000 doloribus,
1787 1968 1829 1996 in-

1033 2014 1100 2048 quit,
1124 2014 1208 2048 paries
1227 2013 1295 2047 ﬁlios
1308 2013 1384 2047 (Gen.
1399 2013 1427 2040 5.
1446 2013 1490 2048 16)
1506 2021 1512 2039 :
1528 2018 1564 2044 et.
1583 2012 1616 2040 In
1637 2013 1728 2040 sudore
1746 2013 1828 2040 vultus

1034 2060 1069 2087 tui
1083 2060 1195 2087 comedes
1207 2068 1297 2096 panem
1309 2065 1380 2086 tuum
1393 2058 1444 2095 (Ib.
1462 2068 1485 2086 υ.
1500 2060 1544 2095 i7)
1557 2068 1564 2087 ι
1576 2065 1613 2092 et,
1631 2060 1663 2086 In
1676 2059 1771 2086 mundo
1783 2060 1829 2086 tri-

1033 2107 1186 2134 bulationem
1198 2106 1318 2133 habebitis
1330 2106 1418 2142 (Joan.
1430 2106 1474 2134 16.
1486 2106 1541 2142 3'5).
1555 2107 1589 2133 At
1601 2106 1635 2134 de
1645 2106 1738 2134 futuris
1748 2106 1828 2133 rebus

1035 2152 1100 2181 nihil
1123 2152 1276 2187 hujusmodi
1297 2151 1404 2184 dicitur.
1428 2151 1483 2179 imo
1504 2152 1667 2178 contraritun
1682 2157 1801 2186 prorsus
1819 2160 1827 2178 :

1036 2199 1132 2235 Eﬂ'ttgil
1147 2198 1230 2230 dolor,
1242 2198 1344 2225 tristitia
1353 2202 1377 2225 et
1389 2197 1496 2233 gemitus
1510 2196 1588 2233 (lsai.
1601 2196 1646 2224 35.
1662 2196 1706 2231 10)
1719 2205 1727 2223 1
1739 2201 1777 2228 et,
1790 2196 1828 2224 Αι

1035 2246 1129 2272 oriente
1141 2249 1164 2272 et
1181 2245 1309 2272 occidente
1320 2244 1427 2276 venient,
1443 2248 1467 2271 et
1479 2244 1621 2271 rerumme
1631 2244 1658 2271 in
1672 2244 1730 2270 sinu
1745 2243 1829 2271 Abra-

1036 2293 1084 2325 haz,
1108 2298 1131 2319 et
1146 2291 1231 2324 Isaac,
1252 2297 1276 2319 et
1289 2291 1369 2318 Iacob
1385 2290 1491 2327 (Matth.
1508 2291 1534 2319 8.
1557 2290 1601 2326 il)
1618 2299 1624 2317 :
1640 2295 1668 2318 et
1681 2290 1736 2318 illic
1747 2297 1829 2325 spon~

1036 2346 1081 2366 sus
1094 2338 1249 2373 spiritualis,
1264 2338 1380 2366 lucerna:
1400 2337 1518 2373 fulgidm,
1533 2337 1670 2365 translatio
1681 2337 1706 2365 in
1722 2337 1827 2365 celum.

1073 2386 1098 2412 ι.
1113 2385 1166 2412 Cur
1179 2391 1244 2418 ergo
1257 2387 1390 2411 mortuum
1405 2382 1554 2418 deturpas?
1572 2390 1620 2410 cur
1632 2382 1691 2410 aliis
1706 2382 1828 2410 timorem

1038 2436 1233 2465 tremoremque
1245 2431 1339 2458 mortis
1351 2430 1485 2457 accersis?
1499 2437 1548 2457 cur
1557 2429 1725 2457 occasionetn
1738 2429 1830 2457 multis

1038 2478 1140 2512 prtebes
1151 2477 1288 2505 incusandi
1302 2477 1396 2509 Deum,
1408 2481 1500 2511 utpote
1510 2477 1554 2511 qui
1566 2483 1660 2511 magna
1671 2476 1764 2504 fecerit
1773 2483 1830 2503 ma-

1041 2524 1081 2553 la?
1097 2524 1151 2551 lmo
1171 2531 1235 2551 vero
1252 2531 1300 2551 cur
1316 2527 1407 2558 postea
1427 2529 1558 2558 pauperes
1585 2529 1664 2550 vocas
1675 2543 1684 2556 ,
1699 2526 1727 2549 et
1739 2529 1829 2550 sacer-

1038 2571 1114 2599 dotes
1128 2577 1206 2606 rogas
1219 2570 1252 2598 ad
1267 2569 1448 2605 precandum?
1460 2569 1494 2597 Ut
1505 2569 1533 2597 in
1547 2569 1666 2604 requiem
1679 2569 1772 2603 abeat,
1787 2569 1830 2596 in-

1007 2613 1010 2616 ’
1038 2620 1113 2655 quies
1123 2639 1130 2650 ,
1146 2618 1169 2646 is
1183 2618 1228 2653 qui
1242 2621 1362 2645 mortuus
1374 2621 1416 2644 est
1427 2637 1434 2649 ,
1450 2621 1479 2643 ut
1494 2616 1636 2651 propitium
1651 2615 1749 2643 habeat
1761 2614 1832 2650 judi-

1038 2675 1106 2694 cetn.
1122 2666 1159 2693 Ea
1182 2665 1261 2700 igitur
1273 2664 1307 2691 de
1322 2671 1401 2691 causa
1422 2663 1511 2698 ploras
1525 2667 1552 2690 et
1575 2661 1746 2697 ingemiscis?
1761 2661 1832 2698 Ergo

1039 2718 1127 2740 tecum
1139 2712 1196 2747 ipse
1211 2718 1312 2746 pugnas
1322 2731 1329 2740 .
1346 2717 1407 2737 cum
1418 2709 1455 2736 illi
1469 2713 1639 2744 tempestates
1652 2715 1730 2744 paras
1741 2708 1787 2744 qui
1798 2707 1832 2735 ad

1041 2764 1145 2794 portum
1155 2757 1229 2785 abiit.
1246 2757 1280 2784 Et
1292 2756 1356 2792 quid
1371 2755 1483 2783 faciam?
1496 2755 1616 2791 inquies:
1632 2755 1658 2782 id
1672 2759 1765 2782 natura
1776 2754 1833 2782 exi-

1039 2806 1087 2841 git.
1107 2805 1165 2832 Non
1179 2807 1221 2832 est
1239 2808 1342 2830 natura:
1360 2802 1437 2837 culpa
1457 2809 1544 2836 neque
1561 2809 1652 2829 rerum
1670 2799 1770 2834 seriei;
1785 2799 1833 2827 sed

1071 2862 1108 2894 (a)
1119 2860 1261 2894 Degprteﬁca
1271 2859 1329 2894 vide
1338 2859 1495 2894 Antiquit._'_r.
1506 2859 1566 2894 5,_p.
1575 2858 1615 2889 14,
1627 2861 1653 2884 et
1663 2858 1696 2884 de
1707 2857 1783 2884 litt-ma
1792 2863 1833 2882 au-

1040 2890 1091 2919 tem
1099 2890 1203 2925 praeﬁca:
1215 2891 1412 2923 supplementtuu
1422 2893 1448 2914 T.
1461 2890 1486 2922 5,
1495 2896 1520 2922 p.
1534 2890 1572 2915 lt.
