2067 3134
205 188 209 192 ’
247 181 299 208 575

247 247 296 267 nos
306 238 352 274 qui
364 235 453 265 omnia
464 241 510 262 sus
519 232 606 268 deque
617 230 754 261 vertimus,
767 226 862 254 molles
872 223 983 274 nimium
994 229 1040 274 su-

248 268 326 319 mus,
354 287 472 312 nostram
496 278 635 316 prodimus
655 275 838 304 nobilitatem,
865 268 1040 319 etninﬁdelcs

248 315 396 360 deteriores
415 327 537 356 facimus.
557 322 696 358 Quomodo
711 320 782 348 cnim
797 326 859 346 cum
873 316 926 344 alio
939 316 973 343 de
988 315 1040 341 im-

249 375 410 405 mortalitate
421 369 602 401 disseremus?
611 376 662 404 qua
675 366 779 394 ratione
789 363 914 400 gentilem
924 361 957 388 ad
968 361 1040 405 illam

247 421 408 451 credendam
420 418 587 449 inducemus,
608 421 670 442 cum
683 411 766 448 magis
777 418 856 446 quam
869 409 914 437 ille
926 403 1040 436 mortem

247 469 405 498 horreamus
426 469 453 493 et
467 462 626 492 timeamus?
647 459 720 488 Multi
733 463 807 486 certe
820 465 852 485 ex
874 455 1039 491 gentilibus,

247 515 292 550 qui
316 511 541 543 immortalitatem
563 515 615 536 non
637 505 800 537 credebant,
825 502 936 531 mortuis
961 501 1039 534 ﬁliis,

250 549 371 597 imposita
383 559 432 586 sibi
443 563 541 586 corona
554 555 603 591 (ιι),
615 558 716 580 vestem
729 551 869 579 candidam
886 549 1040 597 induerunt,

250 613 278 635 ut
288 594 450 642 praesentem
471 601 582 638 gloriam
606 601 820 634 aucuparentur;
838 600 864 623 tu
880 602 944 622 vero
959 594 1042 642 neob

249 639 364 681 futuram
383 649 492 685 quidem
514 646 626 682 gloriam
640 651 730 672 cessas
744 642 897 670 eﬂeruinato
911 647 986 668 more
1001 639 1040 666 la-

250 698 373 731 mentari,
385 701 412 724 ct
423 695 557 731 plangere.
570 692 622 720 Sed
638 691 764 718 heredem
781 697 833 716 non
848 687 940 719 habes,
955 693 1042 721 neque

249 741 450 773 successorem?
463 739 530 773 Quid
546 745 609 765 vero
624 736 716 768 malis,
732 735 863 763 bonorum
875 738 982 760 tuorum
995 731 1042 758 he-

249 791 339 819 redem
355 796 415 817 esse
425 809 432 821 ,
449 795 481 814 an
497 784 642 813 caelorum?
657 782 719 818 quid
741 781 834 814 malis,
850 787 883 807 an
899 784 928 807 ut
940 779 984 806 ille
997 782 1041 805 tua

249 836 364 871 excipiat
376 834 454 865 baua,
471 839 530 867 quae.
546 830 619 857 brevi
635 826 808 863 relinquenda
826 830 915 857 erunt,
931 831 965 851 an
982 832 1041 871 ma-

251 869 340 910 nentia
352 884 506 914 aeternaque
518 876 607 905 bona?
621 875 697 902 Illum
709 873 834 901 heredem
846 879 898 899 non
912 869 1040 903 habuisti,

251 928 298 957 sed
311 927 403 955 habuit
424 926 494 953 Deus
507 933 514 951 :
530 921 643 950 nonfuit
657 920 770 948 coheres
783 919 894 946 fratrum
910 924 1020 944 suorum
1031 936 1038 948 ,

251 975 297 1003 sed
312 974 362 1001 fuit
375 972 483 1000 Christi.
500 971 534 998 Et
544 969 587 997 cui
600 972 699 1001 vestes,
714 965 828 1001 inquies,
841 964 884 992 cui
897 963 968 991 aedes
978 983 986 997 ,
998 961 1041 990 cui

251 1028 343 1050 servos
364 1024 391 1047 et
414 1025 492 1054 agros
512 1013 713 1051 relinquemus?
733 1013 785 1048 Ipsi
800 1011 936 1047 profecto,
953 1014 980 1037 et
1003 1009 1043 1037 sic

251 1069 332 1096 tutius
346 1073 460 1101 repones
471 1085 479 1096 ,
495 1070 574 1099 quam
587 1062 611 1090 si
624 1061 725 1088 viveret
737 1068 744 1092 ;
762 1058 828 1086 nihil
840 1057 939 1093 quippe
953 1060 979 1083 te
989 1056 1042 1082 im-

251 1114 333 1149 pedit.
348 1112 413 1140 Nam
427 1111 449 1138 si
464 1109 571 1137 barbari
585 1115 637 1135 una
648 1115 708 1135 cum
721 1105 855 1133 defunctis
867 1111 912 1132 res
923 1104 1041 1139 ipsorum

249 1165 370 1187 cremare
382 1156 469 1184 solent
479 1176 486 1188 ,
500 1154 584 1182 multo
596 1153 680 1188 magis
691 1157 717 1179 te
728 1159 775 1186 par
787 1155 828 1179 est
840 1150 872 1178 ad
886 1149 1042 1177 defunctum

251 1205 355 1232 mittere
369 1210 399 1230 ea
414 1209 473 1237 quae.
488 1200 521 1228 ad
536 1199 623 1235 ipsum
648 1199 800 1234 pertinent,
816 1204 869 1224 non
883 1201 913 1223 ut
926 1196 952 1223 in
965 1196 1041 1223 cine-

250 1259 306 1279 rem
322 1250 482 1278 reducantur
496 1252 525 1275 ut
539 1248 582 1275 illa
593 1268 600 1281 ,
615 1246 662 1274 sed
675 1250 705 1273 ut
724 1244 853 1279 majorem
873 1243 911 1271 illi
929 1242 1042 1278 gloriam

251 1297 373 1331 pariant;
388 1298 416 1323 et
428 1294 451 1321 si
465 1298 588 1329 peccator
600 1291 726 1324 decessit,
738 1294 767 1318 ut
780 1294 889 1326 peccata
901 1289 1041 1321 cluantur;

249 1344 272 1372 si
284 1344 382 1378 justus,
397 1346 426 1369 ut
440 1342 477 1369 illi
489 1339 620 1368 mercedis
633 1346 664 1366 ac
674 1336 856 1367 retributionis
869 1339 1041 1371 augmentum

250 1388 369 1416 accedat.
385 1388 419 1415 At
432 1386 523 1414 videre
537 1386 624 1420 ipsum
636 1383 791 1412 desideras?
814 1381 943 1410 Eamdem
963 1380 1043 1416 igitur

250 1441 330 1469 quam
346 1433 402 1468 ipse
420 1432 501 1459 vitam
518 1430 633 1465 transigc
646 1450 653 1464 ,
673 1433 701 1456 et
715 1428 768 1456 cito
782 1428 827 1455 illa
849 1434 925 1454 sacra
939 1425 1042 1454 visione

251 1479 356 1507 frueris.
370 1477 435 1505 illud
450 1478 530 1504 etiam
544 1476 630 1510 cogita
640 1495 648 1507 ,
665 1479 691 1502 te
703 1475 724 1501 si
736 1481 786 1501 nos
797 1480 850 1500 non
864 1471 981 1499 audieris
991 1491 998 1503 ,
1014 1471 1042 1498 in

251 1527 339 1554 l'uturo
352 1525 378 1552 id
398 1524 507 1551 omnino
523 1526 695 1557 experturum
708 1527 778 1548 esse.
790 1519 891 1547 Verum
906 1517 980 1545 nulla
995 1516 1042 1545 tibi

251 1578 354 1600 merces
368 1571 438 1599 erit:
455 1577 516 1597 nam
529 1577 544 1595 a
560 1566 688 1603 temporis
702 1566 875 1594 diuturnitate
893 1563 1044 1592 consolatio

253 1619 296 1647 illa
309 1618 354 1646 tibi
367 1617 486 1645 accedet.
502 1616 530 1644 Si
543 1621 622 1650 porro
635 1621 707 1642 nunc
718 1611 902 1648 philosophari
914 1611 1041 1644 volueris,

251 1666 305 1693 duo
319 1665 451 1701 praecipua
472 1662 635 1694 lucmberis;
653 1666 678 1688 te
690 1660 789 1696 quippe
802 1667 818 1686 a
833 1659 912 1687 malis
926 1658 1043 1686 circum-

253 1712 384 1740 stantibus
396 1718 490 1743 erues,
504 1714 532 1738 et
546 1707 726 1744 splendidiore
744 1713 842 1734 cerona
857 1714 872 1733 a
888 1705 943 1733 Deo
957 1705 1042 1732 dona-

253 1759 333 1786 beris.
345 1758 551 1792 Eleemosynam
561 1755 632 1782 enim
643 1754 795 1788 multasque
805 1752 871 1780 alias
880 1753 990 1780 virtutes
998 1759 1045 1778 su-

253 1808 328 1838 perat
341 1802 522 1831 calamitatum
542 1799 692 1828 tolerantia.
708 1799 798 1835 Cogita
815 1799 900 1834 ipsum
923 1798 971 1826 Dei
992 1797 1042 1825 Fi-

253 1851 316 1877 lium
330 1853 464 1876 mortuum
478 1854 555 1880 esse;
573 1846 617 1874 ille
631 1853 682 1880 pro
697 1850 724 1873 te
742 1849 863 1872 mortuus
877 1848 935 1877 est,
953 1849 980 1871 tu
995 1851 1044 1879 pro

253 1896 348 1931 teipso.
363 1894 432 1922 Dixit
443 1898 550 1921 autem:
568 1893 598 1920 Si
610 1892 727 1928 possibile
741 1896 787 1924 est,
803 1896 912 1918 tranteat
923 1900 939 1918 α
950 1899 989 1918 me
999 1899 1044 1917 ca-

253 1941 290 1968 lix
301 1942 346 1968 iste
357 1941 365 1976 (
376 1940 469 1968 Matth.
481 1939 526 1966 26.
540 1939 574 1966 '59
585 1939 595 1974 )
608 1948 614 1966 :
631 1946 661 1966 ac
676 1938 782 1965 tristitia
795 1945 965 1973 moeroreque
977 1937 1044 1965 all'c-

252 1992 312 2015 ctus
326 1979 439 2014 mortem
455 1993 507 2014 non
530 1985 637 2021 eﬁ'ugit,
655 1985 702 2013 sed
716 1985 796 2012 etiam
819 1985 939 2019 plurimis
960 1989 1046 2013 tortus

252 2034 430 2066 cruciatibus,
451 2037 565 2060 mortem
585 2031 667 2059 subiit
685 2039 737 2058 non
757 2031 893 2066 vulgarem
904 2052 911 2064 ,
927 2031 973 2058 sed
988 2039 1046 2058 om-

253 2080 327 2107 nium
347 2079 528 2114 turpissimam
545 2088 552 2106 :
573 2082 602 2106 et
619 2082 681 2106 ante
706 2082 820 2105 mortem
843 2077 946 2113 ﬂagella
960 2098 968 2111 ,
983 2082 1046 2106 ante

254 2127 356 2162 ﬂagella
373 2133 437 2153 vero
459 2125 597 2158 convicia,
613 2124 779 2157 derisiones,
803 2124 997 2158 contumelias,
1020 2129 1047 2152 te

254 2173 397 2200 instituens
414 2171 447 2199 ad
466 2171 554 2198 omnia
571 2170 675 2198 fortiter
695 2170 813 2198 ferenda.
829 2169 881 2198 Sed
899 2176 959 2205 post
972 2179 1046 2198 mor-

255 2224 318 2251 tem,
335 2223 475 2254 postquam
489 2225 587 2252 corpus
601 2217 773 2250 deposuerat,
790 2216 853 2243 illud
868 2225 928 2244 cum
945 2217 1046 2252 majore

255 2266 341 2302 gloria
364 2265 524 2299 resumpsit,
547 2269 624 2298 teque
638 2263 706 2290 bona
721 2271 768 2298 spe
782 2262 865 2290 fulcit.
881 2263 944 2290 Haec
956 2263 978 2290 si
994 2272 1046 2291 non

256 2311 344 2338 fabula
368 2314 431 2338 sunt
442 2330 450 2344 ,
464 2317 499 2337 ne
513 2309 603 2345 plores
617 2318 623 2336 :
641 2309 698 2337 lucc
713 2309 734 2336 si
748 2308 887 2336 credibilia
901 2314 978 2344 putas
991 2330 997 2343 ,
1014 2317 1048 2337 nc

257 2358 412 2393 lacrymeris
425 2365 433 2390 ;
449 2356 472 2384 si
484 2363 548 2384 vero
561 2356 666 2383 ﬂeveris
676 2377 683 2389 ,
699 2351 834 2391 quouiodo
848 2355 948 2390 poteris
966 2356 1049 2391 genti-

257 2404 325 2432 libus
340 2402 503 2439 persuadere
520 2408 546 2430 te
560 2409 623 2430 vere
637 2402 767 2439 credere?

292 2451 319 2478 5.
337 2449 433 2476 Μονιηὶ
445 2457 496 2476 non
510 2449 564 2476 sine
575 2447 650 2475 modo
663 2447 775 2482 lugendi.
790 2462 826 2467 —
840 2448 874 2474 At
893 2447 940 2474 tibi
961 2446 1049 2475 adhuc

259 2495 433 2522 intolerabilis
454 2501 533 2522 casus
548 2493 591 2520 ille
606 2493 727 2520 videtur?
750 2493 821 2527 Ergo
843 2500 895 2519 non
919 2493 1050 2528 lugendus

259 2541 319 2570 ideo
333 2541 377 2567 ille
390 2544 440 2573 est,
454 2540 499 2575 qui
512 2547 526 2566 a
542 2543 582 2566 tot
593 2538 788 2566 calamitatibus
801 2539 855 2573 jam
867 2544 907 2566 est
920 2539 996 2566 liber.
1011 2539 1050 2566 Ne

257 2589 348 2621 itaque
370 2586 418 2620 ipsi
444 2585 573 2613 invideas.
596 2584 663 2612 Nam
687 2584 734 2611 tibi
750 2585 784 2611 ob
807 2584 976 2612 immaturum
993 2585 1051 2619 ejus

259 2632 361 2659 obitum
375 2636 488 2658 mortem
504 2636 598 2666 optare
609 2652 616 2665 ,
633 2631 778 2666 lugerequc
788 2651 796 2664 ,
815 2632 876 2665 quia
899 2640 951 2658 non
965 2632 1029 2658 vivit
1042 2652 1049 2664 ,

260 2683 288 2706 ut
304 2677 365 2705 talia
382 2678 463 2705 multa
487 2679 618 2713 patiatur,
640 2678 720 2705 invidi
743 2683 817 2705 certe
839 2683 890 2705 est.
913 2678 971 2705 Noli
987 2687 1051 2714 ergo

261 2729 378 2759 cogitare
396 2723 483 2759 ipsum
503 2731 647 2759 numquam
666 2723 774 2751 domum
799 2730 859 2750 esse
882 2723 1029 2752 rediturum
1041 2745 1050 2759 ,

293 2802 329 2832 ((1)
347 2800 387 2837 De
396 2800 556 2837 Xenophopte
567 2801 663 2837 dicitur,
676 2801 753 2837 ipsum
765 2807 820 2825 cum
831 2805 960 2837 coronatus
979 2801 1053 2826 sacri-

261 2831 352 2864 ﬁcaret.
365 2836 392 2857 ut
399 2832 489 2856 audivit
500 2831 573 2864 ﬁlium
584 2832 609 2856 in
620 2831 742 2856 Mantintea
755 2839 834 2864 pugna
844 2833 972 2862 cecidisse,
985 2839 1052 2856 coro-

263 2871 317 2888 nam
334 2863 490 2894 deposuisse,
515 2863 557 2888 ubi
575 2869 634 2887 vero
655 2863 744 2887 acriter
765 2867 913 2894 pugnamem
932 2865 1053 2889 corruisse

263 2895 387 2925 cainperit,
402 2899 513 2918 coronam
521 2894 610 2919 iterum
621 2894 692 2924 capiti
703 2895 854 2925 imposuisse.

599 173 629 202 S.
648 169 787 201 JOANNIS
806 161 1045 196 CllRYSOSTOMl
1067 161 1226 190 AnCllIEP.
1246 147 1515 190 CONSTANTINOP.

1833 159 1884 187 576

1091 219 1139 246 sed
1155 224 1181 246 te
1201 219 1276 247 brevi
1299 220 1331 247 ad
1348 220 1420 248 illum
1442 227 1502 248 esse
1521 220 1705 256 migraturum.
1725 220 1764 248 Ne
1782 221 1885 254 cogites

1092 266 1179 300 ipsum
1194 274 1246 293 non
1263 267 1331 294 ultra
1348 267 1399 294 huc
1413 274 1473 294 esse
1488 272 1629 294 venturum
1640 289 1647 300 ,
1663 267 1710 295 sed
1725 268 1810 302 cogita
1828 267 1885 294 ha-c

1092 311 1207 338 visibilia
1218 319 1269 339 non
1287 313 1321 339 ita
1334 317 1362 340 ut
1374 317 1436 340 sunt
1450 321 1574 341 mansura
1586 334 1594 346 ,
1609 314 1655 342 sed
1670 314 1885 344 transformanda

1091 365 1162 385 esse.
1178 357 1243 386 Nam
1264 359 1361 386 coelum
1373 380 1381 392 ,
1396 363 1481 391 terra,
1494 368 1569 388 mare
1590 364 1618 387 et
1639 361 1728 389 omnia
1751 366 1886 389 transmu-

1091 408 1199 437 tantur,
1224 410 1343 441 tuncque
1361 406 1444 433 lilium
1464 412 1538 434 tuum
1558 408 1672 443 recipies
1687 408 1782 443 majori
1793 409 1879 444 gloria

1093 456 1253 478 coronatum
1264 452 1327 479 '.Et
1336 451 1358 479 si
1372 453 1481 487 quidem
1499 459 1631 487 peccator.
1640 455 1706 481 abiit
1719 474 1727 486 ,
1750 455 1880 489 nequitia:

1093 503 1186 524 cursus
1197 496 1359 532 interceptus
1368 497 1426 530 fuit;
1438 505 1525 532 neque
1534 498 1604 525 enim
1615 498 1637 526 si
1645 498 1799 527 mutandum
1810 499 1885 527 illum

1093 542 1151 570 fore
1166 542 1235 570 Deus
1250 543 1415 578 pncvidisset
1426 563 1434 576 ,
1450 543 1522 570 illum
1538 548 1599 571 ante
1615 545 1798 579 pmniteutiam
1814 545 1887 572 abri-

1094 588 1194 623 puisset
1203 597 1211 621 ;
1221 588 1243 615 si
1254 589 1413 623 verojustus
1423 589 1561 622 discessit,
1576 589 1603 617 in
1615 594 1671 617 tuto
1685 590 1753 618 bona
1765 599 1810 618 sua
1823 599 1885 626 pos-

1092 635 1172 662 sidet.
1206 634 1283 663 Unde
1312 635 1480 663 manifestum
1510 641 1551 664 est
1577 637 1710 673 lacrymas
1744 643 1802 666 tuas
1831 646 1885 666 non

1093 689 1152 708 esse
1179 682 1310 718 lacrymas
1334 683 1444 714 amoris,
1470 683 1517 710 sed
1546 683 1736 713 irrationabilis
1761 686 1887 714 allectus.

1092 726 1158 754 Nam
1182 728 1204 755 si
1228 728 1382 755 defunctum
1408 737 1535 763 amares,
1559 730 1676 765 gaudere
1698 736 1834 766 oporteret
1858 737 1888 760 et

1094 774 1198 806 lu-tari,
1224 775 1295 810 quod
1320 783 1335 802 a
1356 777 1530 810 pnesentibus
1555 776 1679 805 ﬂuetibus
1703 778 1740 805 sit
1766 783 1886 814 ereptus.

1092 821 1162 856 Quid
1191 822 1262 849 enim
1292 823 1426 857 amplius,
1460 831 1572 858 quaso,
1603 824 1694 852 videre
1725 825 1787 852 est?
1817 825 1887 859 Quid

1094 870 1228 897 insolitum
1262 875 1290 898 et
1322 871 1442 898 novum?
1473 871 1568 899 Nonne
1600 871 1693 900 eadem
1728 872 1784 908 ipsa
1816 882 1888 908 quo—

1093 916 1158 944 tidie
1167 917 1267 945 revolvi
1278 917 1416 945 videmus?
1429 918 1502 945 Diem
1516 925 1567 944 nox
1579 918 1688 953 excipit,
1700 923 1804 946 noctem
1816 919 1887 953 dies,

1094 962 1210 990 hiemem
1231 968 1325 996 uastas,
1340 968 1460 991 :cslatem
1477 964 1562 991 hiems
1572 985 1580 995 ,
1596 969 1623 992 et
1637 965 1700 991 nihil
1716 965 1839 1000 amplius.
1853 966 1888 993 Et

1093 1008 1151 1036 haec
1163 1008 1268 1043 quidem
1280 1017 1387 1044 semper
1400 1010 1493 1037 eadem
1509 1019 1515 1036 ε
1531 1010 1599 1037 mala
1615 1019 1677 1038 vero
1692 1019 1798 1046 semper
1812 1012 1888 1040 inso-

1093 1055 1137 1082 lita
1160 1060 1187 1082 et
1207 1063 1285 1082 nova.
1310 1055 1372 1082 llam
1392 1064 1457 1091 ergo
1478 1057 1586 1084 volebas
1600 1057 1672 1084 illum
1688 1058 1807 1093 quotidie
1819 1059 1888 1086 hau-

1093 1102 1146 1130 rire
1161 1103 1190 1134 ’,
1212 1107 1239 1131 et
1260 1102 1303 1131 hic
1322 1111 1445 1135 manere,
1469 1110 1614 1139 :cgrotare,
1641 1104 1747 1140 lugere,
1773 1106 1887 1139 timere,

1094 1154 1225 1182 tremere,
1249 1153 1277 1177 et
1298 1150 1349 1176 aiia
1375 1150 1436 1176 mali
1456 1150 1526 1185 pati.
1548 1150 1599 1177 alia
1619 1150 1888 1186 formidareYNeque

1093 1195 1164 1222 enim
1175 1195 1264 1223 dicere
1278 1196 1358 1227 ausis,
1376 1196 1493 1231 potuisse
1506 1197 1580 1224 illum
1594 1197 1700 1232 longum
1715 1197 1765 1224 hoc
1779 1197 1888 1232 pelagus

1094 1240 1286 1276 trajicicntem,
1301 1242 1460 1269 meroribus
1480 1242 1752 1278 sollicitudinibusqne
1773 1250 1886 1270 vacuum

1094 1295 1164 1315 esse.
1177 1287 1217 1314 Ad
1232 1287 1289 1315 haec
1301 1288 1434 1323 perpende
1449 1293 1474 1316 te
1487 1297 1539 1316 non
1553 1289 1678 1324 genuisse
1694 1289 1886 1323 immortalem;

1093 1340 1125 1361 ac
1135 1333 1156 1361 si
1172 1341 1224 1360 non
1237 1333 1292 1368 jam
1306 1339 1426 1362 mortuus
1436 1340 1515 1367 esset,
1532 1335 1610 1370 paulo
1624 1340 1714 1370 postca
1729 1336 1886 1364 moriturum

1093 1379 1184 1406 fuisse.
1207 1380 1242 1407 At
1262 1388 1313 1408 non
1327 1381 1437 1409 satiatus
1448 1389 1509 1410 eras
1524 1381 1594 1409 illius
1607 1383 1822 1411 consuetudine?
1834 1382 1887 1411 Sed

1094 1427 1130 1456 ibi
1138 1436 1244 1463 semper
1255 1429 1300 1456 illo
1312 1429 1417 1457 frueris.
1433 1431 1466 1457 At
1481 1431 1563 1458 velles
1577 1430 1618 1458 hic
1633 1431 1718 1466 ipsum
1731 1431 1842 1459 videre?
1855 1432 1888 1459 Et

1093 1474 1156 1509 quid
1179 1475 1269 1502 vetat?
1287 1474 1362 1503 Licet
1384 1475 1430 1503 tibi
1455 1475 1529 1503 illum
1544 1476 1644 1510 videre,
1660 1477 1682 1504 si
1699 1478 1786 1512 sapias
1803 1487 1810 1505 :
1826 1485 1888 1512 spes

1094 1521 1165 1548 enim
1189 1521 1336 1549 futurorum
1361 1522 1418 1557 ipso
1439 1522 1495 1550 visu
1517 1523 1614 1551 clarior
1627 1528 1677 1551 est.
1693 1523 1732 1551 Tu
1748 1531 1811 1552 vero
1824 1525 1845 1551 si
1861 1524 1887 1551 in

1094 1568 1167 1603 regia
1189 1573 1277 1602 esset,
1303 1569 1391 1604 ibique
1414 1568 1540 1603 ﬂoreret,
1564 1577 1617 1596 non
1642 1570 1785 1605 quaesisses
1814 1571 1887 1598 illum

1095 1615 1186 1642 videre
1208 1623 1216 1642 :
1238 1622 1270 1642 ac
1292 1623 1351 1642 cum
1371 1615 1403 1642 ad
1418 1615 1496 1650 longe
1509 1616 1647 1643 meliorem
1661 1621 1760 1644 sortem
1772 1616 1887 1648 abierit,

1096 1665 1204 1696 propter
1218 1668 1328 1696 parvum
1343 1661 1470 1689 absentia:
1485 1665 1589 1697 tempus
1600 1662 1690 1690 animo
1704 1663 1811 1695 deﬁcis.
1826 1671 1888 1690 cum

1095 1708 1213 1736 maxime
1233 1713 1384 1736 consortem
1406 1713 1492 1736 tecum
1515 1709 1634 1737 habeas?
1655 1710 1706 1737 Sed
1731 1710 1814 1737 virum
1835 1718 1887 1737 non

1097 1754 1247 1783 liabes?At
1267 1755 1463 1783 consolatorem
1485 1755 1567 1783 habes
1584 1756 1689 1784 Patrem
1707 1756 1888 1791 orphanomm

1097 1805 1125 1828 et
1138 1801 1258 1828 Judicem
1274 1801 1424 1829 viduarum.
1440 1801 1509 1829 Audi
1524 1802 1634 1829 Paulum
1651 1801 1720 1829 hanc
1733 1801 1888 1829 viduitatem

1097 1846 1200 1875 beatam
1216 1847 1407 1883 prmdicantem
1420 1868 1428 1880 ,
1448 1855 1480 1876 ac
1493 1847 1625 1876 dicentem
1642 1857 1648 1875 :
1666 1848 1729 1881 Quw
1740 1853 1822 1874 autem
1835 1855 1891 1876 vere

1097 1894 1173 1921 vidua
1187 1899 1222 1921 est
1233 1898 1256 1921 et
1269 1894 1384 1921 solitaria
1396 1895 1505 1929 speravit
1519 1895 1545 1922 in
1558 1894 1668 1922 Domino
1680 1896 1719 1930 (l.
1730 1894 1796 1922 Tim.
1812 1895 1838 1922 5.
1849 1894 1889 1931 5).

1098 1939 1203 1967 Etenim
1220 1939 1277 1967 lucc
1292 1940 1428 1974 probatior
1442 1940 1501 1972 erit,
1513 1948 1572 1975 qum
1587 1941 1714 1975 majorem
1728 1941 1890 1973 exhibuerit,

1098 1986 1262 2021 patientiam.
1281 1985 1338 2013 Noli
1353 1986 1432 2021 igitur
1445 1985 1537 2021 lugere
1549 1986 1583 2014 de
1596 1994 1627 2014 ea
1640 1994 1669 2014 re
1682 1993 1741 2022 qua:
1755 1986 1800 2014 tibi
1814 1994 1891 2014 coro-

1098 2041 1160 2061 nam
1181 2037 1273 2068 parat,
1296 2032 1330 2060 de
1351 2041 1402 2068 qua
1425 2032 1576 2061 mercedem
1598 2033 1727 2068 postulas.
1742 2033 1892 2061 Reddidisti

1098 2079 1170 2107 enim
1192 2079 1342 2114 depositum
1353 2099 1361 2112 ,
1378 2079 1401 2106 si
1416 2079 1441 2106 id
1454 2079 1525 2114 quod
1541 2079 1586 2107 tibi
1601 2079 1730 2106 creditum
1742 2084 1800 2107 erat
1812 2079 1892 2106 exhi-

1098 2125 1190 2154 buistl.
1203 2125 1241 2153 Ne
1256 2126 1292 2152 sis
1308 2133 1372 2160 ergo
1385 2125 1496 2152 sollicita
1507 2145 1514 2157 ,
1530 2124 1552 2152 si
1568 2124 1594 2152 in
1607 2124 1734 2152 thesauro
1746 2125 1893 2152 inviolabili

1099 2173 1169 2209 quod
1191 2172 1348 2208 possidebas
1367 2171 1522 2206 deposuisti.
1538 2170 1566 2199 Si
1582 2178 1662 2206 porro
1676 2171 1801 2199 didiceris
1811 2192 1818 2203 ,
1832 2179 1893 2207 quae

1099 2221 1132 2247 sit
1147 2227 1263 2254 pra-sens
1275 2219 1324 2245 vita
1337 2240 1344 2251 ,
1354 2226 1413 2253 qua:
1429 2218 1533 2250 futura;
1549 2217 1674 2252 quodque
1685 2218 1741 2244 lucc
1751 2217 1786 2244 sit
1795 2225 1893 2244 aranea

1099 2270 1127 2293 et
1135 2265 1237 2299 umbra,
1247 2264 1335 2292 omnia
1344 2272 1407 2292 vero
1419 2272 1479 2299 qum
1491 2264 1517 2291 in
1526 2263 1568 2290 illa
1577 2267 1649 2296 sunt,
1664 2263 1771 2290 immota
1785 2263 1894 2290 immor-

1101 2312 1230 2346 taliaquc,
1245 2318 1298 2338 non
1321 2310 1373 2337 alio
1388 2309 1476 2346 egebis
1499 2317 1633 2337 sermone.
1648 2308 1724 2336 Nunc
1738 2309 1808 2336 enim
1823 2309 1894 2336 filius

1100 2362 1161 2385 tuus
1171 2357 1204 2384 ab
1215 2357 1287 2384 omni
1297 2356 1443 2384 mutatione
1451 2360 1558 2390 ereptus
1566 2360 1607 2382 est
1619 2364 1625 2381 :
1637 2355 1659 2383 si
1671 2359 1759 2383 autem
1769 2355 1811 2382 hic
1820 2363 1895 2382 man-

1100 2405 1188 2438 sisset,
1203 2404 1270 2431 forte
1278 2403 1448 2436 bonus,furte
1460 2403 1545 2430 malus
1556 2402 1658 2429 futurus
1668 2406 1734 2430 erat.
1747 2403 1843 2429 Annon
1855 2403 1895 2429 vi-

1101 2451 1229 2486 des,quot
1242 2449 1363 2477 homines
1374 2449 1441 2476 ﬁlios
1455 2456 1517 2476 suos
1531 2448 1667 2476 abdicanti
1677 2452 1704 2476 et
1713 2453 1778 2484 quot
1791 2448 1895 2483 pejores

1101 2497 1228 2526 abdicatis
1238 2499 1368 2531 coguntur
1380 2496 1451 2522 domi
1462 2495 1590 2523 retinere?
1601 2495 1663 2523 Haec
1675 2495 1763 2530 itaque
1772 2495 1797 2522 in
1805 2501 1896 2522 mente

1102 2548 1239 2572 versantes
1247 2542 1474 2578 philosophemur:
1484 2541 1519 2568 ita
1529 2542 1599 2569 enim
1609 2545 1634 2568 et
1642 2541 1840 2576 defunctograti
1848 2542 1897 2568 eri-

1103 2597 1171 2622 mus,
1181 2593 1208 2617 et
1219 2588 1288 2623 apud
1298 2588 1418 2616 homines
1427 2587 1516 2615 multis
1526 2587 1646 2614 laudibus
1656 2587 1785 2620 fruemur,
1792 2591 1871 2622 atque
1881 2595 1896 2614 a

1105 2637 1159 2664 Deo
1171 2644 1291 2671 magnam
1303 2635 1436 2670 patientia:
1449 2633 1599 2662 mercedem
1610 2633 1769 2667 referemus,
1779 2638 1896 2661 attenta—

1103 2691 1155 2718 quc
1162 2683 1230 2710 bona
1238 2689 1450 2716 consequemur;
1463 2689 1522 2716 qua:
1538 2686 1637 2708 utinam
1649 2688 1697 2708 nos
1711 2688 1805 2708 omnes
1816 2680 1898 2716 adipi-

1104 2737 1217 2761 scamur,
1230 2729 1313 2764 gratia
1324 2733 1350 2755 et
1364 2728 1526 2763 benignitate
1540 2727 1644 2754 Domini
1654 2727 1736 2754 nostri
1745 2727 1807 2755 Jesu
1819 2726 1897 2754 Chri-

1104 2776 1148 2808 sti,
1156 2775 1197 2802 eui
1206 2774 1289 2810 gloria
1295 2779 1322 2802 et
1332 2774 1511 2810 imperium,iu
1518 2773 1615 2801 saecula
1623 2773 1792 2801 saeculorum.
1800 2773 1895 2800 Amen.

1106 2827 1144 2890 ﬁlf
1158 2825 1219 2879 Mpr.
1232 2825 1305 2855 Ben.,
1314 2827 1414 2856 tuncque
1426 2824 1506 2850 omnia
1517 2831 1570 2850 cum
1592 2831 1686 2856 majore
1698 2823 1778 2855 gloria
1788 2822 1893 2854 accipiet

1135 2863 1172 2881 ius
1191 2862 1245 2880 nus.

1135 2863 1172 2881 ius
1182 2862 1245 2880 mus.

1138 2894 1148 2909 ι
1164 2891 1217 2922 Alii,
1229 2890 1320 2917 videre.
