2067 3134
620 125 653 154 IN
673 123 875 154 MATTHEUM
895 122 1009 151 llOMlL.
1029 120 1136 150 XXXII.
1158 122 1194 149 al.
1214 122 1332 151 XXXlll.

1764 124 1820 154 378-

733 228 1067 261 BOMILLLXXXII.
1091 228 1133 259 al.
1157 229 1307 260 XXXIII.

181 316 245 344 CAP.
268 313 296 342 9.
319 320 345 338 ν.
365 311 411 339 27.
433 309 468 337 Et
494 308 668 344 proﬁciscente
689 306 748 332 inde
775 303 855 336 Jesu,
877 300 973 335 sequuti

218 365 276 388 stant
297 366 352 385 eum
366 357 417 384 duo
432 356 489 383 neci
500 375 508 388 ,
522 354 659 380 clamantes
673 355 696 378 et
709 350 816 377 dicentes
831 356 841 375 :
854 347 975 375 Miserere

219 405 308 438 nostri,
319 403 358 438 ﬁli
370 401 463 428 David.
475 400 519 427 28.
535 398 569 425 Et
580 406 636 424 cum
648 396 753 423 venisset
764 395 790 421 in
806 394 917 424 domum,
930 399 973 417 tu:-

217 436 342 479 ceuerunt
352 448 386 475 ad
400 455 457 474 eum
467 447 518 472 duo
526 444 585 472 cwci
600 451 609 470 :
621 447 643 470 ct
657 442 716 468 dicit
727 441 762 468 eis
773 439 789 466 ,Ι
793 447 847 466 esus
863 446 872 465 :
885 436 974 465 Credi-

220 499 252 526 tis
272 497 332 532 quia
345 496 391 522 hoc
405 501 505 529 possunt
523 489 624 527 facere?
639 489 729 516 Dicunt
743 487 765 514 ei
775 507 782 518 .
799 485 903 520 Utique,
923 483 976 510 Do-

221 545 298 572 mine.
314 541 360 569 29.
382 540 452 567 Tunc
472 538 550 573 tetigit
564 535 650 564 oculos
662 542 746 562 eorum
761 532 863 562 dicens,
878 531 975 558 Secun-

221 591 283 617 dum
293 588 484 623 ﬁdentuestram
498 584 543 619 ﬁat
556 582 633 610 vobis.
647 581 690 609 30.
705 579 739 606 Et
749 578 828 614 aperti
839 582 897 604 sunt
909 576 976 604 oculi

222 644 281 664 001'“
285 644 307 661 m
312 655 318 662 .

225 683 250 709 Ι.
275 680 329 708 Cur
349 678 408 706 illos
427 677 572 705 clamantes
586 671 736 709 protrahit?
751 671 798 697 llic
809 677 912 697 rursum
929 675 977 696 nos

188 728 300 757 instituit
314 726 346 753 ad
361 732 454 752 vanam
467 723 578 758 gloriam
593 719 753 755 fugiendam.
767 717 832 751 Quia
843 716 914 743 enim
928 715 977 742 d0-

189 783 248 804 ntus
262 783 277 803 e
291 774 376 801 vicino
389 776 456 802 erat,
467 771 529 797 illoc
544 768 618 796 dttxit
633 763 845 798 cos,utseorsim
861 766 975 789 sanaret.

190 823 270 857 quue
293 821 380 855 palam
401 822 443 846 est
465 825 497 844 ex
516 825 548 842 eo
563 814 632 849 quod
648 811 805 854 prmcepcrit
816 831 823 843 ,
837 814 865 836 ut
880 808 978 837 nemini

189 852 319 896 dicereut.
341 865 433 899 Neque
453 870 546 899 parum
563 860 647 888 .ludati
664 852 724 885 inde
738 857 892 891 culpantur,
908 854 977 890 quod

190 915 217 942 bi
228 936 235 947 ,
249 914 344 949 quibus
354 911 442 939 nttllus
455 909 591 936 oculorum
606 913 670 934 usus
685 909 742 933 erat
753 926 760 936 ,
774 911 806 930 ex
820 902 909 930 auditu
922 901 980 928 solo

191 961 270 988 ﬁdem
291 958 404 993 amplexi
419 957 473 983 sint
487 964 494 982 :
511 955 547 981 illi
560 958 646 980 autem
659 951 785 978 miracula
800 949 917 976 videntes
927 969 934 980 ,
949 955 980 975 ac

192 1012 274 1033 testes
298 1005 426 1031 habentes
448 1002 519 1037 ipsos
541 999 634 1026 oculos
645 1020 652 1031 ,
667 1003 758 1025 cotttra
774 1004 852 1030 quatit
866 995 928 1021 cmci
944 993 981 1020 fa-

190 1053 272 1080 ciant.
286 1049 352 1077 Vide
368 1054 456 1076 autem
477 1047 582 1074 illorum
601 1044 681 1071 animi
697 1042 818 1069 ardorem
833 1045 887 1067 tuttt
901 1048 914 1066 a
927 1039 982 1066 cla-

193 1106 267 1126 more
279 1118 286 1129 ,
306 1101 360 1124 tum
376 1095 410 1122 ab
426 1095 481 1129 ipsa
496 1091 618 1128 precandi
634 1090 744 1117 ratione.
759 1088 816 1115 Nott
830 1087 900 1114 enim
915 1086 981 1113 sitit-

194 1146 296 1182 pliciter
314 1145 500 1172 accesserunt;
520 1139 565 1166 sed
581 1145 674 1171 magna
687 1144 751 1163 voce
764 1135 908 1162 clamantes
919 1154 926 1165 ,
944 1132 983 1159 tti-

193 1181 230 1219 ltil
249 1190 320 1218 aliud
340 1196 418 1224 quam
445 1187 564 1213 Miserere
583 1183 759 1219 proferenlcs.
780 1181 877 1208 Filium
893 1184 982 1207 autem

193 1238 299 1266 Davidis
322 1234 509 1271 appellabant,
531 1231 591 1266 quia
606 1230 781 1258 honoriﬁcum
797 1235 892 1255 nomen
910 1226 984 1254 vide-

194 1285 272 1312 batttr
285 1291 354 1310 esse.
372 1282 449 1316 Stepe
465 1286 578 1314 namque
591 1277 726 1312 prophetae
739 1283 815 1310 reges
827 1275 886 1303 illos
896 1294 903 1306 ,
918 1281 984 1309 quos

195 1331 327 1359 honorate
351 1335 513 1364 magnosque
528 1325 672 1361 prmdicare
686 1323 828 1353 volebant,
842 1321 881 1348 sic
895 1320 985 1355 appel:

196 1377 286 1404 labant
309 1375 414 1411 (Ezcclt.
435 1374 479 1401 5i.
502 1373 548 1399 25.
575 1370 654 1398 Zuch.
678 1370 721 1396 1‘2.
736 1369 766 1402 8)
792 1369 901 1395 l‘omum
919 1373 984 1393 vero

195 1424 334 1456 adductos,
347 1421 464 1449 secundo
474 1421 628 1453 interrogat.
646 1416 678 1444 Ut
691 1416 830 1451 plurimum
844 1413 915 1441 enim
927 1416 985 1439 stn-

196 1472 275 1500 debat
297 1469 476 1504 supplicantes
489 1474 600 1498 sanare,
615 1473 647 1492 tte
663 1463 722 1499 quis
736 1466 841 1498 putaret
851 1461 937 1496 ipsum
952 1459 984 1486 ad

197 1517 322 1546 miracula
336 1515 462 1550 patranda
479 1521 525 1548 per
540 1512 742 1540 ostentationem
759 1509 861 1536 insilire
876 1517 883 1532 τ
900 1515 986 1542 neque

196 1571 228 1592 ea
249 1556 334 1591 solum
356 1562 390 1589 de
411 1567 508 1588 causa.
531 1558 577 1585 scd
589 1558 668 1584 etiattt
685 1561 713 1583 ut
725 1554 878 1582 ostenderet
892 1552 986 1587 dignos

198 1611 257 1638 illos
279 1617 338 1636 esse
357 1608 401 1643 qui
422 1609 598 1636 curarentur;
619 1609 645 1630 et
663 1603 769 1636 nequis
783 1601 901 1631 diceret,
916 1599 937 1625 si
953 1605 986 1624 cx

199 1655 380 1685 misericordia
404 1659 504 1680 tantum
529 1650 655 1680 sanabat,
675 1647 824 1683 oportuisse
837 1651 930 1672 omnes
945 1651 987 1670 sa-

199 1711 283 1731 nare:
301 1701 379 1728 ltahct
400 1700 469 1727 enitn
491 1695 674 1724 misericordia
696 1693 836 1728 quamdam
856 1691 986 1718 rationem

199 1758 232 1778 el
256 1749 308 1776 ﬁde
324 1746 470 1782 rogantium
486 1744 602 1779 petitam.
617 1741 706 1776 Neque
721 1740 779 1767 ideo
795 1742 894 1765 tantum
908 1737 987 1764 ﬁdem

199 1797 233 1823 ab
246 1795 298 1822 illis
311 1793 408 1828 exigit;
423 1791 468 1819 sed
484 1791 542 1825 quia
556 1789 694 1820 dixerant,
708 1786 760 1813 Fili
772 1784 872 1816 David,
887 1787 917 1810 ut
928 1782 989 1809 illos

200 1843 232 1870 ad
246 1842 308 1877 quid
320 1840 458 1868 sublimius
468 1839 597 1873 erigeret,
611 1840 637 1863 et
650 1834 759 1873 doceret
773 1831 834 1867 quid
845 1831 879 1858 de
889 1837 918 1857 se
930 1829 988 1856 cxi-

201 1889 361 1917 stimattdutn
376 1891 465 1919 esset,
476 1882 648 1918 interrogavit
665 1890 671 1908 :
687 1880 793 1907 Creditis
804 1878 863 1914 quia
875 1877 922 1904 ltoc
932 1884 990 1912 pos-

201 1945 256 1965 sunt
277 1934 380 1971 facere?
392 1933 449 1960 Non
463 1931 549 1962 dixit,
565 1928 680 1956 Creditis
693 1927 762 1962 quod
781 1924 879 1959 possint
897 1929 989 1958 rogare

202 1984 306 2012 Patrem
318 1989 422 2012 meum,
438 1978 478 2006 vel
492 1999 499 2010 ,
511 1976 586 2012 Quod
601 1975 696 2011 possim
711 1972 813 2008 precari
826 1980 832 2003 ;
849 1971 906 2002 sed,
917 1968 991 2002 Quod

202 2039 253 2065 ego
271 2030 364 2065 possim
387 2027 433 2054 hoc
454 2025 545 2060 facere.
561 2022 630 2057 Quid
644 2026 732 2048 autern
746 2018 804 2046 illi?
820 2017 926 2052 Utique,
940 2016 992 2043 Do-

203 2062 278 2104 "line.
298 2075 355 2103 Non
367 2073 421 2109 jam
437 2072 509 2100 illum
525 2070 606 2097 filium
621 2067 703 2095 David
717 2069 826 2097 vocant,
841 2063 886 2091 sed
901 2062 934 2090 ad
949 2069 993 2089 su-

203 2123 324 2151 blimiora
346 2108 456 2151 volant,-
474 2121 502 2145 et
519 2115 660 2143 Dominum
681 2113 753 2140 illum
767 2109 937 2138 conﬁtentur.
955 2108 994 2134 Ac

203 2175 268 2198 tunc
287 2168 394 2196 demum
419 2170 526 2192 manum
541 2160 667 2196 impasuit
679 2159 784 2190 dicens,
800 2155 944 2184 Secundum
959 2154 993 2188 ﬁ-

205 2216 262 2242 dem
282 2218 390 2241 vestram
404 2212 448 2246 fiat
459 2209 536 2237 vobis.
551 2208 579 2235 ld
591 2214 654 2234 vero
667 2205 748 2237 facit,
765 2208 793 2230 ut
808 2202 886 2229 ﬁdem
900 2207 993 2228 eorum

206 2261 362 2291 conﬁrmet,
389 2255 563 2290 ostendatque
587 2253 659 2288 ipsos
683 2253 708 2278 in
731 2255 833 2285 partem
851 2248 939 2282 operis
951 2255 994 2272 ve-

207 2307 301 2338 nisse,
325 2312 356 2331 ac
380 2303 546 2332 testiﬁcetur,
571 2306 624 2326 non
650 2295 808 2324 adulationis
836 2294 892 2320 Ita-e
915 2291 995 2319 verba

207 2353 297 2380 fuisse.
321 2350 412 2385 Neque
435 2348 506 2376 enittt
529 2346 609 2378 dixit,
629 2343 788 2378 Aperiantur
813 2338 995 2372 oculivcslri;

207 2399 264 2431 sed,
279 2384 423 2426 Secundum
437 2394 512 2429 [idem
524 2397 629 2419 vestram
638 2390 684 2425 ﬁat
696 2388 763 2416 vobis
777 2387 822 2414 :id
833 2385 902 2422 quod
916 2384 996 2413 etiam

209 2446 300 2474 multis
321 2441 510 2472 accedentibus
532 2440 611 2470 dicit,
627 2441 688 2464 ante
701 2435 821 2470 corporis
832 2433 996 2460 curationem

208 2492 288 2520 ﬁdem
302 2492 329 2518 in
342 2489 438 2517 animis
452 2491 570 2515 statuere
582 2484 674 2512 volens
685 2503 694 2516 ,
710 2487 737 2509 ut
752 2486 779 2509 et
793 2481 852 2508 illos
865 2478 997 2507 celebrio-

209 2546 268 2570 res,
290 2541 319 2564 et
337 2536 404 2564 alios
421 2532 594 2561 studiosiores
613 2529 745 2558 redderet.
761 2527 797 2555 Ita
812 2531 838 2554 et
853 2526 879 2553 itt
892 2524 998 2560 paraly-

210 2585 262 2612 tico
284 2582 346 2611 facit
369 2590 376 2609 :
399 2584 540 2614 antequam
561 2584 658 2611 corpus
681 2575 815 2606 firmaret,
832 2571 947 2598 animam
959 2570 999 2604 ja-

208 2636 314 2660 eenlem
338 2628 418 2664 erigit
437 2626 529 2654 dicetts
544 2635 552 2652 :
568 2623 689 2658 Con/ide,
709 2621 764 2655 ﬁli,
782 2619 944 2646 remittuntur
957 2615 1000 2643 tibi

212 2681 314 2713 peccata
330 2679 374 2702 tua
384 2695 391 2706 ,
408 2672 522 2708 puellam
536 2677 599 2697 vero
617 2669 650 2695 ab
663 2675 691 2694 se
706 2666 889 2693 resuscitatant
903 2669 1000 2697 apprc-

212 2710 304 2751 ltemlit
316 2742 323 2754 ,
334 2726 362 2748 et
374 2728 420 2755 per
432 2719 519 2747 cibutn
533 2715 623 2744 docuit
633 2714 692 2749 quis
705 2712 754 2747 ipsi
767 2710 923 2739 beneﬁcium
934 2716 995 2736 con~
1011 2729 1022 2735 -

211 2770 331 2799 tulisset,
346 2767 372 2794 itt
386 2763 543 2793 centurione
557 2760 679 2789 similiter
691 2759 771 2790 fecit,
788 2756 848 2784 ﬁdei
864 2760 947 2782 lotuttt
960 2759 1001 2781 at-

211 2815 332 2843 tribuetts
345 2821 352 2845 ;
368 2820 428 2840 cum
443 2815 531 2838 autem
542 2806 686 2841 discipulos
700 2813 733 2832 ex
748 2804 829 2831 maris
844 2805 1002 2836 tetnpestatc

211 2863 282 2892 eruit
293 2860 398 2896 ,pvimo
412 2859 470 2887 illos
487 2864 521 2885 ex
539 2854 599 2884 ﬁdei
615 2852 768 2883 infirmitate
781 2849 910 2879 liberavit.
928 2848 966 2876 Ita
976 2852 1002 2875 ct

1027 299 1070 327 hic
1090 300 1153 329 fecit
1177 310 1184 328 :
1204 303 1304 331 sciebat
1322 304 1392 331 enim
1415 309 1517 333 secreta
1533 305 1621 333 cordis
1636 313 1727 333 eorum
1741 312 1816 334 ante-

1026 355 1103 383 quam
1116 349 1163 383 ipsi
1178 349 1356 384 loquerentur;
1369 355 1396 377 ut
1409 355 1496 379 autent
1509 351 1576 379 alios
1590 360 1693 387 quoque
1703 360 1735 380 ac.
1747 353 1821 380 idem

1026 395 1141 422 studium
1162 396 1332 428 incenderet,
1354 397 1418 432 ipsis
1442 397 1489 425 ltos
1502 399 1660 432 conspicuos
1673 399 1774 430 reddit.
1791 401 1816 426 itt

1028 442 1080 469 ﬁne
1091 442 1235 469 curationis
1250 443 1379 470 occultam
1396 443 1472 470 lidetn
1489 444 1592 471 illorum
1606 446 1762 475 pra‘dicans.

1064 489 1187 516 Modestiu
1197 488 1423 524 Christi;jactantia
1430 476 1700 526 fugienda—rllcindc
1711 497 1770 527 pust
1778 492 1819 519 la-

1029 539 1097 562 etam
1109 536 1273 563 curationem
1290 537 1419 571 praecipit,
1431 542 1460 564 ut
1474 538 1571 564 netttiui
1583 537 1682 569 dicant,
1694 546 1742 565 nec
1752 539 1818 565 sint-

1029 582 1131 616 pliciter
1143 582 1270 616 prmcipit,
1280 582 1327 609 sed
1338 582 1571 610 vehementissime
1583 588 1667 610 vetat:
1680 591 1739 610 nant
1750 584 1819 610 Acri-

1029 633 1065 654 ιω·
1075 629 1126 655 illi:
1137 629 1310 656 interminatus
1320 633 1365 662 est,
1375 629 1469 664 ittquil,
1478 629 1568 662 Iesus,
1575 630 1658 656 dicens
1667 640 1672 657 :
1682 630 1779 661 Cavete,
1790 639 1820 656 nn

1028 674 1084 709 quis
1092 675 1164 701 sciat.
1174 675 1217 702 51.
1229 673 1274 701 Illi
1282 683 1338 702 vero
1346 675 1447 710 egressi,
1458 676 1656 710 pra'dicarerunt
1665 685 1721 702 cum
1736 677 1761 703 in
1768 681 1819 704 tota

1031 725 1097 746 terra
1117 720 1171 746 illa.
1193 720 1250 747 Non
1266 727 1295 747 se
1309 721 1447 747 continere
1462 721 1498 747 illi
1516 726 1666 755 potuerunt,
1684 721 1730 748 sed
1744 721 1819 748 fuere

1031 773 1167 799 pra'eones
1181 770 1206 792 et
1218 766 1387 800 cvangelistm
1399 786 1406 798 ,
1421 766 1541 801 jussiquc
1558 759 1645 794 tacere
1660 767 1685 794 id
1699 767 1769 802 quod
1783 767 1820 794 fa-

1030 816 1101 838 ctum
1127 811 1227 843 fuerat,
1251 812 1362 847 obsequi
1384 820 1436 838 ttott
1460 818 1612 847 potuerunt.
1635 814 1709 846 Quod
1723 814 1743 840 si
1759 813 1819 841 alibi

1031 857 1120 889 dicat,
1141 857 1223 890 Vade,
1249 863 1273 884 ct
1290 866 1366 884 narra
1387 858 1494 893 gloriam
1517 857 1582 891 Dei,
1600 859 1662 886 illud
1677 859 1730 893 jam
1744 859 1821 887 dictis

1032 911 1083 930 non
1096 908 1239 938 repugnat,
1252 903 1304 930 imo
1316 904 1367 930 illis
1382 903 1524 931 admodum
1540 909 1676 932 Consonat.
1694 905 1738 931 llis
1751 906 1820 932 enirn

1033 957 1081 976 nos
1109 950 1238 983 instituit,
1267 954 1294 977 ut
1321 957 1354 977 tte
1382 950 1556 985 pra-dicemus
1584 959 1632 977 nos
1659 952 1744 985 ipsos,
1769 952 1823 978 imo

1032 1004 1204 1026 coerceamus
1215 1004 1261 1024 eos
1272 998 1317 1032 qui
1332 1006 1379 1024 tios
1392 997 1528 1024 celebrare
1543 997 1639 1024 vellent
1653 1007 1659 1023 :
1675 998 1697 1024 si
1712 1005 1775 1024 vero
1790 997 1822 1024 ad

1035 1044 1117 1072 Deum
1140 1045 1224 1080 gloria
1237 1046 1385 1079 referatur,
1400 1053 1453 1072 non
1468 1045 1547 1072 tnodo
1561 1053 1612 1072 non
1631 1045 1805 1079 impcdiatnus
1815 1066 1822 1078 ,

1034 1092 1088 1119 ittto
1100 1091 1123 1118 id
1139 1100 1218 1127 agere
1229 1092 1287 1119 aliis
1299 1092 1493 1127 prmeipiamus.
1509 1091 1552 1119 5‘3.
1569 1090 1638 1126 Ipsis
1653 1096 1825 1126 outcmcgres~

1034 1140 1079 1171 sis,
1092 1140 1233 1167 obtulerunt
1249 1140 1272 1166 ei
1292 1140 1418 1165 hominem
1442 1142 1549 1169 mutum,
1565 1137 1716 1164 dtemonium
1734 1137 1825 1163 haben-

1035 1191 1093 1214 tem.
1114 1186 1171 1214 Nott
1196 1186 1266 1213 cnim
1280 1185 1388 1212 morbus
1408 1192 1440 1212 ex
1455 1188 1548 1211 natura
1570 1183 1720 1218 prodierat,
1732 1182 1779 1210 sed
1793 1190 1825 1209 ex

1035 1233 1165 1261 daemonis
1180 1232 1293 1259 insidiis.
1307 1231 1474 1266 Quapropter
1486 1231 1545 1258 aliis
1559 1231 1602 1265 qui
1616 1230 1701 1265 ipsunt
1713 1229 1826 1257 adduce-

1036 1285 1097 1307 rent
1118 1287 1184 1314 opus
1204 1278 1305 1305 habuit.
1329 1277 1418 1312 Neque
1433 1278 1503 1304 enim
1525 1277 1582 1312 ipse
1594 1284 1688 1310 rogare
1703 1279 1825 1310 poterat,

1037 1331 1125 1354 tnutus
1148 1334 1208 1354 cum
1231 1329 1321 1358 esset,
1347 1332 1433 1359 neque
1448 1324 1506 1351 aliis
1520 1323 1685 1358 supplicare.
1700 1330 1760 1349 cum
1772 1322 1823 1349 dae-

1037 1379 1098 1399 mon
1112 1371 1226 1407 linguatr.
1240 1371 1297 1406 ejus
1311 1370 1445 1405 alligasset
1456 1390 1463 1402 ,
1480 1369 1648 1403 animamque
1661 1376 1720 1395 eum
1739 1368 1828 1402 lingua

1037 1419 1174 1446 vinxisset.
1193 1418 1307 1453 Ideoque
1322 1417 1392 1444 illius
1407 1416 1484 1443 ﬁdem
1501 1423 1552 1442 non
1567 1415 1647 1450 exigit
1657 1435 1664 1446 ,
1679 1414 1725 1442 sed
1738 1414 1828 1441 statim

1038 1465 1159 1492 morbum
1179 1468 1263 1492 cttrat.
1276 1464 1320 1490 53.
1335 1463 1425 1498 Ejecto
1438 1466 1520 1489 autent
1530 1461 1644 1488 dwnwne
1655 1481 1661 1492 ,
1677 1460 1778 1494 inquit,
1791 1459 1828 1486 lo-

1037 1517 1128 1548 quutus
1139 1517 1173 1538 est
1187 1516 1280 1537 mutus.
1292 1509 1384 1537 Turba:
1396 1514 1479 1535 autent
1493 1508 1624 1535 admirata:
1636 1511 1692 1534 sunt
1706 1506 1829 1532 dicentes:

1038 1558 1066 1585 N
1069 1566 1184 1593 umquam
1206 1558 1285 1584 visum
1304 1561 1340 1583 est
1353 1556 1433 1582 simile
1442 1556 1468 1582 in
1481 1554 1573 1581 Israel.
1590 1553 1617 1581 ld
1630 1553 1700 1588 qttod
1714 1552 1829 1579 maxime

1039 1605 1186 1632 l‘ltarisaeos
1200 1603 1338 1631 mordebat
1347 1623 1355 1635 ,
1366 1602 1436 1638 quod
1450 1602 1535 1636 ipsum
1552 1600 1675 1628 omnibus
1686 1603 1829 1633 antepone~

1039 1657 1099 1680 rettt
1111 1673 1118 1685 ,
1142 1659 1194 1678 non
1212 1651 1279 1678 vivis
1292 1651 1377 1677 solmn
1387 1670 1394 1681 ,
1409 1648 1455 1676 sed
1470 1648 1550 1676 etiam
1562 1647 1606 1682 qui
1620 1650 1681 1673 ante
1697 1646 1808 1672 fuissettt
1823 1653 1830 1670 :

1039 1698 1235 1732 anteponebant
1248 1704 1322 1728 vero,
1338 1704 1390 1723 nott
1404 1695 1474 1730 quod
1487 1698 1594 1722 curaret
1605 1693 1695 1723 modo.
1706 1691 1752 1718 scd
1761 1691 1830 1726 quod

1040 1745 1136 1778 facile,
1160 1744 1228 1777 cito,
1253 1744 1459 1776 innumerasque
1478 1739 1648 1775 tegriludines
1661 1737 1831 1766 insanabiles.

1040 1791 1085 1819 Sic
1096 1791 1201 1826 quidem
1215 1790 1338 1824 populus.

1075 1838 1103 1865 2.
1120 1837 1194 1864 Nihil
1204 1837 1303 1864 Christo
1318 1840 1341 1863 et
1355 1834 1464 1862 dtemoni
1483 1840 1614 1860 commune
1634 1831 1710 1865 fuisse
1727 1830 1832 1856 demon-

1041 1890 1145 1914 stratur.
1161 1883 1298 1911 Maledicta
1310 1889 1360 1909 non
1380 1880 1534 1912 maledictis,
1554 1878 1598 1905 sed
1615 1876 1739 1910 bene/iriis
1756 1874 1833 1910 refel-

1043 1933 1127 1961 lenda.
1144 1947 1180 1952 -——
1193 1929 1320 1958 Pharisaei
1344 1934 1437 1956 contra
1462 1933 1514 1953 non
1544 1924 1623 1952 modo
1645 1923 1712 1950 facta
1732 1921 1832 1949 calum-

1043 1981 1159 2012 nianlur,
1187 1977 1234 2005 sed
1249 1976 1299 2003 sibi
1323 1975 1388 2010 ipsis
1399 1972 1532 2001 contraria
1549 1971 1686 2000 dicentes,
1705 1975 1756 1994 non
1771 1974 1833 1994 eru-

1044 2027 1164 2054 bescunt.
1181 2021 1335 2059 Huiusmodi
1354 2025 1395 2047 est
1416 2018 1543 2054 nequitia.
1560 2016 1628 2050 Quid
1641 2015 1710 2042 enim
1725 2012 1834 2041 dicunt?

1044 2071 1132 2100 54.1n
1147 2057 1259 2106 principe
1273 2066 1454 2095 demoniorum
1467 2064 1534 2100 ejicil
1548 2062 1681 2090 dmmoniu.
1698 2060 1756 2093 Quo
1773 2057 1835 2094 quid

1045 2104 1172 2147 stultius?
1181 2104 1258 2149 Nam,
1276 2120 1302 2142 ut
1318 2119 1409 2148 postea
1420 2111 1494 2144 dicit,
1509 2118 1562 2138 non
1573 2113 1659 2144 potest
1671 2107 1776 2135 daemon
1789 2104 1836 2139 cji~

1045 2174 1108 2194 cere
1118 2165 1265 2192 dmmonem
1274 2160 1369 2197 (Marc.
1385 2160 1411 2187 3.
1429 2157 1559 2193 23):nam
1568 2156 1613 2183 ille
1620 2161 1665 2181 sua
1678 2158 1836 2180 conservare

1045 2219 1074 2240 et
1088 2213 1192 2239 ﬁrmare
1207 2210 1286 2241 solet,
1303 2215 1356 2235 non
1381 2206 1530 2233 destruere.
1546 2203 1604 2238 lpse
1617 2208 1680 2228 vero
1692 2207 1743 2227 non
1756 2197 1836 2225 modo

1046 2258 1183 2285 daemonas
1208 2254 1340 2290 ejiciebat,
1363 2251 1410 2279 sed
1437 2250 1517 2278 etiam
1537 2249 1657 2284 leprosos
1681 2243 1836 2274 mundabat,

1047 2309 1166 2333 mortuos
1176 2300 1331 2333 suscitabat,
1353 2305 1427 2325 mare
1442 2295 1575 2327 frenabat,
1600 2296 1706 2328 peccata
1721 2290 1838 2318 dimitte-

1048 2353 1102 2384 bat,
1126 2356 1236 2385 regnum
1261 2345 1432 2383 praedicabat,
1449 2343 1482 2370 ad
1506 2343 1612 2369 Patrem
1633 2337 1780 2366 adducebat
1794 2346 1800 2364 :
1813 2336 1837 2363 id

1048 2389 1120 2434 quod
1134 2383 1277 2430 numquam
1296 2393 1400 2421 datmon
1428 2390 1515 2417 facere
1540 2387 1614 2418 velit,
1639 2392 1724 2421 neqtte
1744 2383 1835 2419 possit.

1048 2433 1114 2474 Nam
1140 2445 1276 2472 dtemones
1293 2439 1327 2467 ad
1340 2438 1408 2466 idola
1433 2435 1577 2466 adducunt,
1593 2441 1608 2460 a
1624 2433 1679 2459 Deo
1697 2433 1838 2462 avertunt,

1050 2491 1214 2525 suadentque
1232 2495 1266 2515 ne
1280 2486 1375 2513 futura:
1390 2483 1450 2510 vita:
1463 2481 1597 2509 credatur.
1615 2479 1723 2506 Dtemon
1748 2480 1839 2503 contu-

1051 2537 1128 2565 melia
1142 2521 1251 2563 affectus
1267 2539 1319 2559 non
1341 2528 1498 2557 beneﬁcium
1524 2529 1640 2561 praestat,
1661 2524 1713 2550 imo
1733 2530 1767 2549 tte
1781 2521 1841 2556 qui-

1051 2585 1111 2613 dem
1125 2582 1236 2610 affectus
1249 2578 1345 2614 injuria
1357 2580 1434 2604 nocet
1444 2574 1477 2601 iis
1487 2573 1531 2608 qui
1552 2572 1637 2606 ipsunt
1652 2570 1742 2598 colunt
1755 2573 1782 2596 et
1792 2567 1840 2595 lto-

1053 2634 1156 2659 norant.
1176 2627 1221 2655 Ille
1236 2629 1338 2655 contra,
1354 2627 1413 2658 pest
1428 2625 1466 2648 tot
1480 2619 1589 2654 injurias
1603 2622 1629 2644 ct
1647 2615 1822 2644 contumelias
1834 2635 1841 2647 ,

1052 2679 1097 2706 55.
1113 2674 1238 2704 Circuibat
1260 2671 1333 2699 urbe:
1347 2676 1432 2696 omnes
1445 2672 1467 2694 et
1480 2667 1556 2698 vicos,
1572 2665 1664 2691 docens
1673 2663 1699 2689 in
1710 2661 1843 2697 synngogis

1054 2732 1150 2756 eorum,
1168 2727 1190 2750 et
1203 2719 1345 2756 prwdicans
1357 2714 1511 2750 euangelium
1531 2711 1611 2747 regni,
1627 2716 1718 2737 curans
1745 2714 1844 2734 omnem

1054 2772 1167 2800 morbum
1176 2774 1198 2797 et
1211 2774 1310 2796 omnem
1322 2764 1494 2800 inﬁrmitatem
1508 2761 1528 2786 ¹.
1545 2759 1599 2787 Nec
1616 2756 1696 2784 modo
1715 2754 1775 2782 illos
1791 2760 1842 2780 non

1087 2852 1096 2868 ι
1114 2852 1168 2875 Post
1175 2846 1286 2875 verbum,
1296 2841 1469 2876 infirmitatem,
1481 2838 1577 2872 quidam
1589 2835 1687 2867 addunt,
1697 2835 1721 2861 in
1733 2833 1830 2868 ponito.
