  <div class='ocr_page' id='page_1' title='image "/cluster/home/n/w/nwhite01/storage/ocr_20150623/57-58/njp.32101077772653/309.png"; bbox 0 0 2067 3134; ppageno 0'>
   <div class='ocr_carea' id='block_1_1' title="bbox 210 130 262 159">
    <p class='ocr_par' dir='ltr' id='par_1_1' title="bbox 210 130 262 159">
     <span class='ocr_line' id='line_1_1' title="bbox 210 130 262 159; baseline 0.019 -1"><span class='ocrx_word' id='word_1_1' title='bbox 210 130 262 159; x_wconf 77' lang='lat'><strong>579</strong></span> 
     </span>
    </p>
   </div>
   <div class='ocr_carea' id='block_1_2' title="bbox 208 185 1005 224">
    <p class='ocr_par' dir='ltr' id='par_1_2' title="bbox 208 185 1005 224">
     <span class='ocr_line' id='line_1_2' title="bbox 208 185 1005 224; baseline -0.005 -9"><span class='ocrx_word' id='word_1_2' title='bbox 208 187 338 224; x_wconf 88' lang='lat' dir='ltr'><strong>puniebat</strong></span> <span class='ocrx_word' id='word_1_3' title='bbox 351 188 479 223; x_wconf 81' lang='lat' dir='ltr'><strong>ingratos,</strong></span> <span class='ocrx_word' id='word_1_4' title='bbox 493 188 540 215; x_wconf 86' lang='lat' dir='ltr'><strong>sed</strong></span> <span class='ocrx_word' id='word_1_5' title='bbox 555 195 588 215; x_wconf 90' lang='lat' dir='ltr'><strong>ne</strong></span> <span class='ocrx_word' id='word_1_6' title='bbox 606 187 760 223; x_wconf 90' lang='lat' dir='ltr'><strong>increpabat</strong></span> <span class='ocrx_word' id='word_1_7' title='bbox 778 186 885 222; x_wconf 86' lang='lat' dir='ltr'><strong>quidem</strong></span> <span class='ocrx_word' id='word_1_8' title='bbox 903 194 909 213; x_wconf 91' lang='lat'>:</span> <span class='ocrx_word' id='word_1_9' title='bbox 925 185 1005 212; x_wconf 84' lang='lat' dir='ltr'><strong>simul</strong></span> 
     </span>
    </p>
   </div>
   <div class='ocr_carea' id='block_1_3' title="bbox 208 231 1002 267">
    <p class='ocr_par' dir='ltr' id='par_1_3' title="bbox 208 231 1002 267">
     <span class='ocr_line' id='line_1_3' title="bbox 208 231 1002 267; baseline -0.006 -4"><span class='ocrx_word' id='word_1_10' title='bbox 208 235 438 263; x_wconf 76' lang='lat' dir='ltr'><strong>mansuetudinem</strong></span> <span class='ocrx_word' id='word_1_11' title='bbox 454 242 529 262; x_wconf 82' lang='lat' dir='ltr'><strong>suam</strong></span> <span class='ocrx_word' id='word_1_12' title='bbox 544 234 698 267; x_wconf 87' lang='lat' dir='ltr'><strong>ostendens,</strong></span> <span class='ocrx_word' id='word_1_13' title='bbox 712 238 738 261; x_wconf 88' lang='lat' dir='ltr'><strong>et</strong></span> <span class='ocrx_word' id='word_1_14' title='bbox 757 232 826 260; x_wconf 84' lang='lat' dir='ltr'><strong>hanc</strong></span> <span class='ocrx_word' id='word_1_15' title='bbox 841 231 1002 260; x_wconf 91' lang='lat' dir='ltr'><strong>calumniam</strong></span> 
     </span>
    </p>
   </div>
   <div class='ocr_carea' id='block_1_4' title="bbox 209 279 1003 317">
    <p class='ocr_par' dir='ltr' id='par_1_4' title="bbox 209 279 1003 317">
     <span class='ocr_line' id='line_1_4' title="bbox 209 279 1003 317; baseline -0.006 -6"><span class='ocrx_word' id='word_1_16' title='bbox 209 282 352 311; x_wconf 82' lang='lat' dir='ltr'><strong>confutans</strong></span> <span class='ocrx_word' id='word_1_17' title='bbox 372 282 556 317; x_wconf 89' lang='lat' dir='ltr'><strong>:insuperque</strong></span> <span class='ocrx_word' id='word_1_18' title='bbox 580 289 628 316; x_wconf 89' lang='lat' dir='ltr'><strong>per</strong></span> <span class='ocrx_word' id='word_1_19' title='bbox 651 281 788 317; x_wconf 72' lang='lat' dir='ltr'><strong>sequentia</strong></span> <span class='ocrx_word' id='word_1_20' title='bbox 810 280 885 316; x_wconf 86' lang='lat' dir='ltr'><strong>signa</strong></span> <span class='ocrx_word' id='word_1_21' title='bbox 910 279 1003 307; x_wconf 88' lang='lat' dir='ltr'><strong>volens</strong></span> 
     </span>
    </p>
   </div>
   <div class='ocr_carea' id='block_1_5' title="bbox 210 325 1001 363">
    <p class='ocr_par' dir='ltr' id='par_1_5' title="bbox 210 325 1001 363">
     <span class='ocr_line' id='line_1_5' title="bbox 210 325 1001 363; baseline -0.005 -8"><span class='ocrx_word' id='word_1_22' title='bbox 210 327 287 363; x_wconf 89' lang='lat' dir='ltr'><strong>plura</strong></span> <span class='ocrx_word' id='word_1_23' title='bbox 302 327 422 362; x_wconf 61' lang='lat' dir='ltr'><strong>praebere</strong></span> <span class='ocrx_word' id='word_1_24' title='bbox 446 333 614 363; x_wconf 83' lang='lat' dir='ltr'><strong>argumenta,</strong></span> <span class='ocrx_word' id='word_1_25' title='bbox 629 334 661 354; x_wconf 84' lang='lat' dir='ltr'><strong>ac</strong></span> <span class='ocrx_word' id='word_1_26' title='bbox 674 325 771 354; x_wconf 89' lang='lat' dir='ltr'><strong>deinde</strong></span> <span class='ocrx_word' id='word_1_27' title='bbox 783 325 869 353; x_wconf 88' lang='lat' dir='ltr'><strong>verbis</strong></span> <span class='ocrx_word' id='word_1_28' title='bbox 880 332 1001 360; x_wconf 79' lang='lat' dir='ltr'><strong>arguere.</strong></span> 
     </span>
    </p>
   </div>
   <div class='ocr_carea' id='block_1_6' title="bbox 209 371 1004 409">
    <p class='ocr_par' dir='ltr' id='par_1_6' title="bbox 209 371 1004 409">
     <span class='ocr_line' id='line_1_6' title="bbox 209 371 1004 409; baseline -0.005 -8"><span class='ocrx_word' id='word_1_29' title='bbox 209 373 347 402; x_wconf 81' lang='lat' dir='ltr'><strong>Circuibal</strong></span> <span class='ocrx_word' id='word_1_30' title='bbox 357 373 447 409; x_wconf 88' lang='lat' dir='ltr'><strong>itaque</strong></span> <span class='ocrx_word' id='word_1_31' title='bbox 457 378 484 400; x_wconf 86' lang='lat' dir='ltr'><strong>et</strong></span> <span class='ocrx_word' id='word_1_32' title='bbox 499 381 547 408; x_wconf 86' lang='lat' dir='ltr'><strong>per</strong></span> <span class='ocrx_word' id='word_1_33' title='bbox 557 373 689 403; x_wconf 77' lang='lat' dir='ltr'><strong>civitates.</strong></span> <span class='ocrx_word' id='word_1_34' title='bbox 705 377 732 398; x_wconf 87' lang='lat' dir='ltr'><strong>ct</strong></span> <span class='ocrx_word' id='word_1_35' title='bbox 746 379 794 406; x_wconf 91' lang='lat' dir='ltr'><strong>per</strong></span> <span class='ocrx_word' id='word_1_36' title='bbox 806 371 889 403; x_wconf 80' lang='lat' dir='ltr'><strong>vicos,</strong></span> <span class='ocrx_word' id='word_1_37' title='bbox 904 377 1004 406; x_wconf 85' lang='lat' dir='ltr'><strong>perque</strong></span> 
     </span>
    </p>
   </div>
   <div class='ocr_carea' id='block_1_7' title="bbox 209 416 1003 455">
    <p class='ocr_par' dir='ltr' id='par_1_7' title="bbox 209 416 1003 455">
     <span class='ocr_line' id='line_1_7' title="bbox 209 416 1003 455; baseline -0.005 -8"><span class='ocrx_word' id='word_1_38' title='bbox 209 427 359 455; x_wconf 70' lang='lat' dir='ltr'><strong>synagogas</strong></span> <span class='ocrx_word' id='word_1_39' title='bbox 384 427 477 447; x_wconf 91' lang='lat' dir='ltr'><strong>eorum</strong></span> <span class='ocrx_word' id='word_1_40' title='bbox 493 427 501 447; x_wconf 89' lang='lat'>:</span> <span class='ocrx_word' id='word_1_41' title='bbox 515 419 615 446; x_wconf 87' lang='lat' dir='ltr'><strong>docens</strong></span> <span class='ocrx_word' id='word_1_42' title='bbox 638 426 697 451; x_wconf 82' lang='lat' dir='ltr'><strong>nos,</strong></span> <span class='ocrx_word' id='word_1_43' title='bbox 720 418 758 444; x_wconf 93' lang='lat' dir='ltr'><strong>sic</strong></span> <span class='ocrx_word' id='word_1_44' title='bbox 786 416 927 444; x_wconf 80' lang='lat' dir='ltr'><strong>maledicta</strong></span> <span class='ocrx_word' id='word_1_45' title='bbox 949 423 1003 444; x_wconf 91' lang='lat' dir='ltr'><strong>non</strong></span> 
     </span>
    </p>
   </div>
   <div class='ocr_carea' id='block_1_8' title="bbox 211 463 1003 499">
    <p class='ocr_par' dir='ltr' id='par_1_8' title="bbox 211 463 1003 499">
     <span class='ocr_line' id='line_1_8' title="bbox 211 463 1003 499; baseline -0.004 -6"><span class='ocrx_word' id='word_1_46' title='bbox 211 466 360 494; x_wconf 85' lang='lat' dir='ltr'><strong>maledictis</strong></span> <span class='ocrx_word' id='word_1_47' title='bbox 370 486 379 498; x_wconf 88' lang='lat'><strong>,</strong></span> <span class='ocrx_word' id='word_1_48' title='bbox 393 466 440 494; x_wconf 89' lang='lat' dir='ltr'><strong>sed</strong></span> <span class='ocrx_word' id='word_1_49' title='bbox 461 465 598 493; x_wconf 82' lang='lat' dir='ltr'><strong>beneficiis</strong></span> <span class='ocrx_word' id='word_1_50' title='bbox 614 465 760 499; x_wconf 84' lang='lat' dir='ltr'><strong>majoribus</strong></span> <span class='ocrx_word' id='word_1_51' title='bbox 771 463 918 491; x_wconf 84' lang='lat' dir='ltr'><strong>refellenda</strong></span> <span class='ocrx_word' id='word_1_52' title='bbox 931 469 1003 490; x_wconf 88' lang='lat' dir='ltr'><strong>esse.</strong></span> 
     </span>
    </p>
   </div>
   <div class='ocr_carea' id='block_1_9' title="bbox 210 509 1004 547">
    <p class='ocr_par' dir='ltr' id='par_1_9' title="bbox 210 509 1004 547">
     <span class='ocr_line' id='line_1_9' title="bbox 210 509 1004 547; baseline -0.005 -7"><span class='ocrx_word' id='word_1_53' title='bbox 210 512 277 540; x_wconf 86' lang='lat' dir='ltr'><strong>Nam</strong></span> <span class='ocrx_word' id='word_1_54' title='bbox 292 512 315 541; x_wconf 97' lang='lat' dir='ltr'><strong>si</strong></span> <span class='ocrx_word' id='word_1_55' title='bbox 330 519 383 540; x_wconf 92' lang='lat' dir='ltr'><strong>non</strong></span> <span class='ocrx_word' id='word_1_56' title='bbox 411 517 519 547; x_wconf 78' lang='lat' dir='ltr'><strong>propter</strong></span> <span class='ocrx_word' id='word_1_57' title='bbox 543 511 676 544; x_wconf 86' lang='lat' dir='ltr'><strong>homines,</strong></span> <span class='ocrx_word' id='word_1_58' title='bbox 700 514 811 546; x_wconf 87' lang='lat' dir='ltr'><strong>propter</strong></span> <span class='ocrx_word' id='word_1_59' title='bbox 831 509 915 537; x_wconf 89' lang='lat' dir='ltr'><strong>Deum</strong></span> <span class='ocrx_word' id='word_1_60' title='bbox 930 513 1004 536; x_wconf 85' lang='lat' dir='ltr'><strong>certe</strong></span> 
     </span>
    </p>
   </div>
   <div class='ocr_carea' id='block_1_10' title="bbox 209 555 1004 593">
    <p class='ocr_par' dir='ltr' id='par_1_10' title="bbox 209 555 1004 593">
     <span class='ocr_line' id='line_1_10' title="bbox 209 555 1004 593; baseline -0.005 -7"><span class='ocrx_word' id='word_1_61' title='bbox 209 558 348 586; x_wconf 83' lang='lat' dir='ltr'><strong>conservis</strong></span> <span class='ocrx_word' id='word_1_62' title='bbox 361 557 490 586; x_wconf 74' lang='lat' dir='ltr'><strong>beneficia</strong></span> <span class='ocrx_word' id='word_1_63' title='bbox 504 563 625 593; x_wconf 82' lang='lat' dir='ltr'><strong>przestas,</strong></span> <span class='ocrx_word' id='word_1_64' title='bbox 646 555 772 592; x_wconf 84' lang='lat' dir='ltr'><strong>quidquid</strong></span> <span class='ocrx_word' id='word_1_65' title='bbox 795 555 833 584; x_wconf 91' lang='lat' dir='ltr'><strong>illi</strong></span> <span class='ocrx_word' id='word_1_66' title='bbox 855 559 942 591; x_wconf 81' lang='lat' dir='ltr'><strong>agant,</strong></span> <span class='ocrx_word' id='word_1_67' title='bbox 970 562 1004 582; x_wconf 91' lang='lat' dir='ltr'><strong>ne</strong></span> 
     </span>
    </p>
   </div>
   <div class='ocr_carea' id='block_1_11' title="bbox 209 600 1003 638">
    <p class='ocr_par' dir='ltr' id='par_1_11' title="bbox 209 600 1003 638">
     <span class='ocr_line' id='line_1_11' title="bbox 209 600 1003 638; baseline -0.005 -6"><span class='ocrx_word' id='word_1_68' title='bbox 209 612 301 632; x_wconf 88' lang='lat' dir='ltr'><strong>cesses</strong></span> <span class='ocrx_word' id='word_1_69' title='bbox 315 604 384 632; x_wconf 85' lang='lat' dir='ltr'><strong>bene</strong></span> <span class='ocrx_word' id='word_1_70' title='bbox 402 603 500 636; x_wconf 87' lang='lat' dir='ltr'><strong>lacere,</strong></span> <span class='ocrx_word' id='word_1_71' title='bbox 515 607 545 631; x_wconf 95' lang='lat' dir='ltr'><strong>ut</strong></span> <span class='ocrx_word' id='word_1_72' title='bbox 562 603 648 638; x_wconf 84' lang='lat' dir='ltr'><strong>major</strong></span> <span class='ocrx_word' id='word_1_73' title='bbox 666 602 701 630; x_wconf 90' lang='lat' dir='ltr'><strong>sit</strong></span> <span class='ocrx_word' id='word_1_74' title='bbox 721 609 844 630; x_wconf 84' lang='lat' dir='ltr'><strong>merces:</strong></span> <span class='ocrx_word' id='word_1_75' title='bbox 860 601 896 629; x_wconf 91' lang='lat' dir='ltr'><strong>ita</strong></span> <span class='ocrx_word' id='word_1_76' title='bbox 918 605 947 628; x_wconf 90' lang='lat' dir='ltr'><strong>ut</strong></span> <span class='ocrx_word' id='word_1_77' title='bbox 959 600 1003 636; x_wconf 94' lang='lat' dir='ltr'><strong>qui</strong></span> 
     </span>
    </p>
   </div>
   <div class='ocr_carea' id='block_1_12' title="bbox 211 647 1005 686">
    <p class='ocr_par' dir='ltr' id='par_1_12' title="bbox 211 647 1005 686">
     <span class='ocr_line' id='line_1_12' title="bbox 211 647 1005 686; baseline -0.006 -7"><span class='ocrx_word' id='word_1_78' title='bbox 211 656 271 686; x_wconf 88' lang='lat' dir='ltr'><strong>post</strong></span> <span class='ocrx_word' id='word_1_79' title='bbox 284 650 445 678; x_wconf 89' lang='lat' dir='ltr'><strong>calumniam</strong></span> <span class='ocrx_word' id='word_1_80' title='bbox 458 650 557 678; x_wconf 85' lang='lat' dir='ltr'><strong>illatam</strong></span> <span class='ocrx_word' id='word_1_81' title='bbox 572 650 640 678; x_wconf 86' lang='lat' dir='ltr'><strong>bene</strong></span> <span class='ocrx_word' id='word_1_82' title='bbox 655 649 742 677; x_wconf 83' lang='lat' dir='ltr'><strong>facere</strong></span> <span class='ocrx_word' id='word_1_83' title='bbox 759 648 866 681; x_wconf 87' lang='lat' dir='ltr'><strong>desinit,</strong></span> <span class='ocrx_word' id='word_1_84' title='bbox 881 647 1005 676; x_wconf 83' lang='lat' dir='ltr'><strong>ostendat</strong></span> 
     </span>
    </p>
   </div>
   <div class='ocr_carea' id='block_1_13' title="bbox 210 695 1003 733">
    <p class='ocr_par' dir='ltr' id='par_1_13' title="bbox 210 695 1003 733">
     <span class='ocr_line' id='line_1_13' title="bbox 210 695 1003 733; baseline -0.005 -7"><span class='ocrx_word' id='word_1_85' title='bbox 210 705 241 726; x_wconf 78' lang='lat' dir='ltr'><strong>se</strong></span> <span class='ocrx_word' id='word_1_86' title='bbox 253 705 305 726; x_wconf 92' lang='lat' dir='ltr'><strong>non</strong></span> <span class='ocrx_word' id='word_1_87' title='bbox 325 702 433 733; x_wconf 84' lang='lat' dir='ltr'><strong>propter</strong></span> <span class='ocrx_word' id='word_1_88' title='bbox 444 697 540 730; x_wconf 88' lang='lat' dir='ltr'><strong>Deum,</strong></span> <span class='ocrx_word' id='word_1_89' title='bbox 556 696 604 725; x_wconf 87' lang='lat' dir='ltr'><strong>sed</strong></span> <span class='ocrx_word' id='word_1_90' title='bbox 620 701 729 732; x_wconf 85' lang='lat' dir='ltr'><strong>propter</strong></span> <span class='ocrx_word' id='word_1_91' title='bbox 740 696 878 724; x_wconf 88' lang='lat' dir='ltr'><strong>hominum</strong></span> <span class='ocrx_word' id='word_1_92' title='bbox 897 695 1003 724; x_wconf 89' lang='lat' dir='ltr'><strong>laudem</strong></span> 
     </span>
    </p>
   </div>
   <div class='ocr_carea' id='block_1_14' title="bbox 211 741 1003 776">
    <p class='ocr_par' dir='ltr' id='par_1_14' title="bbox 211 741 1003 776">
     <span class='ocr_line' id='line_1_14' title="bbox 211 741 1003 776; baseline -0.003 -5"><span class='ocrx_word' id='word_1_93' title='bbox 211 744 281 771; x_wconf 84' lang='lat' dir='ltr'><strong>hanc</strong></span> <span class='ocrx_word' id='word_1_94' title='bbox 293 751 420 771; x_wconf 80' lang='lat' dir='ltr'><strong>exercere</strong></span> <span class='ocrx_word' id='word_1_95' title='bbox 438 743 573 771; x_wconf 87' lang='lat' dir='ltr'><strong>virtutem.</strong></span> <span class='ocrx_word' id='word_1_96' title='bbox 589 742 653 770; x_wconf 88' lang='lat' dir='ltr'><strong>Ideo</strong></span> <span class='ocrx_word' id='word_1_97' title='bbox 664 742 797 776; x_wconf 87' lang='lat' dir='ltr'><strong>Christus,</strong></span> <span class='ocrx_word' id='word_1_98' title='bbox 813 746 843 770; x_wconf 93' lang='lat' dir='ltr'><strong>ut</strong></span> <span class='ocrx_word' id='word_1_99' title='bbox 863 748 912 769; x_wconf 88' lang='lat' dir='ltr'><strong>nos</strong></span> <span class='ocrx_word' id='word_1_100' title='bbox 921 741 1003 769; x_wconf 88' lang='lat' dir='ltr'><strong>doce-</strong></span> 
     </span>
    </p>
   </div>
   <div class='ocr_carea' id='block_1_15' title="bbox 211 787 1004 824">
    <p class='ocr_par' dir='ltr' id='par_1_15' title="bbox 211 787 1004 824">
     <span class='ocr_line' id='line_1_15' title="bbox 211 787 1004 824; baseline -0.005 -6"><span class='ocrx_word' id='word_1_101' title='bbox 211 794 261 821; x_wconf 83' lang='lat' dir='ltr'><strong>ret.</strong></span> <span class='ocrx_word' id='word_1_102' title='bbox 270 796 341 817; x_wconf 81' lang='lat' dir='ltr'><strong>seex</strong></span> <span class='ocrx_word' id='word_1_103' title='bbox 351 789 407 816; x_wconf 88' lang='lat' dir='ltr'><strong>sola</strong></span> <span class='ocrx_word' id='word_1_104' title='bbox 416 787 578 824; x_wconf 79' lang='lat' dir='ltr'><strong>benignitate</strong></span> <span class='ocrx_word' id='word_1_105' title='bbox 588 788 614 816; x_wconf 90' lang='lat' dir='ltr'><strong>id</strong></span> <span class='ocrx_word' id='word_1_106' title='bbox 622 795 711 824; x_wconf 82' lang='lat' dir='ltr'><strong>agere.</strong></span> <span class='ocrx_word' id='word_1_107' title='bbox 723 795 776 815; x_wconf 92' lang='lat' dir='ltr'><strong>non</strong></span> <span class='ocrx_word' id='word_1_108' title='bbox 789 788 875 815; x_wconf 93' lang='lat' dir='ltr'><strong>solum</strong></span> <span class='ocrx_word' id='word_1_109' title='bbox 889 795 942 815; x_wconf 92' lang='lat' dir='ltr'><strong>non</strong></span> <span class='ocrx_word' id='word_1_110' title='bbox 956 795 1004 815; x_wconf 82' lang='lat' dir='ltr'><strong>es-</strong></span> 
     </span>
    </p>
   </div>
   <div class='ocr_carea' id='block_1_16' title="bbox 210 831 1004 871">
    <p class='ocr_par' dir='ltr' id='par_1_16' title="bbox 210 831 1004 871">
     <span class='ocr_line' id='line_1_16' title="bbox 210 831 1004 871; baseline -0.004 -9"><span class='ocrx_word' id='word_1_111' title='bbox 210 834 349 871; x_wconf 84' lang='lat' dir='ltr'><strong>spectabat</strong></span> <span class='ocrx_word' id='word_1_112' title='bbox 363 841 449 869; x_wconf 74' lang='lat' dir='ltr'><strong>tegros</strong></span> <span class='ocrx_word' id='word_1_113' title='bbox 460 833 493 861; x_wconf 90' lang='lat' dir='ltr'><strong>ad</strong></span> <span class='ocrx_word' id='word_1_114' title='bbox 514 841 544 861; x_wconf 89' lang='lat' dir='ltr'><strong>se</strong></span> <span class='ocrx_word' id='word_1_115' title='bbox 556 833 657 866; x_wconf 89' lang='lat' dir='ltr'><strong>venire,</strong></span> <span class='ocrx_word' id='word_1_116' title='bbox 673 833 720 861; x_wconf 85' lang='lat' dir='ltr'><strong>sed</strong></span> <span class='ocrx_word' id='word_1_117' title='bbox 733 833 765 860; x_wconf 90' lang='lat' dir='ltr'><strong>ad</strong></span> <span class='ocrx_word' id='word_1_118' title='bbox 780 833 839 861; x_wconf 87' lang='lat' dir='ltr'><strong>illos</strong></span> <span class='ocrx_word' id='word_1_119' title='bbox 859 831 1004 860; x_wconf 88' lang='lat' dir='ltr'><strong>contende-</strong></span> 
     </span>
    </p>
   </div>
   <div class='ocr_carea' id='block_1_17' title="bbox 211 877 1002 914">
    <p class='ocr_par' dir='ltr' id='par_1_17' title="bbox 211 877 1002 914">
     <span class='ocr_line' id='line_1_17' title="bbox 211 877 1002 914; baseline -0.004 -7"><span class='ocrx_word' id='word_1_120' title='bbox 211 880 267 913; x_wconf 91' lang='lat' dir='ltr'><strong>bat,</strong></span> <span class='ocrx_word' id='word_1_121' title='bbox 283 879 336 907; x_wconf 89' lang='lat' dir='ltr'><strong>duo</strong></span> <span class='ocrx_word' id='word_1_122' title='bbox 348 879 463 907; x_wconf 79' lang='lat' dir='ltr'><strong>maxima</strong></span> <span class='ocrx_word' id='word_1_123' title='bbox 479 878 544 914; x_wconf 90' lang='lat' dir='ltr'><strong>ipsis</strong></span> <span class='ocrx_word' id='word_1_124' title='bbox 568 878 637 906; x_wconf 86' lang='lat' dir='ltr'><strong>bona</strong></span> <span class='ocrx_word' id='word_1_125' title='bbox 656 878 814 911; x_wconf 84' lang='lat' dir='ltr'><strong>conferens,</strong></span> <span class='ocrx_word' id='word_1_126' title='bbox 835 877 1002 913; x_wconf 75' lang='lat' dir='ltr'><strong>evangelium</strong></span> 
     </span>
    </p>
   </div>
   <div class='ocr_carea' id='block_1_18' title="bbox 210 924 1003 962">
    <p class='ocr_par' dir='ltr' id='par_1_18' title="bbox 210 924 1003 962">
     <span class='ocr_line' id='line_1_18' title="bbox 210 924 1003 962; baseline -0.005 -8"><span class='ocrx_word' id='word_1_127' title='bbox 210 927 305 962; x_wconf 82' lang='lat' dir='ltr'><strong>regni,</strong></span> <span class='ocrx_word' id='word_1_128' title='bbox 325 931 352 955; x_wconf 88' lang='lat' dir='ltr'><strong>et</strong></span> <span class='ocrx_word' id='word_1_129' title='bbox 375 925 529 953; x_wconf 87' lang='lat' dir='ltr'><strong>morborum</strong></span> <span class='ocrx_word' id='word_1_130' title='bbox 551 925 670 952; x_wconf 92' lang='lat' dir='ltr'><strong>omnium</strong></span> <span class='ocrx_word' id='word_1_131' title='bbox 693 925 868 952; x_wconf 82' lang='lat' dir='ltr'><strong>curationem.</strong></span> <span class='ocrx_word' id='word_1_132' title='bbox 899 924 1003 951; x_wconf 87' lang='lat' dir='ltr'><strong>Nullam</strong></span> 
     </span>
    </p>
   </div>
   <div class='ocr_carea' id='block_1_19' title="bbox 210 971 1001 1008">
    <p class='ocr_par' dir='ltr' id='par_1_19' title="bbox 210 971 1001 1008">
     <span class='ocr_line' id='line_1_19' title="bbox 210 971 1001 1008; baseline -0.004 -7"><span class='ocrx_word' id='word_1_133' title='bbox 210 974 304 1001; x_wconf 88' lang='lat' dir='ltr'><strong>urbem</strong></span> <span class='ocrx_word' id='word_1_134' title='bbox 327 972 506 1008; x_wconf 86' lang='lat' dir='ltr'><strong>despiciebat,</strong></span> <span class='ocrx_word' id='word_1_135' title='bbox 530 972 631 999; x_wconf 89' lang='lat' dir='ltr'><strong>nullum</strong></span> <span class='ocrx_word' id='word_1_136' title='bbox 655 972 742 999; x_wconf 87' lang='lat' dir='ltr'><strong>vicum</strong></span> <span class='ocrx_word' id='word_1_137' title='bbox 763 971 1001 1007; x_wconf 70' lang='lat' dir='ltr'><strong>prmtercurrebat,</strong></span> 
     </span>
    </p>
   </div>
   <div class='ocr_carea' id='block_1_20' title="bbox 210 1016 1005 1052">
    <p class='ocr_par' dir='ltr' id='par_1_20' title="bbox 210 1016 1005 1052">
     <span class='ocr_line' id='line_1_20' title="bbox 210 1016 1005 1052; baseline -0.004 -6"><span class='ocrx_word' id='word_1_138' title='bbox 210 1018 258 1046; x_wconf 81' lang='lat' dir='ltr'><strong>sed</strong></span> <span class='ocrx_word' id='word_1_139' title='bbox 269 1025 376 1046; x_wconf 85' lang='lat' dir='ltr'><strong>Omnem</strong></span> <span class='ocrx_word' id='word_1_140' title='bbox 390 1017 480 1045; x_wconf 86' lang='lat' dir='ltr'><strong>adibat</strong></span> <span class='ocrx_word' id='word_1_141' title='bbox 491 1017 590 1045; x_wconf 90' lang='lat' dir='ltr'><strong>locum.</strong></span> <span class='ocrx_word' id='word_1_142' title='bbox 607 1016 660 1045; x_wconf 91' lang='lat' dir='ltr'><strong>Sed</strong></span> <span class='ocrx_word' id='word_1_143' title='bbox 673 1024 759 1052; x_wconf 88' lang='lat' dir='ltr'><strong>neque</strong></span> <span class='ocrx_word' id='word_1_144' title='bbox 778 1017 820 1044; x_wconf 90' lang='lat' dir='ltr'><strong>hic</strong></span> <span class='ocrx_word' id='word_1_145' title='bbox 834 1016 945 1052; x_wconf 82' lang='lat' dir='ltr'><strong>gradum</strong></span> <span class='ocrx_word' id='word_1_146' title='bbox 967 1016 1005 1044; x_wconf 86' lang='lat' dir='ltr'><strong>si-</strong></span> 
     </span>
    </p>
   </div>
   <div class='ocr_carea' id='block_1_21' title="bbox 210 1062 1002 1099">
    <p class='ocr_par' dir='ltr' id='par_1_21' title="bbox 210 1062 1002 1099">
     <span class='ocr_line' id='line_1_21' title="bbox 210 1062 1002 1099; baseline -0.004 -7"><span class='ocrx_word' id='word_1_147' title='bbox 210 1065 268 1099; x_wconf 84' lang='lat' dir='ltr'><strong>stit,</strong></span> <span class='ocrx_word' id='word_1_148' title='bbox 284 1072 375 1092; x_wconf 87' lang='lat' dir='ltr'><strong>verum</strong></span> <span class='ocrx_word' id='word_1_149' title='bbox 394 1065 472 1092; x_wconf 89' lang='lat' dir='ltr'><strong>aliam</strong></span> <span class='ocrx_word' id='word_1_150' title='bbox 491 1071 598 1099; x_wconf 87' lang='lat' dir='ltr'><strong>quoque</strong></span> <span class='ocrx_word' id='word_1_151' title='bbox 613 1063 807 1099; x_wconf 85' lang='lat' dir='ltr'><strong>providentiam</strong></span> <span class='ocrx_word' id='word_1_152' title='bbox 822 1062 940 1091; x_wconf 86' lang='lat' dir='ltr'><strong>exhibet.</strong></span> <span class='ocrx_word' id='word_1_153' title='bbox 957 1062 1002 1090; x_wconf 78' lang='lat'><strong>36.</strong></span> 
     </span>
    </p>
   </div>
   <div class='ocr_carea' id='block_1_22' title="bbox 211 1109 1003 1145">
    <p class='ocr_par' dir='ltr' id='par_1_22' title="bbox 211 1109 1003 1145">
     <span class='ocr_line' id='line_1_22' title="bbox 211 1109 1003 1145; baseline -0.004 -6"><span class='ocrx_word' id='word_1_154' title='bbox 211 1111 275 1140; x_wconf 78' lang='lat' dir='ltr'><strong>Cum</strong></span> <span class='ocrx_word' id='word_1_155' title='bbox 295 1112 388 1139; x_wconf 78' lang='lat' dir='ltr'><strong>videret</strong></span> <span class='ocrx_word' id='word_1_156' title='bbox 410 1111 476 1138; x_wconf 79' lang='lat' dir='ltr'><strong>enim</strong></span> <span class='ocrx_word' id='word_1_157' title='bbox 501 1111 603 1144; x_wconf 87' lang='lat' dir='ltr'><strong>turbas,</strong></span> <span class='ocrx_word' id='word_1_158' title='bbox 630 1111 762 1138; x_wconf 83' lang='lat' dir='ltr'><strong>miseratus</strong></span> <span class='ocrx_word' id='word_1_159' title='bbox 785 1114 821 1137; x_wconf 89' lang='lat' dir='ltr'><strong>est</strong></span> <span class='ocrx_word' id='word_1_160' title='bbox 845 1109 921 1142; x_wconf 83' lang='lat' dir='ltr'><strong>illos,</strong></span> <span class='ocrx_word' id='word_1_161' title='bbox 943 1109 1003 1145; x_wconf 84' lang='lat' dir='ltr'><strong>quia</strong></span> 
     </span>
    </p>
   </div>
   <div class='ocr_carea' id='block_1_23' title="bbox 210 1157 1002 1192">
    <p class='ocr_par' dir='ltr' id='par_1_23' title="bbox 210 1157 1002 1192">
     <span class='ocr_line' id='line_1_23' title="bbox 210 1157 1002 1192; baseline -0.004 -7"><span class='ocrx_word' id='word_1_162' title='bbox 210 1158 293 1186; x_wconf 67' lang='lat' dir='ltr'><strong>vexati</strong></span> <span class='ocrx_word' id='word_1_163' title='bbox 307 1162 387 1189; x_wconf 84' lang='lat' dir='ltr'><strong>erant,</strong></span> <span class='ocrx_word' id='word_1_164' title='bbox 399 1162 422 1184; x_wconf 86' lang='lat' dir='ltr'><strong>et</strong></span> <span class='ocrx_word' id='word_1_165' title='bbox 434 1157 525 1192; x_wconf 77' lang='lat' dir='ltr'><strong>objecti</strong></span> <span class='ocrx_word' id='word_1_166' title='bbox 534 1158 605 1192; x_wconf 81' lang='lat' dir='ltr'><strong>quasi</strong></span> <span class='ocrx_word' id='word_1_167' title='bbox 613 1165 669 1184; x_wconf 83' lang='lat' dir='ltr'><strong>oves</strong></span> <span class='ocrx_word' id='word_1_168' title='bbox 677 1165 729 1184; x_wconf 85' lang='lat' dir='ltr'><strong>non</strong></span> <span class='ocrx_word' id='word_1_169' title='bbox 741 1157 856 1183; x_wconf 75' lang='lat' dir='ltr'><strong>habentes</strong></span> <span class='ocrx_word' id='word_1_170' title='bbox 867 1161 1002 1190; x_wconf 74' lang='lat' dir='ltr'><strong>pastorem.</strong></span> 
     </span>
    </p>
   </div>
   <div class='ocr_carea' id='block_1_24' title="bbox 210 1203 1002 1238">
    <p class='ocr_par' dir='ltr' id='par_1_24' title="bbox 210 1203 1002 1238">
     <span class='ocr_line' id='line_1_24' title="bbox 210 1203 1002 1238; baseline -0.005 -6"><span class='ocrx_word' id='word_1_171' title='bbox 210 1205 255 1233; x_wconf 79' lang='grc'><strong>57.</strong></span> <span class='ocrx_word' id='word_1_172' title='bbox 269 1204 339 1232; x_wconf 87' lang='lat' dir='ltr'><strong>Tunc</strong></span> <span class='ocrx_word' id='word_1_173' title='bbox 352 1205 416 1232; x_wconf 72' lang='lat' dir='ltr'><strong>dixit</strong></span> <span class='ocrx_word' id='word_1_174' title='bbox 429 1203 562 1238; x_wconf 79' lang='lat' dir='ltr'><strong>discipulis</strong></span> <span class='ocrx_word' id='word_1_175' title='bbox 576 1211 586 1231; x_wconf 93' lang='lat'><strong><em>:</em></strong></span> <span class='ocrx_word' id='word_1_176' title='bbox 609 1203 702 1231; x_wconf 73' lang='lat' dir='ltr'><strong>Musis</strong></span> <span class='ocrx_word' id='word_1_177' title='bbox 716 1203 817 1238; x_wconf 79' lang='lat' dir='ltr'><strong>quidem</strong></span> <span class='ocrx_word' id='word_1_178' title='bbox 834 1203 925 1235; x_wconf 84' lang='lat' dir='ltr'><strong>multa,</strong></span> <span class='ocrx_word' id='word_1_179' title='bbox 941 1210 1002 1237; x_wconf 82' lang='lat' dir='ltr'><strong>ope-</strong></span> 
     </span>
    </p>
   </div>
   <div class='ocr_carea' id='block_1_25' title="bbox 210 1248 1002 1286">
    <p class='ocr_par' dir='ltr' id='par_1_25' title="bbox 210 1248 1002 1286">
     <span class='ocr_line' id='line_1_25' title="bbox 210 1248 1002 1286; baseline -0.004 -8"><span class='ocrx_word' id='word_1_180' title='bbox 210 1252 275 1278; x_wconf 85' lang='lat' dir='ltr'><strong>rarii</strong></span> <span class='ocrx_word' id='word_1_181' title='bbox 287 1256 369 1278; x_wconf 79' lang='lat' dir='ltr'><strong>autent</strong></span> <span class='ocrx_word' id='word_1_182' title='bbox 383 1250 468 1286; x_wconf 81' lang='lat' dir='ltr'><strong>pauci.</strong></span> <span class='ocrx_word' id='word_1_183' title='bbox 481 1250 526 1278; x_wconf 78' lang='lat'><strong>58.</strong></span> <span class='ocrx_word' id='word_1_184' title='bbox 541 1249 641 1286; x_wconf 71' lang='lat' dir='ltr'><strong>Rogata</strong></span> <span class='ocrx_word' id='word_1_185' title='bbox 661 1257 721 1285; x_wconf 83' lang='lat' dir='ltr'><strong>ergo</strong></span> <span class='ocrx_word' id='word_1_186' title='bbox 744 1248 883 1276; x_wconf 88' lang='lat' dir='ltr'><strong>Dominum</strong></span> <span class='ocrx_word' id='word_1_187' title='bbox 905 1249 1002 1282; x_wconf 81' lang='lat' dir='ltr'><strong>messis,</strong></span> 
     </span>
    </p>
   </div>
   <div class='ocr_carea' id='block_1_26' title="bbox 211 1295 1003 1331">
    <p class='ocr_par' dir='ltr' id='par_1_26' title="bbox 211 1295 1003 1331">
     <span class='ocr_line' id='line_1_26' title="bbox 211 1295 1003 1331; baseline -0.003 -6"><span class='ocrx_word' id='word_1_188' title='bbox 211 1303 240 1325; x_wconf 83' lang='lat' dir='ltr'><strong>ut</strong></span> <span class='ocrx_word' id='word_1_189' title='bbox 252 1298 335 1324; x_wconf 87' lang='lat' dir='ltr'><strong>mittat</strong></span> <span class='ocrx_word' id='word_1_190' title='bbox 346 1297 476 1331; x_wconf 80' lang='lat' dir='ltr'><strong>operarios</strong></span> <span class='ocrx_word' id='word_1_191' title='bbox 488 1297 515 1324; x_wconf 86' lang='lat' dir='ltr'><strong>in</strong></span> <span class='ocrx_word' id='word_1_192' title='bbox 526 1304 630 1324; x_wconf 85' lang='lat' dir='ltr'><strong>messem</strong></span> <span class='ocrx_word' id='word_1_193' title='bbox 639 1304 721 1324; x_wconf 75' lang='lat' dir='ltr'><strong>sitam.</strong></span> <span class='ocrx_word' id='word_1_194' title='bbox 732 1295 798 1324; x_wconf 82' lang='lat' dir='ltr'><strong>Vide</strong></span> <span class='ocrx_word' id='word_1_195' title='bbox 809 1303 915 1324; x_wconf 86' lang='lat' dir='ltr'><strong>rursum</strong></span> <span class='ocrx_word' id='word_1_196' title='bbox 924 1303 1003 1331; x_wconf 88' lang='lat' dir='ltr'><strong>quam</strong></span> 
     </span>
    </p>
   </div>
   <div class='ocr_carea' id='block_1_27' title="bbox 211 1341 1005 1378">
    <p class='ocr_par' dir='ltr' id='par_1_27' title="bbox 211 1341 1005 1378">
     <span class='ocr_line' id='line_1_27' title="bbox 211 1341 1005 1378; baseline -0.003 -8"><span class='ocrx_word' id='word_1_197' title='bbox 211 1343 246 1370; x_wconf 89' lang='lat' dir='ltr'><strong>sit</strong></span> <span class='ocrx_word' id='word_1_198' title='bbox 259 1343 294 1370; x_wconf 89' lang='lat' dir='ltr'><strong>ab</strong></span> <span class='ocrx_word' id='word_1_199' title='bbox 315 1342 386 1370; x_wconf 83' lang='lat' dir='ltr'><strong>inani</strong></span> <span class='ocrx_word' id='word_1_200' title='bbox 411 1342 494 1378; x_wconf 86' lang='lat' dir='ltr'><strong>gloria</strong></span> <span class='ocrx_word' id='word_1_201' title='bbox 509 1342 623 1369; x_wconf 85' lang='lat' dir='ltr'><strong>alienus.</strong></span> <span class='ocrx_word' id='word_1_202' title='bbox 643 1341 683 1369; x_wconf 86' lang='lat' dir='ltr'><strong>Ne</strong></span> <span class='ocrx_word' id='word_1_203' title='bbox 706 1341 778 1369; x_wconf 88' lang='lat' dir='ltr'><strong>enim</strong></span> <span class='ocrx_word' id='word_1_204' title='bbox 799 1348 895 1369; x_wconf 88' lang='lat' dir='ltr'><strong>omnes</strong></span> <span class='ocrx_word' id='word_1_205' title='bbox 920 1341 954 1368; x_wconf 92' lang='lat' dir='ltr'><strong>ad</strong></span> <span class='ocrx_word' id='word_1_206' title='bbox 975 1348 1005 1368; x_wconf 88' lang='lat' dir='ltr'><strong>se</strong></span> 
     </span>
    </p>
   </div>
   <div class='ocr_carea' id='block_1_28' title="bbox 212 1386 1005 1424">
    <p class='ocr_par' dir='ltr' id='par_1_28' title="bbox 212 1386 1005 1424">
     <span class='ocr_line' id='line_1_28' title="bbox 212 1386 1005 1424; baseline -0.004 -8"><span class='ocrx_word' id='word_1_207' title='bbox 212 1389 389 1424; x_wconf 84' lang='lat' dir='ltr'><strong>pertraheret,</strong></span> <span class='ocrx_word' id='word_1_208' title='bbox 406 1387 551 1422; x_wconf 88' lang='lat' dir='ltr'><strong>discipulos</strong></span> <span class='ocrx_word' id='word_1_209' title='bbox 565 1387 672 1415; x_wconf 89' lang='lat' dir='ltr'><strong>emittit.</strong></span> <span class='ocrx_word' id='word_1_210' title='bbox 695 1386 788 1422; x_wconf 84' lang='lat' dir='ltr'><strong>Neque</strong></span> <span class='ocrx_word' id='word_1_211' title='bbox 807 1386 856 1414; x_wconf 91' lang='lat' dir='ltr'><strong>hac</strong></span> <span class='ocrx_word' id='word_1_212' title='bbox 871 1386 957 1414; x_wconf 89' lang='lat' dir='ltr'><strong>solum</strong></span> <span class='ocrx_word' id='word_1_213' title='bbox 971 1386 1005 1413; x_wconf 89' lang='lat' dir='ltr'><strong>de</strong></span> 
     </span>
    </p>
   </div>
   <div class='ocr_carea' id='block_1_29' title="bbox 212 1431 1004 1467">
    <p class='ocr_par' dir='ltr' id='par_1_29' title="bbox 212 1431 1004 1467">
     <span class='ocr_line' id='line_1_29' title="bbox 212 1431 1004 1467; baseline -0.004 -6"><span class='ocrx_word' id='word_1_214' title='bbox 212 1441 303 1467; x_wconf 85' lang='lat' dir='ltr'><strong>causa,</strong></span> <span class='ocrx_word' id='word_1_215' title='bbox 327 1433 374 1461; x_wconf 86' lang='lat' dir='ltr'><strong>sed</strong></span> <span class='ocrx_word' id='word_1_216' title='bbox 399 1433 460 1461; x_wconf 87' lang='lat' dir='ltr'><strong>illos</strong></span> <span class='ocrx_word' id='word_1_217' title='bbox 482 1432 636 1466; x_wconf 85' lang='lat' dir='ltr'><strong>instituens,</strong></span> <span class='ocrx_word' id='word_1_218' title='bbox 650 1436 679 1459; x_wconf 94' lang='lat' dir='ltr'><strong>ut</strong></span> <span class='ocrx_word' id='word_1_219' title='bbox 701 1432 728 1461; x_wconf 82' lang='lat' dir='ltr'><strong>in</strong></span> <span class='ocrx_word' id='word_1_220' title='bbox 751 1431 902 1464; x_wconf 69' lang='lat' dir='ltr'><strong>Palaestina,</strong></span> <span class='ocrx_word' id='word_1_221' title='bbox 915 1439 964 1459; x_wconf 92' lang='lat' dir='ltr'><strong>ceu</strong></span> <span class='ocrx_word' id='word_1_222' title='bbox 978 1431 1004 1458; x_wconf 95' lang='lat' dir='ltr'><strong>in</strong></span> 
     </span>
    </p>
   </div>
   <div class='ocr_carea' id='block_1_30' title="bbox 211 1477 1004 1516">
    <p class='ocr_par' dir='ltr' id='par_1_30' title="bbox 211 1477 1004 1516">
     <span class='ocr_line' id='line_1_30' title="bbox 211 1477 1004 1516; baseline -0.005 -8"><span class='ocrx_word' id='word_1_223' title='bbox 211 1479 326 1516; x_wconf 89' lang='lat' dir='ltr'><strong>quadam</strong></span> <span class='ocrx_word' id='word_1_224' title='bbox 347 1479 471 1515; x_wconf 65' lang='lat' dir='ltr'><strong>palmstra</strong></span> <span class='ocrx_word' id='word_1_225' title='bbox 492 1486 552 1506; x_wconf 89' lang='lat' dir='ltr'><strong>sese</strong></span> <span class='ocrx_word' id='word_1_226' title='bbox 569 1482 736 1511; x_wconf 74' lang='lat' dir='ltr'><strong>exercentes,</strong></span> <span class='ocrx_word' id='word_1_227' title='bbox 751 1478 790 1506; x_wconf 84' lang='lat' dir='ltr'><strong>sic</strong></span> <span class='ocrx_word' id='word_1_228' title='bbox 804 1477 837 1505; x_wconf 91' lang='lat' dir='ltr'><strong>ad</strong></span> <span class='ocrx_word' id='word_1_229' title='bbox 857 1477 1004 1505; x_wconf 79' lang='lat' dir='ltr'><strong>certamina</strong></span> 
     </span>
    </p>
   </div>
   <div class='ocr_carea' id='block_1_31' title="bbox 211 1523 1004 1561">
    <p class='ocr_par' dir='ltr' id='par_1_31' title="bbox 211 1523 1004 1561">
     <span class='ocr_line' id='line_1_31' title="bbox 211 1523 1004 1561; baseline -0.005 -7"><span class='ocrx_word' id='word_1_230' title='bbox 211 1532 261 1561; x_wconf 90' lang='lat' dir='ltr'><strong>per</strong></span> <span class='ocrx_word' id='word_1_231' title='bbox 271 1526 364 1554; x_wconf 89' lang='lat' dir='ltr'><strong>orbem</strong></span> <span class='ocrx_word' id='word_1_232' title='bbox 381 1524 550 1560; x_wconf 86' lang='lat' dir='ltr'><strong>suscipienda</strong></span> <span class='ocrx_word' id='word_1_233' title='bbox 566 1531 595 1552; x_wconf 88' lang='lat' dir='ltr'><strong>se</strong></span> <span class='ocrx_word' id='word_1_234' title='bbox 610 1528 802 1560; x_wconf 67' lang='lat' dir='ltr'><strong>przepararent.</strong></span> <span class='ocrx_word' id='word_1_235' title='bbox 822 1523 924 1552; x_wconf 89' lang='lat' dir='ltr'><strong>Idcirco</strong></span> <span class='ocrx_word' id='word_1_236' title='bbox 946 1531 1004 1551; x_wconf 87' lang='lat' dir='ltr'><strong>ma-</strong></span> 
     </span>
    </p>
   </div>
   <div class='ocr_carea' id='block_1_32' title="bbox 212 1570 1006 1608">
    <p class='ocr_par' dir='ltr' id='par_1_32' title="bbox 212 1570 1006 1608">
     <span class='ocr_line' id='line_1_32' title="bbox 212 1570 1006 1608; baseline -0.003 -10"><span class='ocrx_word' id='word_1_237' title='bbox 212 1573 270 1608; x_wconf 87' lang='lat' dir='ltr'><strong>jora</strong></span> <span class='ocrx_word' id='word_1_238' title='bbox 292 1571 468 1599; x_wconf 88' lang='lat' dir='ltr'><strong>certaminum</strong></span> <span class='ocrx_word' id='word_1_239' title='bbox 493 1570 621 1598; x_wconf 80' lang='lat' dir='ltr'><strong>exercitia</strong></span> <span class='ocrx_word' id='word_1_240' title='bbox 644 1570 729 1604; x_wconf 89' lang='lat' dir='ltr'><strong>ponit,</strong></span> <span class='ocrx_word' id='word_1_241' title='bbox 752 1573 780 1597; x_wconf 88' lang='lat' dir='ltr'><strong>et</strong></span> <span class='ocrx_word' id='word_1_242' title='bbox 800 1574 898 1605; x_wconf 90' lang='lat' dir='ltr'><strong>quanta</strong></span> <span class='ocrx_word' id='word_1_243' title='bbox 922 1570 1006 1597; x_wconf 87' lang='lat' dir='ltr'><strong>virtus</strong></span> 
     </span>
    </p>
   </div>
   <div class='ocr_carea' id='block_1_33' title="bbox 214 1615 1005 1652">
    <p class='ocr_par' dir='ltr' id='par_1_33' title="bbox 214 1615 1005 1652">
     <span class='ocr_line' id='line_1_33' title="bbox 214 1615 1005 1652; baseline -0.004 -7"><span class='ocrx_word' id='word_1_244' title='bbox 214 1619 332 1652; x_wconf 88' lang='lat' dir='ltr'><strong>ipsorum</strong></span> <span class='ocrx_word' id='word_1_245' title='bbox 343 1617 413 1645; x_wconf 89' lang='lat' dir='ltr'><strong>ferre</strong></span> <span class='ocrx_word' id='word_1_246' title='bbox 426 1620 541 1652; x_wconf 84' lang='lat' dir='ltr'><strong>poterat,</strong></span> <span class='ocrx_word' id='word_1_247' title='bbox 553 1621 583 1643; x_wconf 87' lang='lat' dir='ltr'><strong>ut</strong></span> <span class='ocrx_word' id='word_1_248' title='bbox 595 1615 700 1643; x_wconf 81' lang='lat' dir='ltr'><strong>facilius</strong></span> <span class='ocrx_word' id='word_1_249' title='bbox 709 1615 846 1650; x_wconf 85' lang='lat' dir='ltr'><strong>sequentia</strong></span> <span class='ocrx_word' id='word_1_250' title='bbox 860 1615 1005 1643; x_wconf 87' lang='lat' dir='ltr'><strong>certamina</strong></span> 
     </span>
    </p>
   </div>
   <div class='ocr_carea' id='block_1_34' title="bbox 213 1661 1006 1699">
    <p class='ocr_par' dir='ltr' id='par_1_34' title="bbox 213 1661 1006 1699">
     <span class='ocr_line' id='line_1_34' title="bbox 213 1661 1006 1699; baseline -0.004 -8"><span class='ocrx_word' id='word_1_251' title='bbox 213 1664 319 1692; x_wconf 83' lang='lat' dir='ltr'><strong>adirent</strong></span> <span class='ocrx_word' id='word_1_252' title='bbox 340 1673 347 1691; x_wconf 86' lang='lat'><strong>:</strong></span> <span class='ocrx_word' id='word_1_253' title='bbox 367 1663 440 1698; x_wconf 86' lang='lat' dir='ltr'><strong>ipsos</strong></span> <span class='ocrx_word' id='word_1_254' title='bbox 461 1662 536 1699; x_wconf 89' lang='lat' dir='ltr'><strong>quasi</strong></span> <span class='ocrx_word' id='word_1_255' title='bbox 560 1667 668 1690; x_wconf 89' lang='lat' dir='ltr'><strong>teneras</strong></span> <span class='ocrx_word' id='word_1_256' title='bbox 691 1662 808 1690; x_wconf 89' lang='lat' dir='ltr'><strong>aviculas</strong></span> <span class='ocrx_word' id='word_1_257' title='bbox 831 1662 864 1689; x_wconf 87' lang='lat' dir='ltr'><strong>ad</strong></span> <span class='ocrx_word' id='word_1_258' title='bbox 887 1661 1006 1689; x_wconf 87' lang='lat' dir='ltr'><strong>volatum</strong></span> 
     </span>
    </p>
   </div>
   <div class='ocr_carea' id='block_1_35' title="bbox 214 1707 1008 1743">
    <p class='ocr_par' dir='ltr' id='par_1_35' title="bbox 214 1707 1008 1743">
     <span class='ocr_line' id='line_1_35' title="bbox 214 1707 1008 1743; baseline -0.005 -6"><span class='ocrx_word' id='word_1_259' title='bbox 214 1716 354 1737; x_wconf 79' lang='lat' dir='ltr'><strong>exercens.</strong></span> <span class='ocrx_word' id='word_1_260' title='bbox 371 1708 532 1743; x_wconf 88' lang='lat' dir='ltr'><strong>luterimque</strong></span> <span class='ocrx_word' id='word_1_261' title='bbox 546 1707 606 1735; x_wconf 93' lang='lat' dir='ltr'><strong>illos</strong></span> <span class='ocrx_word' id='word_1_262' title='bbox 620 1707 740 1736; x_wconf 90' lang='lat' dir='ltr'><strong>medicos</strong></span> <span class='ocrx_word' id='word_1_263' title='bbox 749 1714 892 1743; x_wconf 86' lang='lat' dir='ltr'><strong>corporum</strong></span> <span class='ocrx_word' id='word_1_264' title='bbox 908 1708 1008 1735; x_wconf 87' lang='lat' dir='ltr'><strong>consti-</strong></span> 
     </span>
    </p>
   </div>
   <div class='ocr_carea' id='block_1_36' title="bbox 215 1753 1007 1789">
    <p class='ocr_par' dir='ltr' id='par_1_36' title="bbox 215 1753 1007 1789">
     <span class='ocr_line' id='line_1_36' title="bbox 215 1753 1007 1789; baseline -0.003 -7"><span class='ocrx_word' id='word_1_265' title='bbox 215 1755 275 1788; x_wconf 89' lang='lat' dir='ltr'><strong>tuit,</strong></span> <span class='ocrx_word' id='word_1_266' title='bbox 292 1761 432 1782; x_wconf 89' lang='lat' dir='ltr'><strong>reservans</strong></span> <span class='ocrx_word' id='word_1_267' title='bbox 447 1754 511 1789; x_wconf 90' lang='lat' dir='ltr'><strong>ipsis</strong></span> <span class='ocrx_word' id='word_1_268' title='bbox 525 1753 550 1781; x_wconf 93' lang='lat' dir='ltr'><strong>in</strong></span> <span class='ocrx_word' id='word_1_269' title='bbox 563 1759 699 1788; x_wconf 86' lang='lat' dir='ltr'><strong>posterum</strong></span> <span class='ocrx_word' id='word_1_270' title='bbox 714 1753 844 1781; x_wconf 88' lang='lat' dir='ltr'><strong>medelam</strong></span> <span class='ocrx_word' id='word_1_271' title='bbox 859 1753 1007 1780; x_wconf 88' lang='lat' dir='ltr'><strong>animarum</strong></span> 
     </span>
    </p>
   </div>
   <div class='ocr_carea' id='block_1_37' title="bbox 214 1798 1008 1836">
    <p class='ocr_par' dir='ltr' id='par_1_37' title="bbox 214 1798 1008 1836">
     <span class='ocr_line' id='line_1_37' title="bbox 214 1798 1008 1836; baseline -0.003 -8"><span class='ocrx_word' id='word_1_272' title='bbox 214 1809 274 1835; x_wconf 73' lang='lat' dir='ltr'><strong>qua:</strong></span> <span class='ocrx_word' id='word_1_273' title='bbox 293 1801 425 1836; x_wconf 71' lang='lat' dir='ltr'><strong>prtecipua</strong></span> <span class='ocrx_word' id='word_1_274' title='bbox 437 1804 489 1827; x_wconf 86' lang='lat' dir='ltr'><strong>est.</strong></span> <span class='ocrx_word' id='word_1_275' title='bbox 507 1799 546 1827; x_wconf 82' lang='lat' dir='ltr'><strong>Ac</strong></span> <span class='ocrx_word' id='word_1_276' title='bbox 560 1799 695 1834; x_wconf 85' lang='lat' dir='ltr'><strong>perpende</strong></span> <span class='ocrx_word' id='word_1_277' title='bbox 716 1799 851 1835; x_wconf 92' lang='lat' dir='ltr'><strong>quomodo</strong></span> <span class='ocrx_word' id='word_1_278' title='bbox 870 1807 926 1826; x_wconf 89' lang='lat' dir='ltr'><strong>rem</strong></span> <span class='ocrx_word' id='word_1_279' title='bbox 940 1798 1008 1826; x_wconf 83' lang='lat' dir='ltr'><strong>hanc</strong></span> 
     </span>
    </p>
   </div>
   <div class='ocr_carea' id='block_1_38' title="bbox 214 1844 1009 1878">
    <p class='ocr_par' dir='ltr' id='par_1_38' title="bbox 214 1844 1009 1878">
     <span class='ocr_line' id='line_1_38' title="bbox 214 1844 1009 1878; baseline -0.004 -4"><span class='ocrx_word' id='word_1_280' title='bbox 214 1852 243 1874; x_wconf 85' lang='lat' dir='ltr'><strong>et</strong></span> <span class='ocrx_word' id='word_1_281' title='bbox 265 1847 367 1875; x_wconf 88' lang='lat' dir='ltr'><strong>facilem</strong></span> <span class='ocrx_word' id='word_1_282' title='bbox 383 1850 412 1874; x_wconf 82' lang='lat' dir='ltr'><strong>et</strong></span> <span class='ocrx_word' id='word_1_283' title='bbox 425 1846 604 1874; x_wconf 84' lang='lat' dir='ltr'><strong>necessariam</strong></span> <span class='ocrx_word' id='word_1_284' title='bbox 625 1844 758 1873; x_wconf 84' lang='lat' dir='ltr'><strong>ostendat.</strong></span> <span class='ocrx_word' id='word_1_285' title='bbox 772 1845 841 1878; x_wconf 86' lang='lat' dir='ltr'><strong>Quid</strong></span> <span class='ocrx_word' id='word_1_286' title='bbox 855 1844 927 1872; x_wconf 89' lang='lat' dir='ltr'><strong>enim</strong></span> <span class='ocrx_word' id='word_1_287' title='bbox 950 1844 1009 1871; x_wconf 87' lang='lat' dir='ltr'><strong>ait?</strong></span> 
     </span>
    </p>
   </div>
   <div class='ocr_carea' id='block_1_39' title="bbox 216 1890 1008 1929">
    <p class='ocr_par' dir='ltr' id='par_1_39' title="bbox 216 1890 1008 1929">
     <span class='ocr_line' id='line_1_39' title="bbox 216 1890 1008 1929; baseline -0.004 -8"><span class='ocrx_word' id='word_1_288' title='bbox 216 1893 307 1922; x_wconf 68' lang='grc' dir='ltr'><strong>Μαώ</strong></span> <span class='ocrx_word' id='word_1_289' title='bbox 321 1893 421 1929; x_wconf 80' lang='lat' dir='ltr'><strong>quidem</strong></span> <span class='ocrx_word' id='word_1_290' title='bbox 435 1892 527 1925; x_wconf 85' lang='lat' dir='ltr'><strong>multa,</strong></span> <span class='ocrx_word' id='word_1_291' title='bbox 542 1892 654 1927; x_wconf 78' lang='lat' dir='ltr'><strong>operarii</strong></span> <span class='ocrx_word' id='word_1_292' title='bbox 668 1896 752 1918; x_wconf 80' lang='lat' dir='ltr'><strong>autent</strong></span> <span class='ocrx_word' id='word_1_293' title='bbox 765 1891 850 1926; x_wconf 87' lang='lat' dir='ltr'><strong>pauci.</strong></span> <span class='ocrx_word' id='word_1_294' title='bbox 864 1890 922 1919; x_wconf 88' lang='lat' dir='ltr'><strong>Non</strong></span> <span class='ocrx_word' id='word_1_295' title='bbox 935 1891 1008 1918; x_wconf 88' lang='lat' dir='ltr'><strong>enim</strong></span> 
     </span>
    </p>
   </div>
   <div class='ocr_carea' id='block_1_40' title="bbox 216 1936 1009 1973">
    <p class='ocr_par' dir='ltr' id='par_1_40' title="bbox 216 1936 1009 1973">
     <span class='ocr_line' id='line_1_40' title="bbox 216 1936 1009 1973; baseline -0.003 -7"><span class='ocrx_word' id='word_1_296' title='bbox 216 1939 293 1966; x_wconf 89' lang='lat' dir='ltr'><strong>mitto</strong></span> <span class='ocrx_word' id='word_1_297' title='bbox 303 1946 361 1970; x_wconf 81' lang='lat' dir='ltr'><strong>vos,</strong></span> <span class='ocrx_word' id='word_1_298' title='bbox 371 1938 466 1973; x_wconf 90' lang='lat' dir='ltr'><strong>inquit,</strong></span> <span class='ocrx_word' id='word_1_299' title='bbox 478 1937 511 1965; x_wconf 84' lang='lat' dir='ltr'><strong>ad</strong></span> <span class='ocrx_word' id='word_1_300' title='bbox 523 1942 682 1970; x_wconf 86' lang='lat' dir='ltr'><strong>sementem,</strong></span> <span class='ocrx_word' id='word_1_301' title='bbox 694 1936 741 1965; x_wconf 88' lang='lat' dir='ltr'><strong>sed</strong></span> <span class='ocrx_word' id='word_1_302' title='bbox 752 1937 784 1964; x_wconf 91' lang='lat' dir='ltr'><strong>ad</strong></span> <span class='ocrx_word' id='word_1_303' title='bbox 796 1944 922 1964; x_wconf 77' lang='lat' dir='ltr'><strong>messem.</strong></span> <span class='ocrx_word' id='word_1_304' title='bbox 933 1936 1009 1971; x_wconf 84' lang='lat' dir='ltr'><strong>Quod</strong></span> 
     </span>
    </p>
   </div>
   <div class='ocr_carea' id='block_1_41' title="bbox 216 1983 1008 2020">
    <p class='ocr_par' dir='ltr' id='par_1_41' title="bbox 216 1983 1008 2020">
     <span class='ocr_line' id='line_1_41' title="bbox 216 1983 1008 2020; baseline -0.001 -8"><span class='ocrx_word' id='word_1_305' title='bbox 216 1985 296 2012; x_wconf 86' lang='lat' dir='ltr'><strong>etiam</strong></span> <span class='ocrx_word' id='word_1_306' title='bbox 311 1985 337 2012; x_wconf 91' lang='lat' dir='ltr'><strong>iu</strong></span> <span class='ocrx_word' id='word_1_307' title='bbox 358 1984 504 2020; x_wconf 87' lang='lat' dir='ltr'><strong>Evangelio</strong></span> <span class='ocrx_word' id='word_1_308' title='bbox 525 1983 636 2011; x_wconf 82' lang='lat' dir='ltr'><strong>Joannis</strong></span> <span class='ocrx_word' id='word_1_309' title='bbox 650 1984 717 2012; x_wconf 83' lang='lat' dir='ltr'><strong>dixit</strong></span> <span class='ocrx_word' id='word_1_310' title='bbox 732 1993 738 2010; x_wconf 98' lang='lat'>:</span> <span class='ocrx_word' id='word_1_311' title='bbox 755 1983 806 2010; x_wconf 78' lang='lat' dir='ltr'><strong>Alii</strong></span> <span class='ocrx_word' id='word_1_312' title='bbox 820 1984 1008 2018; x_wconf 81' lang='lat' dir='ltr'><strong>laboraverunt,</strong></span> 
     </span>
    </p>
   </div>
   <div class='ocr_carea' id='block_1_42' title="bbox 215 2029 1010 2064">
    <p class='ocr_par' dir='ltr' id='par_1_42' title="bbox 215 2029 1010 2064">
     <span class='ocr_line' id='line_1_42' title="bbox 215 2029 1010 2064; baseline -0.001 -6"><span class='ocrx_word' id='word_1_313' title='bbox 215 2036 239 2058; x_wconf 84' lang='lat' dir='ltr'><strong>ct</strong></span> <span class='ocrx_word' id='word_1_314' title='bbox 256 2039 299 2058; x_wconf 79' lang='lat' dir='ltr'><strong>vos</strong></span> <span class='ocrx_word' id='word_1_315' title='bbox 312 2030 338 2057; x_wconf 88' lang='lat' dir='ltr'><strong>in</strong></span> <span class='ocrx_word' id='word_1_316' title='bbox 352 2030 463 2057; x_wconf 81' lang='lat' dir='ltr'><strong>laborem</strong></span> <span class='ocrx_word' id='word_1_317' title='bbox 475 2037 561 2056; x_wconf 83' lang='lat' dir='ltr'><strong>eorum</strong></span> <span class='ocrx_word' id='word_1_318' title='bbox 576 2029 697 2056; x_wconf 83' lang='lat' dir='ltr'><strong>introistis</strong></span> <span class='ocrx_word' id='word_1_319' title='bbox 717 2029 806 2064; x_wconf 83' lang='lat' dir='ltr'><strong>(Joan.</strong></span> <span class='ocrx_word' id='word_1_320' title='bbox 823 2029 850 2057; x_wconf 73' lang='grc'><strong>4.</strong></span> <span class='ocrx_word' id='word_1_321' title='bbox 866 2029 923 2064; x_wconf 73' lang='grc'><strong>58).</strong></span> <span class='ocrx_word' id='word_1_322' title='bbox 948 2029 1010 2057; x_wconf 63' lang='lat' dir='ltr'><strong>llaec</strong></span> 
     </span>
    </p>
   </div>
   <div class='ocr_carea' id='block_1_43' title="bbox 216 2075 1010 2112">
    <p class='ocr_par' dir='ltr' id='par_1_43' title="bbox 216 2075 1010 2112">
     <span class='ocr_line' id='line_1_43' title="bbox 216 2075 1010 2112; baseline -0.003 -8"><span class='ocrx_word' id='word_1_323' title='bbox 216 2084 300 2112; x_wconf 84' lang='lat' dir='ltr'><strong>porro</strong></span> <span class='ocrx_word' id='word_1_324' title='bbox 311 2076 426 2107; x_wconf 82' lang='lat' dir='ltr'><strong>diccbat.</strong></span> <span class='ocrx_word' id='word_1_325' title='bbox 441 2081 468 2103; x_wconf 90' lang='lat' dir='ltr'><strong>et</strong></span> <span class='ocrx_word' id='word_1_326' title='bbox 480 2083 574 2103; x_wconf 89' lang='lat' dir='ltr'><strong>eorum</strong></span> <span class='ocrx_word' id='word_1_327' title='bbox 597 2075 782 2102; x_wconf 91' lang='lat' dir='ltr'><strong>sublimiorem</strong></span> <span class='ocrx_word' id='word_1_328' title='bbox 798 2082 906 2102; x_wconf 90' lang='lat' dir='ltr'><strong>sensum</strong></span> <span class='ocrx_word' id='word_1_329' title='bbox 922 2075 1010 2110; x_wconf 76' lang='lat' dir='ltr'><strong>repri-</strong></span> 
     </span>
    </p>
   </div>
   <div class='ocr_carea' id='block_1_44' title="bbox 217 2121 1010 2156">
    <p class='ocr_par' dir='ltr' id='par_1_44' title="bbox 217 2121 1010 2156">
     <span class='ocr_line' id='line_1_44' title="bbox 217 2121 1010 2156; baseline -0.003 -6"><span class='ocrx_word' id='word_1_330' title='bbox 217 2130 307 2156; x_wconf 89' lang='lat' dir='ltr'><strong>mens,</strong></span> <span class='ocrx_word' id='word_1_331' title='bbox 318 2127 346 2150; x_wconf 91' lang='lat' dir='ltr'><strong>et</strong></span> <span class='ocrx_word' id='word_1_332' title='bbox 359 2122 393 2149; x_wconf 85' lang='lat' dir='ltr'><strong>ad</strong></span> <span class='ocrx_word' id='word_1_333' title='bbox 414 2121 537 2149; x_wconf 82' lang='lat' dir='ltr'><strong>ﬁduciam</strong></span> <span class='ocrx_word' id='word_1_334' title='bbox 563 2121 720 2149; x_wconf 85' lang='lat' dir='ltr'><strong>sumendam</strong></span> <span class='ocrx_word' id='word_1_335' title='bbox 747 2121 893 2154; x_wconf 83' lang='lat' dir='ltr'><strong>instruens,</strong></span> <span class='ocrx_word' id='word_1_336' title='bbox 916 2127 1010 2149; x_wconf 88' lang='lat' dir='ltr'><strong>osten-</strong></span> 
     </span>
    </p>
   </div>
   <div class='ocr_carea' id='block_1_45' title="bbox 218 2166 1010 2203">
    <p class='ocr_par' dir='ltr' id='par_1_45' title="bbox 218 2166 1010 2203">
     <span class='ocr_line' id='line_1_45' title="bbox 218 2166 1010 2203; baseline -0.003 -7"><span class='ocrx_word' id='word_1_337' title='bbox 218 2169 338 2203; x_wconf 86' lang='lat' dir='ltr'><strong>densque</strong></span> <span class='ocrx_word' id='word_1_338' title='bbox 349 2167 478 2202; x_wconf 82' lang='lat' dir='ltr'><strong>majorem</strong></span> <span class='ocrx_word' id='word_1_339' title='bbox 489 2167 543 2203; x_wconf 90' lang='lat' dir='ltr'><strong>jam</strong></span> <span class='ocrx_word' id='word_1_340' title='bbox 556 2167 725 2202; x_wconf 71' lang='lat' dir='ltr'><strong>przecessisse</strong></span> <span class='ocrx_word' id='word_1_341' title='bbox 737 2166 866 2194; x_wconf 88' lang='lat' dir='ltr'><strong>laborem.</strong></span> <span class='ocrx_word' id='word_1_342' title='bbox 878 2166 947 2195; x_wconf 80' lang='lat' dir='ltr'><strong>Vide</strong></span> <span class='ocrx_word' id='word_1_343' title='bbox 960 2175 1010 2194; x_wconf 90' lang='lat' dir='ltr'><strong>au-</strong></span> 
     </span>
    </p>
   </div>
   <div class='ocr_carea' id='block_1_46' title="bbox 217 2212 1010 2248">
    <p class='ocr_par' dir='ltr' id='par_1_46' title="bbox 217 2212 1010 2248">
     <span class='ocr_line' id='line_1_46' title="bbox 217 2212 1010 2248; baseline -0.003 -7"><span class='ocrx_word' id='word_1_344' title='bbox 217 2219 273 2242; x_wconf 84' lang='lat' dir='ltr'><strong>tem</strong></span> <span class='ocrx_word' id='word_1_345' title='bbox 287 2219 314 2241; x_wconf 90' lang='lat' dir='ltr'><strong>et</strong></span> <span class='ocrx_word' id='word_1_346' title='bbox 329 2214 372 2241; x_wconf 91' lang='lat' dir='ltr'><strong>hic</strong></span> <span class='ocrx_word' id='word_1_347' title='bbox 387 2214 461 2240; x_wconf 89' lang='lat' dir='ltr'><strong>illum</strong></span> <span class='ocrx_word' id='word_1_348' title='bbox 477 2221 492 2240; x_wconf 89' lang='lat' dir='ltr'><strong>a</strong></span> <span class='ocrx_word' id='word_1_349' title='bbox 506 2213 689 2240; x_wconf 85' lang='lat' dir='ltr'><strong>misericordia</strong></span> <span class='ocrx_word' id='word_1_350' title='bbox 710 2212 840 2247; x_wconf 86' lang='lat' dir='ltr'><strong>incipere,</strong></span> <span class='ocrx_word' id='word_1_351' title='bbox 861 2220 914 2240; x_wconf 91' lang='lat' dir='ltr'><strong>non</strong></span> <span class='ocrx_word' id='word_1_352' title='bbox 927 2220 943 2240; x_wconf 89' lang='lat' dir='ltr'><strong>a</strong></span> <span class='ocrx_word' id='word_1_353' title='bbox 962 2220 1010 2248; x_wconf 88' lang='lat' dir='ltr'><strong>spe</strong></span> 
     </span>
    </p>
   </div>
   <div class='ocr_carea' id='block_1_47' title="bbox 218 2257 1011 2292">
    <p class='ocr_par' dir='ltr' id='par_1_47' title="bbox 218 2257 1011 2292">
     <span class='ocr_line' id='line_1_47' title="bbox 218 2257 1011 2292; baseline -0.004 -5"><span class='ocrx_word' id='word_1_354' title='bbox 218 2259 362 2287; x_wconf 72' lang='lat' dir='ltr'><strong>intercedis.</strong></span> <span class='ocrx_word' id='word_1_355' title='bbox 389 2258 509 2286; x_wconf 76' lang='lat' dir='ltr'><strong>Miserius</strong></span> <span class='ocrx_word' id='word_1_356' title='bbox 532 2263 568 2285; x_wconf 83' lang='lat' dir='ltr'><strong>est</strong></span> <span class='ocrx_word' id='word_1_357' title='bbox 587 2258 670 2291; x_wconf 83' lang='lat' dir='ltr'><strong>enim,</strong></span> <span class='ocrx_word' id='word_1_358' title='bbox 685 2258 752 2292; x_wconf 88' lang='lat' dir='ltr'><strong>quod</strong></span> <span class='ocrx_word' id='word_1_359' title='bbox 773 2262 854 2284; x_wconf 81' lang='lat' dir='ltr'><strong>essent</strong></span> <span class='ocrx_word' id='word_1_360' title='bbox 875 2257 967 2290; x_wconf 71' lang='lat' dir='ltr'><strong>vexati,</strong></span> <span class='ocrx_word' id='word_1_361' title='bbox 987 2262 1011 2285; x_wconf 72' lang='lat' dir='ltr'><strong>et</strong></span> 
     </span>
    </p>
   </div>
   <div class='ocr_carea' id='block_1_48' title="bbox 217 2304 1009 2342">
    <p class='ocr_par' dir='ltr' id='par_1_48' title="bbox 217 2304 1009 2342">
     <span class='ocr_line' id='line_1_48' title="bbox 217 2304 1009 2342; baseline -0.001 -9"><span class='ocrx_word' id='word_1_362' title='bbox 217 2306 322 2342; x_wconf 72' lang='lat' dir='ltr'><strong>proiecti</strong></span> <span class='ocrx_word' id='word_1_363' title='bbox 337 2305 409 2341; x_wconf 85' lang='lat' dir='ltr'><strong>quasi</strong></span> <span class='ocrx_word' id='word_1_364' title='bbox 424 2313 480 2332; x_wconf 82' lang='lat' dir='ltr'><strong>oves</strong></span> <span class='ocrx_word' id='word_1_365' title='bbox 498 2313 548 2331; x_wconf 89' lang='lat' dir='ltr'><strong>non</strong></span> <span class='ocrx_word' id='word_1_366' title='bbox 563 2304 679 2331; x_wconf 86' lang='lat' dir='ltr'><strong>habentes</strong></span> <span class='ocrx_word' id='word_1_367' title='bbox 699 2309 834 2340; x_wconf 83' lang='lat' dir='ltr'><strong>pastorem.</strong></span> <span class='ocrx_word' id='word_1_368' title='bbox 856 2304 920 2332; x_wconf 65' lang='lat' dir='ltr'><strong>Haec</strong></span> <span class='ocrx_word' id='word_1_369' title='bbox 934 2305 1009 2340; x_wconf 85' lang='lat' dir='ltr'><strong>prin-</strong></span> 
     </span>
    </p>
   </div>
   <div class='ocr_carea' id='block_1_49' title="bbox 217 2350 1010 2388">
    <p class='ocr_par' dir='ltr' id='par_1_49' title="bbox 217 2350 1010 2388">
     <span class='ocr_line' id='line_1_49' title="bbox 217 2350 1010 2388; baseline -0.001 -9"><span class='ocrx_word' id='word_1_370' title='bbox 217 2353 308 2388; x_wconf 90' lang='lat' dir='ltr'><strong>cipum</strong></span> <span class='ocrx_word' id='word_1_371' title='bbox 333 2351 485 2379; x_wconf 68' lang='lat' dir='ltr'><strong>Judmorum</strong></span> <span class='ocrx_word' id='word_1_372' title='bbox 511 2351 648 2378; x_wconf 87' lang='lat' dir='ltr'><strong>accusatio</strong></span> <span class='ocrx_word' id='word_1_373' title='bbox 671 2356 722 2383; x_wconf 89' lang='lat' dir='ltr'><strong>est,</strong></span> <span class='ocrx_word' id='word_1_374' title='bbox 739 2350 784 2385; x_wconf 91' lang='lat' dir='ltr'><strong>qui</strong></span> <span class='ocrx_word' id='word_1_375' title='bbox 805 2355 926 2385; x_wconf 88' lang='lat' dir='ltr'><strong>pastores</strong></span> <span class='ocrx_word' id='word_1_376' title='bbox 949 2358 1010 2378; x_wconf 87' lang='lat' dir='ltr'><strong>cum</strong></span> 
     </span>
    </p>
   </div>
   <div class='ocr_carea' id='block_1_50' title="bbox 219 2397 1011 2433">
    <p class='ocr_par' dir='ltr' id='par_1_50' title="bbox 219 2397 1011 2433">
     <span class='ocr_line' id='line_1_50' title="bbox 219 2397 1011 2433; baseline -0.001 -7"><span class='ocrx_word' id='word_1_377' title='bbox 219 2403 321 2432; x_wconf 84' lang='lat' dir='ltr'><strong>essent,</strong></span> <span class='ocrx_word' id='word_1_378' title='bbox 333 2405 393 2426; x_wconf 84' lang='lat' dir='ltr'><strong>sese</strong></span> <span class='ocrx_word' id='word_1_379' title='bbox 413 2398 490 2433; x_wconf 85' lang='lat' dir='ltr'><strong>lupos</strong></span> <span class='ocrx_word' id='word_1_380' title='bbox 503 2397 675 2425; x_wconf 81' lang='lat' dir='ltr'><strong>exhibebant.</strong></span> <span class='ocrx_word' id='word_1_381' title='bbox 689 2397 747 2424; x_wconf 92' lang='lat' dir='ltr'><strong>Non</strong></span> <span class='ocrx_word' id='word_1_382' title='bbox 762 2397 842 2424; x_wconf 92' lang='lat' dir='ltr'><strong>modo</strong></span> <span class='ocrx_word' id='word_1_383' title='bbox 863 2398 934 2425; x_wconf 84' lang='lat' dir='ltr'><strong>enim</strong></span> <span class='ocrx_word' id='word_1_384' title='bbox 953 2398 1011 2433; x_wconf 89' lang='lat' dir='ltr'><strong>ple-</strong></span> 
     </span>
    </p>
   </div>
   <div class='ocr_carea' id='block_1_51' title="bbox 217 2443 1012 2478">
    <p class='ocr_par' dir='ltr' id='par_1_51' title="bbox 217 2443 1012 2478">
     <span class='ocr_line' id='line_1_51' title="bbox 217 2443 1012 2478; baseline 0 -6"><span class='ocrx_word' id='word_1_385' title='bbox 217 2443 280 2472; x_wconf 84' lang='lat' dir='ltr'><strong>bem</strong></span> <span class='ocrx_word' id='word_1_386' title='bbox 300 2451 353 2472; x_wconf 92' lang='lat' dir='ltr'><strong>non</strong></span> <span class='ocrx_word' id='word_1_387' title='bbox 367 2444 556 2477; x_wconf 87' lang='lat' dir='ltr'><strong>emendabant,</strong></span> <span class='ocrx_word' id='word_1_388' title='bbox 572 2443 619 2471; x_wconf 84' lang='lat' dir='ltr'><strong>sed</strong></span> <span class='ocrx_word' id='word_1_389' title='bbox 636 2450 669 2470; x_wconf 86' lang='lat' dir='ltr'><strong>ne</strong></span> <span class='ocrx_word' id='word_1_390' title='bbox 688 2443 850 2478; x_wconf 86' lang='lat' dir='ltr'><strong>proficerent</strong></span> <span class='ocrx_word' id='word_1_391' title='bbox 875 2444 901 2471; x_wconf 91' lang='lat' dir='ltr'><strong>in</strong></span> <span class='ocrx_word' id='word_1_392' title='bbox 915 2445 1012 2472; x_wconf 91' lang='lat' dir='ltr'><strong>melius</strong></span> 
     </span>
    </p>
   </div>
   <div class='ocr_carea' id='block_1_52' title="bbox 218 2490 1010 2526">
    <p class='ocr_par' dir='ltr' id='par_1_52' title="bbox 218 2490 1010 2526">
     <span class='ocr_line' id='line_1_52' title="bbox 218 2490 1010 2526; baseline 0 -8"><span class='ocrx_word' id='word_1_393' title='bbox 218 2491 409 2526; x_wconf 86' lang='lat' dir='ltr'><strong>impediebant.</strong></span> <span class='ocrx_word' id='word_1_394' title='bbox 427 2491 481 2518; x_wconf 88' lang='lat' dir='ltr'><strong>Illis</strong></span> <span class='ocrx_word' id='word_1_395' title='bbox 504 2491 593 2525; x_wconf 86' lang='lat' dir='ltr'><strong>itaque</strong></span> <span class='ocrx_word' id='word_1_396' title='bbox 613 2490 772 2517; x_wconf 85' lang='lat' dir='ltr'><strong>mirantibus</strong></span> <span class='ocrx_word' id='word_1_397' title='bbox 794 2497 826 2518; x_wconf 87' lang='lat' dir='ltr'><strong>ac</strong></span> <span class='ocrx_word' id='word_1_398' title='bbox 849 2490 1010 2524; x_wconf 86' lang='lat' dir='ltr'><strong>dicentibus,</strong></span> 
     </span>
    </p>
   </div>
   <div class='ocr_carea' id='block_1_53' title="bbox 220 2535 1011 2571">
    <p class='ocr_par' dir='ltr' id='par_1_53' title="bbox 220 2535 1011 2571">
     <span class='ocr_line' id='line_1_53' title="bbox 220 2535 1011 2571; baseline 0.001 -8"><span class='ocrx_word' id='word_1_399' title='bbox 220 2536 368 2571; x_wconf 81' lang='lat' dir='ltr'><strong>Numquam</strong></span> <span class='ocrx_word' id='word_1_400' title='bbox 382 2537 464 2563; x_wconf 83' lang='lat' dir='ltr'><strong>simile</strong></span> <span class='ocrx_word' id='word_1_401' title='bbox 479 2537 558 2563; x_wconf 76' lang='lat' dir='ltr'><strong>visunt</strong></span> <span class='ocrx_word' id='word_1_402' title='bbox 570 2540 605 2562; x_wconf 86' lang='lat' dir='ltr'><strong>est</strong></span> <span class='ocrx_word' id='word_1_403' title='bbox 620 2536 645 2562; x_wconf 91' lang='lat' dir='ltr'><strong>in</strong></span> <span class='ocrx_word' id='word_1_404' title='bbox 666 2535 769 2568; x_wconf 83' lang='lat' dir='ltr'><strong>Israel;</strong></span> <span class='ocrx_word' id='word_1_405' title='bbox 791 2535 827 2563; x_wconf 86' lang='lat' dir='ltr'><strong>illi</strong></span> <span class='ocrx_word' id='word_1_406' title='bbox 839 2542 932 2564; x_wconf 87' lang='lat' dir='ltr'><strong>etmtra</strong></span> <span class='ocrx_word' id='word_1_407' title='bbox 950 2546 956 2564; x_wconf 91' lang='lat'><strong>:</strong></span> <span class='ocrx_word' id='word_1_408' title='bbox 978 2536 1011 2564; x_wconf 84' lang='lat' dir='ltr'><strong>In</strong></span> 
     </span>
    </p>
   </div>
   <div class='ocr_carea' id='block_1_54' title="bbox 220 2581 1010 2617">
    <p class='ocr_par' dir='ltr' id='par_1_54' title="bbox 220 2581 1010 2617">
     <span class='ocr_line' id='line_1_54' title="bbox 220 2581 1010 2617; baseline 0.003 -8"><span class='ocrx_word' id='word_1_409' title='bbox 220 2583 334 2617; x_wconf 79' lang='lat' dir='ltr'><strong>principe</strong></span> <span class='ocrx_word' id='word_1_410' title='bbox 355 2582 537 2609; x_wconf 73' lang='lat' dir='ltr'><strong>dtumom‘orum</strong></span> <span class='ocrx_word' id='word_1_411' title='bbox 560 2583 627 2617; x_wconf 84' lang='lat' dir='ltr'><strong>ejicit</strong></span> <span class='ocrx_word' id='word_1_412' title='bbox 648 2581 784 2609; x_wconf 77' lang='lat' dir='ltr'><strong>dccmonia.</strong></span> <span class='ocrx_word' id='word_1_413' title='bbox 808 2582 860 2610; x_wconf 86' lang='lat' dir='ltr'><strong>Sed</strong></span> <span class='ocrx_word' id='word_1_414' title='bbox 880 2591 1010 2617; x_wconf 76' lang='lat' dir='ltr'><strong>quosnam</strong></span> 
     </span>
    </p>
   </div>
   <div class='ocr_carea' id='block_1_55' title="bbox 220 2628 1009 2664">
    <p class='ocr_par' dir='ltr' id='par_1_55' title="bbox 220 2628 1009 2664">
     <span class='ocr_line' id='line_1_55' title="bbox 220 2628 1009 2664; baseline 0.001 -9"><span class='ocrx_word' id='word_1_415' title='bbox 220 2629 263 2656; x_wconf 85' lang='lat' dir='ltr'><strong>hic</strong></span> <span class='ocrx_word' id='word_1_416' title='bbox 277 2629 413 2664; x_wconf 86' lang='lat' dir='ltr'><strong>operarios</strong></span> <span class='ocrx_word' id='word_1_417' title='bbox 426 2628 508 2656; x_wconf 88' lang='lat' dir='ltr'><strong>dicit?</strong></span> <span class='ocrx_word' id='word_1_418' title='bbox 529 2628 673 2656; x_wconf 84' lang='lat' dir='ltr'><strong>Duodecim</strong></span> <span class='ocrx_word' id='word_1_419' title='bbox 688 2628 844 2662; x_wconf 89' lang='lat' dir='ltr'><strong>discipulos.</strong></span> <span class='ocrx_word' id='word_1_420' title='bbox 866 2628 933 2655; x_wconf 88' lang='lat' dir='ltr'><strong>Num</strong></span> <span class='ocrx_word' id='word_1_421' title='bbox 950 2637 1009 2656; x_wconf 85' lang='lat' dir='ltr'><strong>cum</strong></span> 
     </span>
    </p>
   </div>
   <div class='ocr_carea' id='block_1_56' title="bbox 220 2674 1010 2708">
    <p class='ocr_par' dir='ltr' id='par_1_56' title="bbox 220 2674 1010 2708">
     <span class='ocr_line' id='line_1_56' title="bbox 220 2674 1010 2708; baseline 0.001 -7"><span class='ocrx_word' id='word_1_422' title='bbox 220 2675 328 2706; x_wconf 77' lang='lat' dir='ltr'><strong>dixerit,</strong></span> <span class='ocrx_word' id='word_1_423' title='bbox 350 2674 468 2708; x_wconf 79' lang='lat' dir='ltr'><strong>Opeiarii</strong></span> <span class='ocrx_word' id='word_1_424' title='bbox 493 2675 578 2708; x_wconf 79' lang='lat' dir='ltr'><strong>pauci,</strong></span> <span class='ocrx_word' id='word_1_425' title='bbox 592 2675 659 2701; x_wconf 81' lang='lat' dir='ltr'><strong>alios</strong></span> <span class='ocrx_word' id='word_1_426' title='bbox 681 2674 797 2708; x_wconf 83' lang='lat' dir='ltr'><strong>adjecit?</strong></span> <span class='ocrx_word' id='word_1_427' title='bbox 823 2674 948 2702; x_wconf 83' lang='lat' dir='ltr'><strong>Minime:</strong></span> <span class='ocrx_word' id='word_1_428' title='bbox 964 2675 1010 2702; x_wconf 87' lang='lat' dir='ltr'><strong>sed</strong></span> 
     </span>
    </p>
   </div>
   <div class='ocr_carea' id='block_1_57' title="bbox 220 2719 1009 2755">
    <p class='ocr_par' dir='ltr' id='par_1_57' title="bbox 220 2719 1009 2755">
     <span class='ocr_line' id='line_1_57' title="bbox 220 2719 1009 2755; baseline 0 -8"><span class='ocrx_word' id='word_1_429' title='bbox 220 2721 282 2748; x_wconf 89' lang='lat' dir='ltr'><strong>illos</strong></span> <span class='ocrx_word' id='word_1_430' title='bbox 295 2720 394 2747; x_wconf 88' lang='lat' dir='ltr'><strong>emisit.</strong></span> <span class='ocrx_word' id='word_1_431' title='bbox 405 2719 459 2747; x_wconf 87' lang='lat' dir='ltr'><strong>Cur</strong></span> <span class='ocrx_word' id='word_1_432' title='bbox 471 2728 534 2755; x_wconf 84' lang='lat' dir='ltr'><strong>ergo</strong></span> <span class='ocrx_word' id='word_1_433' title='bbox 547 2721 620 2752; x_wconf 84' lang='lat' dir='ltr'><strong>dicit,</strong></span> <span class='ocrx_word' id='word_1_434' title='bbox 637 2719 736 2754; x_wconf 75' lang='lat' dir='ltr'><strong>Rogata</strong></span> <span class='ocrx_word' id='word_1_435' title='bbox 756 2719 895 2746; x_wconf 84' lang='lat' dir='ltr'><strong>Dominum</strong></span> <span class='ocrx_word' id='word_1_436' title='bbox 914 2722 1009 2753; x_wconf 78' lang='lat' dir='ltr'><strong>messis,</strong></span> 
     </span>
    </p>
   </div>
   <div class='ocr_carea' id='block_1_58' title="bbox 220 2766 1012 2801">
    <p class='ocr_par' dir='ltr' id='par_1_58' title="bbox 220 2766 1012 2801">
     <span class='ocr_line' id='line_1_58' title="bbox 220 2766 1012 2801; baseline -0.001 -8"><span class='ocrx_word' id='word_1_437' title='bbox 220 2772 246 2793; x_wconf 86' lang='lat' dir='ltr'><strong>ut</strong></span> <span class='ocrx_word' id='word_1_438' title='bbox 261 2766 343 2793; x_wconf 80' lang='lat' dir='ltr'><strong>mittat</strong></span> <span class='ocrx_word' id='word_1_439' title='bbox 367 2766 496 2801; x_wconf 83' lang='lat' dir='ltr'><strong>operarios</strong></span> <span class='ocrx_word' id='word_1_440' title='bbox 517 2766 543 2793; x_wconf 87' lang='lat' dir='ltr'><strong>in</strong></span> <span class='ocrx_word' id='word_1_441' title='bbox 564 2773 668 2792; x_wconf 79' lang='lat' dir='ltr'><strong>messem</strong></span> <span class='ocrx_word' id='word_1_442' title='bbox 682 2773 765 2799; x_wconf 83' lang='lat' dir='ltr'><strong>suam,</strong></span> <span class='ocrx_word' id='word_1_443' title='bbox 781 2770 809 2793; x_wconf 90' lang='lat' dir='ltr'><strong>et</strong></span> <span class='ocrx_word' id='word_1_444' title='bbox 822 2766 924 2793; x_wconf 84' lang='lat' dir='ltr'><strong>nullum</strong></span> <span class='ocrx_word' id='word_1_445' title='bbox 947 2766 1012 2801; x_wconf 83' lang='lat' dir='ltr'><strong>ipsis</strong></span> 
     </span>
    </p>
   </div>
   <div class='ocr_carea' id='block_1_59' title="bbox 220 2811 1011 2846">
    <p class='ocr_par' dir='ltr' id='par_1_59' title="bbox 220 2811 1011 2846">
     <span class='ocr_line' id='line_1_59' title="bbox 220 2811 1011 2846; baseline 0.001 -7"><span class='ocrx_word' id='word_1_446' title='bbox 220 2812 335 2846; x_wconf 78' lang='lat' dir='ltr'><strong>adjicit?</strong></span> <span class='ocrx_word' id='word_1_447' title='bbox 349 2811 416 2846; x_wconf 82' lang='lat' dir='ltr'><strong>Quia</strong></span> <span class='ocrx_word' id='word_1_448' title='bbox 436 2819 496 2839; x_wconf 89' lang='lat' dir='ltr'><strong>cum</strong></span> <span class='ocrx_word' id='word_1_449' title='bbox 518 2811 659 2839; x_wconf 84' lang='lat' dir='ltr'><strong>duodecim</strong></span> <span class='ocrx_word' id='word_1_450' title='bbox 683 2816 784 2843; x_wconf 88' lang='lat' dir='ltr'><strong>essent,</strong></span> <span class='ocrx_word' id='word_1_451' title='bbox 799 2812 897 2838; x_wconf 91' lang='lat' dir='ltr'><strong>multos</strong></span> <span class='ocrx_word' id='word_1_452' title='bbox 922 2816 1011 2846; x_wconf 83' lang='lat' dir='ltr'><strong>postea</strong></span> 
     </span>
    </p>
   </div>
   <div class='ocr_carea' id='block_1_60' title="bbox 223 2858 955 2895">
    <p class='ocr_par' dir='ltr' id='par_1_60' title="bbox 223 2858 955 2895">
     <span class='ocr_line' id='line_1_60' title="bbox 223 2858 955 2895; baseline -0.001 -8"><span class='ocrx_word' id='word_1_453' title='bbox 223 2859 321 2894; x_wconf 72' lang='lat' dir='ltr'><strong>olfecit,</strong></span> <span class='ocrx_word' id='word_1_454' title='bbox 334 2867 385 2887; x_wconf 89' lang='lat' dir='ltr'><strong>non</strong></span> <span class='ocrx_word' id='word_1_455' title='bbox 401 2864 479 2888; x_wconf 86' lang='lat' dir='ltr'><strong>aucto</strong></span> <span class='ocrx_word' id='word_1_456' title='bbox 494 2867 618 2895; x_wconf 84' lang='lat' dir='ltr'><strong>uuniero,</strong></span> <span class='ocrx_word' id='word_1_457' title='bbox 634 2858 681 2887; x_wconf 85' lang='lat' dir='ltr'><strong>sed</strong></span> <span class='ocrx_word' id='word_1_458' title='bbox 699 2859 823 2887; x_wconf 83' lang='lat' dir='ltr'><strong>virtutem</strong></span> <span class='ocrx_word' id='word_1_459' title='bbox 835 2859 955 2895; x_wconf 78' lang='lat' dir='ltr'><strong>largitus.</strong></span> 
     </span>
    </p>
   </div>
   <div class='ocr_carea' id='block_1_61' title="bbox 579 126 1486 158">
    <p class='ocr_par' dir='ltr' id='par_1_61' title="bbox 579 126 1486 158">
     <span class='ocr_line' id='line_1_61' title="bbox 579 126 1486 158; baseline 0.001 -1"><span class='ocrx_word' id='word_1_460' title='bbox 579 129 607 157; x_wconf 92' lang='lat' dir='ltr'><strong>S.</strong></span> <span class='ocrx_word' id='word_1_461' title='bbox 627 127 767 157; x_wconf 67' lang='lat' dir='ltr'><strong>JOANNIS</strong></span> <span class='ocrx_word' id='word_1_462' title='bbox 784 126 1021 156; x_wconf 82' lang='lat' dir='ltr'><strong>CllllYSOSTOMI</strong></span> <span class='ocrx_word' id='word_1_463' title='bbox 1041 126 1200 156; x_wconf 78' lang='lat' dir='ltr'><strong>ARCHIEP.</strong></span> <span class='ocrx_word' id='word_1_464' title='bbox 1220 127 1486 158; x_wconf 79' lang='lat' dir='ltr'><strong>CONSTANTINOP.</strong></span> 
     </span>
    </p>
   </div>
   <div class='ocr_carea' id='block_1_62' title="bbox 1793 133 1846 159">
    <p class='ocr_par' dir='ltr' id='par_1_62' title="bbox 1793 133 1846 159">
     <span class='ocr_line' id='line_1_62' title="bbox 1793 133 1846 159; baseline 0 0"><span class='ocrx_word' id='word_1_465' title='bbox 1793 133 1846 159; x_wconf 76' lang='grc'><strong>580</strong></span> 
     </span>
    </p>
   </div>
   <div class='ocr_carea' id='block_1_63' title="bbox 1094 185 1844 224">
    <p class='ocr_par' dir='ltr' id='par_1_63' title="bbox 1094 185 1844 224">
     <span class='ocr_line' id='line_1_63' title="bbox 1094 185 1844 224; baseline 0.007 -13"><span class='ocrx_word' id='word_1_466' title='bbox 1094 185 1122 212; x_wconf 77' lang='grc'><strong>5.</strong></span> <span class='ocrx_word' id='word_1_467' title='bbox 1143 185 1245 213; x_wconf 87' lang='lat' dir='ltr'><strong>Deinde</strong></span> <span class='ocrx_word' id='word_1_468' title='bbox 1266 185 1410 214; x_wconf 86' lang='lat' dir='ltr'><strong>ostendens</strong></span> <span class='ocrx_word' id='word_1_469' title='bbox 1430 191 1559 222; x_wconf 78' lang='lat' dir='ltr'><strong>quantum</strong></span> <span class='ocrx_word' id='word_1_470' title='bbox 1582 192 1654 216; x_wconf 85' lang='lat' dir='ltr'><strong>esset</strong></span> <span class='ocrx_word' id='word_1_471' title='bbox 1673 187 1784 220; x_wconf 85' lang='lat' dir='ltr'><strong>donum.</strong></span> <span class='ocrx_word' id='word_1_472' title='bbox 1797 196 1844 224; x_wconf 80' lang='lat' dir='ltr'><strong>an,</strong></span> 
     </span>
    </p>
   </div>
   <div class='ocr_carea' id='block_1_64' title="bbox 1058 230 1848 267">
    <p class='ocr_par' dir='ltr' id='par_1_64' title="bbox 1058 230 1848 267">
     <span class='ocr_line' id='line_1_64' title="bbox 1058 230 1848 267; baseline 0.008 -10"><span class='ocrx_word' id='word_1_473' title='bbox 1058 230 1156 266; x_wconf 81' lang='lat' dir='ltr'><strong>Regale</strong></span> <span class='ocrx_word' id='word_1_474' title='bbox 1173 240 1232 267; x_wconf 86' lang='lat' dir='ltr'><strong>ergo</strong></span> <span class='ocrx_word' id='word_1_475' title='bbox 1249 231 1384 259; x_wconf 86' lang='lat' dir='ltr'><strong>Dominum</strong></span> <span class='ocrx_word' id='word_1_476' title='bbox 1405 234 1502 266; x_wconf 76' lang='lat' dir='ltr'><strong>messis,</strong></span> <span class='ocrx_word' id='word_1_477' title='bbox 1518 234 1658 261; x_wconf 89' lang='lat' dir='ltr'><strong>obscurius</strong></span> <span class='ocrx_word' id='word_1_478' title='bbox 1677 234 1795 263; x_wconf 84' lang='lat' dir='ltr'><strong>declarat</strong></span> <span class='ocrx_word' id='word_1_479' title='bbox 1817 244 1848 263; x_wconf 82' lang='lat' dir='ltr'><strong>se</strong></span> 
     </span>
    </p>
   </div>
   <div class='ocr_carea' id='block_1_65' title="bbox 1056 276 1847 315">
    <p class='ocr_par' dir='ltr' id='par_1_65' title="bbox 1056 276 1847 315">
     <span class='ocr_line' id='line_1_65' title="bbox 1056 276 1847 315; baseline 0.008 -13"><span class='ocrx_word' id='word_1_480' title='bbox 1056 277 1239 303; x_wconf 86' lang='lat' dir='ltr'><strong>auctoritatem</strong></span> <span class='ocrx_word' id='word_1_481' title='bbox 1254 276 1363 304; x_wconf 81' lang='lat' dir='ltr'><strong>habere.</strong></span> <span class='ocrx_word' id='word_1_482' title='bbox 1378 277 1443 305; x_wconf 92' lang='lat' dir='ltr'><strong>Cum</strong></span> <span class='ocrx_word' id='word_1_483' title='bbox 1459 279 1523 306; x_wconf 88' lang='lat' dir='ltr'><strong>dicit</strong></span> <span class='ocrx_word' id='word_1_484' title='bbox 1545 279 1626 312; x_wconf 89' lang='lat' dir='ltr'><strong>enim,</strong></span> <span class='ocrx_word' id='word_1_485' title='bbox 1640 279 1738 315; x_wconf 84' lang='lat' dir='ltr'><strong>Rogate</strong></span> <span class='ocrx_word' id='word_1_486' title='bbox 1754 279 1847 308; x_wconf 88' lang='lat' dir='ltr'><strong>Domi-</strong></span> 
     </span>
    </p>
   </div>
   <div class='ocr_carea' id='block_1_66' title="bbox 1057 323 1848 362">
    <p class='ocr_par' dir='ltr' id='par_1_66' title="bbox 1057 323 1848 362">
     <span class='ocr_line' id='line_1_66' title="bbox 1057 323 1848 362; baseline 0.009 -14"><span class='ocrx_word' id='word_1_487' title='bbox 1057 331 1118 349; x_wconf 87' lang='lat' dir='ltr'><strong>num</strong></span> <span class='ocrx_word' id='word_1_488' title='bbox 1133 323 1230 355; x_wconf 78' lang='lat' dir='ltr'><strong>messis,</strong></span> <span class='ocrx_word' id='word_1_489' title='bbox 1242 323 1314 358; x_wconf 88' lang='lat' dir='ltr'><strong>ipsos</strong></span> <span class='ocrx_word' id='word_1_490' title='bbox 1326 324 1390 351; x_wconf 90' lang='lat' dir='ltr'><strong>nihil</strong></span> <span class='ocrx_word' id='word_1_491' title='bbox 1405 329 1556 358; x_wconf 86' lang='lat' dir='ltr'><strong>precantes,</strong></span> <span class='ocrx_word' id='word_1_492' title='bbox 1569 326 1609 353; x_wconf 90' lang='lat' dir='ltr'><strong>vel</strong></span> <span class='ocrx_word' id='word_1_493' title='bbox 1621 332 1744 362; x_wconf 85' lang='lat' dir='ltr'><strong>rogantes</strong></span> <span class='ocrx_word' id='word_1_494' title='bbox 1757 328 1848 355; x_wconf 83' lang='lat' dir='ltr'><strong>statim</strong></span> 
     </span>
    </p>
   </div>
   <div class='ocr_carea' id='block_1_67' title="bbox 1056 369 1848 408">
    <p class='ocr_par' dir='ltr' id='par_1_67' title="bbox 1056 369 1848 408">
     <span class='ocr_line' id='line_1_67' title="bbox 1056 369 1848 408; baseline 0.009 -13"><span class='ocrx_word' id='word_1_495' title='bbox 1056 369 1172 401; x_wconf 86' lang='lat' dir='ltr'><strong>ordinat,</strong></span> <span class='ocrx_word' id='word_1_496' title='bbox 1187 369 1297 397; x_wconf 82' lang='lat' dir='ltr'><strong>Joannis</strong></span> <span class='ocrx_word' id='word_1_497' title='bbox 1312 371 1392 398; x_wconf 86' lang='lat' dir='ltr'><strong>verba</strong></span> <span class='ocrx_word' id='word_1_498' title='bbox 1416 371 1480 406; x_wconf 83' lang='lat' dir='ltr'><strong>ipsis</strong></span> <span class='ocrx_word' id='word_1_499' title='bbox 1502 379 1730 407; x_wconf 87' lang='lat' dir='ltr'><strong>commemorans,</strong></span> <span class='ocrx_word' id='word_1_500' title='bbox 1746 382 1848 408; x_wconf 87' lang='lat' dir='ltr'><strong>aream,</strong></span> 
     </span>
    </p>
   </div>
   <div class='ocr_carea' id='block_1_68' title="bbox 1056 415 1846 455">
    <p class='ocr_par' dir='ltr' id='par_1_68' title="bbox 1056 415 1846 455">
     <span class='ocr_line' id='line_1_68' title="bbox 1056 415 1846 455; baseline 0.008 -13"><span class='ocrx_word' id='word_1_501' title='bbox 1056 415 1244 448; x_wconf 87' lang='lat' dir='ltr'><strong>ventilabrum,</strong></span> <span class='ocrx_word' id='word_1_502' title='bbox 1260 417 1374 452; x_wconf 86' lang='lat' dir='ltr'><strong>paleam,</strong></span> <span class='ocrx_word' id='word_1_503' title='bbox 1387 417 1558 445; x_wconf 82' lang='lat' dir='ltr'><strong>frumentum.</strong></span> <span class='ocrx_word' id='word_1_504' title='bbox 1575 418 1652 447; x_wconf 89' lang='lat' dir='ltr'><strong>Unde</strong></span> <span class='ocrx_word' id='word_1_505' title='bbox 1665 424 1747 454; x_wconf 86' lang='lat' dir='ltr'><strong>patet,</strong></span> <span class='ocrx_word' id='word_1_506' title='bbox 1762 421 1846 455; x_wconf 83' lang='lat' dir='ltr'><strong>ipsum</strong></span> 
     </span>
    </p>
   </div>
   <div class='ocr_carea' id='block_1_69' title="bbox 1056 461 1844 501">
    <p class='ocr_par' dir='ltr' id='par_1_69' title="bbox 1056 461 1844 501">
     <span class='ocr_line' id='line_1_69' title="bbox 1056 461 1844 501; baseline 0.006 -13"><span class='ocrx_word' id='word_1_507' title='bbox 1056 468 1118 488; x_wconf 87' lang='lat' dir='ltr'><strong>esse</strong></span> <span class='ocrx_word' id='word_1_508' title='bbox 1131 461 1288 496; x_wconf 84' lang='lat' dir='ltr'><strong>agricolam,</strong></span> <span class='ocrx_word' id='word_1_509' title='bbox 1302 463 1398 490; x_wconf 86' lang='lat' dir='ltr'><strong>messis</strong></span> <span class='ocrx_word' id='word_1_510' title='bbox 1412 463 1565 496; x_wconf 88' lang='lat' dir='ltr'><strong>Dominum,</strong></span> <span class='ocrx_word' id='word_1_511' title='bbox 1580 472 1685 492; x_wconf 91' lang='lat' dir='ltr'><strong>necnon</strong></span> <span class='ocrx_word' id='word_1_512' title='bbox 1707 467 1844 501; x_wconf 82' lang='lat' dir='ltr'><strong>propheta-</strong></span> 
     </span>
    </p>
   </div>
   <div class='ocr_carea' id='block_1_70' title="bbox 1057 507 1845 545">
    <p class='ocr_par' dir='ltr' id='par_1_70' title="bbox 1057 507 1845 545">
     <span class='ocr_line' id='line_1_70' title="bbox 1057 507 1845 545; baseline 0.008 -11"><span class='ocrx_word' id='word_1_513' title='bbox 1057 515 1126 534; x_wconf 90' lang='lat' dir='ltr'><strong>rum.</strong></span> <span class='ocrx_word' id='word_1_514' title='bbox 1141 507 1206 535; x_wconf 88' lang='lat' dir='ltr'><strong>Nam</strong></span> <span class='ocrx_word' id='word_1_515' title='bbox 1218 508 1241 535; x_wconf 91' lang='lat' dir='ltr'><strong>si</strong></span> <span class='ocrx_word' id='word_1_516' title='bbox 1256 508 1289 535; x_wconf 89' lang='lat' dir='ltr'><strong>ad</strong></span> <span class='ocrx_word' id='word_1_517' title='bbox 1305 508 1460 536; x_wconf 86' lang='lat' dir='ltr'><strong>metendum</strong></span> <span class='ocrx_word' id='word_1_518' title='bbox 1472 509 1554 542; x_wconf 81' lang='lat' dir='ltr'><strong>misit,</strong></span> <span class='ocrx_word' id='word_1_519' title='bbox 1567 511 1654 545; x_wconf 91' lang='lat' dir='ltr'><strong>palam</strong></span> <span class='ocrx_word' id='word_1_520' title='bbox 1668 516 1710 538; x_wconf 86' lang='lat' dir='ltr'><strong>est</strong></span> <span class='ocrx_word' id='word_1_521' title='bbox 1723 519 1783 539; x_wconf 92' lang='lat' dir='ltr'><strong>eum</strong></span> <span class='ocrx_word' id='word_1_522' title='bbox 1796 521 1845 540; x_wconf 83' lang='lat' dir='ltr'><strong>nor</strong></span> 
     </span>
    </p>
   </div>
   <div class='ocr_carea' id='block_1_71' title="bbox 1056 553 1848 592">
    <p class='ocr_par' dir='ltr' id='par_1_71' title="bbox 1056 553 1848 592">
     <span class='ocr_line' id='line_1_71' title="bbox 1056 553 1848 592; baseline 0.006 -11"><span class='ocrx_word' id='word_1_523' title='bbox 1056 553 1144 581; x_wconf 86' lang='lat' dir='ltr'><strong>aliena</strong></span> <span class='ocrx_word' id='word_1_524' title='bbox 1158 559 1270 588; x_wconf 87' lang='lat' dir='ltr'><strong>metere,</strong></span> <span class='ocrx_word' id='word_1_525' title='bbox 1285 554 1333 582; x_wconf 89' lang='lat' dir='ltr'><strong>sed</strong></span> <span class='ocrx_word' id='word_1_526' title='bbox 1349 562 1379 583; x_wconf 89' lang='lat' dir='ltr'><strong>ea</strong></span> <span class='ocrx_word' id='word_1_527' title='bbox 1395 563 1454 590; x_wconf 60' lang='lat' dir='ltr'><strong>qua</strong></span> <span class='ocrx_word' id='word_1_528' title='bbox 1476 563 1525 591; x_wconf 91' lang='lat' dir='ltr'><strong>per</strong></span> <span class='ocrx_word' id='word_1_529' title='bbox 1539 556 1684 592; x_wconf 85' lang='lat' dir='ltr'><strong>prophetas</strong></span> <span class='ocrx_word' id='word_1_530' title='bbox 1697 557 1848 586; x_wconf 79' lang='lat' dir='ltr'><strong>seminavit.</strong></span> 
     </span>
    </p>
   </div>
   <div class='ocr_carea' id='block_1_72' title="bbox 1056 599 1851 638">
    <p class='ocr_par' dir='ltr' id='par_1_72' title="bbox 1056 599 1851 638">
     <span class='ocr_line' id='line_1_72' title="bbox 1056 599 1851 638; baseline 0.008 -11"><span class='ocrx_word' id='word_1_531' title='bbox 1056 599 1148 635; x_wconf 87' lang='lat' dir='ltr'><strong>Neque</strong></span> <span class='ocrx_word' id='word_1_532' title='bbox 1162 600 1224 628; x_wconf 91' lang='lat' dir='ltr'><strong>hinc</strong></span> <span class='ocrx_word' id='word_1_533' title='bbox 1237 601 1323 629; x_wconf 92' lang='lat' dir='ltr'><strong>solum</strong></span> <span class='ocrx_word' id='word_1_534' title='bbox 1338 601 1460 629; x_wconf 73' lang='lat' dir='ltr'><strong>fiduciam</strong></span> <span class='ocrx_word' id='word_1_535' title='bbox 1480 602 1532 629; x_wconf 86' lang='lat' dir='ltr'><strong>illis</strong></span> <span class='ocrx_word' id='word_1_536' title='bbox 1545 602 1628 636; x_wconf 89' lang='lat' dir='ltr'><strong>dedit,</strong></span> <span class='ocrx_word' id='word_1_537' title='bbox 1642 603 1712 638; x_wconf 90' lang='lat' dir='ltr'><strong>quod</strong></span> <span class='ocrx_word' id='word_1_538' title='bbox 1730 605 1851 633; x_wconf 86' lang='lat' dir='ltr'><strong>ministe-</strong></span> 
     </span>
    </p>
   </div>
   <div class='ocr_carea' id='block_1_73' title="bbox 1056 647 1850 684">
    <p class='ocr_par' dir='ltr' id='par_1_73' title="bbox 1056 647 1850 684">
     <span class='ocr_line' id='line_1_73' title="bbox 1056 647 1850 684; baseline 0.006 -11"><span class='ocrx_word' id='word_1_539' title='bbox 1056 647 1126 674; x_wconf 85' lang='lat' dir='ltr'><strong>rium</strong></span> <span class='ocrx_word' id='word_1_540' title='bbox 1148 655 1241 674; x_wconf 88' lang='lat' dir='ltr'><strong>eorum</strong></span> <span class='ocrx_word' id='word_1_541' title='bbox 1264 655 1380 675; x_wconf 84' lang='lat' dir='ltr'><strong>messem</strong></span> <span class='ocrx_word' id='word_1_542' title='bbox 1397 653 1516 681; x_wconf 87' lang='lat' dir='ltr'><strong>vocaret,</strong></span> <span class='ocrx_word' id='word_1_543' title='bbox 1531 648 1579 676; x_wconf 88' lang='lat' dir='ltr'><strong>sed</strong></span> <span class='ocrx_word' id='word_1_544' title='bbox 1593 649 1666 684; x_wconf 92' lang='lat' dir='ltr'><strong>quod</strong></span> <span class='ocrx_word' id='word_1_545' title='bbox 1686 649 1738 678; x_wconf 89' lang='lat' dir='ltr'><strong>illis</strong></span> <span class='ocrx_word' id='word_1_546' title='bbox 1751 651 1784 678; x_wconf 85' lang='lat' dir='ltr'><strong>ad</strong></span> <span class='ocrx_word' id='word_1_547' title='bbox 1799 651 1850 678; x_wconf 88' lang='lat' dir='ltr'><strong>liu-</strong></span> 
     </span>
    </p>
   </div>
   <div class='ocr_carea' id='block_1_74' title="bbox 1054 692 1850 733">
    <p class='ocr_par' dir='ltr' id='par_1_74' title="bbox 1054 692 1850 733">
     <span class='ocr_line' id='line_1_74' title="bbox 1054 692 1850 733; baseline 0.008 -14"><span class='ocrx_word' id='word_1_548' title='bbox 1054 692 1171 727; x_wconf 91' lang='lat' dir='ltr'><strong>jusmodi</strong></span> <span class='ocrx_word' id='word_1_549' title='bbox 1197 693 1376 721; x_wconf 87' lang='lat' dir='ltr'><strong>ministerium</strong></span> <span class='ocrx_word' id='word_1_550' title='bbox 1393 699 1550 729; x_wconf 83' lang='lat' dir='ltr'><strong>potestatem</strong></span> <span class='ocrx_word' id='word_1_551' title='bbox 1571 695 1705 724; x_wconf 89' lang='lat' dir='ltr'><strong>indiderit.</strong></span> <span class='ocrx_word' id='word_1_552' title='bbox 1721 696 1798 732; x_wconf 82' lang='lat' dir='ltr'><strong>(Cap.</strong></span> <span class='ocrx_word' id='word_1_553' title='bbox 1812 697 1850 733; x_wconf 74' lang='grc' dir='ltr'><strong>Χ)</strong></span> 
     </span>
    </p>
   </div>
   <div class='ocr_carea' id='block_1_75' title="bbox 1057 737 1850 777">
    <p class='ocr_par' dir='ltr' id='par_1_75' title="bbox 1057 737 1850 777">
     <span class='ocr_line' id='line_1_75' title="bbox 1057 737 1850 777; baseline 0.006 -12"><span class='ocrx_word' id='word_1_554' title='bbox 1057 738 1084 766; x_wconf 78' lang='grc' dir='ltr'><strong>Ι.</strong></span> <span class='ocrx_word' id='word_1_555' title='bbox 1104 737 1139 765; x_wconf 86' lang='lat' dir='ltr'><strong>Et</strong></span> <span class='ocrx_word' id='word_1_556' title='bbox 1157 739 1310 772; x_wconf 80' lang='lat' dir='ltr'><strong>convocatis,</strong></span> <span class='ocrx_word' id='word_1_557' title='bbox 1326 740 1374 772; x_wconf 89' lang='lat' dir='ltr'><strong>ait,</strong></span> <span class='ocrx_word' id='word_1_558' title='bbox 1391 739 1524 767; x_wconf 79' lang='lat' dir='ltr'><strong>duodecim</strong></span> <span class='ocrx_word' id='word_1_559' title='bbox 1548 741 1680 777; x_wconf 80' lang='lat' dir='ltr'><strong>discipulis</strong></span> <span class='ocrx_word' id='word_1_560' title='bbox 1703 743 1767 773; x_wconf 83' lang='lat' dir='ltr'><strong>suis.</strong></span> <span class='ocrx_word' id='word_1_561' title='bbox 1780 743 1850 770; x_wconf 80' lang='lat' dir='ltr'><strong>dedit</strong></span> 
     </span>
    </p>
   </div>
   <div class='ocr_carea' id='block_1_76' title="bbox 1055 785 1849 824">
    <p class='ocr_par' dir='ltr' id='par_1_76' title="bbox 1055 785 1849 824">
     <span class='ocr_line' id='line_1_76' title="bbox 1055 785 1849 824; baseline 0.004 -12"><span class='ocrx_word' id='word_1_562' title='bbox 1055 785 1091 812; x_wconf 84' lang='lat' dir='ltr'><strong>eis</strong></span> <span class='ocrx_word' id='word_1_563' title='bbox 1102 789 1248 819; x_wconf 82' lang='lat' dir='ltr'><strong>potestatem</strong></span> <span class='ocrx_word' id='word_1_564' title='bbox 1261 785 1395 820; x_wconf 84' lang='lat' dir='ltr'><strong>spirituum</strong></span> <span class='ocrx_word' id='word_1_565' title='bbox 1408 786 1607 820; x_wconf 87' lang='lat' dir='ltr'><strong>immundorum,</strong></span> <span class='ocrx_word' id='word_1_566' title='bbox 1623 792 1651 814; x_wconf 82' lang='lat' dir='ltr'><strong>ut</strong></span> <span class='ocrx_word' id='word_1_567' title='bbox 1665 787 1784 824; x_wconf 82' lang='lat' dir='ltr'><strong>ejiceth</strong></span> <span class='ocrx_word' id='word_1_568' title='bbox 1795 796 1849 822; x_wconf 87' lang='lat' dir='ltr'><strong>eos,</strong></span> 
     </span>
    </p>
   </div>
   <div class='ocr_carea' id='block_1_77' title="bbox 1056 830 1848 868">
    <p class='ocr_par' dir='ltr' id='par_1_77' title="bbox 1056 830 1848 868">
     <span class='ocr_line' id='line_1_77' title="bbox 1056 830 1848 868; baseline 0.006 -12"><span class='ocrx_word' id='word_1_569' title='bbox 1056 835 1080 857; x_wconf 85' lang='lat' dir='ltr'><strong>et</strong></span> <span class='ocrx_word' id='word_1_570' title='bbox 1093 835 1212 857; x_wconf 81' lang='lat' dir='ltr'><strong>curarent</strong></span> <span class='ocrx_word' id='word_1_571' title='bbox 1225 839 1324 858; x_wconf 81' lang='lat' dir='ltr'><strong>omnem</strong></span> <span class='ocrx_word' id='word_1_572' title='bbox 1345 830 1492 866; x_wconf 82' lang='lat' dir='ltr'><strong>languorem</strong></span> <span class='ocrx_word' id='word_1_573' title='bbox 1505 837 1528 859; x_wconf 82' lang='lat' dir='ltr'><strong>et</strong></span> <span class='ocrx_word' id='word_1_574' title='bbox 1548 840 1648 860; x_wconf 83' lang='lat' dir='ltr'><strong>omnem</strong></span> <span class='ocrx_word' id='word_1_575' title='bbox 1666 834 1848 868; x_wconf 82' lang='lat' dir='ltr'><strong>inﬁrmitatem.</strong></span> 
     </span>
    </p>
   </div>
   <div class='ocr_carea' id='block_1_78' title="bbox 1056 875 1849 914">
    <p class='ocr_par' dir='ltr' id='par_1_78' title="bbox 1056 875 1849 914">
     <span class='ocr_line' id='line_1_78' title="bbox 1056 875 1849 914; baseline 0.006 -12"><span class='ocrx_word' id='word_1_576' title='bbox 1056 875 1137 911; x_wconf 78' lang='lat' dir='ltr'><strong>Atqui</strong></span> <span class='ocrx_word' id='word_1_577' title='bbox 1153 875 1269 903; x_wconf 86' lang='lat' dir='ltr'><strong>nondum</strong></span> <span class='ocrx_word' id='word_1_578' title='bbox 1294 876 1409 911; x_wconf 89' lang='lat' dir='ltr'><strong>Spiritus</strong></span> <span class='ocrx_word' id='word_1_579' title='bbox 1434 881 1493 904; x_wconf 87' lang='lat' dir='ltr'><strong>erat</strong></span> <span class='ocrx_word' id='word_1_580' title='bbox 1507 877 1584 905; x_wconf 87' lang='lat' dir='ltr'><strong>datus</strong></span> <span class='ocrx_word' id='word_1_581' title='bbox 1602 887 1609 905; x_wconf 87' lang='lat'><strong>:</strong></span> <span class='ocrx_word' id='word_1_582' title='bbox 1635 878 1760 906; x_wconf 79' lang='lat' dir='ltr'><strong>Nondum</strong></span> <span class='ocrx_word' id='word_1_583' title='bbox 1772 881 1849 914; x_wconf 88' lang='lat' dir='ltr'><strong>enim,</strong></span> 
     </span>
    </p>
   </div>
   <div class='ocr_carea' id='block_1_79' title="bbox 1056 921 1851 958">
    <p class='ocr_par' dir='ltr' id='par_1_79' title="bbox 1056 921 1851 958">
     <span class='ocr_line' id='line_1_79' title="bbox 1056 921 1851 958; baseline 0.006 -10"><span class='ocrx_word' id='word_1_584' title='bbox 1056 921 1152 957; x_wconf 86' lang='lat' dir='ltr'><strong>inquit,</strong></span> <span class='ocrx_word' id='word_1_585' title='bbox 1169 922 1282 957; x_wconf 80' lang='lat' dir='ltr'><strong>Spiritus</strong></span> <span class='ocrx_word' id='word_1_586' title='bbox 1304 928 1357 950; x_wconf 85' lang='lat' dir='ltr'><strong>erat</strong></span> <span class='ocrx_word' id='word_1_587' title='bbox 1376 923 1461 956; x_wconf 82' lang='lat' dir='ltr'><strong>datus,</strong></span> <span class='ocrx_word' id='word_1_588' title='bbox 1485 924 1545 958; x_wconf 83' lang='lat' dir='ltr'><strong>quia</strong></span> <span class='ocrx_word' id='word_1_589' title='bbox 1567 924 1642 952; x_wconf 78' lang='lat' dir='ltr'><strong>Jesus</strong></span> <span class='ocrx_word' id='word_1_590' title='bbox 1663 926 1775 952; x_wconf 87' lang='lat' dir='ltr'><strong>nondum</strong></span> <span class='ocrx_word' id='word_1_591' title='bbox 1797 932 1851 954; x_wconf 77' lang='lat' dir='ltr'><strong>erat</strong></span> 
     </span>
    </p>
   </div>
   <div class='ocr_carea' id='block_1_80' title="bbox 1055 968 1852 1008">
    <p class='ocr_par' dir='ltr' id='par_1_80' title="bbox 1055 968 1852 1008">
     <span class='ocr_line' id='line_1_80' title="bbox 1055 968 1852 1008; baseline 0.009 -14"><span class='ocrx_word' id='word_1_592' title='bbox 1055 968 1211 1003; x_wconf 78' lang='lat' dir='ltr'><strong>gloriﬁcatus</strong></span> <span class='ocrx_word' id='word_1_593' title='bbox 1235 968 1325 1005; x_wconf 85' lang='lat' dir='ltr'><strong>(Joan.</strong></span> <span class='ocrx_word' id='word_1_594' title='bbox 1348 970 1375 997; x_wconf 87' lang='lat'><strong>7.</strong></span> <span class='ocrx_word' id='word_1_595' title='bbox 1390 970 1447 1005; x_wconf 76' lang='lat'><strong>59).</strong></span> <span class='ocrx_word' id='word_1_596' title='bbox 1462 970 1602 1004; x_wconf 87' lang='lat' dir='ltr'><strong>Quomodo</strong></span> <span class='ocrx_word' id='word_1_597' title='bbox 1623 980 1688 1008; x_wconf 86' lang='lat' dir='ltr'><strong>ergo</strong></span> <span class='ocrx_word' id='word_1_598' title='bbox 1707 973 1852 1007; x_wconf 87' lang='lat' dir='ltr'><strong>ejiciebant</strong></span> 
     </span>
    </p>
   </div>
   <div class='ocr_carea' id='block_1_81' title="bbox 1055 1014 1851 1055">
    <p class='ocr_par' dir='ltr' id='par_1_81' title="bbox 1055 1014 1851 1055">
     <span class='ocr_line' id='line_1_81' title="bbox 1055 1014 1851 1055; baseline 0.009 -14"><span class='ocrx_word' id='word_1_599' title='bbox 1055 1014 1182 1049; x_wconf 77' lang='lat' dir='ltr'><strong>spiritus?</strong></span> <span class='ocrx_word' id='word_1_600' title='bbox 1198 1015 1237 1043; x_wconf 79' lang='lat' dir='ltr'><strong>Ex</strong></span> <span class='ocrx_word' id='word_1_601' title='bbox 1251 1015 1309 1051; x_wconf 91' lang='lat' dir='ltr'><strong>ejus</strong></span> <span class='ocrx_word' id='word_1_602' title='bbox 1323 1021 1457 1052; x_wconf 64' lang='lat' dir='ltr'><strong>praecepto</strong></span> <span class='ocrx_word' id='word_1_603' title='bbox 1467 1022 1547 1052; x_wconf 88' lang='lat' dir='ltr'><strong>atque</strong></span> <span class='ocrx_word' id='word_1_604' title='bbox 1558 1023 1698 1053; x_wconf 78' lang='lat' dir='ltr'><strong>potestate.</strong></span> <span class='ocrx_word' id='word_1_605' title='bbox 1711 1019 1851 1055; x_wconf 87' lang='lat' dir='ltr'><strong>Perpende</strong></span> 
     </span>
    </p>
   </div>
   <div class='ocr_carea' id='block_1_82' title="bbox 1054 1061 1851 1098">
    <p class='ocr_par' dir='ltr' id='par_1_82' title="bbox 1054 1061 1851 1098">
     <span class='ocr_line' id='line_1_82' title="bbox 1054 1061 1851 1098; baseline 0.009 -11"><span class='ocrx_word' id='word_1_606' title='bbox 1054 1066 1145 1088; x_wconf 87' lang='lat' dir='ltr'><strong>autem</strong></span> <span class='ocrx_word' id='word_1_607' title='bbox 1161 1061 1225 1089; x_wconf 88' lang='lat' dir='ltr'><strong>mihi</strong></span> <span class='ocrx_word' id='word_1_608' title='bbox 1241 1062 1407 1097; x_wconf 81' lang='lat' dir='ltr'><strong>apostolatus</strong></span> <span class='ocrx_word' id='word_1_609' title='bbox 1426 1065 1663 1098; x_wconf 88' lang='lat' dir='ltr'><strong>opportunitatem.</strong></span> <span class='ocrx_word' id='word_1_610' title='bbox 1679 1065 1736 1093; x_wconf 88' lang='lat' dir='ltr'><strong>Non</strong></span> <span class='ocrx_word' id='word_1_611' title='bbox 1752 1067 1823 1094; x_wconf 86' lang='lat' dir='ltr'><strong>enim</strong></span> <span class='ocrx_word' id='word_1_612' title='bbox 1835 1075 1851 1094; x_wconf 92' lang='lat' dir='ltr'><strong>a</strong></span> 
     </span>
    </p>
   </div>
   <div class='ocr_carea' id='block_1_83' title="bbox 1056 1107 1851 1146">
    <p class='ocr_par' dir='ltr' id='par_1_83' title="bbox 1056 1107 1851 1146">
     <span class='ocr_line' id='line_1_83' title="bbox 1056 1107 1851 1146; baseline 0.008 -12"><span class='ocrx_word' id='word_1_613' title='bbox 1056 1107 1188 1143; x_wconf 87' lang='lat' dir='ltr'><strong>principio</strong></span> <span class='ocrx_word' id='word_1_614' title='bbox 1201 1108 1275 1135; x_wconf 90' lang='lat' dir='ltr'><strong>misit</strong></span> <span class='ocrx_word' id='word_1_615' title='bbox 1289 1108 1360 1142; x_wconf 87' lang='lat' dir='ltr'><strong>illos,</strong></span> <span class='ocrx_word' id='word_1_616' title='bbox 1371 1108 1417 1137; x_wconf 88' lang='lat' dir='ltr'><strong>sed</strong></span> <span class='ocrx_word' id='word_1_617' title='bbox 1432 1116 1493 1137; x_wconf 91' lang='lat' dir='ltr'><strong>cum</strong></span> <span class='ocrx_word' id='word_1_618' title='bbox 1507 1110 1562 1145; x_wconf 79' lang='lat' dir='ltr'><strong>jam</strong></span> <span class='ocrx_word' id='word_1_619' title='bbox 1575 1111 1660 1146; x_wconf 88' lang='lat' dir='ltr'><strong>ipsum</strong></span> <span class='ocrx_word' id='word_1_620' title='bbox 1674 1111 1771 1140; x_wconf 84' lang='lat' dir='ltr'><strong>idoneo</strong></span> <span class='ocrx_word' id='word_1_621' title='bbox 1784 1117 1851 1140; x_wconf 85' lang='lat' dir='ltr'><strong>tem-</strong></span> 
     </span>
    </p>
   </div>
   <div class='ocr_carea' id='block_1_84' title="bbox 1056 1154 1850 1189">
    <p class='ocr_par' dir='ltr' id='par_1_84' title="bbox 1056 1154 1850 1189">
     <span class='ocr_line' id='line_1_84' title="bbox 1056 1154 1850 1189; baseline 0.005 -7"><span class='ocrx_word' id='word_1_622' title='bbox 1056 1161 1122 1189; x_wconf 88' lang='lat' dir='ltr'><strong>pore</strong></span> <span class='ocrx_word' id='word_1_623' title='bbox 1136 1154 1242 1189; x_wconf 88' lang='lat' dir='ltr'><strong>sequuti</strong></span> <span class='ocrx_word' id='word_1_624' title='bbox 1256 1159 1356 1187; x_wconf 83' lang='lat' dir='ltr'><strong>essent,</strong></span> <span class='ocrx_word' id='word_1_625' title='bbox 1372 1163 1404 1183; x_wconf 88' lang='lat' dir='ltr'><strong>ac</strong></span> <span class='ocrx_word' id='word_1_626' title='bbox 1427 1156 1557 1184; x_wconf 86' lang='lat' dir='ltr'><strong>vidissent</strong></span> <span class='ocrx_word' id='word_1_627' title='bbox 1579 1162 1711 1184; x_wconf 90' lang='lat' dir='ltr'><strong>mortuum</strong></span> <span class='ocrx_word' id='word_1_628' title='bbox 1735 1159 1850 1186; x_wconf 85' lang='lat' dir='ltr'><strong>suscita-</strong></span> 
     </span>
    </p>
   </div>
   <div class='ocr_carea' id='block_1_85' title="bbox 1057 1201 1850 1239">
    <p class='ocr_par' dir='ltr' id='par_1_85' title="bbox 1057 1201 1850 1239">
     <span class='ocr_line' id='line_1_85' title="bbox 1057 1201 1850 1239; baseline 0.005 -12"><span class='ocrx_word' id='word_1_629' title='bbox 1057 1204 1124 1233; x_wconf 90' lang='lat' dir='ltr'><strong>tum,</strong></span> <span class='ocrx_word' id='word_1_630' title='bbox 1135 1208 1210 1228; x_wconf 76' lang='lat' dir='ltr'><strong>mare</strong></span> <span class='ocrx_word' id='word_1_631' title='bbox 1225 1201 1402 1236; x_wconf 87' lang='lat' dir='ltr'><strong>increpalum,</strong></span> <span class='ocrx_word' id='word_1_632' title='bbox 1416 1202 1505 1237; x_wconf 84' lang='lat' dir='ltr'><strong>pulsos</strong></span> <span class='ocrx_word' id='word_1_633' title='bbox 1518 1203 1664 1236; x_wconf 67' lang='lat' dir='ltr'><strong>damnouas,</strong></span> <span class='ocrx_word' id='word_1_634' title='bbox 1677 1204 1850 1239; x_wconf 75' lang='lat' dir='ltr'><strong>paralyticum</strong></span> 
     </span>
    </p>
   </div>
   <div class='ocr_carea' id='block_1_86' title="bbox 1056 1247 1851 1283">
    <p class='ocr_par' dir='ltr' id='par_1_86' title="bbox 1056 1247 1851 1283">
     <span class='ocr_line' id='line_1_86' title="bbox 1056 1247 1851 1283; baseline 0.006 -11"><span class='ocrx_word' id='word_1_635' title='bbox 1056 1250 1190 1278; x_wconf 80' lang='lat' dir='ltr'><strong>sanatum,</strong></span> <span class='ocrx_word' id='word_1_636' title='bbox 1208 1251 1316 1281; x_wconf 85' lang='lat' dir='ltr'><strong>peccata</strong></span> <span class='ocrx_word' id='word_1_637' title='bbox 1338 1247 1450 1274; x_wconf 88' lang='lat' dir='ltr'><strong>remissa</strong></span> <span class='ocrx_word' id='word_1_638' title='bbox 1461 1268 1469 1280; x_wconf 91' lang='lat'><strong>,</strong></span> <span class='ocrx_word' id='word_1_639' title='bbox 1484 1248 1620 1282; x_wconf 90' lang='lat' dir='ltr'><strong>leprosum</strong></span> <span class='ocrx_word' id='word_1_640' title='bbox 1640 1249 1806 1283; x_wconf 89' lang='lat' dir='ltr'><strong>muudatum,</strong></span> <span class='ocrx_word' id='word_1_641' title='bbox 1820 1257 1851 1278; x_wconf 90' lang='lat' dir='ltr'><strong>ac</strong></span> 
     </span>
    </p>
   </div>
   <div class='ocr_carea' id='block_1_87' title="bbox 1056 1291 1851 1330">
    <p class='ocr_par' dir='ltr' id='par_1_87' title="bbox 1056 1291 1851 1330">
     <span class='ocr_line' id='line_1_87' title="bbox 1056 1291 1851 1330; baseline 0.005 -11"><span class='ocrx_word' id='word_1_642' title='bbox 1056 1291 1214 1320; x_wconf 80' lang='lat' dir='ltr'><strong>sufﬁcientia</strong></span> <span class='ocrx_word' id='word_1_643' title='bbox 1236 1293 1375 1327; x_wconf 87' lang='lat' dir='ltr'><strong>potestatis</strong></span> <span class='ocrx_word' id='word_1_644' title='bbox 1396 1293 1467 1321; x_wconf 88' lang='lat' dir='ltr'><strong>illius</strong></span> <span class='ocrx_word' id='word_1_645' title='bbox 1489 1299 1646 1329; x_wconf 80' lang='lat' dir='ltr'><strong>argumenta</strong></span> <span class='ocrx_word' id='word_1_646' title='bbox 1668 1299 1696 1323; x_wconf 89' lang='lat' dir='ltr'><strong>et</strong></span> <span class='ocrx_word' id='word_1_647' title='bbox 1710 1303 1758 1330; x_wconf 82' lang='lat' dir='ltr'><strong>per</strong></span> <span class='ocrx_word' id='word_1_648' title='bbox 1770 1295 1851 1325; x_wconf 89' lang='lat' dir='ltr'><strong>verba</strong></span> 
     </span>
    </p>
   </div>
   <div class='ocr_carea' id='block_1_88' title="bbox 1058 1338 1851 1374">
    <p class='ocr_par' dir='ltr' id='par_1_88' title="bbox 1058 1338 1851 1374">
     <span class='ocr_line' id='line_1_88' title="bbox 1058 1338 1851 1374; baseline 0.006 -10"><span class='ocrx_word' id='word_1_649' title='bbox 1058 1341 1086 1365; x_wconf 90' lang='lat' dir='ltr'><strong>et</strong></span> <span class='ocrx_word' id='word_1_650' title='bbox 1098 1345 1147 1373; x_wconf 89' lang='lat' dir='ltr'><strong>per</strong></span> <span class='ocrx_word' id='word_1_651' title='bbox 1160 1344 1242 1372; x_wconf 90' lang='lat' dir='ltr'><strong>opera</strong></span> <span class='ocrx_word' id='word_1_652' title='bbox 1260 1338 1446 1373; x_wconf 86' lang='lat' dir='ltr'><strong>accepissent:</strong></span> <span class='ocrx_word' id='word_1_653' title='bbox 1462 1343 1525 1366; x_wconf 89' lang='lat' dir='ltr'><strong>tunc</strong></span> <span class='ocrx_word' id='word_1_654' title='bbox 1547 1339 1608 1367; x_wconf 85' lang='lat' dir='ltr'><strong>illos</strong></span> <span class='ocrx_word' id='word_1_655' title='bbox 1630 1340 1727 1374; x_wconf 87' lang='lat' dir='ltr'><strong>mittit;</strong></span> <span class='ocrx_word' id='word_1_656' title='bbox 1750 1348 1802 1368; x_wconf 92' lang='lat' dir='ltr'><strong>non</strong></span> <span class='ocrx_word' id='word_1_657' title='bbox 1818 1340 1851 1368; x_wconf 90' lang='lat' dir='ltr'><strong>ad</strong></span> 
     </span>
    </p>
   </div>
   <div class='ocr_carea' id='block_1_89' title="bbox 1059 1382 1852 1422">
    <p class='ocr_par' dir='ltr' id='par_1_89' title="bbox 1059 1382 1852 1422">
     <span class='ocr_line' id='line_1_89' title="bbox 1059 1382 1852 1422; baseline 0.006 -13"><span class='ocrx_word' id='word_1_658' title='bbox 1059 1390 1102 1410; x_wconf 89' lang='lat' dir='ltr'><strong>res</strong></span> <span class='ocrx_word' id='word_1_659' title='bbox 1124 1382 1300 1418; x_wconf 88' lang='lat' dir='ltr'><strong>periculosas,</strong></span> <span class='ocrx_word' id='word_1_660' title='bbox 1316 1383 1433 1411; x_wconf 89' lang='lat' dir='ltr'><strong>nondum</strong></span> <span class='ocrx_word' id='word_1_661' title='bbox 1454 1384 1525 1412; x_wconf 89' lang='lat' dir='ltr'><strong>enim</strong></span> <span class='ocrx_word' id='word_1_662' title='bbox 1541 1384 1567 1412; x_wconf 91' lang='lat' dir='ltr'><strong>in</strong></span> <span class='ocrx_word' id='word_1_663' title='bbox 1584 1385 1723 1414; x_wconf 60' lang='lat' dir='ltr'><strong>Palaestina</strong></span> <span class='ocrx_word' id='word_1_664' title='bbox 1746 1386 1852 1422; x_wconf 88' lang='lat' dir='ltr'><strong>pericu-</strong></span> 
     </span>
    </p>
   </div>
   <div class='ocr_carea' id='block_1_90' title="bbox 1057 1428 1852 1468">
    <p class='ocr_par' dir='ltr' id='par_1_90' title="bbox 1057 1428 1852 1468">
     <span class='ocr_line' id='line_1_90' title="bbox 1057 1428 1852 1468; baseline 0.006 -13"><span class='ocrx_word' id='word_1_665' title='bbox 1057 1428 1112 1456; x_wconf 91' lang='lat' dir='ltr'><strong>lum</strong></span> <span class='ocrx_word' id='word_1_666' title='bbox 1127 1433 1201 1461; x_wconf 87' lang='lat' dir='ltr'><strong>erat;</strong></span> <span class='ocrx_word' id='word_1_667' title='bbox 1216 1429 1263 1456; x_wconf 89' lang='lat' dir='ltr'><strong>sed</strong></span> <span class='ocrx_word' id='word_1_668' title='bbox 1281 1434 1375 1456; x_wconf 88' lang='lat' dir='ltr'><strong>contra</strong></span> <span class='ocrx_word' id='word_1_669' title='bbox 1394 1429 1542 1458; x_wconf 90' lang='lat' dir='ltr'><strong>calumnias</strong></span> <span class='ocrx_word' id='word_1_670' title='bbox 1564 1434 1665 1458; x_wconf 89' lang='lat' dir='ltr'><strong>tantum</strong></span> <span class='ocrx_word' id='word_1_671' title='bbox 1681 1432 1852 1468; x_wconf 83' lang='lat' dir='ltr'><strong>pugnandum</strong></span> 
     </span>
    </p>
   </div>
   <div class='ocr_carea' id='block_1_91' title="bbox 1057 1475 1852 1515">
    <p class='ocr_par' dir='ltr' id='par_1_91' title="bbox 1057 1475 1852 1515">
     <span class='ocr_line' id='line_1_91' title="bbox 1057 1475 1852 1515; baseline 0.008 -14"><span class='ocrx_word' id='word_1_672' title='bbox 1057 1478 1125 1502; x_wconf 90' lang='lat' dir='ltr'><strong>erat.</strong></span> <span class='ocrx_word' id='word_1_673' title='bbox 1138 1475 1262 1503; x_wconf 81' lang='lat' dir='ltr'><strong>Attamen</strong></span> <span class='ocrx_word' id='word_1_674' title='bbox 1277 1475 1395 1510; x_wconf 89' lang='lat' dir='ltr'><strong>pericula</strong></span> <span class='ocrx_word' id='word_1_675' title='bbox 1410 1476 1463 1504; x_wconf 88' lang='lat' dir='ltr'><strong>illis</strong></span> <span class='ocrx_word' id='word_1_676' title='bbox 1474 1476 1605 1512; x_wconf 67' lang='lat' dir='ltr'><strong>prazdicit,</strong></span> <span class='ocrx_word' id='word_1_677' title='bbox 1619 1482 1734 1513; x_wconf 87' lang='lat' dir='ltr'><strong>anteque</strong></span> <span class='ocrx_word' id='word_1_678' title='bbox 1747 1483 1852 1515; x_wconf 89' lang='lat' dir='ltr'><strong>tempus</strong></span> 
     </span>
    </p>
   </div>
   <div class='ocr_carea' id='block_1_92' title="bbox 1058 1520 1852 1558">
    <p class='ocr_par' dir='ltr' id='par_1_92' title="bbox 1058 1520 1852 1558">
     <span class='ocr_line' id='line_1_92' title="bbox 1058 1520 1852 1558; baseline 0.008 -11"><span class='ocrx_word' id='word_1_679' title='bbox 1058 1520 1119 1548; x_wconf 90' lang='lat' dir='ltr'><strong>illos</strong></span> <span class='ocrx_word' id='word_1_680' title='bbox 1133 1526 1275 1556; x_wconf 58' lang='lat' dir='ltr'><strong>praeparat,</strong></span> <span class='ocrx_word' id='word_1_681' title='bbox 1289 1526 1316 1549; x_wconf 92' lang='lat' dir='ltr'><strong>et</strong></span> <span class='ocrx_word' id='word_1_682' title='bbox 1331 1521 1463 1557; x_wconf 81' lang='lat' dir='ltr'><strong>frequenti</strong></span> <span class='ocrx_word' id='word_1_683' title='bbox 1485 1523 1657 1558; x_wconf 68' lang='lat' dir='ltr'><strong>prmdictione</strong></span> <span class='ocrx_word' id='word_1_684' title='bbox 1670 1524 1731 1552; x_wconf 90' lang='lat' dir='ltr'><strong>illos</strong></span> <span class='ocrx_word' id='word_1_685' title='bbox 1744 1525 1777 1552; x_wconf 90' lang='lat' dir='ltr'><strong>ad</strong></span> <span class='ocrx_word' id='word_1_686' title='bbox 1791 1533 1852 1553; x_wconf 86' lang='lat' dir='ltr'><strong>cer-</strong></span> 
     </span>
    </p>
   </div>
   <div class='ocr_carea' id='block_1_93' title="bbox 1060 1566 1852 1605">
    <p class='ocr_par' dir='ltr' id='par_1_93' title="bbox 1060 1566 1852 1605">
     <span class='ocr_line' id='line_1_93' title="bbox 1060 1566 1852 1605; baseline 0.009 -13"><span class='ocrx_word' id='word_1_687' title='bbox 1060 1566 1158 1593; x_wconf 86' lang='lat' dir='ltr'><strong>tamina</strong></span> <span class='ocrx_word' id='word_1_688' title='bbox 1172 1566 1298 1594; x_wconf 88' lang='lat' dir='ltr'><strong>instituit.</strong></span> <span class='ocrx_word' id='word_1_689' title='bbox 1313 1567 1415 1595; x_wconf 89' lang='lat' dir='ltr'><strong>Deinde</strong></span> <span class='ocrx_word' id='word_1_690' title='bbox 1435 1568 1495 1603; x_wconf 89' lang='lat' dir='ltr'><strong>quia</strong></span> <span class='ocrx_word' id='word_1_691' title='bbox 1510 1568 1578 1597; x_wconf 92' lang='lat' dir='ltr'><strong>duos</strong></span> <span class='ocrx_word' id='word_1_692' title='bbox 1601 1570 1737 1605; x_wconf 86' lang='lat' dir='ltr'><strong>apostolos</strong></span> <span class='ocrx_word' id='word_1_693' title='bbox 1749 1571 1852 1599; x_wconf 83' lang='lat' dir='ltr'><strong>dixerat</strong></span> 
     </span>
    </p>
   </div>
   <div class='ocr_carea' id='block_1_94' title="bbox 1059 1611 1853 1650">
    <p class='ocr_par' dir='ltr' id='par_1_94' title="bbox 1059 1611 1853 1650">
     <span class='ocr_line' id='line_1_94' title="bbox 1059 1611 1853 1650; baseline 0.009 -12"><span class='ocrx_word' id='word_1_694' title='bbox 1059 1611 1147 1645; x_wconf 84' lang='lat' dir='ltr'><strong>nobis,</strong></span> <span class='ocrx_word' id='word_1_695' title='bbox 1164 1611 1272 1639; x_wconf 85' lang='lat' dir='ltr'><strong>Petrum</strong></span> <span class='ocrx_word' id='word_1_696' title='bbox 1286 1616 1314 1640; x_wconf 88' lang='lat' dir='ltr'><strong>et</strong></span> <span class='ocrx_word' id='word_1_697' title='bbox 1336 1613 1479 1648; x_wconf 83' lang='lat' dir='ltr'><strong>Joannem,</strong></span> <span class='ocrx_word' id='word_1_698' title='bbox 1491 1619 1519 1642; x_wconf 84' lang='lat' dir='ltr'><strong>et</strong></span> <span class='ocrx_word' id='word_1_699' title='bbox 1540 1619 1601 1650; x_wconf 88' lang='lat' dir='ltr'><strong>post</strong></span> <span class='ocrx_word' id='word_1_700' title='bbox 1615 1615 1676 1644; x_wconf 91' lang='lat' dir='ltr'><strong>illos</strong></span> <span class='ocrx_word' id='word_1_701' title='bbox 1698 1616 1853 1645; x_wconf 71' lang='lat' dir='ltr'><strong>Mattharum</strong></span> 
     </span>
    </p>
   </div>
   <div class='ocr_carea' id='block_1_95' title="bbox 1058 1657 1853 1696">
    <p class='ocr_par' dir='ltr' id='par_1_95' title="bbox 1058 1657 1853 1696">
     <span class='ocr_line' id='line_1_95' title="bbox 1058 1657 1853 1696; baseline 0.009 -13"><span class='ocrx_word' id='word_1_702' title='bbox 1058 1661 1182 1684; x_wconf 89' lang='lat' dir='ltr'><strong>vocatum</strong></span> <span class='ocrx_word' id='word_1_703' title='bbox 1203 1657 1367 1692; x_wconf 85' lang='lat' dir='ltr'><strong>ostenderat,</strong></span> <span class='ocrx_word' id='word_1_704' title='bbox 1385 1663 1413 1686; x_wconf 90' lang='lat' dir='ltr'><strong>et</strong></span> <span class='ocrx_word' id='word_1_705' title='bbox 1426 1659 1460 1687; x_wconf 91' lang='lat' dir='ltr'><strong>de</strong></span> <span class='ocrx_word' id='word_1_706' title='bbox 1483 1660 1595 1688; x_wconf 86' lang='lat' dir='ltr'><strong>aliorum</strong></span> <span class='ocrx_word' id='word_1_707' title='bbox 1611 1662 1790 1696; x_wconf 81' lang='lat' dir='ltr'><strong>apostolorum</strong></span> <span class='ocrx_word' id='word_1_708' title='bbox 1805 1670 1853 1690; x_wconf 84' lang='lat' dir='ltr'><strong>vo-</strong></span> 
     </span>
    </p>
   </div>
   <div class='ocr_carea' id='block_1_96' title="bbox 1059 1703 1851 1736">
    <p class='ocr_par' dir='ltr' id='par_1_96' title="bbox 1059 1703 1851 1736">
     <span class='ocr_line' id='line_1_96' title="bbox 1059 1703 1851 1736; baseline 0.006 -6"><span class='ocrx_word' id='word_1_709' title='bbox 1059 1703 1165 1731; x_wconf 88' lang='lat' dir='ltr'><strong>catione</strong></span> <span class='ocrx_word' id='word_1_710' title='bbox 1182 1711 1214 1731; x_wconf 91' lang='lat' dir='ltr'><strong>ac</strong></span> <span class='ocrx_word' id='word_1_711' title='bbox 1232 1704 1340 1732; x_wconf 87' lang='lat' dir='ltr'><strong>nomine</strong></span> <span class='ocrx_word' id='word_1_712' title='bbox 1360 1705 1426 1732; x_wconf 92' lang='lat' dir='ltr'><strong>nihil</strong></span> <span class='ocrx_word' id='word_1_713' title='bbox 1441 1705 1564 1734; x_wconf 86' lang='lat' dir='ltr'><strong>dixerat:</strong></span> <span class='ocrx_word' id='word_1_714' title='bbox 1581 1707 1624 1734; x_wconf 91' lang='lat' dir='ltr'><strong>hic</strong></span> <span class='ocrx_word' id='word_1_715' title='bbox 1642 1708 1794 1736; x_wconf 78' lang='lat' dir='ltr'><strong>neceSSario</strong></span> <span class='ocrx_word' id='word_1_716' title='bbox 1808 1717 1851 1736; x_wconf 88' lang='lat' dir='ltr'><strong>eo-</strong></span> 
     </span>
    </p>
   </div>
   <div class='ocr_carea' id='block_1_97' title="bbox 1059 1750 1852 1789">
    <p class='ocr_par' dir='ltr' id='par_1_97' title="bbox 1059 1750 1852 1789">
     <span class='ocr_line' id='line_1_97' title="bbox 1059 1750 1852 1789; baseline 0.008 -13"><span class='ocrx_word' id='word_1_717' title='bbox 1059 1757 1118 1777; x_wconf 94' lang='lat' dir='ltr'><strong>rum</strong></span> <span class='ocrx_word' id='word_1_718' title='bbox 1133 1750 1293 1785; x_wconf 85' lang='lat' dir='ltr'><strong>calalogum,</strong></span> <span class='ocrx_word' id='word_1_719' title='bbox 1309 1759 1449 1779; x_wconf 91' lang='lat' dir='ltr'><strong>numerum</strong></span> <span class='ocrx_word' id='word_1_720' title='bbox 1472 1752 1634 1788; x_wconf 88' lang='lat' dir='ltr'><strong>nominaque</strong></span> <span class='ocrx_word' id='word_1_721' title='bbox 1656 1754 1744 1789; x_wconf 87' lang='lat' dir='ltr'><strong>ponit,</strong></span> <span class='ocrx_word' id='word_1_722' title='bbox 1758 1755 1797 1782; x_wconf 86' lang='lat' dir='ltr'><strong>sic</strong></span> <span class='ocrx_word' id='word_1_723' title='bbox 1814 1755 1852 1782; x_wconf 92' lang='lat' dir='ltr'><strong>di-</strong></span> 
     </span>
    </p>
   </div>
   <div class='ocr_carea' id='block_1_98' title="bbox 1059 1796 1855 1834">
    <p class='ocr_par' dir='ltr' id='par_1_98' title="bbox 1059 1796 1855 1834">
     <span class='ocr_line' id='line_1_98' title="bbox 1059 1796 1855 1834; baseline 0.006 -11"><span class='ocrx_word' id='word_1_724' title='bbox 1059 1804 1146 1824; x_wconf 85' lang='lat' dir='ltr'><strong>cens:</strong></span> <span class='ocrx_word' id='word_1_725' title='bbox 1167 1797 1194 1824; x_wconf 72' lang='grc'><strong>2.</strong></span> <span class='ocrx_word' id='word_1_726' title='bbox 1212 1796 1351 1824; x_wconf 85' lang='lat' dir='ltr'><strong>Duodecim</strong></span> <span class='ocrx_word' id='word_1_727' title='bbox 1370 1803 1454 1825; x_wconf 89' lang='lat' dir='ltr'><strong>autem</strong></span> <span class='ocrx_word' id='word_1_728' title='bbox 1477 1801 1650 1834; x_wconf 81' lang='lat' dir='ltr'><strong>apostolontm</strong></span> <span class='ocrx_word' id='word_1_729' title='bbox 1673 1801 1773 1828; x_wconf 83' lang='lat' dir='ltr'><strong>nomina</strong></span> <span class='ocrx_word' id='word_1_730' title='bbox 1795 1807 1855 1828; x_wconf 79' lang='lat' dir='ltr'><strong>sunt</strong></span> 
     </span>
    </p>
   </div>
   <div class='ocr_carea' id='block_1_99' title="bbox 1061 1843 1855 1879">
    <p class='ocr_par' dir='ltr' id='par_1_99' title="bbox 1061 1843 1855 1879">
     <span class='ocr_line' id='line_1_99' title="bbox 1061 1843 1855 1879; baseline 0.005 -9"><span class='ocrx_word' id='word_1_731' title='bbox 1061 1843 1134 1871; x_wconf 65' lang='lat' dir='ltr'><strong>hac:</strong></span> <span class='ocrx_word' id='word_1_732' title='bbox 1151 1844 1257 1879; x_wconf 85' lang='lat' dir='ltr'><strong>primus,</strong></span> <span class='ocrx_word' id='word_1_733' title='bbox 1274 1844 1376 1877; x_wconf 85' lang='lat' dir='ltr'><strong>Simon,</strong></span> <span class='ocrx_word' id='word_1_734' title='bbox 1391 1845 1435 1879; x_wconf 91' lang='lat' dir='ltr'><strong>qui</strong></span> <span class='ocrx_word' id='word_1_735' title='bbox 1455 1845 1549 1871; x_wconf 86' lang='lat' dir='ltr'><strong>dicitur</strong></span> <span class='ocrx_word' id='word_1_736' title='bbox 1573 1845 1676 1873; x_wconf 80' lang='lat' dir='ltr'><strong>Petrus.</strong></span> <span class='ocrx_word' id='word_1_737' title='bbox 1697 1846 1762 1874; x_wconf 83' lang='lat' dir='ltr'><strong>Nam</strong></span> <span class='ocrx_word' id='word_1_738' title='bbox 1787 1847 1855 1875; x_wconf 83' lang='lat' dir='ltr'><strong>alius</strong></span> 
     </span>
    </p>
   </div>
   <div class='ocr_carea' id='block_1_100' title="bbox 1061 1888 1856 1925">
    <p class='ocr_par' dir='ltr' id='par_1_100' title="bbox 1061 1888 1856 1925">
     <span class='ocr_line' id='line_1_100' title="bbox 1061 1888 1856 1925; baseline 0.006 -10"><span class='ocrx_word' id='word_1_739' title='bbox 1061 1888 1154 1916; x_wconf 92' lang='lat' dir='ltr'><strong>Simon</strong></span> <span class='ocrx_word' id='word_1_740' title='bbox 1165 1893 1232 1921; x_wconf 87' lang='lat' dir='ltr'><strong>erat,</strong></span> <span class='ocrx_word' id='word_1_741' title='bbox 1248 1889 1292 1925; x_wconf 89' lang='lat' dir='ltr'><strong>qui</strong></span> <span class='ocrx_word' id='word_1_742' title='bbox 1304 1889 1452 1917; x_wconf 68' lang='lat' dir='ltr'><strong>Caoanaaus</strong></span> <span class='ocrx_word' id='word_1_743' title='bbox 1462 1891 1618 1919; x_wconf 89' lang='lat' dir='ltr'><strong>vocabatur.</strong></span> <span class='ocrx_word' id='word_1_744' title='bbox 1639 1892 1671 1919; x_wconf 86' lang='lat' dir='ltr'><strong>Et</strong></span> <span class='ocrx_word' id='word_1_745' title='bbox 1682 1892 1764 1920; x_wconf 80' lang='lat' dir='ltr'><strong>ludas</strong></span> <span class='ocrx_word' id='word_1_746' title='bbox 1784 1892 1856 1920; x_wconf 83' lang='lat' dir='ltr'><strong>lsca-</strong></span> 
     </span>
    </p>
   </div>
   <div class='ocr_carea' id='block_1_101' title="bbox 1061 1935 1855 1973">
    <p class='ocr_par' dir='ltr' id='par_1_101' title="bbox 1061 1935 1855 1973">
     <span class='ocr_line' id='line_1_101' title="bbox 1061 1935 1855 1973; baseline 0.006 -11"><span class='ocrx_word' id='word_1_747' title='bbox 1061 1935 1160 1967; x_wconf 80' lang='lat' dir='ltr'><strong>riotes.</strong></span> <span class='ocrx_word' id='word_1_748' title='bbox 1174 1940 1201 1963; x_wconf 84' lang='lat' dir='ltr'><strong>et</strong></span> <span class='ocrx_word' id='word_1_749' title='bbox 1212 1936 1295 1963; x_wconf 81' lang='lat' dir='ltr'><strong>Judas</strong></span> <span class='ocrx_word' id='word_1_750' title='bbox 1309 1936 1411 1964; x_wconf 82' lang='lat' dir='ltr'><strong>Jacobi.</strong></span> <span class='ocrx_word' id='word_1_751' title='bbox 1427 1937 1460 1964; x_wconf 83' lang='lat' dir='ltr'><strong>Et</strong></span> <span class='ocrx_word' id='word_1_752' title='bbox 1476 1937 1592 1965; x_wconf 89' lang='lat' dir='ltr'><strong>Jacobus</strong></span> <span class='ocrx_word' id='word_1_753' title='bbox 1605 1938 1720 1973; x_wconf 69' lang='lat' dir='ltr'><strong>Alphaai,</strong></span> <span class='ocrx_word' id='word_1_754' title='bbox 1736 1944 1762 1967; x_wconf 88' lang='lat' dir='ltr'><strong>et</strong></span> <span class='ocrx_word' id='word_1_755' title='bbox 1774 1939 1855 1967; x_wconf 82' lang='lat' dir='ltr'><strong>Jaco-</strong></span> 
     </span>
    </p>
   </div>
   <div class='ocr_carea' id='block_1_102' title="bbox 1061 1981 1856 2021">
    <p class='ocr_par' dir='ltr' id='par_1_102' title="bbox 1061 1981 1856 2021">
     <span class='ocr_line' id='line_1_102' title="bbox 1061 1981 1856 2021; baseline 0.004 -11"><span class='ocrx_word' id='word_1_756' title='bbox 1061 1981 1112 2010; x_wconf 86' lang='lat' dir='ltr'><strong>bus</strong></span> <span class='ocrx_word' id='word_1_757' title='bbox 1126 1982 1257 2010; x_wconf 66' lang='lat' dir='ltr'><strong>Zebedazi.</strong></span> <span class='ocrx_word' id='word_1_758' title='bbox 1271 1982 1376 2010; x_wconf 82' lang='lat' dir='ltr'><strong>Marcus</strong></span> <span class='ocrx_word' id='word_1_759' title='bbox 1391 1991 1454 2011; x_wconf 91' lang='lat' dir='ltr'><strong>vero</strong></span> <span class='ocrx_word' id='word_1_760' title='bbox 1470 1985 1618 2011; x_wconf 88' lang='lat' dir='ltr'><strong>secundum</strong></span> <span class='ocrx_word' id='word_1_761' title='bbox 1637 1984 1794 2020; x_wconf 84' lang='lat' dir='ltr'><strong>dignitatem</strong></span> <span class='ocrx_word' id='word_1_762' title='bbox 1807 1993 1856 2021; x_wconf 90' lang='lat' dir='ltr'><strong>po-</strong></span> 
     </span>
    </p>
   </div>
   <div class='ocr_carea' id='block_1_103' title="bbox 1061 2027 1855 2065">
    <p class='ocr_par' dir='ltr' id='par_1_103' title="bbox 1061 2027 1855 2065">
     <span class='ocr_line' id='line_1_103' title="bbox 1061 2027 1855 2065; baseline 0.005 -11"><span class='ocrx_word' id='word_1_763' title='bbox 1061 2028 1114 2055; x_wconf 87' lang='lat' dir='ltr'><strong>suit</strong></span> <span class='ocrx_word' id='word_1_764' title='bbox 1134 2027 1214 2055; x_wconf 92' lang='lat' dir='ltr'><strong>illos:</strong></span> <span class='ocrx_word' id='word_1_765' title='bbox 1232 2028 1330 2055; x_wconf 89' lang='lat' dir='ltr'><strong>etenim</strong></span> <span class='ocrx_word' id='word_1_766' title='bbox 1355 2033 1414 2063; x_wconf 81' lang='lat' dir='ltr'><strong>post</strong></span> <span class='ocrx_word' id='word_1_767' title='bbox 1432 2029 1500 2056; x_wconf 90' lang='lat' dir='ltr'><strong>duos</strong></span> <span class='ocrx_word' id='word_1_768' title='bbox 1525 2030 1702 2065; x_wconf 69' lang='lat' dir='ltr'><strong>corypbteos,</strong></span> <span class='ocrx_word' id='word_1_769' title='bbox 1720 2031 1855 2059; x_wconf 78' lang='lat' dir='ltr'><strong>Andream</strong></span> 
     </span>
    </p>
   </div>
   <div class='ocr_carea' id='block_1_104' title="bbox 1062 2073 1856 2110">
    <p class='ocr_par' dir='ltr' id='par_1_104' title="bbox 1062 2073 1856 2110">
     <span class='ocr_line' id='line_1_104' title="bbox 1062 2073 1856 2110; baseline 0.005 -9"><span class='ocrx_word' id='word_1_770' title='bbox 1062 2079 1183 2102; x_wconf 86' lang='lat' dir='ltr'><strong>numerat</strong></span> <span class='ocrx_word' id='word_1_771' title='bbox 1197 2073 1291 2110; x_wconf 82' lang='lat' dir='ltr'><strong>(Marc.</strong></span> <span class='ocrx_word' id='word_1_772' title='bbox 1307 2075 1334 2102; x_wconf 79' lang='lat'><strong>5.</strong></span> <span class='ocrx_word' id='word_1_773' title='bbox 1352 2075 1406 2110; x_wconf 78' lang='grc'><strong>18).</strong></span> <span class='ocrx_word' id='word_1_774' title='bbox 1419 2075 1467 2102; x_wconf 86' lang='lat' dir='ltr'><strong>llic</strong></span> <span class='ocrx_word' id='word_1_775' title='bbox 1478 2083 1542 2103; x_wconf 87' lang='lat' dir='ltr'><strong>vero</strong></span> <span class='ocrx_word' id='word_1_776' title='bbox 1557 2083 1610 2103; x_wconf 90' lang='lat' dir='ltr'><strong>non</strong></span> <span class='ocrx_word' id='word_1_777' title='bbox 1623 2076 1672 2109; x_wconf 87' lang='lat' dir='ltr'><strong>sic,</strong></span> <span class='ocrx_word' id='word_1_778' title='bbox 1686 2076 1733 2104; x_wconf 86' lang='lat' dir='ltr'><strong>sed</strong></span> <span class='ocrx_word' id='word_1_779' title='bbox 1746 2077 1798 2104; x_wconf 85' lang='lat' dir='ltr'><strong>alio</strong></span> <span class='ocrx_word' id='word_1_780' title='bbox 1811 2085 1856 2105; x_wconf 90' lang='lat' dir='ltr'><strong>or-</strong></span> 
     </span>
    </p>
   </div>
   <div class='ocr_carea' id='block_1_105' title="bbox 1062 2119 1856 2153">
    <p class='ocr_par' dir='ltr' id='par_1_105' title="bbox 1062 2119 1856 2153">
     <span class='ocr_line' id='line_1_105' title="bbox 1062 2119 1856 2153; baseline 0.005 -7"><span class='ocrx_word' id='word_1_781' title='bbox 1062 2119 1136 2153; x_wconf 88' lang='lat' dir='ltr'><strong>dine,</strong></span> <span class='ocrx_word' id='word_1_782' title='bbox 1152 2120 1205 2147; x_wconf 92' lang='lat' dir='ltr'><strong>imo</strong></span> <span class='ocrx_word' id='word_1_783' title='bbox 1217 2124 1245 2147; x_wconf 90' lang='lat' dir='ltr'><strong>et</strong></span> <span class='ocrx_word' id='word_1_784' title='bbox 1257 2119 1388 2147; x_wconf 87' lang='lat' dir='ltr'><strong>Thomam</strong></span> <span class='ocrx_word' id='word_1_785' title='bbox 1404 2127 1433 2148; x_wconf 89' lang='lat' dir='ltr'><strong>se</strong></span> <span class='ocrx_word' id='word_1_786' title='bbox 1447 2121 1533 2148; x_wconf 90' lang='lat' dir='ltr'><strong>multo</strong></span> <span class='ocrx_word' id='word_1_787' title='bbox 1552 2121 1705 2149; x_wconf 79' lang='lat' dir='ltr'><strong>inferiorem</strong></span> <span class='ocrx_word' id='word_1_788' title='bbox 1721 2122 1769 2150; x_wconf 91' lang='lat' dir='ltr'><strong>sibi</strong></span> <span class='ocrx_word' id='word_1_789' title='bbox 1781 2127 1856 2150; x_wconf 87' lang='lat' dir='ltr'><strong>ante-</strong></span> 
     </span>
    </p>
   </div>
   <div class='ocr_carea' id='block_1_106' title="bbox 1063 2166 1856 2204">
    <p class='ocr_par' dir='ltr' id='par_1_106' title="bbox 1063 2166 1856 2204">
     <span class='ocr_line' id='line_1_106' title="bbox 1063 2166 1856 2204; baseline 0.005 -11"><span class='ocrx_word' id='word_1_790' title='bbox 1063 2166 1147 2202; x_wconf 90' lang='lat' dir='ltr'><strong>ponit.</strong></span> <span class='ocrx_word' id='word_1_791' title='bbox 1161 2166 1216 2194; x_wconf 89' lang='lat' dir='ltr'><strong>Sed</strong></span> <span class='ocrx_word' id='word_1_792' title='bbox 1230 2174 1322 2194; x_wconf 92' lang='lat' dir='ltr'><strong>eorum</strong></span> <span class='ocrx_word' id='word_1_793' title='bbox 1345 2168 1495 2203; x_wconf 87' lang='lat' dir='ltr'><strong>catalogum</strong></span> <span class='ocrx_word' id='word_1_794' title='bbox 1517 2175 1532 2195; x_wconf 92' lang='lat' dir='ltr'><strong>a</strong></span> <span class='ocrx_word' id='word_1_795' title='bbox 1553 2168 1684 2204; x_wconf 87' lang='lat' dir='ltr'><strong>principio</strong></span> <span class='ocrx_word' id='word_1_796' title='bbox 1707 2169 1856 2197; x_wconf 82' lang='lat' dir='ltr'><strong>videamus.</strong></span> 
     </span>
    </p>
   </div>
   <div class='ocr_carea' id='block_1_107' title="bbox 1063 2211 1858 2252">
    <p class='ocr_par' dir='ltr' id='par_1_107' title="bbox 1063 2211 1858 2252">
     <span class='ocr_line' id='line_1_107' title="bbox 1063 2211 1858 2252; baseline 0.005 -13"><span class='ocrx_word' id='word_1_797' title='bbox 1063 2211 1167 2240; x_wconf 79' lang='lat' dir='ltr'><strong>Primus</strong></span> <span class='ocrx_word' id='word_1_798' title='bbox 1181 2212 1270 2240; x_wconf 86' lang='lat' dir='ltr'><strong>Simon</strong></span> <span class='ocrx_word' id='word_1_799' title='bbox 1284 2234 1291 2246; x_wconf 89' lang='lat'><strong>,</strong></span> <span class='ocrx_word' id='word_1_800' title='bbox 1315 2213 1358 2248; x_wconf 83' lang='lat' dir='ltr'><strong>qui</strong></span> <span class='ocrx_word' id='word_1_801' title='bbox 1377 2214 1469 2241; x_wconf 83' lang='lat' dir='ltr'><strong>dicitur</strong></span> <span class='ocrx_word' id='word_1_802' title='bbox 1483 2213 1585 2247; x_wconf 80' lang='lat' dir='ltr'><strong>Petrus,</strong></span> <span class='ocrx_word' id='word_1_803' title='bbox 1601 2219 1623 2242; x_wconf 87' lang='lat' dir='ltr'><strong>et</strong></span> <span class='ocrx_word' id='word_1_804' title='bbox 1643 2215 1757 2242; x_wconf 82' lang='lat' dir='ltr'><strong>Andreas</strong></span> <span class='ocrx_word' id='word_1_805' title='bbox 1777 2217 1858 2252; x_wconf 83' lang='lat' dir='ltr'><strong>frater</strong></span> 
     </span>
    </p>
   </div>
   <div class='ocr_carea' id='block_1_108' title="bbox 1063 2258 1858 2294">
    <p class='ocr_par' dir='ltr' id='par_1_108' title="bbox 1063 2258 1858 2294">
     <span class='ocr_line' id='line_1_108' title="bbox 1063 2258 1858 2294; baseline 0.006 -9"><span class='ocrx_word' id='word_1_806' title='bbox 1063 2260 1127 2294; x_wconf 81' lang='lat' dir='ltr'><strong>ejus.</strong></span> <span class='ocrx_word' id='word_1_807' title='bbox 1138 2258 1229 2294; x_wconf 88' lang='lat' dir='ltr'><strong>Neque</strong></span> <span class='ocrx_word' id='word_1_808' title='bbox 1242 2267 1321 2294; x_wconf 79' lang='lat' dir='ltr'><strong>parva</strong></span> <span class='ocrx_word' id='word_1_809' title='bbox 1338 2260 1395 2287; x_wconf 92' lang='lat' dir='ltr'><strong>laus</strong></span> <span class='ocrx_word' id='word_1_810' title='bbox 1408 2260 1465 2288; x_wconf 83' lang='lat' dir='ltr'><strong>ha:c</strong></span> <span class='ocrx_word' id='word_1_811' title='bbox 1476 2265 1535 2288; x_wconf 87' lang='lat' dir='ltr'><strong>est:</strong></span> <span class='ocrx_word' id='word_1_812' title='bbox 1556 2261 1629 2288; x_wconf 88' lang='lat' dir='ltr'><strong>illum</strong></span> <span class='ocrx_word' id='word_1_813' title='bbox 1640 2270 1655 2289; x_wconf 88' lang='lat' dir='ltr'><strong>a</strong></span> <span class='ocrx_word' id='word_1_814' title='bbox 1666 2262 1772 2293; x_wconf 79' lang='lat' dir='ltr'><strong>virtute.</strong></span> <span class='ocrx_word' id='word_1_815' title='bbox 1785 2263 1858 2290; x_wconf 84' lang='lat' dir='ltr'><strong>hunc</strong></span> 
     </span>
    </p>
   </div>
   <div class='ocr_carea' id='block_1_109' title="bbox 1063 2306 1858 2337">
    <p class='ocr_par' dir='ltr' id='par_1_109' title="bbox 1063 2306 1858 2337">
     <span class='ocr_line' id='line_1_109' title="bbox 1063 2306 1858 2337; baseline 0.005 -5"><span class='ocrx_word' id='word_1_816' title='bbox 1063 2313 1078 2332; x_wconf 89' lang='lat' dir='ltr'><strong>a</strong></span> <span class='ocrx_word' id='word_1_817' title='bbox 1092 2306 1232 2333; x_wconf 86' lang='lat' dir='ltr'><strong>nobilitate</strong></span> <span class='ocrx_word' id='word_1_818' title='bbox 1247 2314 1351 2334; x_wconf 90' lang='lat' dir='ltr'><strong>morum</strong></span> <span class='ocrx_word' id='word_1_819' title='bbox 1372 2307 1500 2335; x_wconf 84' lang='lat' dir='ltr'><strong>laudavit.</strong></span> <span class='ocrx_word' id='word_1_820' title='bbox 1517 2308 1543 2336; x_wconf 75' lang='grc'>5.</span> <span class='ocrx_word' id='word_1_821' title='bbox 1559 2307 1656 2336; x_wconf 85' lang='lat' dir='ltr'><strong>Deinde</strong></span> <span class='ocrx_word' id='word_1_822' title='bbox 1674 2308 1785 2337; x_wconf 82' lang='lat' dir='ltr'><strong>Jacobus</strong></span> <span class='ocrx_word' id='word_1_823' title='bbox 1806 2309 1858 2336; x_wconf 87' lang='lat' dir='ltr'><strong>Ze-</strong></span> 
     </span>
    </p>
   </div>
   <div class='ocr_carea' id='block_1_110' title="bbox 1063 2351 1858 2390">
    <p class='ocr_par' dir='ltr' id='par_1_110' title="bbox 1063 2351 1858 2390">
     <span class='ocr_line' id='line_1_110' title="bbox 1063 2351 1858 2390; baseline 0.006 -13"><span class='ocrx_word' id='word_1_824' title='bbox 1063 2351 1153 2384; x_wconf 75' lang='lat' dir='ltr'><strong>bedtei,</strong></span> <span class='ocrx_word' id='word_1_825' title='bbox 1165 2356 1189 2378; x_wconf 86' lang='lat' dir='ltr'><strong>et</strong></span> <span class='ocrx_word' id='word_1_826' title='bbox 1202 2351 1314 2379; x_wconf 73' lang='lat' dir='ltr'><strong>Joannes</strong></span> <span class='ocrx_word' id='word_1_827' title='bbox 1328 2354 1407 2388; x_wconf 79' lang='lat' dir='ltr'><strong>frater</strong></span> <span class='ocrx_word' id='word_1_828' title='bbox 1416 2354 1481 2386; x_wconf 78' lang='lat' dir='ltr'><strong>eius.</strong></span> <span class='ocrx_word' id='word_1_829' title='bbox 1494 2353 1589 2381; x_wconf 71' lang='lat' dir='ltr'><strong>Viden‘</strong></span> <span class='ocrx_word' id='word_1_830' title='bbox 1600 2354 1733 2390; x_wconf 90' lang='lat' dir='ltr'><strong>quomodo</strong></span> <span class='ocrx_word' id='word_1_831' title='bbox 1746 2363 1799 2382; x_wconf 92' lang='lat' dir='ltr'><strong>non</strong></span> <span class='ocrx_word' id='word_1_832' title='bbox 1814 2363 1858 2383; x_wconf 84' lang='lat' dir='ltr'><strong>se-</strong></span> 
     </span>
    </p>
   </div>
   <div class='ocr_carea' id='block_1_111' title="bbox 1064 2397 1856 2435">
    <p class='ocr_par' dir='ltr' id='par_1_111' title="bbox 1064 2397 1856 2435">
     <span class='ocr_line' id='line_1_111' title="bbox 1064 2397 1856 2435; baseline 0.005 -11"><span class='ocrx_word' id='word_1_833' title='bbox 1064 2397 1180 2425; x_wconf 86' lang='lat' dir='ltr'><strong>cundum</strong></span> <span class='ocrx_word' id='word_1_834' title='bbox 1192 2397 1347 2432; x_wconf 80' lang='lat' dir='ltr'><strong>dignitatem</strong></span> <span class='ocrx_word' id='word_1_835' title='bbox 1364 2399 1465 2433; x_wconf 87' lang='lat' dir='ltr'><strong>ponat?</strong></span> <span class='ocrx_word' id='word_1_836' title='bbox 1478 2399 1541 2426; x_wconf 86' lang='lat' dir='ltr'><strong>Mihi</strong></span> <span class='ocrx_word' id='word_1_837' title='bbox 1555 2408 1670 2435; x_wconf 88' lang='lat' dir='ltr'><strong>namque</strong></span> <span class='ocrx_word' id='word_1_838' title='bbox 1682 2400 1795 2434; x_wconf 88' lang='lat' dir='ltr'><strong>videtur,</strong></span> <span class='ocrx_word' id='word_1_839' title='bbox 1804 2409 1856 2428; x_wconf 93' lang='lat' dir='ltr'><strong>non</strong></span> 
     </span>
    </p>
   </div>
   <div class='ocr_carea' id='block_1_112' title="bbox 1063 2443 1858 2481">
    <p class='ocr_par' dir='ltr' id='par_1_112' title="bbox 1063 2443 1858 2481">
     <span class='ocr_line' id='line_1_112' title="bbox 1063 2443 1858 2481; baseline 0.006 -11"><span class='ocrx_word' id='word_1_840' title='bbox 1063 2444 1123 2471; x_wconf 88' lang='lat' dir='ltr'><strong>aliis</strong></span> <span class='ocrx_word' id='word_1_841' title='bbox 1141 2443 1233 2477; x_wconf 89' lang='lat' dir='ltr'><strong>modo,</strong></span> <span class='ocrx_word' id='word_1_842' title='bbox 1247 2445 1294 2472; x_wconf 90' lang='lat' dir='ltr'><strong>sed</strong></span> <span class='ocrx_word' id='word_1_843' title='bbox 1311 2449 1338 2472; x_wconf 90' lang='lat' dir='ltr'><strong>et</strong></span> <span class='ocrx_word' id='word_1_844' title='bbox 1351 2445 1434 2473; x_wconf 87' lang='lat' dir='ltr'><strong>l‘ratre</strong></span> <span class='ocrx_word' id='word_1_845' title='bbox 1447 2453 1552 2481; x_wconf 86' lang='lat' dir='ltr'><strong>quoque</strong></span> <span class='ocrx_word' id='word_1_846' title='bbox 1574 2454 1624 2474; x_wconf 84' lang='lat' dir='ltr'><strong>suo</strong></span> <span class='ocrx_word' id='word_1_847' title='bbox 1645 2446 1776 2474; x_wconf 87' lang='lat' dir='ltr'><strong>Joannem</strong></span> <span class='ocrx_word' id='word_1_848' title='bbox 1797 2454 1858 2475; x_wconf 83' lang='lat' dir='ltr'><strong>esse</strong></span> 
     </span>
    </p>
   </div>
   <div class='ocr_carea' id='block_1_113' title="bbox 1064 2490 1857 2526">
    <p class='ocr_par' dir='ltr' id='par_1_113' title="bbox 1064 2490 1857 2526">
     <span class='ocr_line' id='line_1_113' title="bbox 1064 2490 1857 2526; baseline 0.004 -10"><span class='ocrx_word' id='word_1_849' title='bbox 1064 2490 1206 2524; x_wconf 89' lang='lat' dir='ltr'><strong>majorem.</strong></span> <span class='ocrx_word' id='word_1_850' title='bbox 1227 2490 1327 2518; x_wconf 89' lang='lat' dir='ltr'><strong>Deinde</strong></span> <span class='ocrx_word' id='word_1_851' title='bbox 1340 2499 1401 2518; x_wconf 90' lang='lat' dir='ltr'><strong>cum</strong></span> <span class='ocrx_word' id='word_1_852' title='bbox 1419 2491 1541 2525; x_wconf 86' lang='lat' dir='ltr'><strong>dixisset,</strong></span> <span class='ocrx_word' id='word_1_853' title='bbox 1558 2491 1694 2526; x_wconf 81' lang='lat' dir='ltr'><strong>Philippus</strong></span> <span class='ocrx_word' id='word_1_854' title='bbox 1708 2497 1732 2519; x_wconf 80' lang='lat' dir='ltr'><strong>et</strong></span> <span class='ocrx_word' id='word_1_855' title='bbox 1744 2491 1857 2520; x_wconf 84' lang='lat' dir='ltr'><strong>Bartho-</strong></span> 
     </span>
    </p>
   </div>
   <div class='ocr_carea' id='block_1_114' title="bbox 1065 2535 1857 2573">
    <p class='ocr_par' dir='ltr' id='par_1_114' title="bbox 1065 2535 1857 2573">
     <span class='ocr_line' id='line_1_114' title="bbox 1065 2535 1857 2573; baseline 0.005 -12"><span class='ocrx_word' id='word_1_856' title='bbox 1065 2535 1180 2569; x_wconf 68' lang='lat' dir='ltr'><strong>lauimus,</strong></span> <span class='ocrx_word' id='word_1_857' title='bbox 1196 2536 1334 2570; x_wconf 77' lang='lat' dir='ltr'><strong>subjuusit</strong></span> <span class='ocrx_word' id='word_1_858' title='bbox 1347 2545 1353 2563; x_wconf 91' lang='lat'><strong>:</strong></span> <span class='ocrx_word' id='word_1_859' title='bbox 1371 2536 1481 2565; x_wconf 82' lang='lat' dir='ltr'><strong>Thomas</strong></span> <span class='ocrx_word' id='word_1_860' title='bbox 1507 2542 1530 2564; x_wconf 84' lang='lat' dir='ltr'><strong>et</strong></span> <span class='ocrx_word' id='word_1_861' title='bbox 1545 2536 1681 2565; x_wconf 73' lang='lat' dir='ltr'><strong>Matthwus</strong></span> <span class='ocrx_word' id='word_1_862' title='bbox 1696 2538 1857 2573; x_wconf 81' lang='lat' dir='ltr'><strong>publicanus.</strong></span> 
     </span>
    </p>
   </div>
   <div class='ocr_carea' id='block_1_115' title="bbox 1066 2573 1859 2619">
    <p class='ocr_par' dir='ltr' id='par_1_115' title="bbox 1066 2573 1859 2619">
     <span class='ocr_line' id='line_1_115' title="bbox 1066 2573 1859 2619; baseline 0.004 -11"><span class='ocrx_word' id='word_1_863' title='bbox 1066 2581 1163 2608; x_wconf 86' lang='lat' dir='ltr'><strong>Verum</strong></span> <span class='ocrx_word' id='word_1_864' title='bbox 1187 2589 1238 2608; x_wconf 89' lang='lat' dir='ltr'><strong>non</strong></span> <span class='ocrx_word' id='word_1_865' title='bbox 1255 2583 1293 2610; x_wconf 88' lang='lat' dir='ltr'><strong>sic</strong></span> <span class='ocrx_word' id='word_1_866' title='bbox 1306 2582 1402 2615; x_wconf 82' lang='lat' dir='ltr'><strong>Lucas,</strong></span> <span class='ocrx_word' id='word_1_867' title='bbox 1417 2583 1463 2610; x_wconf 87' lang='lat' dir='ltr'><strong>sed</strong></span> <span class='ocrx_word' id='word_1_868' title='bbox 1484 2573 1591 2611; x_wconf 75' lang='lat' dir='ltr'><strong>inverso</strong></span> <span class='ocrx_word' id='word_1_869' title='bbox 1611 2584 1715 2616; x_wconf 83' lang='lat' dir='ltr'><strong>ordine,</strong></span> <span class='ocrx_word' id='word_1_870' title='bbox 1731 2584 1859 2619; x_wconf 90' lang='lat' dir='ltr'><strong>ponitque</strong></span> 
     </span>
    </p>
   </div>
   <div class='ocr_carea' id='block_1_116' title="bbox 1065 2627 1859 2664">
    <p class='ocr_par' dir='ltr' id='par_1_116' title="bbox 1065 2627 1859 2664">
     <span class='ocr_line' id='line_1_116' title="bbox 1065 2627 1859 2664; baseline 0.004 -10"><span class='ocrx_word' id='word_1_871' title='bbox 1065 2627 1139 2654; x_wconf 90' lang='lat' dir='ltr'><strong>illum</strong></span> <span class='ocrx_word' id='word_1_872' title='bbox 1155 2633 1218 2656; x_wconf 86' lang='lat' dir='ltr'><strong>ante</strong></span> <span class='ocrx_word' id='word_1_873' title='bbox 1234 2628 1364 2656; x_wconf 86' lang='lat' dir='ltr'><strong>Thomam</strong></span> <span class='ocrx_word' id='word_1_874' title='bbox 1385 2629 1461 2664; x_wconf 75' lang='lat' dir='ltr'><strong>(Luc.</strong></span> <span class='ocrx_word' id='word_1_875' title='bbox 1485 2630 1513 2657; x_wconf 90' lang='lat'><strong>6.</strong></span> <span class='ocrx_word' id='word_1_876' title='bbox 1537 2629 1581 2664; x_wconf 65' lang='lat' dir='ltr'><strong>ll)</strong></span> <span class='ocrx_word' id='word_1_877' title='bbox 1616 2629 1716 2657; x_wconf 86' lang='lat' dir='ltr'><strong>Deinde</strong></span> <span class='ocrx_word' id='word_1_878' title='bbox 1738 2630 1859 2664; x_wconf 86' lang='lat' dir='ltr'><strong>sequitur</strong></span> 
     </span>
    </p>
   </div>
   <div class='ocr_carea' id='block_1_117' title="bbox 1064 2673 1858 2709">
    <p class='ocr_par' dir='ltr' id='par_1_117' title="bbox 1064 2673 1858 2709">
     <span class='ocr_line' id='line_1_117' title="bbox 1064 2673 1858 2709; baseline 0.001 -8"><span class='ocrx_word' id='word_1_879' title='bbox 1064 2673 1178 2702; x_wconf 88' lang='lat' dir='ltr'><strong>Jacobus</strong></span> <span class='ocrx_word' id='word_1_880' title='bbox 1190 2674 1304 2709; x_wconf 75' lang='lat' dir='ltr'><strong>Alpluui.</strong></span> <span class='ocrx_word' id='word_1_881' title='bbox 1317 2675 1381 2702; x_wconf 86' lang='lat' dir='ltr'><strong>Erat</strong></span> <span class='ocrx_word' id='word_1_882' title='bbox 1395 2675 1477 2708; x_wconf 85' lang='lat' dir='ltr'><strong>enim,</strong></span> <span class='ocrx_word' id='word_1_883' title='bbox 1490 2680 1518 2702; x_wconf 93' lang='lat' dir='ltr'><strong>ut</strong></span> <span class='ocrx_word' id='word_1_884' title='bbox 1533 2675 1597 2706; x_wconf 80' lang='lat' dir='ltr'><strong>disi,</strong></span> <span class='ocrx_word' id='word_1_885' title='bbox 1612 2676 1679 2702; x_wconf 90' lang='lat' dir='ltr'><strong>alius</strong></span> <span class='ocrx_word' id='word_1_886' title='bbox 1691 2675 1811 2703; x_wconf 67' lang='lat' dir='ltr'><strong>Zebedaai</strong></span> <span class='ocrx_word' id='word_1_887' title='bbox 1825 2676 1858 2702; x_wconf 88' lang='lat' dir='ltr'><strong>li-</strong></span> 
     </span>
    </p>
   </div>
   <div class='ocr_carea' id='block_1_118' title="bbox 1065 2720 1860 2756">
    <p class='ocr_par' dir='ltr' id='par_1_118' title="bbox 1065 2720 1860 2756">
     <span class='ocr_line' id='line_1_118' title="bbox 1065 2720 1860 2756; baseline 0.003 -10"><span class='ocrx_word' id='word_1_888' title='bbox 1065 2720 1126 2747; x_wconf 87' lang='lat' dir='ltr'><strong>lius.</strong></span> <span class='ocrx_word' id='word_1_889' title='bbox 1142 2720 1238 2748; x_wconf 85' lang='lat' dir='ltr'><strong>Postea</strong></span> <span class='ocrx_word' id='word_1_890' title='bbox 1252 2728 1312 2748; x_wconf 91' lang='lat' dir='ltr'><strong>cum</strong></span> <span class='ocrx_word' id='word_1_891' title='bbox 1327 2721 1438 2749; x_wconf 82' lang='lat' dir='ltr'><strong>dixisset</strong></span> <span class='ocrx_word' id='word_1_892' title='bbox 1451 2721 1657 2756; x_wconf 64' lang='lat' dir='ltr'><strong>Lebbmum,qui</strong></span> <span class='ocrx_word' id='word_1_893' title='bbox 1672 2727 1699 2749; x_wconf 88' lang='lat' dir='ltr'><strong>et</strong></span> <span class='ocrx_word' id='word_1_894' title='bbox 1708 2721 1860 2749; x_wconf 53' lang='lat' dir='ltr'><strong>Thadda‘us</strong></span> 
     </span>
    </p>
   </div>
   <div class='ocr_carea' id='block_1_119' title="bbox 1066 2766 1858 2802">
    <p class='ocr_par' dir='ltr' id='par_1_119' title="bbox 1066 2766 1858 2802">
     <span class='ocr_line' id='line_1_119' title="bbox 1066 2766 1858 2802; baseline 0.003 -10"><span class='ocrx_word' id='word_1_895' title='bbox 1066 2766 1221 2800; x_wconf 90' lang='lat' dir='ltr'><strong>vocabatur,</strong></span> <span class='ocrx_word' id='word_1_896' title='bbox 1236 2772 1263 2794; x_wconf 86' lang='lat' dir='ltr'><strong>ct</strong></span> <span class='ocrx_word' id='word_1_897' title='bbox 1287 2766 1424 2795; x_wconf 87' lang='lat' dir='ltr'><strong>Simonem</strong></span> <span class='ocrx_word' id='word_1_898' title='bbox 1444 2767 1572 2800; x_wconf 86' lang='lat' dir='ltr'><strong>Zeloten,</strong></span> <span class='ocrx_word' id='word_1_899' title='bbox 1592 2775 1671 2802; x_wconf 89' lang='lat' dir='ltr'><strong>quem</strong></span> <span class='ocrx_word' id='word_1_900' title='bbox 1695 2767 1858 2794; x_wconf 71' lang='lat' dir='ltr'><strong>Cananmum</strong></span> 
     </span>
    </p>
   </div>
   <div class='ocr_carea' id='block_1_120' title="bbox 1065 2812 1858 2848">
    <p class='ocr_par' dir='ltr' id='par_1_120' title="bbox 1065 2812 1858 2848">
     <span class='ocr_line' id='line_1_120' title="bbox 1065 2812 1858 2848; baseline 0.003 -11"><span class='ocrx_word' id='word_1_901' title='bbox 1065 2816 1152 2844; x_wconf 89' lang='lat' dir='ltr'><strong>vocat,</strong></span> <span class='ocrx_word' id='word_1_902' title='bbox 1166 2812 1199 2839; x_wconf 85' lang='lat' dir='ltr'><strong>ad</strong></span> <span class='ocrx_word' id='word_1_903' title='bbox 1216 2813 1377 2848; x_wconf 89' lang='lat' dir='ltr'><strong>proditorem</strong></span> <span class='ocrx_word' id='word_1_904' title='bbox 1393 2814 1466 2841; x_wconf 89' lang='lat' dir='ltr'><strong>venit</strong></span> <span class='ocrx_word' id='word_1_905' title='bbox 1482 2822 1489 2840; x_wconf 91' lang='lat'>:</span> <span class='ocrx_word' id='word_1_906' title='bbox 1514 2820 1600 2848; x_wconf 89' lang='lat' dir='ltr'><strong>neque</strong></span> <span class='ocrx_word' id='word_1_907' title='bbox 1614 2818 1644 2840; x_wconf 89' lang='lat' dir='ltr'><strong>ut</strong></span> <span class='ocrx_word' id='word_1_908' title='bbox 1667 2813 1792 2841; x_wconf 87' lang='lat' dir='ltr'><strong>inimicus</strong></span> <span class='ocrx_word' id='word_1_909' title='bbox 1814 2812 1858 2840; x_wconf 89' lang='lat' dir='ltr'><strong>vel</strong></span> 
     </span>
    </p>
   </div>
   <div class='ocr_carea' id='block_1_121' title="bbox 1066 2858 1856 2894">
    <p class='ocr_par' dir='ltr' id='par_1_121' title="bbox 1066 2858 1856 2894">
     <span class='ocr_line' id='line_1_121' title="bbox 1066 2858 1856 2894; baseline 0.001 -8"><span class='ocrx_word' id='word_1_910' title='bbox 1066 2858 1161 2894; x_wconf 80' lang='lat' dir='ltr'><strong>hostis,</strong></span> <span class='ocrx_word' id='word_1_911' title='bbox 1177 2859 1223 2888; x_wconf 88' lang='lat' dir='ltr'><strong>scd</strong></span> <span class='ocrx_word' id='word_1_912' title='bbox 1240 2863 1268 2888; x_wconf 89' lang='lat' dir='ltr'><strong>ut</strong></span> <span class='ocrx_word' id='word_1_913' title='bbox 1290 2859 1429 2889; x_wconf 84' lang='lat' dir='ltr'><strong>historiam</strong></span> <span class='ocrx_word' id='word_1_914' title='bbox 1453 2859 1576 2888; x_wconf 83' lang='lat' dir='ltr'><strong>scribens</strong></span> <span class='ocrx_word' id='word_1_915' title='bbox 1596 2859 1636 2888; x_wconf 88' lang='lat' dir='ltr'><strong>sic</strong></span> <span class='ocrx_word' id='word_1_916' title='bbox 1657 2860 1771 2889; x_wconf 88' lang='lat' dir='ltr'><strong>vocavit.</strong></span> <span class='ocrx_word' id='word_1_917' title='bbox 1798 2859 1856 2888; x_wconf 85' lang='lat' dir='ltr'><strong>Non</strong></span> 
     </span>
    </p>
   </div>
  </div>
