2067 3134
200 120 248 149 581

202 180 283 214 dixit,
305 178 491 207 Exsecrandus
512 178 554 207 vel
576 178 791 211 scelestissimus,
807 177 853 204 sed
874 185 908 205 cx
924 176 988 203 urbe

205 229 291 262 ipsum
303 226 512 261 cognominavit,
529 226 554 253 ὁ.
570 225 653 252 ludas
671 224 814 252 Iscariotes.
832 223 897 250 Erat
919 223 989 250 enim

203 274 272 299 alius
282 272 365 299 ludas
375 272 515 304 Lebbzeus,
524 272 568 307 qui
579 270 817 306 cognominabatur
830 268 989 299 Thadda-us,

202 325 282 353 quem
301 317 391 345 Jacobi
409 325 469 345 esse
484 317 565 344 [ilium
581 317 617 344 ait
635 317 719 344 Lucas
733 316 834 347 dicens,
847 315 930 341 ludas
943 313 991 339 Ja-

201 363 256 390 cobi
270 363 346 398 (Luc.
363 363 390 390 6.
406 363 463 398 ‘16).
480 363 520 390 Ah
543 363 594 390 hoc
617 363 696 398 igitur
720 362 792 388 illum
814 360 989 395 distinguens,

201 411 257 437 ait:
273 410 357 437 ludat
368 409 512 440 lrcariotes,
528 409 571 444 qui
588 409 692 436 tradidit
707 416 771 435 eum.
796 407 887 442 Neque
911 406 992 440 pudet

201 456 289 491 ipsum
309 456 410 487 dicere,
425 455 474 489 Qui
489 454 604 489 prodidit
623 455 718 489 ipsum.
739 453 775 480 Ita
791 459 934 486 numquam
948 459 989 483 ea,

201 510 261 536 qua:
282 501 466 536 vituperabilia
480 500 637 528 videbantur
658 507 729 531 esse,
752 498 989 534 praetermiserunt.

203 547 310 574 Primus
333 547 451 574 omnium
466 551 506 574 est
522 545 679 581 coryphatus
695 545 835 572 illiteratus
849 548 876 571 et
898 543 990 570 idiota.

202 592 255 620 Sed
270 592 408 620 videamus
420 599 473 627 quo
486 596 514 619 et
529 591 562 618 ad
575 598 704 625 quosnam
720 591 806 617 mittat
825 589 885 616 illos
903 589 992 616 Jesus.

203 639 230 666 5.
249 638 302 666 Hos
317 639 459 671 duodecim,
474 638 569 672 inquit,
586 637 651 663 misit
671 636 756 663 Iesus.
772 636 906 669 Quosnam
925 642 991 670 qua-

204 685 295 712 lesve?
319 685 476 715 Piscatores,
501 684 678 718 publicanos:
699 690 759 709 nam
783 686 896 717 quatuor
917 685 993 708 erant

204 731 364 766 piscatores.
379 735 407 758 et
429 730 483 757 duo
505 730 648 765 publicani,
664 729 805 756 Matthazus
816 733 844 756 et
858 727 992 760 Jacobus;

204 784 326 812 unusque
341 776 470 810 proditor.
487 777 520 803 Et
534 776 597 810 quid
615 776 667 803 illis
686 775 744 802 ait?
758 775 854 803 Statim
875 775 994 810 prrccipit

205 822 246 849 Itis
260 822 350 850 verbis
366 831 373 849 τ
389 821 422 849 In
437 822 501 849 viam
522 821 633 856 gentium
650 830 682 848 ne
694 821 814 853 abieritis,
829 826 851 847 et
864 821 890 848 in
904 821 993 848 civita-

204 873 254 895 tem
268 868 489 895 Samaritanorum
509 876 540 894 ne
554 867 705 894 intraveritt's
720 875 730 894 :
750 867 776 894 6.
797 867 842 894 sed
866 867 948 901 potius
962 867 995 894 ite

205 915 239 940 ad
258 921 315 940 oves
336 921 393 948 qua:
414 914 541 948 perierunt
555 914 644 940 domus
667 912 758 940 Israel.
774 912 812 940 Ne
827 913 935 947 putetis,
953 913 995 939 in-

205 959 272 993 quit,
292 959 351 994 quia
379 959 443 985 mihi
467 959 662 991 conviciantur,
683 963 710 985 et
732 958 924 985 dmmoniaeum
948 965 996 984 vo—

205 1009 278 1036 cant,
293 1012 335 1031 me
349 1003 409 1031 ideo
423 1004 485 1031 illos
497 1003 559 1030 odio
575 1003 673 1031 habere
687 1007 715 1030 et
732 1003 849 1030 aversari
864 1003 914 1039 (a).
930 1003 995 1030 Nam

206 1051 309 1078 priores
322 1050 381 1078 illos
395 1050 539 1078 emendare
550 1050 651 1083 studui,
661 1055 687 1077 et
697 1057 744 1077 vos
757 1050 791 1077 ab
804 1050 863 1077 aliis
873 1050 996 1077 omnibus

206 1097 313 1124 nbat-tos
329 1097 362 1124 ad
384 1097 445 1124 illos
464 1097 539 1124 mitto
560 1097 685 1123 doctores
703 1104 735 1123 ac
756 1097 884 1123 medicos.
905 1096 997 1131 Neque

206 1142 286 1170 modo
300 1147 360 1170 veto
374 1150 407 1170 ne
417 1142 476 1169 aliis
486 1147 548 1169 ante
561 1142 622 1169 illos
637 1141 806 1176 praedicetur,
817 1141 864 1168 sed
880 1149 914 1168 ne
927 1142 996 1168 viam

207 1189 314 1224 quidem
337 1189 470 1223 attingere
492 1196 551 1222 qua:
573 1188 626 1215 alio
644 1188 735 1220 ducat,
749 1195 800 1215 nec
821 1188 846 1214 in
862 1188 996 1215 civitatem

210 1235 298 1262 illaml
314 1235 413 1262 intrare
428 1234 563 1269 permitto.

242 1282 269 1308 4.
284 1281 441 1308 Samaritaui
466 1280 536 1308 enim
558 1279 710 1308 Judatorum
735 1285 811 1307 erant
830 1279 996 1307 adversarii:

208 1332 323 1354 attamen
338 1327 440 1354 facilior
458 1331 516 1354 erat
538 1326 571 1353 ibi
589 1326 758 1361 praedicatio;
781 1326 866 1353 multo
880 1326 949 1353 enim
965 1325 997 1353 ad

209 1373 287 1400 ﬁdem
301 1372 497 1407 suscipiendam
513 1373 659 1406 paratiores
673 1376 750 1399 erant
764 1381 771 1398 :
787 1372 812 1398 hi
828 1379 892 1399 vero
906 1371 998 1399 durio-

209 1427 270 1452 res;
285 1425 467 1447 verumtamen
481 1419 513 1446 ad
527 1419 675 1446 difﬁciliora
691 1419 770 1446 mittit
782 1419 856 1450 illos,
872 1419 910 1445 sic
925 1426 999 1446 suam

208 1473 270 1501 erga
284 1465 343 1492 illos
359 1464 550 1500 providentiam
564 1465 708 1492 ostendens
721 1485 728 1496 ,
743 1472 774 1491 ac
785 1464 938 1491 .ludworum
954 1472 1000 1490 ora

209 1511 334 1538 claudens
344 1531 352 1543 ,
366 1515 447 1545 atque
458 1510 490 1537 ad
508 1510 688 1544 apostolorum
701 1510 917 1545 prardicatiOncm
932 1510 1000 1536 viam

210 1566 306 1593 parans
318 1579 325 1589 ,
341 1566 374 1585 ne
386 1565 477 1584 rursus
493 1563 668 1590 accusarent,
684 1557 755 1592 quod
777 1557 809 1584 ad
823 1557 948 1593 Assyrios
963 1557 1001 1583 in-

210 1606 379 1634 circurneisos
395 1605 506 1640 ingressi
522 1610 612 1632 essent
622 1626 630 1638 ,
645 1609 670 1632 et
682 1605 780 1639 justam
792 1604 946 1632 viderentur
957 1604 1002 1630 Ira-

210 1652 273 1679 berc
291 1658 399 1679 causam
424 1651 495 1685 ipsos
513 1651 628 1686 fugiendi
652 1655 679 1678 et
693 1650 843 1677 aversandi.
861 1650 934 1685 Ipsos
953 1657 1002 1676 au-

211 1702 263 1725 tem
276 1704 340 1724 oves
350 1696 467 1732 perditas
482 1701 574 1729 vocat,
587 1703 639 1723 non
652 1704 712 1731 qua:
727 1695 813 1730 fugam
825 1696 1000 1730 susceperint,

211 1744 329 1778 undique
342 1743 395 1770 illis
409 1743 493 1770 venite
511 1743 621 1770 modum
642 1742 814 1777 exeogitans,
833 1742 1003 1777 ipsorumque

211 1790 315 1816 animos
330 1789 486 1825 pertrahens
496 1809 504 1822 ,
518 1796 550 1816 ac
567 1789 658 1815 dicens
671 1797 678 1815 :
691 1789 716 1815 7.
734 1788 829 1815 Euates
849 1789 1000 1823 prwdicote.

211 1837 328 1872 quoniam
342 1835 553 1871 appropinquavit
576 1843 681 1870 regnum
696 1835 825 1862 caelorum.
845 1834 937 1861 Vidcn‘
951 1835 1002 1861 ιιιί-

212 1883 313 1910 nisterii
339 1881 565 1917 magnitudinem?
580 1881 666 1908 viden‘
689 1881 868 1915 apostolorum
887 1881 1002 1916 dignita-

213 1928 287 1956 tem?
302 1927 372 1954 Nihil
389 1928 487 1955 sensile
499 1927 626 1961 jubentur
638 1926 742 1959 dicere;
756 1934 805 1954 nec
817 1927 885 1953 sicut
898 1927 1002 1963 Moyses

212 1981 239 2003 et
252 1975 386 2010 prophenc
398 1974 516 2009 priores;
530 1974 576 2001 sed
604 1981 671 2000 nova
693 1973 814 2008 qua'dam
830 1978 856 2000 et
879 1974 1003 2008 iuex-pe-

212 2025 291 2048 ctata.
304 2019 393 2055 Neque
405 2019 476 2046 enim
489 2019 548 2046 talia
563 2019 612 2053 ipsi
625 2018 817 2053 pmdicabant,
833 2018 879 2045 sed
893 2024 1001 2050 terram,

213 2070 241 2093 et
254 2071 358 2093 terrena
373 2065 440 2092 bona
458 2073 464 2091 :
482 2065 507 2091 hi
523 2069 610 2092 autem
623 2073 732 2100 regnum
749 2065 875 2091 czclorum
885 2086 892 2097 ,
907 2070 933 2091 et
945 2073 1004 2099 qua:

214 2111 249 2138 ibi
260 2115 321 2138 sunt
335 2111 434 2138 omnia.
453 2111 544 2145 Neque
567 2110 627 2138 inde
642 2111 729 2138 solum
747 2110 771 2137 bi
796 2111 911 2146 majores
923 2115 1002 2144 sunt,

214 2156 261 2184 sed
274 2157 353 2184 etiam
368 2164 402 2184 ex
423 2156 582 2184 obedientia.
598 2156 690 2191 Neque
710 2156 779 2183 enim
800 2161 940 2190 recusant,
956 2164 1002 2183 ue-

213 2211 265 2238 que
279 2207 437 2231 cunctantur
457 2203 527 2230 sicut
540 2206 645 2230 veteres
658 2202 694 2230 illi
707 2203 717 2218 '
731 2211 738 2229 :
753 2201 799 2229 sed
814 2202 917 2230 etiamsi
932 2203 1003 2237 peri-

213 2249 272 2276 cula
285 2270 292 2283 ,
312 2249 382 2277 bella
397 2253 424 2276 et
438 2248 614 2276 intolerabilia
631 2248 699 2275 mala
712 2249 835 2281 audiant,
848 2256 908 2276 cum
924 2249 1004 2276 obse-

214 2297 322 2332 quentia
335 2297 417 2324 multa
439 2297 567 2331 imperata
588 2295 753 2330 suscipiunt,
766 2300 856 2330 utpote
870 2296 914 2330 qui
929 2296 1002 2331 regni

215 2342 267 2369 sint
281 2349 428 2377 praecones.
445 2341 479 2368 Et
493 2341 555 2376 quid
572 2341 668 2368 mirum
679 2362 686 2374 ,
703 2341 822 2376 inquies,
839 2342 860 2368 si
876 2341 944 2368 nihi!
955 2341 1004 2368 du-

215 2397 273 2416 rum
289 2393 317 2417 et
329 2396 452 2423 asperum
464 2388 631 2422 pra‘dicaluri
642 2409 650 2421 ,
662 2388 750 2415 subito
761 2387 923 2422 paruerunt?
935 2387 1003 2420 Quid

216 2433 301 2462 dicis?
317 2433 383 2461 nihil
397 2433 493 2461 durum
510 2433 655 2468 prmdicarc
668 2432 736 2468 jussi
760 2433 839 2460 sunt?
853 2441 905 2460 non
929 2433 1004 2460 audis

216 2487 338 2507 carceres
348 2500 357 2512 ,
370 2479 544 2506 abductioncs
554 2478 587 2506 ad
603 2483 715 2506 mortem
726 2499 734 2512 ,
748 2479 815 2506 bella
826 2478 914 2506 civilia
925 2498 932 2512 ,
947 2478 1005 2506 uni-

214 2533 354 2553 versorum
364 2525 466 2559 odium,
477 2532 537 2560 qua:
550 2523 710 2559 omniaipsis
719 2524 798 2560 paulo
810 2527 869 2559 post
878 2529 1004 2552 eventura

216 2579 276 2599 esse
290 2571 414 2599 dicebat?
434 2570 498 2598 Illos
511 2578 626 2605 namque
640 2570 720 2597 mittit
739 2578 891 2605 praecones,
906 2575 933 2598 ut
946 2570 1005 2599 aliis

217 2618 355 2645 innumera
380 2618 448 2645 bona
472 2617 634 2650 concilient;
656 2617 715 2644 illos
738 2625 802 2644 vero
829 2617 1005 2645 intolerabilia

218 2659 286 2686 mala
303 2665 429 2693 passuros
443 2667 503 2688 esse
515 2661 579 2688 dicit
593 2663 620 2688 et
634 2662 803 2695 praenuntiat.
820 2662 919 2690 Deinde
933 2666 960 2689 ut
974 2660 1004 2688 ιι-

246 2706 255 2721 ·
274 2705 325 2733 Alii,
338 2704 364 2729 in
372 2703 490 2730 cititatem
501 2703 713 2730 Samaritanorum.

247 2736 258 2751 ί
275 2735 365 2765 March,
374 2735 435 2761 sicut
445 2734 536 2761 ueteri.

246 2767 282 2800 (ᾳ)
299 2766 367 2800 Apud
379 2766 548 2800 Morel._verba
561 2769 644 2800 textus
655 2766 727 2800 praecl
739 2772 794 2797 quae
809 2767 958 2800 respondeat
966 2767 1005 2793 his

215 2795 314 2822 vocibus
322 2795 414 2828 latinis,
426 2797 483 2828 quia
498 2796 559 2822 ari/rt
570 2795 781 2828 coniﬁciaruurj...
801 2795 858 2822 odio
876 2797 964 2823 [tubere
980 2801 1004 2823 ei

214 2828 332 2861 aversari,
343 2827 412 2859 lapsu
423 2827 537 2861 graphice
549 2827 699 2861 exciderant.
711 2828 757 2852 Sed
768 2829 793 2853 in
812 2828 866 2854 aliis
876 2829 1003 2861 exetnph-

215 2860 284 2885 ribus
294 2858 463 2891 ba1\eutur,’ct
472 2858 502 2884 ad
512 2859 604 2885 seriem
613 2859 777 2891 requiruntur.

674 118 707 146 IN
726 117 930 147 MATTHEUM
951 116 1065 145 llOMlL.
1085 116 1193 146 XXXII.
1213 119 1249 146 al.
1269 120 1388 148 XXXI".

1777 123 1830 152 582

1044 172 1084 199 los
1093 173 1143 200 tidc
1153 173 1247 208 dignos
1256 175 1358 205 reddat,
1369 175 1405 202 ait
1418 184 1424 202 :
1436 175 1462 203 8.
1480 175 1600 211 Infirmus
1610 183 1704 213 curate,
1719 180 1831 215 leprosos

1043 219 1160 245 "mndata
1170 220 1189 252 ',
1200 219 1325 247 drcrnoaia
1333 222 1414 256 rjicite
1422 230 1431 249 :
1439 223 1518 257 gratia
1525 225 1666 258 accepistis,
1675 227 1752 260 gratis
1762 229 1829 253 date.

1042 263 1108 291 Vide
1119 266 1253 300 quounrdo
1269 274 1372 294 morum
1387 275 1478 294 curam
1494 268 1608 302 habeat,
1628 271 1739 305 perinde
1750 276 1831 306 atque

1041 309 1176 344 signorum
1190 332 1197 343 ,
1213 313 1357 340 ostendens
1370 313 1443 348 signa
1456 314 1515 341 sine
1538 315 1655 342 moribus
1669 317 1733 343 nihil
1760 325 1830 345 esse.

1041 355 1106 382 Nam
1133 364 1166 384 ne
1193 357 1273 384 altum
1312 359 1438 392 sapiant,
1465 361 1537 394 ipsos
1561 362 1683 394 reprimit
1715 363 1830 390 dicens:

1042 400 1126 428 Gratis
1139 403 1270 436 accepistis
1282 425 1290 436 ,
1303 406 1381 439 gratis
1395 405 1468 438 dote;
1482 410 1509 432 et
1523 411 1551 432 ut
1563 407 1596 433 ab
1607 414 1698 434 amore
1713 410 1832 443 pecunia:

1040 447 1201 481 abstineant,
1217 450 1346 483 providet.
1360 451 1462 478 Deinde
1476 460 1508 479 ne
1523 457 1680 487 putarentur
1690 454 1747 482 h:rc
1759 460 1829 482 tanta

1040 500 1121 529 opera
1133 495 1167 521 ab
1181 495 1233 522 illis
1248 496 1377 530 proﬁcisci
1389 518 1395 529 ,
1413 505 1479 525 neve
1495 499 1528 526 de
1549 499 1630 534 signis
1644 502 1830 536 superbireut,

1039 540 1077 566 ait
1090 547 1097 566 :
1112 539 1195 567 Gratis
1214 543 1354 577 accepistis.
1368 543 1437 571 Nihil
1452 545 1581 579 largimini
1599 546 1630 573 iis
1643 547 1688 581 qui
1701 555 1748 574 vos
1762 549 1832 575 reei-

1041 586 1116 621 piunt
1131 596 1137 614 :
1153 595 1239 622 neque
1266 589 1336 615 enim
1364 590 1389 617 in
1407 591 1557 618 mercedem
1572 593 1612 619 vel
1637 600 1685 626 pro
1696 593 1832 622 laboribus

1041 632 1084 659 illa
1099 633 1239 667 accepistis
1254 643 1261 661 :
1276 643 1332 661 mea
1346 637 1444 671 quippe
1458 641 1499 664 est
1513 638 1607 672 gratia.
1624 638 1723 666 Eodem
1743 640 1832 674 itaque

1040 680 1120 707 modo
1144 681 1195 707 illis
1217 681 1279 708 date
1292 691 1297 708 :
1312 690 1398 717 neque
1411 684 1482 710 enirn
1509 684 1667 719 condignum
1694 686 1758 720 ipsis
1773 695 1832 721 prc-

1042 726 1106 753 tium
1123 728 1240 762 reperire
1254 734 1304 755 est.
1328 729 1429 757 Deinde
1453 731 1582 758 malorum
1610 732 1724 760 radicem
1740 734 1830 760 statim

1040 774 1174 808 evellcns,
1193 774 1229 802 ait
1243 786 1250 802 :
1265 775 1291 802 9.
1308 775 1394 803 Nolite
1409 777 1536 812 possidere
1557 787 1646 805 aurarii
1658 800 1665 810 ,
1691 788 1769 813 neque
1789 789 1832 806 ar-

1040 825 1142 854 gentum
1158 841 1166 853 ,
1188 829 1266 854 neque
1286 822 1416 855 pecuniam
1441 823 1467 849 in
1490 831 1561 850 zonis
1582 825 1685 856 vestris,
1709 826 1753 853 10.
1781 835 1832 853 non

1041 874 1127 900 peram
1141 867 1174 892 ad
1191 867 1267 900 viam,
1282 875 1360 901 neque
1370 867 1433 894 ditas
1447 869 1553 900 tunicas,
1566 878 1643 902 neque
1652 871 1831 903 calceamenta,

1041 920 1121 946 neque
1134 912 1238 947 virgam.
1250 912 1306 939 Non
1320 913 1396 945 dixit,
1410 913 1466 941 Non
1479 914 1614 947 accipiatis
1627 915 1775 948 vobiscum;
1785 917 1832 943 sed

1041 958 1145 985 etiamsi
1159 958 1266 986 aliunde
1281 959 1365 993 possis
1378 959 1508 994 accipere,
1519 959 1579 994 fuge
1589 961 1686 986 malum
1699 962 1828 989 morbum.

1041 1002 1098 1030 lloc
1109 1003 1179 1030 enim
1195 1010 1328 1039 pra-cepto
1342 1005 1424 1031 multa
1446 1005 1584 1032 commoda
1604 1006 1740 1033 obtinebat
1754 1014 1761 1033 :
1776 1008 1832 1042 pri-

1042 1056 1097 1080 mo,
1113 1054 1142 1075 ut
1155 1049 1225 1076 nulla
1240 1050 1274 1077 sit
1287 1051 1320 1077 de
1332 1051 1469 1085 discipulis
1484 1051 1615 1085 suspicio;
1630 1052 1748 1080 secundo
1759 1073 1766 1085 ,
1781 1053 1833 1081 illis

1045 1101 1138 1121 curam
1149 1100 1256 1120 omnem
1268 1093 1372 1125 adimit,
1382 1093 1418 1120 ita
1427 1098 1456 1121 ut
1468 1093 1553 1121 otium
1561 1096 1831 1131 omneiupr:ediean-

1045 1139 1080 1165 do
1099 1138 1182 1165 verbo
1204 1143 1381 1171 consumant;
1399 1138 1487 1170 tertio,
1501 1146 1576 1165 suam
1595 1139 1654 1167 illos
1669 1146 1829 1175 potestatem

1042 1186 1131 1213 docet.
1147 1187 1202 1213 lloc
1215 1187 1294 1214 etiam
1310 1193 1402 1222 postea
1419 1187 1483 1214 dicit
1504 1188 1556 1215 illis
1571 1197 1577 1214 :
1594 1189 1660 1215 Num
1675 1189 1737 1223 quid
1750 1189 1834 1217 defuit

1044 1232 1131 1264 vobis,
1145 1233 1251 1268 quando
1264 1239 1312 1260 vos
1329 1234 1388 1261 misi
1413 1235 1499 1261 nudos
1521 1239 1547 1261 et
1569 1235 1628 1262 sine
1647 1236 1766 1263 calceis?
1779 1237 1833 1264 Ne-

1043 1285 1095 1313 que
1109 1280 1197 1306 statim
1225 1280 1308 1313 dicit,
1336 1280 1424 1307 Nolite
1456 1281 1604 1315 possidere:
1624 1282 1671 1308 sed
1695 1287 1833 1317 postquam

1044 1325 1130 1353 dixit:
1152 1326 1278 1361 Leprosos
1293 1328 1427 1360 muudate,
1442 1328 1567 1355 (immania
1590 1329 1687 1364 cjicite,
1714 1334 1776 1357 tunc
1797 1331 1834 1357 ita

1044 1371 1162 1406 loquitur
1173 1393 1180 1403 ,
1203 1372 1291 1399 Nolite
1309 1374 1455 1407 possidere,-
1471 1379 1550 1409 atque
1566 1374 1674 1409 adjicit,
1691 1374 1776 1402 Gratia
1790 1384 1833 1402 ac-

1045 1419 1145 1452 cepistis
1158 1439 1165 1450 ,
1181 1419 1258 1453 gratis
1271 1419 1347 1451 date;
1364 1419 1480 1454 ipsisque
1495 1425 1522 1446 ct
1532 1421 1602 1455 quod
1625 1426 1833 1448 consentaucmn

1044 1465 1195 1500 decensque
1207 1470 1309 1499 erat,ct
1325 1466 1395 1500 quod
1412 1466 1536 1501 possibile
1558 1467 1644 1502 reipsa
1661 1468 1761 1495 tribuit.
1783 1468 1834 1495 Sed

1044 1511 1140 1538 dixerit
1157 1511 1225 1538 forte
1239 1512 1385 1546 quispiam,
1403 1517 1499 1540 czetcra
1514 1513 1621 1548 quidem
1646 1514 1741 1542 rationi
1766 1523 1831 1542 con-

1045 1562 1171 1584 sentanea
1193 1565 1273 1589 esse,
1288 1558 1333 1585 sed
1360 1566 1412 1585 non
1434 1566 1524 1593 peram
1547 1559 1572 1585 iu
1587 1560 1628 1586 via
1655 1559 1768 1592 habere,
1783 1569 1835 1588 non

1045 1604 1110 1630 duas
1125 1603 1236 1634 tunicas,
1252 1611 1304 1630 non
1318 1604 1428 1638 virgam,
1445 1612 1496 1631 non
1509 1605 1687 1632 calceamenta
1703 1614 1751 1633 cur
1767 1615 1837 1640 pra:—

1045 1650 1136 1684 cepit‘!
1155 1649 1189 1677 Ut
1204 1650 1263 1677 illos
1278 1650 1311 1676 ad
1328 1656 1480 1678 accuratam
1504 1652 1565 1678 vine
1585 1653 1714 1679 rationem
1727 1653 1836 1680 orrruiuo

1045 1700 1186 1723 exerceret
1199 1705 1205 1723 :
1223 1696 1352 1731 siquidem
1366 1697 1488 1731 superius
1501 1705 1535 1724 ne
1547 1697 1581 1725 de
1593 1699 1713 1733 sequenti
1728 1699 1835 1733 quidem

1045 1741 1089 1769 die
1102 1750 1195 1769 curare
1208 1742 1338 1777 permisit.
1350 1741 1414 1768 Nam
1427 1742 1483 1769 orbi
1495 1743 1618 1770 doctores
1629 1743 1758 1770 missurus
1768 1749 1835 1774 erat.

1046 1788 1160 1823 ideoque
1173 1797 1204 1815 ex
1220 1789 1372 1815 hominibus
1385 1789 1493 1823 angelos
1504 1810 1512 1822 ,
1529 1794 1557 1816 ut
1571 1790 1606 1816 ita
1622 1790 1708 1817 dicam
1721 1811 1727 1823 ,
1744 1791 1835 1823 efﬁcit,

1046 1834 1079 1861 ab
1087 1834 1159 1861 omni
1168 1835 1229 1862 vita:
1236 1841 1299 1861 cura
1310 1834 1424 1866 solvens,
1436 1840 1463 1862 ut
1475 1843 1553 1862 unam
1564 1836 1599 1862 illi
1608 1835 1755 1863 doctrinam
1767 1844 1839 1863 cura-

1046 1885 1123 1908 rent:
1139 1880 1193 1907 imo
1207 1885 1234 1907 et
1257 1880 1305 1907 hac
1327 1879 1386 1906 illos
1406 1887 1470 1907 cura
1495 1880 1607 1914 liberat,
1626 1881 1738 1909 dicens:
1753 1881 1838 1909 Nolite

1047 1926 1155 1961 cogitare
1167 1927 1290 1960 quomodo
1305 1931 1348 1952 aut
1370 1926 1431 1961 quid
1450 1926 1588 1960 [aquantini
1604 1926 1710 1960 (Matth.
1721 1927 1764 1954 10.
1781 1929 1836 1963 19).

1048 1971 1085 1998 lta
1099 1976 1127 1998 ut
1141 1971 1211 2006 quod
1227 1971 1331 1999 videtur
1344 1971 1440 1999 durum
1453 1979 1651 2007 onemsumque
1664 1980 1734 2004 esse,
1747 1973 1770 1999 id
1785 1973 1838 2000 illis

1048 2017 1125 2045 facile
1145 2018 1351 2053 expeditumque
1374 2018 1418 2044 sit.
1442 2017 1511 2045 Nihil
1527 2018 1597 2044 enim
1621 2018 1838 2052 tranquillitatem

1047 2065 1129 2098 animi
1152 2065 1235 2099 magis
1256 2065 1343 2099 parit,
1359 2072 1439 2098 (lnam
1462 2071 1477 2090 a
1500 2071 1562 2091 cura
1586 2063 1709 2096 liberari;
1726 2065 1841 2092 maxime

1047 2119 1107 2138 cum
1120 2111 1168 2138 hac
1180 2111 1293 2143 liberati,
1306 2115 1414 2145 possent
1424 2110 1497 2137 nullo
1507 2118 1574 2145 opus
1586 2110 1693 2143 habere,
1707 2110 1761 2137 Deo
1773 2118 1839 2144 pra:—

1049 2162 1124 2184 sente
1136 2178 1143 2189 ,
1159 2157 1204 2191 qui
1220 2158 1338 2183 omnium
1352 2156 1409 2183 vice
1427 2156 1491 2190 ipsis
1504 2163 1564 2183 esse
1585 2156 1678 2189 possit.
1694 2155 1794 2182 Deinde
1806 2164 1840 2183 ne

1049 2202 1154 2234 dicent,
1173 2201 1247 2230 Unde
1262 2209 1326 2236 ergo
1341 2201 1494 2228 necessario
1509 2201 1570 2228 cibo
1585 2201 1722 2228 fruemur?
1737 2209 1790 2228 non
1800 2201 1842 2228 di-

1049 2249 1085 2276 cit
1099 2252 1151 2276 llllS
1167 2257 1174 2274 :
1186 2249 1303 2275 Audistis
1317 2248 1376 2280 quia
1387 2248 1442 2274 dixi
1456 2247 1531 2274 vobis
1547 2247 1618 2282 prius
1633 2255 1641 2274 :
1659 2247 1783 2282 Respicite
1796 2257 1842 2274 vo-

1050 2296 1130 2324 latilio
1143 2296 1197 2322 cadi
1211 2294 1315 2330 (Matth.
1330 2296 1356 2322 6.
1369 2295 1414 2328 26)
1442 2294 1558 2322 nondum
1569 2295 1639 2322 enim
1654 2299 1776 2329 poterant
1791 2296 1843 2322 tale

1051 2347 1211 2378 pra-ceptum
1227 2342 1353 2376 operibus
1368 2341 1512 2374 exhibere,
1535 2341 1581 2368 sed
1598 2341 1647 2367 hoc
1663 2341 1739 2376 longe
1754 2341 1842 2369 minus

1052 2389 1155 2417 induxit
1177 2397 1184 2416 :
1209 2388 1306 2424 Dignus
1325 2394 1360 2415 est
1385 2387 1518 2423 operarius
1539 2387 1595 2414 cibo
1615 2396 1661 2414 suo
1680 2388 1843 2415 :dcclarans

1052 2435 1124 2471 ipsos
1138 2443 1152 2462 a
1169 2435 1305 2470 discipulis
1318 2442 1378 2462 esse
1402 2434 1529 2467 alendus,
1545 2439 1574 2462 ut
1596 2442 1630 2462 ne
1645 2435 1692 2469 ipsi
1712 2434 1843 2462 adversus

1052 2481 1196 2516 discipulos
1216 2481 1298 2508 altum
1312 2486 1454 2516 saperent,
1475 2481 1551 2516 quasi
1572 2481 1660 2508 omnia
1676 2480 1842 2515 pra-benles,

1054 2527 1171 2562 nihilque
1190 2527 1353 2562 accipientes
1367 2527 1400 2553 ab
1415 2527 1483 2560 illis;
1499 2533 1585 2561 neque
1609 2525 1732 2560 discipuli
1752 2526 1841 2553 disce-

1053 2574 1146 2602 derent
1158 2574 1191 2601 ab
1207 2574 1258 2601 illis
1271 2573 1401 2608 despecti.

1088 2622 1115 2649 5.
1131 2620 1232 2648 Deinde
1245 2641 1252 2654 ,
1267 2628 1300 2647 ne
1314 2621 1436 2647 dicerent
1452 2628 1459 2646 :
1475 2619 1544 2654 Ergo
1560 2626 1609 2646 nos
1624 2626 1672 2653 pro
1686 2618 1755 2645 \‘ictu
1770 2626 1844 2644 ruen-

1054 2667 1143 2696 dicare
1155 2667 1254 2702 jubes?
1268 2666 1366 2701 illaque
1389 2673 1433 2693 res
1452 2665 1517 2700 ipsis
1532 2665 1626 2700 pudori
1649 2669 1741 2692 esset:
1764 2671 1840 2691 ruon—

1055 2719 1121 2743 strat
1138 2714 1162 2741 id
1175 2722 1189 2740 a
1205 2712 1342 2747 discipulis
1357 2711 1460 2744 deberi,
1476 2711 1539 2738 dum
1554 2712 1631 2745 illos,
1648 2710 1800 2746 operarios,
1815 2714 1844 2737 et

1086 2769 1096 2785 ι
1113 2766 1231 2801 Nonnulli
1245 2768 1297 2797 post
1312 2766 1365 2791 bace
1380 2766 1465 2797 verba,
1482 2764 1587 2797 leprosos
1599 2763 1720 2793 nnaulatc,
1739 2763 1840 2793 habent,

1056 2803 1157 2827 mortuos
1167 2801 1287 2823 suscuate.
1513 2827 1524 2829 ﬂ
1637 2827 1641 2829 _

1083 2824 1137 2858 ᾖιιι
1148 2838 1265 2858 Αυιιιειωο
1275 2831 1346 2855 verba
1363 2829 1447 2853 Montf.
1471 2831 1498 2853 et
1510 2827 1611 2856 Gaumc,
1624 2825 1743 2856 singulari
1756 2824 1835 2855 lapsu.

1054 2865 1125 2891 Ειιιτ.
