2067 3134
211 101 265 129 383

210 157 282 193 quod
303 157 382 184 datur
392 177 400 188 ,
412 154 562 183 mercedem
578 174 585 186 ,
600 157 685 178 vocat.
708 151 747 179 Ne
764 151 861 185 putetis
873 172 880 182 ,
894 148 999 184 inquit,

211 204 272 238 quia
285 210 365 238 opera
382 202 424 229 illa
441 206 493 228 tota
509 201 534 227 io
546 199 633 227 verbis
644 199 765 226 consistit
777 219 785 229 ,
799 204 907 232 parvom
922 203 937 222 a
952 201 1002 222 vo-

212 250 252 277 his
260 249 415 276 benelicimn
431 246 554 282 pt':cbcri;
568 245 643 273 multi
655 252 769 279 namque
780 242 877 270 laboris
890 249 933 269 res
947 245 998 268 est:

213 296 338 332 quodque
353 295 419 322 dant
435 294 452 321 ii
466 294 510 329 qui
527 293 666 324 docentur,
679 299 731 318 non
747 290 830 325 gratis
844 288 1001 323 largiuntur,

212 342 259 370 scd
276 342 301 369 id
314 340 444 369 mercedis
459 340 517 367 loco
530 337 691 369 habendum;
703 336 801 371 Dignus
815 339 851 362 est
863 334 928 361 enim
942 341 1004 367 ope-

216 388 300 415 rarius
313 386 425 413 mercede
437 394 492 413 sua.
510 385 567 411 Iloc
587 388 676 410 autem
693 381 771 414 dicit,
788 388 841 408 non
855 378 926 414 quod
940 377 1003 405 tanti

214 433 301 460 solum
325 431 465 467 apostolici
495 430 601 457 labores
623 427 737 456 habendi
758 427 828 459 sint,
854 425 941 457 absit;
956 423 1005 451 sed

213 479 284 514 quod
300 479 351 506 illis
358 478 510 508 constituat.
524 483 557 503 ne
569 476 630 511 plus
643 473 741 509 aliquid
756 476 884 509 quaerant,
897 476 924 499 et
938 478 1005 505 prae-

218 525 342 552 bentibus
356 523 476 554 suadeat.
493 530 524 550 se
537 529 590 549 non
601 529 634 549 ex
650 519 810 548 liberalitate
823 517 888 546 illud
903 524 1002 551 suppe-

214 571 311 604 ditare,
326 570 371 598 sed
386 577 420 597 ex
433 569 533 596 debito.
548 569 590 595 Il.
604 567 638 595 In
648 573 828 602 quamcumque
837 562 1006 591 civitatemch

213 619 295 644 vicum
308 616 470 648 intraveritis,
484 616 637 649 interrogate
649 613 705 648 quis
720 612 812 647 dignus
825 611 852 638 in
861 610 907 637 illa
922 610 966 640 sit,
982 613 1005 636 et

213 664 266 690 illic
281 667 377 690 manete
391 661 469 689 donec
493 661 612 688 exieritis.
624 660 716 694 Neque
729 658 799 686 enim
808 679 815 690 ,
830 657 931 691 inquit,
945 655 1006 690 quia

213 708 284 739 dixi,
299 706 398 741 Dignus
411 711 446 733 est
461 705 594 741 aperarius
636 704 691 731 cibo
719 711 766 731 suo
793 703 802 718 ¹
812 723 821 736 ,
835 701 953 730 omnium
962 700 1005 735 ja-

214 761 281 781 onas
291 753 366 780 vobis
380 752 487 788 aperui;
503 751 550 779 sed
564 751 608 778 hic
622 757 726 785 quoque
737 749 847 776 multam
860 746 1008 775 accuratio-

215 807 276 826 nem
292 803 399 834 expeto.
422 797 487 825 Illud
509 797 581 824 enim
602 796 678 824 vobis
698 795 770 823 laudi
786 794 933 829 honorique
945 792 1006 825 erit,

216 845 297 872 ctiam
313 845 340 871 in
354 844 440 871 victus
455 843 570 870 ratione.
582 842 610 869 Si
632 841 705 869 enim
722 841 816 875 dignus
829 839 874 867 ille
889 838 935 871 sit,
949 846 1006 865 om-

214 891 279 918 nino
292 891 380 918 cibum
399 889 600 925 suppeditabit;
615 888 784 922 maximeque
800 886 822 913 si
838 885 942 913 nonnisi
958 892 1007 912 ne-

214 937 329 964 ressaria
345 937 451 971 petatis.
476 935 535 963 Non
560 934 640 962 modo
662 937 751 962 autem
769 933 865 967 dignos
887 938 1008 966 quaerere

215 984 344 1018 prarcipit,
353 983 400 1010 sed
412 983 568 1010 vetatetiam
582 989 615 1008 ne
629 980 662 1008 de
671 980 752 1007 domo
764 980 790 1007 in
802 979 911 1006 domum
926 983 1007 1005 trans-

217 1034 291 1062 cant,
307 1036 341 1056 ne
354 1036 383 1056 se
395 1029 571 1064 excipientem
585 1026 729 1059 oll‘endant,
746 1034 813 1053 nere
827 1026 875 1061 ipsi
892 1025 967 1052 leves
981 1028 1008 1051 et

215 1075 301 1101 \‘entri
315 1074 397 1102 dediti
414 1074 571 1102 ltabeantnr.
587 1073 613 1100 Id
625 1073 694 1100 enim
705 1072 850 1100 declaravit
860 1063 901 1097 bis
909 1069 1006 1102 verbis,

215 1121 228 1148 Ι
233 1122 257 1148 bi
271 1126 368 1148 manete
382 1122 461 1148 donec
475 1120 594 1148 exieritis.
609 1119 684 1153 Quod
699 1119 779 1146 etiam
799 1126 832 1145 ex
846 1117 906 1144 aliis
925 1123 1008 1143 evan-

215 1168 317 1203 gelistis
331 1167 433 1204 (Marc.
447 1167 474 1195 6.
489 1167 552 1194 Luc.
577 1166 628 1201 I0)
644 1165 711 1193 disci
735 1168 831 1200 potest.
848 1163 942 1192 V'iden’
955 1170 1008 1198 quo

217 1219 294 1249 pacto
306 1214 366 1242 illos
379 1214 564 1241 honoratiores
572 1233 580 1246 ,
595 1217 623 1240 et
634 1219 681 1240 eos
691 1211 736 1247 qui
750 1211 866 1246 hospitio
878 1210 1010 1245 recipiunt

216 1262 400 1296 diligentiores
413 1260 508 1293 faciat,
525 1259 671 1287 ostendens
686 1259 745 1286 illos
757 1258 875 1285 maxime
895 1257 1008 1290 lucrari,

216 1314 243 1336 et
257 1309 290 1336 ad
304 1308 427 1344 gloriam,
446 1312 473 1334 et
491 1307 524 1334 ad
539 1305 696 1334 utilitatem?
721 1304 821 1332 Deinde
833 1304 866 1332 de
889 1303 938 1330 hac
952 1303 1008 1338 ipsa

217 1362 246 1381 rc
268 1354 307 1381 sic
328 1353 498 1388 prosequitur
514 1361 521 1378 :
541 1351 584 1378 1‘2.
601 1351 731 1378 lntrantes
754 1355 838 1377 autem
850 1350 876 1376 in
888 1351 1008 1382 domum,

216 1401 322 1426 salutate
342 1400 424 1426 illam.
442 1399 483 1426 15.
501 1398 534 1424 Et
553 1398 576 1424 si
594 1397 695 1432 quidem
713 1397 789 1433 fuerit
804 1396 894 1423 domus
916 1395 1007 1430 digna,

216 1446 297 1473 teniat
310 1453 361 1480 pax
374 1449 455 1472 vestra
469 1452 546 1478 super
560 1444 631 1470 illam
646 1451 654 1469 :
669 1443 690 1470 si
710 1448 794 1469 autem
815 1450 866 1468 non
879 1441 956 1475 fuerit
969 1441 1010 1467 di-

217 1499 267 1526 gna
279 1512 286 1523 ,
301 1499 352 1524 pax
366 1496 448 1517 oestro
461 1490 495 1516 ad
507 1498 550 1517 vos
560 1494 708 1516 revertatur.
723 1488 816 1516 Vidcn'
828 1495 907 1523 quam
920 1487 1009 1515 minu-

217 1537 291 1564 tatim
318 1537 375 1564 hmc
399 1535 559 1571 prsccipiat'l
593 1535 627 1562 Et
651 1535 712 1569 jure
738 1533 856 1569 quidem.
889 1533 1010 1562 Athletas

217 1584 313 1618 quippe
329 1582 464 1617 religionis
483 1586 511 1609 et
528 1588 664 1616 prmcones
678 1580 750 1607 orbis
775 1579 898 1611 instruit.
913 1584 940 1606 et
961 1578 1011 1606 hac

218 1630 321 1657 ratione
337 1628 398 1655 illos
412 1633 439 1655 et
453 1627 646 1654 moderatiores
662 1625 749 1653 reddit
768 1630 794 1652 et
817 1625 1008 1660 optabiliores,

218 1675 362 1710 adjicitqne
379 1684 386 1702 :
403 1674 446 1701 Η.
466 1673 499 1700 Et
513 1673 662 1708 quicumque
677 1680 727 1699 non
741 1671 877 1706 susceperit
891 1679 947 1703 vos,
963 1679 1010 1698 ne-

218 1731 266 1757 que
288 1721 395 1748 audierit
416 1727 542 1748 sermones
565 1724 678 1752 vestros,
699 1723 815 1746 exeuntes
839 1726 871 1744 ea:
885 1717 960 1744 domo
972 1717 1011 1744 vel

219 1768 318 1794 ciuitate
336 1767 400 1800 illa,
416 1766 524 1793 excutite
543 1765 670 1800 pulverem
692 1769 784 1800 pedum
797 1768 945 1791 vestrorum.
966 1763 1011 1790 15.

220 1815 299 1840 Amen
314 1813 370 1839 dico
384 1811 451 1838 vobis
462 1832 470 1844 ,
485 1811 639 1838 tolerabilius
654 1811 700 1836 erit
715 1814 788 1836 terra:
802 1809 973 1836 Sodomorum
989 1813 1013 1835 et

219 1859 369 1887 Gomorrhtz
394 1858 420 1885 in
442 1858 482 1885 die
492 1857 602 1892 judicii,
623 1865 700 1892 quam
722 1856 817 1882 civitati
837 1855 885 1882 illi.
901 1854 940 1882 Ne
952 1854 1013 1889 quia

220 1906 337 1937 docetis,
354 1905 454 1940 inquit,
468 1904 527 1932 ideo
538 1903 703 1939 exspectetis
716 1903 829 1930 salutem
842 1902 875 1930 ab
889 1902 948 1930 aliis
961 1902 1013 1930 dici

221 1952 313 1982 vobis.
336 1951 383 1979 sed
406 1950 484 1986 primi
509 1950 579 1977 hunc
609 1949 736 1977 honorem
757 1948 890 1976 exhibete.
915 1948 1014 1975 Deinde

221 1998 366 2027 ostendens
381 2006 439 2026 cam
455 2005 507 2025 non
521 2005 580 2025 csse
592 1997 740 2031 simplicem
755 1995 951 2026 salutationem,
966 1994 1014 2022 scd

223 2045 437 2074 benedictionem
449 2064 457 2075 ,
473 2044 529 2076 ait,
554 2043 581 2070 Si
604 2043 682 2077 digna
699 2041 779 2069 fuerit
800 2041 912 2074 domus,
927 2041 1016 2068 veniet

223 2099 304 2126 super
317 2091 389 2118 illam
405 2092 464 2118 :sin
480 2089 672 2117 contumeliosa
695 2087 729 2115 sit
743 2109 751 2120 ,
767 2087 851 2122 prima
866 2094 944 2122 poena
965 2087 1016 2114 erit

224 2137 295 2173 quod
316 2144 382 2172 pace
403 2144 455 2164 non
482 2135 602 2167 fruatur;
627 2133 761 2165 secunda,
777 2133 847 2168 quod
871 2132 1016 2160 Sodotnitis

225 2184 297 2219 paria
313 2183 437 2218 patiatur.
452 2182 486 2209 Et
497 2181 560 2216 quid
575 2181 609 2208 ad
622 2188 682 2211 nos.
694 2180 823 2215 inquieut,
836 2179 941 2206 illorum
954 2186 1019 2213 sup.

225 2230 323 2265 plicia?
337 2230 435 2256 Domos
445 2228 584 2263 dignorum
598 2226 739 2254 habebitis.
755 2225 823 2258 Quid
836 2232 900 2252 vero
913 2224 1016 2259 signiﬁ-

225 2281 268 2303 cat
282 2275 345 2303 illud
355 2296 363 2308 ,
380 2274 496 2301 Excutite
508 2273 635 2308 puluerem
651 2271 741 2307 pedatu
754 2271 912 2299 vestrorum?
930 2270 976 2297 νει
990 2274 1018 2297 ut

227 2322 403 2350 testiiicentur
420 2328 450 2348 se
465 2319 529 2347 nihil
544 2319 578 2346 ab
593 2319 657 2353 ipsis
678 2318 829 2352 recepisse;
845 2316 887 2344 vel
901 2316 926 2343 in
943 2315 1018 2343 testi-

226 2370 346 2395 monium
371 2367 441 2401 longi
467 2365 584 2400 suscepti
608 2365 710 2392 itineris
730 2364 756 2390 in
777 2363 880 2390 illorum
894 2361 1017 2397 gratiam.

227 2415 268 2442 Tu
289 2421 354 2441 vero
378 2413 442 2440 mihi
455 2412 595 2439 considera
617 2411 703 2445 ipsum
726 2417 779 2437 non
792 2414 877 2436 totum
895 2409 950 2443 jam
966 2408 1019 2436 illis

229 2460 303 2486 dare.
320 2459 412 2493 Neque
434 2458 504 2485 enim
528 2457 615 2484 adlntc
643 2456 694 2483 illis
717 2456 910 2490 przescientiam
934 2454 1018 2486 indit,

229 2514 279 2541 qua
303 2512 381 2531 nosse
407 2505 508 2539 possint
527 2504 571 2537 qui
587 2503 674 2537 digni,
689 2502 733 2536 qui
756 2501 856 2536 indigni
879 2501 948 2533 sint;
973 2499 1020 2527 sed

231 2550 371 2585 explorare
384 2555 410 2576 et
423 2549 635 2583 experimentum
650 2555 756 2574 sumere
769 2547 854 2581 jubet.
869 2546 922 2573 Cor
942 2552 1020 2580 porro

230 2597 275 2624 ille
289 2596 358 2630 apud
381 2594 548 2629 publicanum
573 2593 716 2621 manebat?
730 2592 796 2626 Quia
813 2592 859 2619 ille
880 2599 913 2619 ex
933 2596 1020 2617 muta-

231 2643 304 2670 tione
319 2641 414 2676 dignus
433 2644 565 2668 evaserat.
584 2640 623 2667 Tn
642 2646 706 2666 vero
730 2637 864 2672 perpende
887 2635 1022 2672 quomodo

232 2688 357 2715 omnibus
380 2687 484 2714 nudatis
507 2686 596 2713 omnia
618 2685 761 2720 largiatur,
776 2684 839 2712 dum
854 2683 974 2718 prmcipit
993 2686 1023 2709 ut

233 2735 260 2762 itt
275 2733 464 2769 discipulorum
479 2732 602 2760 domibus
616 2736 741 2760 tnancant
752 2752 759 2765 ,
774 2735 801 2759 ct
815 2730 879 2758 nihil
895 2729 1024 2759 habentes

265 2821 275 2839 ¹
293 2825 352 2850 Edd.
367 2842 374 2855 ,
412 2820 522 2846 mercede
532 2826 584 2845 sua.

576 95 604 124 S.
625 93 763 122 .IOANNIS
780 89 1016 120 CIIRYSOSTOMI
1035 87 1194 118 ARCIIIEP.
1213 87 1483 117 CONSTANTINOP.

1795 90 1848 119 385

1056 147 1247 182 ingrediantur.
1265 147 1320 175 Hoc
1329 149 1399 176 enim
1415 153 1493 183 pacto
1503 150 1575 177 omni
1588 157 1654 178 cura
1666 150 1744 178 liberi
1758 157 1845 184 erant,

1055 193 1161 228 illisque
1184 194 1350 228 suadebant,
1374 202 1404 222 se
1425 195 1458 222 ad
1482 196 1600 231 ipsorum
1615 202 1717 225 tantum
1733 199 1845 227 salutem

1055 238 1100 266 illo
1112 239 1226 272 venisse,
1240 243 1295 267 tum
1310 241 1372 275 quia
1386 241 1451 268 nihil
1464 242 1624 275 attulerant,
1637 248 1691 271 tttm
1706 246 1765 280 quia
1781 246 1846 274 nihil

1056 286 1116 320 plus
1128 294 1206 320 quam
1222 287 1371 314 necessaria
1388 292 1508 321 peterent
1519 310 1526 321 ,
1543 293 1598 316 tum
1611 290 1690 318 etiam
1707 292 1778 326 quod
1792 301 1846 320 non

1056 332 1126 367 apud
1146 340 1241 361 omnes
1264 333 1495 362 indiscriminatint
1519 336 1732 371 ingrederentur.
1755 337 1848 374 Neqtte

1057 379 1127 406 enim
1143 387 1177 406 ex
1190 380 1273 415 signis
1286 385 1389 409 tantum
1401 382 1507 410 volebat
1527 383 1588 410 illos
1601 384 1755 418 splendidos
1768 393 1828 413 esse
1837 407 1845 418 ,

1057 424 1103 451 sed
1118 433 1151 452 es
1164 425 1260 453 virtute
1273 427 1371 461 magis,
1387 435 1466 462 quam
1480 436 1512 455 ex
1533 429 1625 462 signis.
1636 429 1706 457 Nihil
1726 431 1796 458 cnim
1810 431 1847 458 ita

1057 470 1251 506 philosophiam
1262 473 1398 507 exprimit,
1409 479 1438 501 ut
1452 475 1473 501 si
1489 474 1554 502 nihil
1564 476 1726 510 superﬂuunt
1738 476 1846 508 habeas.

1058 521 1085 543 et
1098 517 1120 543 si
1140 517 1227 552 quoad
1250 517 1312 546 licet
1326 519 1397 545 nulla
1415 527 1446 547 re
1461 520 1589 555 indigeas.
1612 521 1675 549 lllud
1690 530 1753 550 vero
1768 530 1848 549 nove-

1058 566 1118 589 rant
1131 567 1159 590 et
1173 563 1221 597 ipsi
1238 563 1463 599 pseudoapostoli.
1479 565 1542 594 Ideo
1555 567 1651 595 Paulus
1666 567 1770 595 dicebat
1786 577 1793 594 :
1812 567 1848 595 Ut

1058 609 1084 634 in
1096 617 1145 642 quo
1163 608 1315 644 gloriantur,
1334 610 1494 638 inveniantur
1507 617 1533 638 ut
1546 620 1592 640 nos
1608 612 1645 648 (2.
1657 612 1717 640 Cor.
1731 614 1774 640 II.
1789 614 1847 648 12).

1058 653 1134 688 Quod
1148 655 1170 682 si
1182 662 1243 682 cum
1257 656 1283 683 in
1297 657 1434 691 peregrina
1447 658 1555 692 regione
1568 666 1675 693 sumus,
1686 665 1714 688 et
1726 661 1758 687 ad
1774 661 1849 696 igno-

1059 704 1100 727 tos
1120 700 1332 735 proficiscimur,
1357 702 1422 730 nihil
1447 703 1505 738 plus
1526 705 1698 739 qumrendum
1712 711 1754 734 est
1768 715 1847 741 quam

1059 747 1229 782 quotidianus
1252 748 1347 782 cibus,
1369 749 1454 777 multo
1475 751 1559 786 magis
1582 751 1621 779 sic
1634 753 1766 788 agendum
1786 761 1848 781 cum

1059 792 1131 820 domi
1151 801 1301 822 manemus.

1095 839 1122 867 6.
1142 839 1202 868 Pas:
1213 840 1261 868 Dei
1274 849 1323 868 non
1333 842 1382 870 nisi
1395 842 1467 870 bona:
1478 844 1601 871 uoluntati
1614 844 1708 878 datur;
1721 845 1767 873 illa
1777 848 1850 882 frau-

1059 886 1125 919 dari,
1147 892 1271 922 quantum
1284 888 1390 916 malum.
1405 888 1553 917 Reverentia
1570 891 1597 918 in
1608 892 1712 919 ecclesia
1725 899 1850 920 commcn-

1060 932 1135 959 datur
1143 939 1154 965 ;
1176 933 1325 961 describitur
1339 935 1449 962 ecclesia
1462 937 1592 964 sanctitas.
1609 951 1645 957 —
1659 937 1721 966 Haec
1734 946 1786 965 non
1799 946 1850 966 au-

1059 977 1163 1005 diamus
1179 983 1290 1012 tantum,
1306 979 1353 1007 sed
1367 980 1447 1008 etiam
1462 981 1606 1009 imitemur.
1626 982 1684 1010 Non
1698 983 1769 1010 enim
1784 984 1851 1012 solis

1060 1024 1187 1059 apostolis
1205 1024 1275 1052 dicta
1288 1030 1360 1059 sunt,
1380 1026 1427 1053 sed
1448 1028 1547 1055 sanctis
1561 1028 1686 1056 omnibus
1704 1033 1796 1063 pastca
1811 1029 1852 1056 fu-

1061 1071 1135 1098 turis.
1155 1071 1244 1098 Simus
1257 1079 1322 1107 ergo
1335 1080 1384 1100 nos
1396 1073 1441 1100 illa
1455 1075 1626 1102 successione
1639 1074 1722 1110 digni.
1736 1074 1802 1102 Nam
1817 1083 1850 1103 ex

1060 1116 1260 1151 suscipientium
1282 1118 1416 1146 voluntate
1437 1126 1488 1153 pax
1503 1119 1553 1146 ista
1568 1120 1648 1148 modo
1662 1121 1742 1152 venit,
1770 1121 1852 1149 modo

1060 1163 1156 1190 avolat.
1171 1162 1262 1198 Neque
1276 1165 1347 1191 enim
1360 1172 1392 1192 ex
1408 1164 1558 1193 docentium
1571 1166 1665 1194 fiducia
1681 1171 1707 1194 et
1723 1172 1852 1202 potestate

1062 1213 1175 1242 tantum,
1190 1209 1237 1236 sed
1251 1210 1329 1237 etiam
1343 1218 1375 1238 ex
1391 1212 1577 1247 accipientium
1592 1213 1720 1248 dignitate
1734 1214 1796 1241 illud
1809 1214 1850 1241 θῖ-

1062 1253 1158 1282 ficitur.
1172 1255 1264 1290 Neque
1278 1261 1401 1291 putemus
1415 1257 1476 1285 inde
1489 1265 1581 1293 parum
1594 1258 1683 1286 damni
1697 1267 1851 1294 emergere,

1060 1304 1083 1332 si
1097 1305 1246 1340 hujusmodi
1263 1313 1330 1340 pace
1341 1313 1394 1332 non
1410 1305 1536 1334 fruamur.
1553 1306 1626 1334 Hanc
1637 1308 1708 1334 enim
1724 1307 1851 1342 propheta

1060 1349 1123 1377 olim
1140 1351 1333 1384 prmnuntiabat
1344 1351 1434 1379 dicens
1450 1361 1456 1378 ε
1475 1352 1556 1385 Quam
1573 1354 1678 1387 speciosi
1700 1359 1756 1380 sunt
1777 1354 1852 1387 pedes

1061 1397 1284 1432 euangelizandum
1306 1406 1393 1432 pacem
1408 1398 1525 1434 (Na/mm
1541 1399 1567 1425 I.
1582 1399 1635 1434 15).
1655 1399 1753 1427 llcinde
1769 1400 1852 1434 ipsius

1062 1443 1216 1477 dignitatem
1257 1444 1433 1475 interpretans
1468 1445 1576 1480 adjicit,
1618 1445 1852 1481 livungelisantium

1062 1490 1126 1516 bona
1155 1490 1250 1524 (Rom.
1269 1491 1314 1518 I0.
1332 1491 1393 1527 15).
1417 1491 1491 1519 Ilanc
1508 1499 1629 1526 magnam
1651 1499 1711 1519 es-e
1730 1493 1853 1520 Christus

1061 1535 1241 1570 pronuntiavit
1268 1535 1359 1563 dicens
1378 1545 1384 1564 ζ
1406 1535 1500 1563 Pacem
1519 1537 1632 1572 relinquo
1656 1537 1739 1569 vobis,
1764 1546 1852 1573 pacem

1063 1589 1143 1607 nteant
1156 1581 1189 1607 do
1204 1581 1272 1608 vobis
1284 1581 1372 1617 (Joan.
1387 1582 1430 1609 M.
1446 1581 1504 1616 ⁴27).
1518 1581 1642 1617 Nihilque
1654 1590 1706 1609 non
1722 1583 1852 1617 agendum

1062 1631 1104 1652 cst
1126 1631 1154 1653 ut
1176 1626 1219 1653 illa
1240 1626 1369 1659 fruamur,
1385 1631 1412 1655 et
1426 1627 1497 1655 domi
1515 1633 1542 1654 ct
1557 1628 1583 1655 in
1598 1629 1720 1656 ecclesia.
1742 1628 1807 1655 Nam
1826 1634 1854 1656 ct

1063 1671 1090 1698 in
1115 1673 1227 1699 errlcsia
1252 1673 1296 1707 qui
1321 1673 1454 1707 pratsidet,
1478 1681 1570 1708 pacem
1585 1674 1641 1701 dat.
1656 1674 1711 1701 Hoc
1727 1674 1795 1701 illius
1811 1678 1854 1701 est

1065 1724 1142 1754 typus
1157 1719 1195 1755 (η)
1210 1724 1237 1747 et
1249 1724 1360 1753 tessera,
1372 1725 1451 1755 atque
1465 1724 1571 1755 oportet
1583 1728 1680 1756 magno
1693 1728 1752 1748 cum
1765 1721 1853 1748 studio

1068 1772 1156 1805 ipsum
1176 1772 1315 1805 suscipere
1325 1790 1333 1803 ,
1348 1777 1511 1806 propensum
1525 1770 1645 1796 animum
1663 1769 1753 1803 potius
1770 1775 1852 1802 quam

1068 1827 1187 1847 mensam
1195 1819 1359 1854 praebentes.
1368 1817 1435 1845 Nam
1449 1818 1471 1845 si
1484 1825 1599 1844 amensa
1611 1825 1662 1844 non
1677 1823 1736 1843 sese
1744 1814 1855 1850 partici-

1067 1871 1126 1898 pem
1136 1863 1235 1890 oll‘erre
1243 1870 1389 1890 onerosum
1398 1866 1552 1897 est,qnanto
1559 1861 1701 1888 onerosins
1712 1859 1850 1887 estdicen-

1069 1912 1121 1934 tum
1143 1907 1272 1941 repellere
1282 1907 1294 1934 ?
1303 1906 1416 1942 Propter
1429 1906 1536 1934 tesedet
1546 1905 1694 1940 presbyter,
1708 1908 1818 1938 propter
1826 1908 1852 1930 te

1069 1958 1122 1980 stat
1132 1953 1261 1986 magister
1271 1953 1349 1984 ‘,non
1357 1953 1417 1980 sine
1424 1951 1515 1979 labore
1521 1950 1754 1986 etdefatigatione.
1763 1948 1852 1982 Quam

1069 1998 1150 2033 igitur
1158 1998 1361 2024 excusationem
1373 1996 1495 2028 habebis,
1506 1996 1550 2030 qui
1560 2003 1593 2023 ne
1603 1996 1710 2030 quidem
1719 1994 1794 2022 illum
1803 2002 1854 2021 au—

1068 2043 1126 2069 dire
1136 2042 1267 2070 sustines?
1276 2042 1435 2069 Communis
1444 2047 1515 2069 certe
1523 2041 1621 2068 domus
1628 2040 1742 2068 ecclesia
1751 2045 1853 2072 cst,vo—

1069 2085 1164 2120 hisque
1179 2085 1396 2120 praecedentibus
1415 2092 1464 2111 nos
1479 2084 1653 2119 ingredimur,
1673 2084 1780 2110 illorum
1800 2083 1854 2110 for-

1069 2137 1140 2157 mam
1149 2135 1176 2157 et
1183 2129 1338 2164 exemplutn
1347 2134 1498 2156 servantes.
1510 2129 1625 2163 Ideoque
1632 2129 1724 2155 statim
1736 2127 1854 2162 ingressi

1069 2181 1162 2208 pacem
1172 2173 1300 2200 omnibus
1309 2173 1510 2200 simuldicitnus
1518 2172 1664 2200 secundent
1674 2172 1757 2207 legem
1768 2171 1852 2198 illam.

1070 2219 1155 2247 Nemo
1166 2220 1249 2255 igitur
1257 2219 1394 2255 negligens
1401 2219 1444 2247 vel
1452 2219 1570 2246 oscitans
1577 2219 1620 2250 sit,
1629 2219 1693 2245 dum
1701 2218 1856 2245 sacerdotes

1071 2265 1185 2300 ingressi
1194 2265 1259 2291 illud
1267 2264 1376 2291 dicunt:
1387 2272 1439 2291 non
1449 2271 1560 2298 parvum
1575 2265 1647 2290 enitn
1655 2263 1712 2290 bmc
1719 2263 1856 2298 negligen—

1073 2310 1143 2343 tibus
1155 2309 1279 2337 imminet
1286 2309 1460 2344 supplicium.
1470 2309 1576 2337 Mallem
1587 2309 1657 2337 cnitn
1668 2309 1764 2336 millies
1772 2309 1797 2335 in
1807 2308 1856 2335 do~

1072 2365 1146 2384 mum
1157 2356 1308 2391 cujuspiam
1315 2361 1435 2383 vestrum
1445 2356 1586 2391 ingressus
1596 2354 1711 2389 despici,
1720 2361 1802 2389 quam
1813 2353 1858 2380 hic

1072 2403 1186 2437 l0quens
1203 2410 1256 2429 non
1275 2401 1374 2429 audiri.
1394 2399 1451 2428 Hoc
1464 2400 1684 2428 mihiouerosius
1702 2400 1747 2427 illo
1765 2403 1856 2427 esset:

1071 2456 1284 2494 quandoquidem
1305 2454 1410 2490 dignior
1429 2454 1486 2481 haec
1507 2454 1602 2481 domus
1624 2457 1675 2480 est.
1698 2453 1803 2480 Etenim
1819 2452 1863 2479 hic

1073 2504 1187 2539 majores
1203 2506 1301 2529 nostra-
1314 2500 1497 2536 posscssioncs
1511 2499 1639 2534 deposita:
1653 2503 1729 2532 sunt,
1745 2498 1788 2525 hic
1800 2505 1863 2532 spes

1074 2554 1163 2577 nostra
1176 2547 1274 2575 omnis.
1287 2546 1355 2581 Quid
1369 2546 1440 2574 enim
1455 2545 1499 2572 hic
1517 2552 1569 2572 non
1590 2551 1725 2578 magnum,
1742 2551 1794 2570 non
1811 2549 1863 2570 trc—

1075 2595 1198 2624 mendum
1218 2594 1281 2622 est?
1303 2591 1442 2628 Siquidem
1456 2590 1515 2618 hazc
1526 2597 1619 2618 mensa
1631 2590 1708 2624 longe
1722 2589 1863 2616 honorabi-

1104 2687 1112 2702 ε
1126 2684 1174 2710 Alii
1184 2683 1287 2713 habent,
1297 2681 1422 2707 diaconus.

1108 2720 1144 2750 ((ι)
1161 2719 1187 2743 Id
1197 2721 1236 2742 est
1248 2724 1253 2741 :
1268 2716 1366 2750 idquod
1377 2715 1427 2747 agit
1440 2722 1532 2750 praeses
1547 2713 1572 2748 in
1584 2714 1704 2750 ecclesia,
1715 2719 1770 2738 cum
1781 2718 1868 2750 pacem

1075 2745 1125 2779 dat,
1136 2745 1208 2781 typus
1219 2753 1258 2773 est
1273 2745 1362 2781 Chi-isti
1373 2745 1458 2781 pacem
1469 2745 1578 2781 dantisin
1589 2745 1723 2781 Iivaugelio
1736 2752 1743 2769 :
1756 2747 1867 2781 nam-tg-

1077 2774 1136 2814 {at},
1149 2774 1192 2812 Ῐιὲο
1208 2779 1313 2810 imagine
1322 2774 1447 2814 accipitur
1460 2778 1497 2801 rei
1517 2778 1620 2814 agggda:
1636 2774 1668 2801 cf
1678 2774 1805 2806 aliquando
1819 2775 1867 2805 jam

1079 2809 1207 2842 'awefcrr.
1221 2813 1308 2840 Adnot.
1321 2811 1401 2841 liicld,
1419 2810 1449 2835 ad
1465 2816 1520 2841 pag.
1533 2809 1586 2834 573.
