2067 3134
196 179 247 208 ’583

196 243 245 270 lior
257 247 285 270 et
297 242 403 270 suavior
415 246 467 272 est,
485 249 562 276 quam
579 246 632 272 tua,
653 245 679 267 et
703 241 821 269 lucerna.
842 248 919 274 quam
944 239 984 266 lu-

196 296 277 316 cerna
292 293 348 316 tua.
372 288 399 315 Id
420 295 484 315 vero
499 287 587 314 sciunt
599 291 730 322 quotquot
744 293 804 313 cum
820 285 870 312 lide
886 280 984 319 tempe-

195 335 261 362 stive
274 335 333 361 oleo
345 333 415 360 ttucti
428 341 443 360 a
458 332 559 360 morbis
572 331 675 359 liberati
687 336 749 358 sunt
763 331 811 366 (a).
826 331 894 357 Area
907 330 986 356 etiam

196 381 251 407 hate
266 380 344 414 longe
356 379 451 406 tnelior
464 384 593 414 estquam
606 377 661 410 illa,
675 382 702 404 et
717 379 799 412 magis
815 376 964 404 necessaria
977 384 984 403 :

193 434 252 460 qua:
266 433 318 452 non
336 430 434 456 vestes,
456 424 503 452 sed
521 424 720 460 eleemosynam
736 423 863 450 inclusam
886 427 985 455 servat,

194 471 297 498 etiamsi
317 471 394 506 pauci
413 470 466 497 sint
489 469 544 503 Itic,
570 470 615 505 qui
642 470 820 505 elcemosyna:
845 469 986 502 eroganda:

194 518 316 544 virtutem
329 516 478 551 possideant
494 516 540 551 (ὁ).
553 516 650 543 Lectus
667 517 728 543 item
742 521 786 542 tuo
802 516 984 550 pnestantior:

193 572 254 591 nam
269 556 419 590 divinarum
446 563 524 591 lectio
547 563 742 597 Scripturarum
761 562 829 589 lecto
851 562 923 589 otnui
945 562 987 596 ju-

193 610 306 638 cttndior
323 614 372 636 est.
399 610 438 637 Ae
456 609 478 637 si
491 609 634 636 concordia
647 609 716 643 apud
733 616 781 635 nos
795 609 907 643 vigeret,
932 616 984 634 nou

193 657 270 683 aliam
285 655 444 682 haberemus
458 654 577 682 domtun.
599 654 674 688 Quod
689 658 778 681 autem
800 654 825 681 id
841 654 910 688 quod
925 654 985 681 dico

193 709 334 728 onerosum
349 709 402 728 non
418 701 461 733 sit,
477 701 653 728 testiﬁcantur
667 701 703 728 illi
720 705 760 728 ter
773 700 854 732 tuille,
869 705 896 727 et
910 701 985 735 quiu-

193 748 267 782 quies
278 747 350 774 inille
360 747 480 774 homith
492 747 541 781 lc),
559 747 602 781 qui
618 754 696 773 uuam
712 750 738 774 et
750 745 859 773 donutm
871 752 894 773 et
911 755 985 772 tuen-

192 802 258 824 satn,
274 798 300 820 et
310 793 426 820 animam
438 793 572 820 habuere:
589 801 648 820 natu
664 793 710 824 ait,
743 792 913 819 Multitudinis
931 801 986 819 cre-

192 840 304 866 dentium
319 844 371 866 erat
394 847 438 865 cor
461 847 539 865 unum
565 844 588 866 et
613 839 698 864 animo
723 847 772 864 mm
799 838 867 871 (Act.
884 839 910 865 ι.
927 838 982 874 3'2).

192 888 259 919 Quia
276 893 338 913 vero
359 885 436 920 longe
459 885 493 911 ab
516 885 620 912 illorum
646 886 743 912 virtute
766 884 904 916 absumus,
918 886 983 912 etin

193 933 280 960 varias
295 933 389 960 domos
403 932 520 959 distracti
535 939 636 964 sumus,
651 932 744 959 saltem
758 939 818 959 cum
832 932 875 960 hic
887 940 984 960 conve-

192 979 291 1011 nimus,
312 978 375 1005 illud
389 978 508 1005 stttdiose
522 977 660 1005 faciamus.
675 978 740 1005 Nam
752 978 774 1005 si
791 978 815 1005 in
832 978 890 1005 aliis
908 986 983 1005 meu-

192 1025 244 1052 dici
258 1030 285 1052 et
298 1032 427 1060 pauperes
440 1033 531 1052 sumus
542 1045 549 1057 ,
566 1025 592 1052 in
610 1025 652 1052 his
672 1030 745 1053 certe
759 1024 865 1052 divites.
886 1024 984 1058 Quam-

191 1070 282 1097 obretn
307 1070 359 1097 ltuc
382 1070 476 1098 saltem
499 1078 548 1097 nos
569 1071 697 1098 intrantes
718 1078 778 1098 cum
799 1077 891 1098 amore
912 1070 982 1098 esci-

192 1117 254 1150 pite.
272 1116 305 1142 lit.
322 1123 383 1143 cum
403 1115 500 1148 dicant,
524 1116 576 1143 Pax
596 1116 680 1147 vobis,
703 1116 806 1148 dicatis,
824 1116 856 1143 Et
878 1116 982 1150 spiritui

192 1167 248 1190 tuo:
265 1170 316 1190 non
333 1170 398 1190 voce
414 1167 527 1195 tantum,
542 1162 588 1190 sed
604 1163 711 1195 animo;
734 1170 786 1189 non
810 1170 856 1189 ore
869 1167 981 1194 tantum,

191 1208 237 1235 sed
258 1213 285 1236 et
309 1213 409 1236 mente.
424 1208 451 1236 Si
465 1216 528 1236 vero
539 1208 583 1236 hic
594 1208 704 1240 dixeris,
722 1209 772 1236 Pax
783 1209 862 1236 etiam
876 1209 981 1243 spiritui

192 1261 253 1288 tuo;
269 1256 332 1284 foris
347 1264 410 1283 vcro
426 1263 468 1283 me
483 1256 633 1290 impugnes,
648 1263 790 1289 conspuas,
812 1264 855 1282 tne
871 1255 981 1282 maledi—

190 1304 239 1330 etis
255 1303 454 1337 inuumerisque
479 1302 591 1336 impetas
613 1302 773 1337 opprobriis,
798 1310 918 1336 lttttentttll
939 1301 981 1328 illa

191 1348 262 1382 pax?
283 1348 337 1383 Ego
354 1348 425 1375 enim
436 1368 443 1380 ,
458 1347 508 1375 etsi
523 1348 673 1375 sexcenties
687 1347 839 1378 maledicas,
856 1354 920 1381 puro
935 1346 980 1373 tihi

190 1395 269 1422 corde
283 1402 374 1429 pacem
387 1394 459 1426 dico,
473 1394 632 1429 sinceraque
647 1399 745 1426 mente,
768 1401 817 1420 nec
834 1393 896 1428 quid
919 1393 980 1419 tuali

190 1442 223 1469 de
245 1447 271 1469 te
291 1448 398 1476 possunt
420 1441 510 1468 dicere
527 1449 533 1467 :
550 1446 658 1476 paterna
675 1441 772 1475 quippe
787 1447 852 1474 gero
867 1440 979 1466 viscera.

190 1489 218 1516 Si
231 1493 256 1516 te
269 1488 428 1524 quandoque
445 1495 564 1523 carpam,
578 1495 642 1514 cura
659 1487 694 1514 tui
710 1492 847 1522 permotus
861 1486 885 1513 id
900 1485 978 1513 facio.

189 1535 228 1562 'l‘u
245 1543 308 1562 vero
331 1536 480 1562 clanculum
501 1534 619 1566 tnordes,
636 1538 664 1562 et
678 1541 738 1561 cum
753 1541 796 1560 me
810 1533 835 1560 in
846 1533 979 1560 dominica

189 1581 268 1608 domo
290 1587 343 1608 non
368 1581 496 1615 excipias,
523 1588 618 1608 vereor
639 1587 671 1607 ne
695 1580 758 1606 mihi
775 1587 917 1607 matrorem
933 1587 980 1606 au-

189 1634 251 1661 geas
264 1635 270 1653 :
289 1635 340 1653 non
353 1628 414 1661 quia
424 1627 584 1653 contumelia
596 1625 717 1658 aﬂ‘ecisti,
729 1634 782 1652 non
793 1625 854 1660 quia
865 1625 978 1660 ejecisd,

188 1671 235 1699 sed
250 1672 310 1707 quia
327 1680 417 1707 pacein
431 1672 560 1706 repultsti,
584 1677 611 1699 et
631 1679 713 1707 grave
733 1672 796 1699 illud
817 1672 862 1699 tibi
876 1672 979 1707 suppli-

188 1719 257 1745 cium
278 1718 418 1745 attraxisti.
446 1718 554 1745 Etiamsi
578 1720 648 1745 enim
672 1718 806 1752 pulverem
823 1726 874 1745 non
896 1726 978 1746 excu-

190 1765 263 1796 tiam,
286 1764 390 1791 etiamsi
411 1771 463 1790 non
486 1768 601 1795 averL-tr,
624 1764 797 1791 comminatio
820 1769 906 1792 tamen
927 1764 979 1791 IIII-

189 1815 258 1837 mota
274 1815 371 1837 manet.
396 1809 451 1844 Ego
467 1817 579 1844 namque
595 1817 686 1844 pacem
701 1810 776 1837 vobis
790 1817 861 1845 saepe
876 1815 977 1844 repeto,

189 1864 274 1891 neqtte
287 1856 391 1883 dicendi
405 1857 485 1883 linem
499 1855 611 1888 faciam;
630 1856 701 1890 quod
715 1856 737 1883 si
754 1864 796 1883 me
809 1864 867 1883 cum
884 1861 979 1884 conlu-

189 1903 274 1930 meliis
298 1903 436 1938 excipiatis
452 1903 460 1918 ¹
472 1922 480 1934 ,
507 1910 592 1936 ueqtte
613 1902 651 1930 sic
670 1904 808 1938 pulverem
822 1904 953 1931 excutiam
968 1912 975 1931 :

189 1957 240 1976 non
253 1949 324 1984 quod
340 1949 453 1977 Domino
466 1957 518 1977 non
534 1957 650 1984 paream,
663 1949 709 1976 sed
724 1949 784 1984 quia
796 1958 886 1977 amore
897 1950 978 1977 vestri

189 2072 206 2094 η
219 2039 228 2054 ι
247 2037 324 2069 Aliqui
332 2055 339 2068 ,
349 2037 412 2069 quod
423 2037 493 2063 sime
501 2037 648 2063 contumeliis
659 2036 769 2070 a/ﬁciatis
780 2042 801 2063 ct
812 2044 859 2063 non
870 2038 979 2069 excipia-

207 2076 226 2093 δ.

207 2076 226 2093 5.

219 2110 255 2142 (a)
272 2110 397 2142 singulare
408 2114 447 2135 est
457 2110 521 2142 quod
534 2110 572 2135 hic
583 2110 670 2135 dicitur
681 2111 714 2135 de
725 2111 756 2135 iis
771 2111 812 2142 qui
824 2118 854 2136 ex
867 2111 923 2137 oleo
940 2111 977 2137 lu-

188 2148 269 2166 ceruze
282 2141 305 2165 in
318 2141 421 2166 ecclesia
432 2141 540 2166 ardentis
551 2143 616 2166 ttucti
627 2141 808 2166 convaluerant.

220 2183 255 2215 (ὁ)
273 2187 368 2208 Graecus
379 2187 462 2208 textus
472 2184 507 2208 sic
516 2183 588 2209 eil'ert
600 2184 663 2209 hunc
671 2183 758 2213 locum,
768 2190 788 2209 ω)
801 2190 833 2216 τειρ
845 2190 920 2214 ἱμάτια,
936 2191 978 2210 ἀλλ’

189 2221 311 2246 unam,qu
321 2219 356 2246 ἱχιι
367 2220 522 2245 cit-ptuth
531 2235 537 2243 ,
553 2221 568 2240 ιὶ
579 2221 608 2240 καὶ
618 2221 675 2246 “ient
687 2221 730 2240 ιῖσὶν
745 2221 763 2239 ei
779 2222 881 2245 ιιιτημινσιι
897 2222 979 2243 ιηαῦια.

188 2250 244 2275 Quae
265 2246 293 2269 ad
307 2245 411 2269 litteram
425 2247 459 2270 sic
475 2246 616 2274 redduntur,
630 2245 676 2271 non
688 2246 751 2271 enim
766 2249 850 2275 restes,
865 2247 908 2272 sed
918 2248 979 2272 etce-

188 2283 310 2309 mostgtam
320 2275 389 2301 lutost
398 2275 522 2309 htclusarn,
529 2283 673 2309 quamquam
680 2276 752 2308 pauci
759 2276 805 2302 sint
811 2277 850 2302 llic
858 2277 980 2304 possiden-

188 2283 310 2331 mostgtam
320 2283 389 2301 tumet
398 2283 522 2305 utcmsam,
529 2283 673 2309 quamquam
680 2283 752 2308 pauc:
759 2283 805 2302 suit
811 2283 850 2302 mc
858 2283 978 2304 nomnen-

188 2311 230 2332 ιω.
268 2308 360 2338 ecujus
371 2312 452 2332 autem
463 2307 500 2331 rt-i
518 2308 671 2338 possessione
689 2311 775 2339 agatur
792 2315 838 2332 non
856 2309 888 2333 ita
908 2309 978 2334 facile

190 2343 226 2362 est.
237 2339 383 2363 decernere.
402 2341 450 2362 Non
467 2339 531 2363 enim
547 2338 578 2363 de
596 2338 749 2369 possessidne
767 2339 909 2368 divitiarum,
924 2347 979 2365 cum

187 2369 313 2406 nntioehta
325 2369 417 2406 civitas.
436 2369 519 2406 inqua
534 2370 586 2406 haec
603 2369 698 2406 homilia
714 2370 857 2406 habebatur.
871 2370 978 2406 ropulen-

189 2400 280 2424 tissima
292 2403 358 2431 esset
371 2404 428 2424 tunc
437 2401 560 2431 temporis.
570 2404 635 2425 nunc
644 2400 721 2425 locum
731 2401 766 2424 sic
774 2401 879 2431 explicat
890 2400 913 2425 in
923 2407 978 2427 nota

188 2429 384 2455 Montefaleonius
401 2437 407 2453 :
428 2439 439 2453 ι
458 2429 565 2456 Auctoris
583 2435 684 2456 tuentem
704 2431 766 2456 Iumc
781 2429 832 2457 esse
843 2431 955 2457 existimo
970 2440 978 2458 ;

189 2467 250 2495 4rca
257 2461 300 2486 illa
312 2460 420 2495 ecclesia
430 2462 543 2495 pecmtias
554 2462 639 2487 obtinet
650 2462 683 2495 ad
689 2462 866 2495 ,eleemosynam
876 2469 979 2495 erogan-

189 2492 254 2522 dam,
267 2499 339 2524 quam
348 2492 466 2524 virtutem,
483 2493 638 2524 elecmoayme
649 2492 740 2518 scilicet
751 2496 888 2524 erogwtdaz,
899 2492 930 2519 ei
942 2495 979 2520 his

189 2522 344 2556 presenti,wa
355 2523 426 2553 pauci
441 2522 569 2555 possident.
581 2522 593 2546 ἰ
613 2529 668 2553 Qua:
688 2522 978 2556 quidem'interpretatio,

189 2555 208 2578 si
220 2555 316 2582 rationi,
329 2561 377 2578 noti
389 2556 550 2585 grammatica:
570 2558 704 2579 consonat:
719 2562 763 2579 vox
783 2556 847 2579 enitn
857 2573 864 2585 ,
881 2556 980 2580 elevato-

188 2591 257 2616 iyna,
265 2585 344 2617 semel
357 2588 469 2617 usurpata
479 2585 508 2609 ad
521 2586 646 2617 pecuniam
657 2586 893 2617 designandam,non
903 2587 980 2612 debet

189 2615 338 2647 sitbiutclligi
350 2615 569 2648 adrsignilicattdant
582 2615 744 2648 eleetnosytiae
756 2618 879 2641 virtutem.
897 2621 979 2642 Nostra

189 2651 270 2678 autem
278 2646 410 2678 sententia,
421 2653 491 2671 mens
501 2647 612 2672 Auctoris
622 2648 657 2671 sic
670 2646 757 2672 melius
769 2648 979 2678 explicaturtArca

190 2677 230 2710 illa
238 2677 351 2710 ecclesia:
363 2678 477 2710 pecunias
487 2678 580 2702 obtinet
590 2678 619 2702 ad
632 2677 812 2709 eleemosynani
833 2680 979 2710 erogandam

191 2709 227 2737 (et
238 2708 299 2733 hanc
310 2714 389 2741 arcam
401 2709 639 2741 interpossessioncs
649 2708 889 2740 nostras'recenseo)‘,
898 2717 980 2741 quam-

189 2745 262 2772 quam
274 2740 343 2772 pauci
354 2739 403 2772 sint
410 2739 450 2763 hic
457 2739 539 2772 (hujus
546 2741 618 2772 arcte)
629 2746 791 2772 possessores.
798 2744 846 2765 Hoc
855 2744 901 2769 est,
907 2739 979 2772 'panci

190 2770 354 2801 eleetmsynis
361 2770 412 2794 suis
418 2776 498 2794 arcam
505 2770 569 2794 illam
576 2771 682 2795 ditantes
694 2778 700 2795 :
713 2770 757 2794 soli
766 2772 830 2795 enim
839 2770 980 2801 hujus’arcm

191 2807 346 2834 possessores
354 2801 399 2834 diei
409 2802 562 2834 _possunt_qui
573 2802 596 2825 iu
607 2801 648 2834 illa
661 2801 828 2834 eleemosynas
838 2809 895 2826 suas
907 2810 980 2834 repo-

189 2830 248 2856 sitas
259 2830 360 2856 habent.
376 2831 498 2856 Calculutn
510 2830 589 2856 ferant
603 2833 731 2857 doctiores.

222 2874 258 2904 (ε)
271 2871 309 2906 l_lli
320 2871 417 2896 scilicet
434 2874 463 2906 ad
477 2872 548 2906 iidem
563 2875 675 2901 conversi
696 2875 728 2899 de
744 2874 832 2906 quibus
850 2875 874 2900 in
886 2875 981 2901 actibus

192 2904 362 2936 apostolorum,
374 2908 401 2930 ut
412 2904 473 2930 infra
483 2905 578 2931 indicat.

691 180 723 208 IN
743 179 946 208 MA’I'TIIA‘JUM
966 178 1080 208 IIOMIL.
1097 179 1202 208 XXXII.
1223 179 1259 208 al.
1281 180 1398 209 XXXIII.

1783 179 1834 207 586

1047 239 1229 266 νιιΙιιριηευιίιις
1243 240 1334 266 ardeo.
1348 241 1470 276 Alioquin
1482 245 1571 268 autem
1585 240 1648 268 nihil
1663 245 1771 276 propter
1784 249 1834 269 vos

1045 283 1120 310 ardui
1149 284 1215 318 feci,
1242 293 1294 312 non
1315 287 1419 320 longam
1443 287 1685 321 peregrinationem
1709 289 1833 320 suscapi,

1041 337 1126 363 ueqtte
1148 337 1208 356 cuin
1223 330 1267 357 illo
1281 330 1371 358 habitu
1386 331 1426 358 vel
1443 337 1598 367 paupertate
1614 332 1672 358 veni
1688 332 1765 366 (ideo
1776 339 1834 359 nos-

1041 374 1111 408 iprS
1126 375 1198 408 prius
1212 377 1386 412 accusemus)
1399 399 1406 410 ,
1432 385 1519 412 neque
1534 378 1592 405 sine
1605 378 1792 405 calceamentis
1807 382 1834 404 ct

1038 419 1135 451 duplici
1151 421 1238 447 tunica
1253 422 1394 454 venimus;
1420 422 1533 457 ideoque
1553 422 1666 450 fortasse
1683 431 1730 450 vos
1746 428 1832 450 vestra

1040 465 1203 499 urglexislis.
1232 468 1357 495 Attamen
1374 468 1431 495 lucc
1445 468 1520 496 vobis
1534 469 1566 495 ad
1582 469 1763 504 purgationem
1780 476 1832 495 nou

1039 509 1189 543 sufliciuut;
1216 512 1262 539 sed
1286 513 1388 540 crimen
1412 519 1531 541 nostrum
1553 514 1638 549 majus
1660 519 1717 546 est,
1747 521 1833 548 neque

1039 560 1126 582 tamen
1143 557 1219 583 venia
1234 558 1309 585 Vobis
1323 559 1495 586 concedetur.

1074 601 1100 628 7.
1123 602 1228 629 Muralis
1253 605 1394 632 exhortatio
1409 606 1443 632 ad
1456 607 1619 634 reverentiam
1641 608 1668 635 in
1687 610 1791 640 erait-sia
1809 615 1833 638 ct

1037 648 1167 674 caritatem
1180 655 1301 676 nmmum.
1328 651 1379 678 Cur
1389 652 1460 687 signa
1475 653 1546 680 edere
1559 655 1690 681 cessaverit
1706 656 1781 684 Deus.
1797 673 1833 677 —

1038 694 1112 721 Tunc
1132 694 1227 722 domus
1252 696 1373 724 ecclesia:
1394 703 1488 731 erant;
1513 707 1584 727 nunc
1605 701 1716 728 ecclesia
1737 702 1833 731 domus

1039 740 1104 767 facta
1126 745 1175 767 est.
1203 741 1272 768 Nihil
1296 747 1358 770 tunc
1381 744 1406 770 in
1429 744 1508 771 domo
1530 746 1659 774 sa‘culare
1675 748 1830 778 dicebatur:

1038 793 1107 813 nunc
1122 786 1146 813 in
1161 787 1272 814 ecclesia
1290 788 1354 815 nihil
1370 790 1508 824 spirituale
1531 791 1637 825 dicitur,
1659 794 1706 820 sed
1729 799 1755 821 et
1779 794 1832 822 huc

1036 833 1114 859 etiam
1139 832 1186 859 fori
1201 834 1305 868 negotia
1328 834 1452 862 inducitis
1475 845 1482 863 :
1507 837 1614 872 Deoque
1628 838 1763 873 loquente,
1778 848 1830 867 non

1037 879 1116 906 tuodo
1138 880 1223 914 ipsunt
1247 881 1355 907 silentio
1380 890 1432 908 non
1456 882 1563 914 auditis.
1583 885 1628 911 sed
1649 887 1780 913 contraria
1803 887 1830 914 in

1037 924 1151 952 medium
1168 925 1279 952 adducta
1295 927 1399 961 negotia
1413 927 1551 962 loquimini
1567 935 1671 964 :atque
1685 931 1783 958 utinam
1799 940 1831 960 ea

1035 978 1094 1004 qua:
1116 971 1148 998 ad
1174 979 1220 999 vos
1243 973 1378 1007 pertinent
1395 980 1516 1007 tantum;
1540 983 1610 1003 nunc
1622 981 1711 1004 autem
1727 986 1756 1004 ea
1773 987 1832 1012 qua:

1037 1017 1100 1044 nihil
1113 1018 1146 1044 ad
1161 1026 1208 1044 vos
1223 1025 1343 1053 Speclnnl
1355 1026 1381 1047 ct
1395 1021 1483 1048 dicitis
1493 1027 1520 1049 et
1532 1022 1640 1050 auditis.
1665 1024 1728 1051 Ideo
1741 1025 1830 1060 lugeo,

1035 1068 1062 1090 ct
1083 1063 1187 1099 lugendi
1199 1066 1277 1091 liuent
1294 1074 1346 1093 non
1361 1067 1465 1094 faciant.
1486 1067 1579 1103 Neque
1591 1070 1663 1097 enim
1679 1078 1785 1105 possum
1798 1080 1830 1099 ex

1036 1108 1085 1135 hac
1098 1109 1179 1137 domo
1195 1111 1338 1145 prolieisci,
1358 1113 1404 1139 sed
1417 1113 1459 1140 hic
1474 1121 1582 1142 manere
1598 1123 1706 1143 necesse
1718 1124 1768 1149 est,
1781 1117 1830 1144 do-

1036 1161 1085 1181 nec
1102 1162 1134 1182 ex
1153 1157 1277 1190 pra-senti
1292 1166 1418 1185 exeamus
1437 1160 1502 1186 vita.
1531 1159 1663 1195 Suscipite
1683 1169 1748 1197 ergo
1770 1171 1830 1196 nos,

1035 1200 1103 1227 sicut
1115 1201 1213 1228 Paulus
1226 1202 1263 1238 ('2.
1279 1203 1337 1229 Car.
1353 1204 1379 1230 7.
1393 1203 1422 1238 2)
1437 1206 1572 1240 ῃτωρομίί.
1593 1206 1684 1241 Neque
1706 1208 1777 1235 enim
1795 1208 1830 1236 de

1034 1253 1125 1273 mensa
1150 1247 1307 1282 loquebatur
1331 1249 1386 1282 ille,
1412 1249 1459 1277 sed
1481 1249 1514 1277 de
1541 1251 1675 1279 voluntate
1687 1257 1714 1279 et
1729 1253 1829 1281 animo.

1035 1292 1090 1318 Hoc
1104 1297 1129 1319 et
1142 1301 1190 1319 nos
1204 1301 1218 1320 a
1235 1294 1309 1320 vobis
1325 1295 1500 1328 postulamus,
1525 1296 1675 1329 caritatem,
1701 1303 1729 1325 et
1755 1306 1830 1326 amo-

1034 1346 1088 1364 rem
1105 1339 1178 1365 ilhttn
1200 1340 1336 1367 ardentem
1351 1346 1378 1368 et
1396 1342 1541 1370 sincerum.
1569 1343 1645 1377 Quod
1669 1345 1691 1371 si
1713 1345 1762 1373 hoc
1776 1353 1829 1374 non

1034 1383 1117 1416 fertis,
1140 1385 1234 1411 saltem
1256 1393 1302 1412 vos
1328 1392 1421 1414 mutuo
1441 1393 1540 1421 amate,
1563 1396 1721 1424 pnesentem
1743 1391 1828 1427 depo-

1034 1435 1128 1457 nentes
1140 1431 1402 1466 negligentiamJloc
1414 1434 1490 1461 nobis
1502 1434 1535 1461 ad
1547 1436 1756 1463 consolationem
1765 1438 1829 1465 satis

1032 1481 1083 1508 est,
1095 1476 1116 1502 si
1129 1477 1264 1504 videamus
1276 1486 1321 1505 vos
1332 1483 1404 1506 recte
1415 1484 1524 1514 agentes
1536 1485 1564 1507 et
1574 1481 1700 1508 meliores
1708 1481 1826 1510 effectos.

1032 1521 1075 1548 Sic
1099 1522 1227 1557 majorem
1243 1530 1292 1558 ego
1311 1524 1447 1551 caritatem
1471 1525 1618 1559 exhibebo,
1638 1526 1661 1553 si
1685 1526 1829 1555 ferventius

1031 1569 1223 1599 am:tus,minus
1232 1577 1307 1596 auter
1315 1578 1329 1596 a
1342 1570 1508 1598 vobis.lllulta
1516 1571 1587 1598 enim
1597 1579 1646 1599 nos
1653 1572 1826 1608 conjtmgunt:

1033 1622 1082 1640 una
1097 1622 1187 1641 mensa
1202 1615 1325 1642 otnnihus
1341 1617 1476 1651 proposita
1486 1637 1492 1648 ,
1509 1624 1578 1644 unus
1593 1618 1669 1645 nobis
1684 1623 1760 1652 pater
1773 1624 1825 1652 est,

1031 1661 1125 1687 eodem
1140 1665 1216 1695 partu
1232 1669 1326 1689 omnes
1341 1663 1499 1696 prodiimus,
1527 1663 1596 1690 idem
1612 1668 1689 1698 potus
1702 1665 1826 1692 omnibus

1030 1705 1108 1732 datus
1123 1711 1179 1739 est;
1199 1706 1253 1733 imo
1267 1715 1318 1734 non
1333 1707 1419 1734 solum
1436 1708 1506 1735 idem
1521 1713 1609 1743 potus,
1624 1709 1672 1738 Sed
1686 1717 1717 1736 ex
1731 1709 1826 1738 eodem

1031 1753 1114 1780 calice
1128 1754 1284 1781 sumendus.
1297 1754 1377 1781 Pater
1392 1755 1463 1782 enitn
1479 1759 1580 1787 noster,
1605 1763 1666 1783 cum
1686 1763 1734 1784 nos
1747 1756 1830 1784 vellet

1031 1799 1057 1825 in
1082 1804 1201 1826 tnutttum
1217 1807 1335 1826 amorem
1360 1800 1496 1831 inducere.
1512 1801 1575 1828 illud
1589 1802 1753 1830 machinatus
1769 1807 1826 1835 est,

1031 1849 1061 1872 ut
1083 1853 1115 1872 ex
1133 1853 1185 1872 uno
1198 1845 1280 1872 calice
1295 1845 1468 1878 biberemus;
1487 1847 1558 1882 qttod
1572 1848 1694 1875 maximm
1704 1852 1745 1875 est
1757 1848 1827 1876 cari-

1031 1890 1104 1917 tatis.
1128 1890 1179 1918 Sed
1192 1892 1333 1926 apostolis,
1358 1892 1473 1927 inquies,
1498 1892 1570 1928 digui
1592 1900 1644 1920 non
1668 1900 1770 1921 smnus.
1796 1893 1825 1921 Id

1030 1943 1081 1970 ego
1094 1936 1187 1967 lateor,
1213 1943 1263 1964 nec
1286 1945 1411 1972 umquam
1431 1939 1594 1973 negaverim.
1617 1939 1676 1966 Non
1688 1939 1759 1966 enim
1772 1939 1824 1966 illis

1031 1981 1111 2009 modo
1126 2003 1133 2014 ,
1149 1982 1196 2009 sed
1219 1989 1253 2010 ne
1278 1983 1379 2010 umbra:
1397 1983 1505 2018 quidem
1527 1984 1632 2011 illorum
1651 1984 1825 2018 comparandi

1030 2035 1133 2056 sumus.
1156 2030 1280 2056 Attamen
1294 2036 1340 2056 vos
1353 2029 1469 2056 olllcimn
1486 2036 1602 2057 vestrttm
1622 2031 1740 2066 implete.
1766 2031 1822 2059 Non

1029 2076 1100 2102 enim
1113 2075 1177 2102 illud
1193 2075 1269 2102 vobis
1284 2084 1410 2111 umquam
1426 2076 1520 2111 pudori
1535 2077 1597 2109 erit,
1621 2077 1667 2105 sed
1690 2085 1737 2104 vos
1758 2085 1821 2105 ma-

1030 2122 1100 2149 xime
1121 2122 1233 2157 juvabit.
1254 2121 1320 2149 Cum
1336 2123 1407 2149 enini
1431 2122 1512 2149 etiam
1525 2130 1588 2158 erga
1607 2123 1731 2158 indignos
1743 2123 1823 2151 talem

1030 2167 1190 2195 exltibcbitis
1208 2175 1338 2200 amorem,
1362 2168 1441 2195 talem
1464 2167 1676 2203 obsequeutjam,
1691 2174 1753 2197 tunc
1763 2177 1822 2197 ma-

1029 2214 1114 2249 jorem
1131 2215 1265 2249 recipietis
1281 2215 1445 2242 mercedem.
1460 2214 1517 2242 Non
1536 2219 1625 2242 nostra
1641 2216 1739 2250 quippe
1757 2215 1824 2243 dici-

1030 2268 1089 2288 mus
1102 2269 1108 2293 ;
1128 2261 1187 2296 quia
1211 2262 1297 2288 nullus
1310 2265 1352 2288 est
1366 2261 1442 2289 nobis
1457 2262 1551 2288 doctor
1565 2262 1590 2288 in
1605 2267 1690 2295 terra;
1705 2262 1750 2290 sed
1762 2270 1822 2298 quas

1031 2307 1192 2342 accepimus,
1213 2307 1317 2339 damus,
1343 2312 1370 2335 et
1393 2315 1442 2343 pro
1455 2309 1516 2335 dato
1533 2308 1596 2335 nihil
1609 2316 1624 2335 a
1644 2309 1718 2336 vohis
1734 2309 1823 2344 requi-

1031 2354 1124 2386 rimus,
1150 2354 1199 2380 nisi
1225 2358 1253 2380 ttt
1275 2353 1443 2382 redamemur
1467 2359 1579 2380 tautttm.
1603 2353 1677 2388 Quod
1698 2355 1719 2381 si
1741 2356 1820 2382 etiam

1031 2407 1122 2427 amore
1143 2399 1241 2434 indigni
1265 2406 1379 2431 sumus,
1401 2399 1442 2426 vel
1466 2399 1527 2426 hinc
1549 2399 1602 2426 cito
1617 2401 1715 2427 erimus
1737 2399 1821 2434 digni,

1031 2445 1100 2480 quod
1125 2452 1172 2471 vos
1193 2452 1255 2472 vere
1278 2452 1409 2472 amemus.
1431 2444 1652 2480 Quandoquidem
1667 2446 1818 2473 mandatum

1032 2491 1108 2518 nobis
1129 2495 1180 2523 est,
1203 2498 1256 2516 non
1270 2490 1357 2517 solum
1368 2498 1415 2517 eos
1427 2490 1471 2524 qui
1489 2497 1538 2517 nos
1550 2496 1639 2517 amant
1652 2498 1751 2523 amare,
1773 2490 1822 2518 sed

1032 2537 1112 2563 etiam
1133 2536 1255 2563 inimicos
1280 2535 1400 2570 diligere.
1426 2535 1491 2568 Quis
1504 2535 1539 2562 ita
1564 2535 1696 2568 immanis,
1713 2537 1772 2572 quis
1785 2537 1821 2564 ita

1033 2581 1114 2612 ferus,
1131 2581 1176 2616 qui
1191 2580 1234 2607 tali
1248 2586 1355 2615 accepta
1372 2580 1429 2615 lege
1441 2601 1448 2613 ,
1463 2581 1542 2608 etiam
1557 2583 1597 2608 sui
1611 2587 1732 2609 amantes
1749 2589 1826 2610 aver-

1032 2632 1106 2654 setur
1131 2631 1158 2654 et
1170 2626 1231 2653 odio
1253 2626 1359 2658 haheat,
1376 2626 1480 2653 etiamsi
1494 2626 1565 2654 mille
1577 2627 1610 2654 sit
1623 2627 1694 2654 vitiis
1706 2627 1799 2662 plenus
1813 2630 1823 2658 ρ

1032 2673 1129 2699 Mensze
1141 2672 1286 2706 spiritualis
1299 2676 1437 2699 consortes
1447 2671 1546 2699 fuimus
1563 2681 1570 2698 :
1583 2672 1728 2706 spiritualis
1738 2673 1818 2700 etiam

1032 2718 1149 2746 caritatis
1160 2722 1300 2744 consortes
1315 2719 1409 2744 simus.
1422 2717 1486 2744 Nam
1503 2718 1524 2744 si
1540 2718 1665 2750 latrones,
1682 2719 1726 2752 qui
1742 2719 1820 2745 simul

1033 2769 1186 2794 vescuntur,
1202 2763 1285 2790 moris
1299 2763 1338 2790 sui
1355 2767 1447 2789 mttluo
1462 2763 1664 2796 obliviscuntur,
1679 2771 1757 2798 quam
1774 2770 1819 2792 nos

1033 2811 1231 2837 excusationem
1257 2809 1422 2840 habebimus,
1439 2809 1481 2843 qui
1497 2808 1622 2835 dominici
1638 2809 1757 2843 corporis
1774 2816 1820 2836 su-

1034 2862 1092 2882 tnus
1105 2858 1253 2886 eonsortes,
1277 2861 1326 2881 nec
1338 2853 1444 2880 illorum
1457 2855 1685 2881 mansuetudinem
1702 2859 1818 2881 mutuam

1014 2903 1016 2906 '
1035 2901 1185 2929 imitamur?
1206 2900 1285 2936 Atqui
1299 2900 1387 2929 multis
1401 2908 1453 2928 non
1468 2908 1567 2929 mensa:
1579 2905 1689 2933 tantum,
1703 2901 1748 2928 sed
1763 2898 1824 2928 civi-
