2067 3134
248 153 300 182 587

248 218 312 245 tatis
325 217 405 245 etiam
419 212 533 243 societas
548 214 613 241 satis
632 213 680 241 fuit
691 213 724 241 ad
737 213 881 240 amicitiam
894 221 902 239 :
917 219 966 239 nos
980 218 1042 239 vero

247 264 292 298 qui
305 263 428 291 eamdem
441 262 568 289 habemus
581 261 725 292 civitatein,
741 260 864 292 domum,
884 259 964 291 viam,
979 266 1042 293 por-

248 316 313 343 tam,
338 309 466 339 radicem,
488 309 580 338 vitam,
603 307 671 334 idem
695 311 785 340 caput,
805 305 928 333 eumdem
951 309 1041 340 pasto—

247 363 316 387 rem,
342 362 446 390 regem.
472 353 625 384 doctorem,
646 351 782 386 judicem.
806 354 973 382 creatorem,
993 357 1041 385 pa-

249 406 328 433 trem,
347 400 488 434 omniaque
507 398 668 430 communia,
684 404 736 432 qua
749 397 848 424 erimus
865 396 940 424 venia
958 396 1041 431 digni,

246 448 269 474 si
284 448 396 474 invicem
410 445 606 473 dissideainns?
622 444 719 471 Verum
733 443 808 478 signa
831 442 961 477 quaeritis,
982 449 1042 476 qua:

243 494 285 521 illi
305 493 417 528 ingressi
439 492 581 523 faciebant,
604 490 724 524 leprosos
747 488 920 521 mundabant,
944 487 1044 514 dromo-

248 547 295 565 uas
309 538 461 572 ejicicbant,
487 540 607 563 mortuos
620 534 801 562 suscitabant?
823 532 876 561 Sed
889 538 916 560 et
930 532 979 559 hoc
995 540 1043 559 no-

248 585 353 613 bilitatis
364 588 460 611 vestra:
471 583 615 609 maximum
630 581 755 608 indicium
771 584 822 611 est,
835 580 986 614 amorisque
998 586 1044 605 ve-

247 630 307 662 stri,
327 629 398 664 quod
422 628 480 655 sine
504 627 657 663 pignoribus
675 626 826 661 hujusmodi
843 626 897 653 Deo
916 624 1041 653 credatis.

249 676 285 703 Ea
300 676 370 702 enim
385 673 420 701 de
433 681 512 701 causa
535 673 649 700 cessavit
663 672 733 700 Deus
747 671 820 706 signa
833 671 928 703 edere,
950 670 1044 697 aliam-

248 729 300 757 que
314 728 424 748 causam
439 720 556 755 prolero.
574 718 640 746 Nam
657 718 691 752 si,
704 718 870 746 cessantibus
883 717 976 753 signis,
998 715 1044 751 qui

247 766 307 794 aliis
331 766 438 793 dotibus
456 770 518 792 sunt
538 765 671 797 instructi,
698 768 727 790 ut
748 763 822 791 verbi
846 763 985 798 sapientia.
1001 763 1044 790 vel

249 813 354 848 pietatis
371 811 536 847 praestantia,
551 818 626 838 vana:
639 810 732 845 gloriae
748 814 810 837 sunt
822 809 917 841 dediti.
932 816 992 836 sese
1006 809 1045 836 ef-

250 859 349 890 t'erunt,
371 865 485 892 seseque
508 857 542 884 ah
565 856 624 883 aliis
646 855 788 891 sejungunt
807 864 815 882 :
835 855 858 882 si
873 855 953 882 etiam
969 854 1044 888 signa

249 904 384 935 adessent,
405 911 459 938 quo
473 911 525 930 non
539 905 715 937 erumperent
729 900 892 928 schismata?
909 899 985 933 Quod
998 907 1045 926 au-

251 955 303 977 tem
327 949 384 976 lucc
404 957 456 976 non
481 956 513 976 ex
539 947 692 982 conjectura
707 946 842 977 dicantur,
869 945 1044 973 testilicautur

248 995 390 1026 Corinthii,
413 996 456 1030 qui
483 994 544 1022 inde
565 994 664 1021 multas
686 993 711 1020 in
736 997 827 1027 partes
840 992 960 1018 distracti
981 995 1044 1018 sunt

250 1042 289 1076 (l.
303 1041 362 1069 Cor.
380 1042 417 1075 l).
444 1039 483 1068 Ne
503 1040 576 1074 signa
590 1046 704 1074 quaeras,
725 1039 772 1065 sed
792 1038 888 1064 anima:
902 1036 1044 1064 incolumi-

251 1091 344 1114 tatem.
367 1086 406 1114 Ne
427 1094 532 1122 quzcras
546 1091 680 1113 mortuum
694 1085 851 1112 suscitatum
866 1083 967 1114 videre,
983 1090 1044 1110 cum

249 1133 373 1160 didiceris
387 1138 470 1160 totum
487 1132 580 1159 orbem
596 1135 809 1159 resurrecturum
824 1137 895 1157 esse.
919 1129 957 1157 Ne
969 1137 1044 1164 quac-

249 1187 294 1207 ras
314 1187 414 1206 cat-cum
434 1183 557 1206 sanatum
576 1177 685 1210 videre;
710 1176 758 1204 sed
773 1176 833 1203 vide
846 1183 917 1203 nunc
931 1182 1043 1208 omnes,

249 1224 359 1252 meliore
383 1229 412 1252 et
435 1224 541 1251 utiliore
564 1223 658 1250 intuitu
690 1223 864 1258 respicientes
889 1231 896 1249 :
923 1229 954 1249 ac
971 1221 1045 1249 disce

249 1275 430 1304 temperanter
452 1269 607 1304 respicere,
640 1272 668 1296 et
691 1269 800 1295 oculum
826 1272 900 1294 tuum
928 1267 1042 1301 corrige.

250 1315 317 1343 Nam
343 1316 365 1342 si
386 1316 505 1342 omnium
530 1319 650 1342 nostrum
678 1315 730 1341 vita
758 1314 817 1341 talis
834 1318 916 1346 esset,
938 1313 1043 1348 qualem

250 1369 311 1388 esse
326 1366 473 1396 oporteret,
487 1361 601 1395 gentiles
624 1361 684 1395 plus
708 1367 757 1388 nos
777 1361 948 1392 mirarentur,
964 1366 1043 1394 quam

251 1407 274 1434 si
289 1407 416 1434 miracula
431 1412 606 1442 patraremus.
631 1406 711 1441 Signa
726 1405 824 1440 quippe
837 1405 926 1440 specie
941 1409 1043 1432 tantum

250 1454 311 1481 talia
338 1461 398 1482 esse
421 1458 556 1488 putantur,
580 1461 666 1488 neque
691 1457 753 1480 sunt
768 1459 783 1479 a
798 1459 878 1487 prava
892 1451 1044 1486 suspicione

251 1501 345 1534 libera,
377 1500 480 1527 etiamsi
503 1500 576 1535 signa
601 1504 691 1526 nostra
713 1507 766 1526 non
791 1498 943 1533 hujusmodi
967 1499 1042 1526 sint:

251 1547 303 1574 vita
322 1551 410 1574 autem
432 1554 497 1582 pura
513 1546 559 1573 tali
574 1546 719 1581 suspicioni
733 1545 848 1573 obnoxia
861 1553 921 1573 esse
936 1546 1043 1580 nequit;

250 1593 296 1621 scil
318 1593 420 1620 virtutis
435 1593 567 1627 possessio
582 1593 701 1619 omnium
715 1592 829 1619 obstruit
844 1599 901 1619 ora.

285 1639 312 1667 8.
331 1639 438 1666 Virtutis
451 1638 606 1673 pra-stantia.
619 1653 655 1657 —
669 1637 765 1665 Virtuti
781 1645 845 1672 ergo
859 1637 1015 1666 studeamus
1029 1647 1038 1666 :

253 1686 343 1712 inulta:
356 1685 454 1720 quippe
467 1689 529 1711 sunt
542 1684 612 1711 illius
626 1683 736 1715 (Iivitiic,
753 1691 910 1718 magnmque
925 1684 1044 1712 admira-

252 1731 315 1757 tmni
341 1730 480 1757 habentur.
495 1730 540 1756 llla
557 1737 647 1756 veram
669 1729 769 1764 praebet
784 1729 948 1763 libertatem,
966 1730 1001 1757 ita
1017 1735 1046 1758 ut

253 1776 333 1804 etiam
350 1775 377 1802 in
392 1776 520 1803 servitute
532 1775 685 1810 spectaculo
699 1775 733 1802 sit
748 1784 754 1802 :
770 1783 824 1802 non
837 1775 908 1810 quod
927 1784 942 1803 a
957 1777 1044 1804 servi.

253 1827 309 1850 tute
323 1822 426 1855 liberet,
443 1822 489 1850 sed
503 1822 574 1857 quod
589 1830 684 1849 servos
699 1822 792 1849 reddat
807 1822 898 1850 liberis
914 1827 1044 1857 priestan-

253 1870 345 1901 tiores,
359 1868 386 1896 id
401 1869 471 1903 quod
487 1869 610 1896 libertate
624 1869 708 1895 multo
718 1868 804 1903 majus
818 1874 861 1896 est
877 1877 884 1895 :
900 1877 1045 1905 pauperem

252 1922 305 1942 non
329 1913 418 1942 reddit
435 1913 557 1946 divitem,
575 1913 622 1941 sed
643 1913 694 1941 etsi
715 1922 815 1948 pauper
837 1919 953 1947 maneat,
971 1915 1044 1942 illum

251 1960 334 1988 divite
346 1958 627 1994 facit-opulentiorem.
640 1959 716 1993 Quod
736 1959 757 1986 si
774 1959 840 1987 velis
855 1960 930 1995 signa
945 1961 1043 1995 facere,

253 2015 268 2034 a
278 2005 391 2039 peccatis
405 2009 431 2032 te
442 2005 548 2040 expedi,
563 2009 590 2032 et
598 2009 681 2032 totum
695 2004 838 2038 perfccisti.
853 2005 919 2033 Nam
934 2015 1045 2042 magnus

250 2050 356 2078 dwmon
378 2055 420 2079 est
438 2055 574 2085 peccatum
586 2071 592 2082 ,
610 2051 706 2078 dilecte
720 2059 727 2083 ;
743 2055 770 2078 et
791 2051 813 2078 si
834 2051 898 2079 illud
919 2052 1043 2087 eieceris,

612 155 641 183 S.
661 153 800 183 JOANNIS
818 152 1057 182 CHRYSOSTOMI
1073 151 1229 181 ARCllIEP.
1250 151 1515 180 CONSTANTINOP.

1835 150 1888 180 388

1095 210 1181 244 majus
1201 210 1337 246 quidpiam
1360 210 1446 238 fecisti
1459 230 1467 243 ,
1486 215 1567 244 quam
1589 208 1633 244 qui
1660 207 1734 236 mille
1752 207 1889 235 dmmonas

1094 256 1235 290 expulerit.
1252 255 1320 282 Audi
1336 255 1446 282 Paulum
1462 254 1595 281 dicentem
1607 274 1614 286 ,
1627 257 1654 281 et
1666 253 1792 280 virtutem
1807 253 1888 280 mira-

1093 301 1161 328 culis
1171 306 1376 336 antcponentcm
1392 309 1398 328 :
1414 300 1585 327 zEniulamini
1597 304 1697 333 autem,
1715 299 1815 334 inquit,
1828 299 1890 325 cha—

1092 348 1197 374 rismata
1211 348 1355 382 spiritualia
1371 354 1380 373 :
1393 351 1416 373 et
1430 346 1513 373 adhuc
1527 345 1728 373 excellentiorem
1742 346 1808 372 viam
1820 344 1890 372 vobis

1093 393 1197 420 ostendo
1213 392 1250 428 (I.
1263 392 1321 419 Cor.
1339 392 1381 419 1‘2.
1396 391 1442 427 51)
1457 401 1463 423 ς
1478 396 1504 418 et
1524 391 1591 418 hanc
1605 391 1674 417 viam
1693 395 1785 426 postea
1806 397 1890 425 expo-

1094 445 1177 469 nens.
1201 447 1254 465 non
1280 442 1399 465 mortuos
1425 437 1566 464 suscitatos
1593 436 1668 469 dicit,
1691 444 1742 464 non
1768 436 1889 470 leprosos

1094 483 1253 514 mundatos,
1268 490 1320 510 non
1339 482 1411 510 aliud
1433 482 1519 509 simile
1533 481 1688 516 quidpiam;
1711 481 1758 508 sed
1778 488 1828 516 pro
1847 481 1889 508 his

1094 530 1218 556 omnibus
1230 529 1368 556 caritatem
1383 529 1481 563 posuit.
1495 528 1563 556 Audi
1577 535 1682 563 quoque
1695 527 1831 555 Christum
1845 527 1889 555 ili-

1095 580 1200 602 ccntein
1217 585 1223 602 :
1239 574 1327 602 Nolite
1339 575 1429 607 lauari,
1448 574 1567 609 quoniam
1581 573 1705 600 dwmonia
1720 574 1787 600 vobis
1805 573 1889 609 subji-

1095 622 1207 654 ciuntur,
1228 620 1272 648 scd
1286 621 1345 655 quia
1365 621 1467 647 nomina
1482 625 1564 646 vestra
1582 619 1676 653 scripta
1696 623 1754 645 sunt
1775 619 1801 645 in
1821 618 1890 646 uelis

1096 666 1172 703 (Luc.
1190 666 1232 693 10.
1247 666 1303 702 90).
1319 666 1351 693 Et
1364 670 1440 693 antea
1453 665 1556 693 dixerat
1571 673 1578 691 ε
1593 664 1671 692 Multi
1686 664 1768 691 dicent
1782 665 1844 691 mihi
1861 665 1889 691 iu

1095 712 1135 738 ale
1147 712 1193 738 illa
1208 720 1217 739 :
1231 711 1324 739 Nonne
1335 712 1361 738 in
1376 712 1476 738 nomine
1495 716 1537 738 tuo
1562 710 1781 752 oi'oplietavimus,
1798 714 1820 737 et
1833 710 1890 737 dix-

1095 758 1179 784 nionia
1198 757 1345 792 cjecinius‘,
1359 757 1494 784 etvirlutcs
1516 756 1609 783 multas
1631 755 1756 791 fecimus?
1771 755 1806 782 Et
1829 759 1890 782 tunc

1095 804 1231 838 conﬁtebor
1244 804 1297 836 eis,
1317 802 1410 830 Nescio
1434 810 1477 830 vos
1501 801 1616 837 (Matth.
1641 802 1667 828 7.
1691 801 1736 828 22.
1760 801 1823 836 25).
1848 801 1889 828 Ad

1094 857 1201 878 crucem
1213 850 1293 878 etiam
1306 850 1391 877 iturus
1403 870 1411 882 ,
1426 849 1527 876 vocatis
1542 848 1679 883 discipulis
1693 847 1760 875 dixit
1773 856 1780 874 :
1794 846 1828 874 In
1842 847 1890 874 lioc

1094 900 1244 931 cognoscent
1254 903 1339 922 omnes
1350 895 1409 930 quia
1418 895 1465 922 mei
1473 894 1592 928 discipuli
1602 894 1671 926 estis,
1687 901 1739 920 non
1753 893 1774 920 si
1790 893 1890 920 dmmo-

1095 943 1139 969 nia
1164 942 1288 976 cjiciatis,
1308 941 1355 968 sed
1376 941 1407 968 Si
1420 941 1577 967 dilectionem
1590 939 1726 966 habueritis
1738 939 1772 966 ad
1785 940 1890 966 invicem

1096 985 1185 1023 (Ioui.
1197 987 1240 1014 l3.
1252 985 1308 1022 55).
1323 987 1361 1012 Ac
1374 993 1479 1013 rursum
1496 994 1503 1012 :
1519 984 1553 1011 In
1567 985 1614 1011 hoc
1629 990 1777 1020 cognoscent
1791 993 1889 1018 omnes,

1094 1032 1153 1067 quia
1172 1037 1199 1058 tu
1219 1040 1258 1059 me
1277 1032 1384 1063 misisti;
1405 1039 1458 1058 non
1473 1031 1495 1058 si
1511 1035 1630 1058 mortuos
1645 1030 1671 1056 lii
1686 1030 1889 1062 suscitaverint,

1095 1077 1142 1105 scil
1156 1077 1186 1105 Si
1201 1086 1278 1110 unum
1292 1077 1386 1112 fuerint
1399 1075 1489 1111 (Joan.
1503 1077 1547 1103 l7.
1560 1075 1617 1111 95).
1639 1075 1704 1103 Nam
1725 1084 1796 1110 sa-pe
1814 1076 1892 1110 signa

1094 1123 1207 1150 alterum
1225 1122 1331 1158 quidem
1345 1122 1474 1156 juvarunt
1489 1130 1495 1148 :
1510 1121 1533 1148 ci
1556 1129 1620 1148 vero
1639 1121 1685 1156 qui
1706 1122 1810 1156 signum
1829 1121 1892 1148 fecit

1096 1174 1255 1201 nocuerunt,
1267 1168 1330 1195 dum
1345 1168 1370 1195 in
1383 1172 1514 1195 tumorem
1526 1167 1684 1201 inanemque
1693 1167 1802 1202 gloriam
1817 1166 1890 1193 illuni

1095 1214 1288 1250 conjecerunt,
1311 1213 1354 1240 vel
1373 1213 1424 1239 alio
1445 1213 1525 1239 modo
1548 1213 1675 1239 Iusserunt
1691 1221 1697 1238 :
1716 1212 1741 1238 in
1762 1211 1889 1246 operibus

1095 1268 1160 1288 vero
1179 1260 1244 1288 nihil
1264 1259 1316 1287 tale
1341 1259 1470 1294 suspicari
1497 1259 1569 1291 licet,
1591 1258 1637 1285 scd
1660 1262 1688 1286 et
1707 1265 1764 1290 eos,
1779 1258 1824 1292 qui
1846 1258 1889 1284 illa

1095 1311 1237 1338 exercent,
1260 1311 1286 1333 et
1306 1307 1372 1334 alios
1395 1306 1494 1333 multos
1515 1305 1620 1340 juvant.
1640 1304 1702 1332 llmc
1719 1305 1808 1340 itaque
1827 1312 1886 1332 cum

1096 1360 1191 1388 magna
1215 1352 1353 1387 diligentia
1375 1351 1496 1379 edamus.
1517 1351 1582 1378 Nam
1605 1350 1628 1378 si
1649 1358 1681 1377 ex
1696 1351 1889 1378 inhumanitate

1096 1399 1129 1426 ad
1144 1399 1342 1434 elcemosynam
1356 1398 1470 1425 dandam
1484 1402 1510 1424 te
1522 1398 1697 1428 converteris.
1711 1404 1817 1424 manum
1828 1402 1890 1424 ante

1096 1444 1197 1471 aridam
1212 1444 1365 1471 extendisti.
1378 1443 1406 1471 Si
1423 1452 1436 1469 a
1452 1443 1558 1470 theatro
1566 1443 1698 1470 absistens
1710 1443 1737 1470 in
1748 1443 1888 1470 ecclesiam

1097 1490 1238 1517 intraveris
1249 1510 1256 1522 ,
1269 1489 1461 1517 clandicantem
1476 1489 1570 1524 pedem
1583 1488 1732 1516 restituisti.
1744 1489 1772 1516 Si
1785 1494 1890 1517 avertas

1097 1536 1188 1563 oculos
1209 1540 1268 1563 tuos
1290 1542 1306 1562 a
1330 1535 1471 1563 meretrice
1490 1540 1516 1562 ct
1538 1543 1551 1561 a
1576 1535 1771 1570 pulchritudine
1792 1536 1889 1569 aliena,

1097 1581 1157 1608 illos
1174 1586 1251 1608 antea
1270 1588 1356 1608 caacos
1376 1581 1513 1616 aperuisti.
1529 1580 1557 1608 Si
1580 1589 1628 1616 pro
1641 1581 1766 1608 salanicis
1781 1582 1893 1609 canticis

1097 1627 1215 1662 psalmos
1230 1627 1364 1662 spiritales
1377 1626 1513 1658 didiceris,
1526 1634 1586 1654 cum
1601 1632 1691 1654 mutus
1705 1631 1767 1654 ante
1782 1626 1889 1658 fuisses,

1097 1673 1221 1708 loquutus
1237 1680 1276 1700 es.
1298 1672 1361 1699 Hmc
1375 1673 1489 1699 maxima
1512 1672 1639 1699 miracula
1653 1677 1731 1705 sunt;
1747 1672 1804 1700 hrec
1817 1674 1891 1707 signa

1097 1719 1204 1746 eximia.
1226 1718 1253 1746 Si
1277 1718 1335 1745 huic
1349 1719 1423 1754 signa
1445 1718 1556 1746 edentes
1571 1726 1772 1754 perseveremus
1783 1740 1790 1752 ,
1803 1719 1891 1754 magni

1097 1771 1125 1792 et
1146 1764 1294 1791 admirandi
1317 1772 1362 1799 per
1385 1764 1442 1791 lucc
1457 1765 1573 1796 erimus,
1590 1764 1728 1799 malosque
1743 1772 1836 1792 omnes
1858 1765 1891 1790 ad

1098 1810 1222 1837 virtutem
1236 1809 1412 1842 attrahemus,
1422 1817 1453 1836 ac
1467 1809 1552 1836 futura
1563 1809 1645 1844 gloria
1660 1809 1779 1836 fruemur
1792 1819 1797 1836 :
1812 1817 1892 1844 quam

1098 1856 1199 1883 utinam
1224 1863 1273 1883 nos
1292 1862 1385 1882 omnes
1407 1863 1614 1890 consequamur,
1636 1856 1720 1890 gratia
1741 1861 1768 1882 et
1789 1855 1893 1883 miseri-

1098 1902 1190 1929 cordia
1204 1901 1310 1928 Domini
1328 1901 1410 1928 nostri
1424 1901 1488 1929 .lcsu
1507 1901 1605 1929 Christi
1616 1922 1624 1933 ,
1638 1902 1682 1928 cui
1696 1901 1781 1936 gloria
1796 1907 1824 1929 et
1841 1902 1892 1929 im-

1100 1947 1214 1982 perium,
1229 1947 1255 1974 in
1270 1946 1372 1974 inllnita
1383 1947 1479 1974 saecula
1495 1947 1664 1975 seculorum.
1680 1948 1776 1974 Amen.

1131 2027 1140 2044 ¹
1160 2027 1196 2051 sic
1205 2026 1366 2057 Manuscripti.
1376 2025 1446 2050 savil.
1458 2029 1539 2050 autem
1552 2028 1578 2057 et
1588 2024 1683 2057 κρῖ-ει..
1695 2028 1755 2050 Ecce
1764 2024 1789 2050 iu
1800 2023 1894 2050 nomine

1105 2061 1145 2083 tuo
1155 2057 1275 2083 daemonia
1284 2055 1406 2088 ejecimus,
1419 2057 1514 2081 omissis
1525 2055 1678 2088 quibusdam.

790 2155 962 2187 HOMILIA
985 2157 1138 2188 XXXIII.
1161 2157 1204 2188 al.
1226 2157 1377 2188 XXXIV.

255 2229 319 2258 CAP.
335 2227 378 2256 to.
394 2235 421 2255 v.
436 2227 479 2255 l6.
493 2227 559 2254 Ecce
572 2235 617 2262 ego
632 2228 702 2254 mitto
716 2235 758 2255 vos
779 2228 843 2255 sicut
856 2236 912 2256 oves
926 2229 953 2256 in
965 2229 1047 2257 medio

291 2275 420 2308 luporum.
442 2273 528 2300 Estote
547 2281 606 2308 ergo
623 2273 759 2308 prudentes
780 2274 845 2301 sicut
866 2280 1008 2310 serpentes,
1024 2280 1048 2303 et

290 2319 415 2353 simplices
427 2319 491 2346 sicut
504 2318 635 2345 columba.

291 2366 318 2392 l.
333 2364 478 2399 Postquam
492 2364 551 2391 illos
566 2372 599 2391 eo
613 2364 760 2392 deduxerat
771 2385 778 2396 ,
795 2369 824 2392 ut
836 2365 871 2393 de
887 2366 1047 2394 necessariis

256 2411 290 2438 ad
300 2411 398 2438 victum
412 2410 462 2437 sibi
475 2409 676 2445 suppeditandis
690 2410 856 2438 conﬁderent
868 2432 876 2444 ,
889 2416 917 2438 et
929 2412 1046 2439 omnium

255 2458 350 2485 domos
370 2457 434 2492 ipsis
447 2461 602 2492 aperuerat,
623 2457 894 2493 honestissimamque
914 2459 1048 2494 ingressus

256 2503 368 2530 formam
381 2502 502 2534 dederat,
516 2510 568 2529 non
580 2506 607 2529 ut
620 2510 731 2530 errones
744 2507 771 2530 et
784 2503 921 2531 mendicos
934 2511 994 2532 esse
1006 2505 1050 2539 ju-

257 2549 342 2581 bcns,
360 2549 407 2576 sed
429 2553 458 2575 ut
475 2555 504 2575 se
526 2548 731 2582 suscipientibus
753 2548 830 2583 longe
851 2549 1050 2583 prmstantiorcs

258 2594 323 2627 (hoc
332 2594 402 2621 enim
418 2593 642 2629 signiﬁcavitcum
653 2593 720 2620 dixit
734 2602 740 2620 :
754 2593 853 2629 Dignus
866 2598 902 2621 est
917 2594 1050 2629 operarius

259 2638 372 2665 mercede
384 2646 446 2669 sua;
459 2642 486 2665 et
504 2646 564 2665 cum
579 2638 704 2673 prtccepit
716 2638 866 2673 explorare,
881 2639 941 2674 quis
954 2639 1051 2675 dignus

259 2688 350 2716 esset,
372 2683 459 2717 ibique
480 2691 588 2710 manere
601 2704 609 2714 ,
629 2687 708 2718 atque
730 2684 893 2717 excipientes
918 2685 1045 2716 salutare,

259 2736 373 2763 cumque
390 2735 442 2754 non
461 2728 666 2762 suscipientibus
682 2728 855 2756 intolerabilia
875 2729 1051 2757 comminatus

260 2779 333 2802 esset
351 2772 436 2808 mala)
452 2781 459 2800 :
475 2778 612 2808 postquam
635 2774 714 2809 igitur
726 2773 765 2801 sic
781 2781 888 2801 omnem
906 2782 997 2802 curam
1018 2775 1052 2802 ab

261 2820 327 2855 ipsis
346 2819 471 2853 eiecerat,
490 2826 521 2845 ac
534 2819 670 2853 signorum
690 2819 843 2854 spectaculo
856 2820 1008 2852 munierat,
1024 2825 1052 2848 et

261 2866 336 2902 quasi
352 2865 453 2893 t‘erreos
464 2863 700 2900 adamantinosque
708 2864 868 2898 reddiderat,
881 2866 1053 2894 saecularibus

1099 2229 1224 2256 omnibus
1239 2229 1392 2264 superiores
1403 2249 1411 2262 .
1423 2233 1450 2256 et
1463 2228 1496 2256 ab
1516 2228 1589 2255 omni
1611 2232 1783 2261 temporanea
1796 2227 1896 2256 sollici-

1104 2274 1198 2302 tudine
1223 2274 1370 2301 liberatos:
1387 2274 1495 2302 demum
1509 2274 1554 2300 illa
1580 2273 1699 2308 praedicit
1723 2274 1790 2301 mala
1803 2295 1810 2305 ,
1836 2281 1896 2308 qm:

1101 2321 1174 2354 ipsos
1195 2321 1316 2347 invasnra
1332 2326 1409 2348 erant
1424 2328 1430 2346 :
1448 2327 1501 2347 non
1519 2320 1604 2347 solum
1627 2327 1658 2348 ea
1681 2328 1740 2355 qua:
1755 2321 1894 2354 paulopost

1102 2365 1201 2397 futura,
1227 2365 1274 2392 sed
1301 2365 1381 2392 etiam
1408 2373 1438 2392 ea
1464 2373 1523 2400 quae
1549 2370 1609 2400 post
1632 2365 1745 2392 multum
1768 2366 1897 2400 temporis

1102 2416 1179 2438 erant
1193 2415 1320 2438 eventura
1332 2430 1339 2442 ,
1357 2411 1402 2438 diu
1417 2417 1479 2438 ante
1499 2411 1558 2438 illos
1577 2411 1610 2438 ad
1629 2411 1728 2438 bellum
1743 2418 1897 2446 prmparans

1102 2461 1194 2495 contra
1206 2455 1339 2483 diabolum
1353 2456 1563 2491 suscipiendum.
1578 2456 1657 2483 Multa
1671 2456 1742 2483 enim
1757 2456 1818 2483 hinc
1828 2456 1898 2483 bona

1103 2501 1278 2535 emergebant
1299 2509 1305 2527 ε
1330 2501 1426 2536 primo,
1452 2501 1522 2536 quod
1549 2501 1631 2536 ipsius
1651 2501 1826 2536 pra-scientiae
1845 2501 1898 2527 vini

1103 2551 1279 2581 agnoscerent
1294 2554 1302 2578 ;
1324 2546 1457 2580 secundo,
1473 2547 1544 2581 quod
1561 2555 1638 2574 nemo
1653 2547 1782 2582 suspicari
1797 2552 1899 2581 posset,

1104 2591 1162 2619 hzcc
1175 2591 1243 2618 mala
1259 2591 1294 2618 ob
1307 2591 1424 2619 doctoris
1439 2593 1646 2620 imbecillitatem
1660 2593 1788 2625 evenire;
1806 2593 1897 2625 tertio,

1106 2646 1140 2665 ne
1162 2638 1178 2665 ii
1199 2639 1245 2673 qui
1265 2638 1322 2665 haec
1347 2639 1449 2672 passuri
1462 2643 1553 2670 erant,
1570 2638 1790 2673 percellerentur,
1805 2638 1827 2666 si
1843 2638 1900 2665 bare

1106 2684 1286 2718 inexspectata
1298 2688 1326 2711 et
1336 2688 1433 2719 praeter
1451 2691 1527 2719 Spem
1541 2684 1720 2716 accidissent;
1740 2689 1836 2720 quarto
1846 2705 1853 2715 ,
1868 2691 1902 2710 ne

1109 2731 1165 2757 lucc
1175 2730 1263 2757 crucis
1272 2734 1393 2764 tempore
1406 2730 1545 2757 audientes
1559 2730 1748 2763 turbarentur;
1765 2738 1825 2757 nam
1838 2734 1902 2756 tunc

1108 2775 1204 2802 turbati
1220 2779 1291 2808 sunt,
1304 2782 1364 2802 cum
1376 2776 1540 2810 exprobrans
1551 2775 1615 2810 ipsis
1629 2775 1730 2803 diceret
1743 2784 1748 2802 :
1763 2775 1830 2809 Quia
1845 2776 1898 2802 hinc

1109 2821 1228 2856 loquutus
1248 2829 1305 2848 sum
1326 2821 1410 2854 vobis,
1425 2822 1528 2848 tristitia
1543 2822 1655 2857 implevit
1675 2830 1718 2849 cor
1731 2827 1841 2849 uestrum
1852 2841 1861 2853 .
1879 2825 1903 2848 et

1107 2875 1180 2894 nemo
1192 2874 1223 2894 ex
1232 2867 1300 2895 vobis
1310 2867 1448 2902 interrogat
1460 2875 1509 2901 me,
1521 2866 1576 2901 Quo
1584 2866 1656 2894 vadis
1666 2865 1754 2900 (Joan.
1769 2865 1811 2893 l6.
1823 2863 1849 2892 ti.
1863 2864 1903 2899 5)?
