2067 3134
214 170 265 203 ως.

212 235 334 260 Attamen
351 233 385 261 de
406 241 435 262 se
454 234 518 262 nihil
540 236 626 264 adhuc
644 239 727 272 dicit,
742 248 837 277 nempe
852 243 922 278 quod
939 245 996 272 vin-

210 278 320 307 ciendus
332 284 417 314 esset,
431 280 604 317 ﬂagellandus
617 304 623 315 ,
640 285 801 314 occidendus
812 307 819 319 ,
841 296 875 316 ne
895 289 933 317 sic
949 299 996 319 eo-

209 332 268 353 runt
281 326 447 361 perturbaret
459 328 572 361 animos,
586 330 632 357 sed
647 331 750 360 interim
763 341 821 368 quin
836 335 901 369 ipsis
913 344 996 365 even-

210 375 266 398 tura
283 372 338 399 sint
357 373 525 407 praenuntiat.
542 375 641 403 Deinde
655 382 684 404 ut
698 378 812 411 discant,
827 388 920 407 novam
936 389 997 410 esse

209 415 276 443 banc
289 417 402 445 bellandi
415 418 510 454 legem.
523 425 548 447 et
562 421 708 450 inauditum
722 424 788 452 aciei
802 426 920 456 modum.
933 435 994 456 cum

207 463 293 490 nudos
307 464 408 497 mittat,
423 473 475 492 una
489 465 596 494 indutos
609 469 696 496 tunica
709 490 716 501 ,
734 469 794 498 sine
808 472 904 500 calceis
914 493 922 506 ,
938 473 996 502 sine

207 510 288 544 virga,
312 511 370 538 sine
389 511 495 546 cingulo
510 513 550 541 vel
566 520 643 548 pera,
660 523 725 550 quos
742 517 776 544 ali
787 517 862 552 jubet
875 519 909 545 a‘h
924 521 995 548 exci-

206 555 337 590 pientilms
347 577 354 588 ,
370 564 421 584 non
434 557 476 585 hic
488 558 566 586 linem
581 559 685 587 dicendi
703 561 781 595 facit,
798 563 843 590 sed
859 571 933 591 suam
949 573 993 593 os-

205 602 319 630 tendens
336 603 495 631 ineli'abilem
517 606 661 639 potentiam
685 607 748 635 dicit
769 617 775 635 :
797 608 840 637 Sic
865 610 994 639 abeuntes

203 649 292 675 ovium
311 650 539 678 mansuetudinem
563 653 696 686 exhibete,
711 655 816 683 etiamsi
833 663 926 685 contra
950 659 991 686 ln-

204 703 250 728 pos
266 695 344 728 ituri;
359 698 495 724 ne’cmodo
506 703 597 726 cantra
613 700 699 735 lupos,
715 702 761 730 sed
775 703 854 731 etiam
868 703 901 732 In
912 706 992 733 medio

201 741 328 775 luporum.
344 743 435 778 Neque
455 748 555 772 tantum
573 745 661 773 ovium
678 749 905 778 mansuetudinem
917 751 992 786 jubet

201 786 316 821 habere,
332 789 379 816 sed
394 790 475 818 etiam
490 791 686 826 simplicitatem
703 795 844 824 columbas.
863 796 907 825 Sic
924 807 991 833 prae-

200 833 291 860 scrtim
312 841 397 861 meatu
418 836 555 863 ostendam
566 837 761 871 fortitudinem.
772 843 831 869 c'um
842 844 990 880 oveslupos

200 878 319 910 vicerint,
337 880 441 907 etiamsi
456 881 482 908 in
495 883 582 910 medio
597 884 719 919 luporum
730 887 794 920 sint,
805 892 831 915 et
844 888 989 918 inmnnerls

200 924 333 951 morsibus
354 925 514 960 larerentllr,
532 935 581 956 nec
604 930 683 957 modo
703 939 756 959 non
775 932 923 967 deleantur,
940 936 988 963 sed

198 970 277 996 etiam
295 971 371 1005 lupos
392 977 563 1005 convertant;
580 975 650 1010 quod
667 977 745 1012 longe
764 979 912 1009 mirabilius
934 988 986 1015 est,

196 1020 224 1041 et
240 1016 326 1050 majus
340 1025 417 1051 quam
438 1018 460 1045 si
476 1019 623 1047 bcciderenl
634 1042 641 1054 ,
655 1023 677 1048 si
691 1030 787 1058 nempe
807 1025 911 1053 illorum
927 1032 986 1054 nut-

197 1065 254 1087 tcnt
268 1062 451 1096 voluntatem,
467 1065 637 1101 animumque
658 1069 848 1097 transforment
862 1081 869 1098 :
885 1076 912 1099 et
930 1072 986 1100 iure

197 1113 256 1133 t-uin
268 1107 305 1134 illi
318 1107 457 1137 duodecim
472 1116 562 1138 essent
576 1116 677 1140 tantum
690 1135 697 1146 ,
711 1120 738 1142 et
750 1120 820 1143 totus
831 1117 903 1145 orbis
918 1119 986 1153 lupis

195 1158 266 1180 esset
280 1154 383 1188 plenus.

232 1199 295 1227 Oras
316 1200 409 1228 Citriin
424 1203 542 1236 vincunt,
565 1204 620 1240 lupi
635 1207 776 1234 vincuntur.
790 1223 824 1228 —
838 1209 983 1238 Erubesca-

194 1250 253 1272 nurs
268 1245 357 1280 igitur,
371 1247 414 1282 qui
431 1254 523 1276 contra
538 1249 682 1284 facientes,
699 1255 772 1287 quasi
789 1254 842 1289 lupi
859 1255 982 1284 inimicos

195 1286 351 1315 invadimus.
379 1289 510 1323 Quamdiu
536 1293 606 1320 enim
622 1301 687 1321 oves
706 1286 799 1323 sumus
810 1286 825 1328 ,-
840 1297 981 1331 vincimus,

192 1337 271 1368 atque
291 1334 340 1362 etsi
352 1335 498 1364 innumeris
509 1338 664 1368 circumdati
687 1340 755 1376 lupis
767 1349 942 1377 superamus;
959 1345 980 1372 si

193 1383 256 1418 sero
267 1379 322 1414 lupi
333 1380 489 1414 el'liciamur,
502 1383 632 1412 vincimur
645 1395 651 1412 :
667 1387 779 1420 pastoris
793 1388 891 1423 quippe
905 1391 979 1417 auxi-

192 1415 227 1450 lio
241 1424 420 1453 destituitnurt
429 1426 486 1455 Non
498 1429 568 1456 enim
585 1430 628 1458 ille
641 1415 727 1466 lupos,
741 1432 787 1460 sed
801 1415 869 1462 oves
876 1440 979 1470 paseit;

192 1473 254 1497 tunc
271 1475 359 1498 autem
383 1477 409 1500 te
433 1473 559 1510 relinquit
571 1483 603 1503 ac
622 1476 754 1505 discedit:
769 1479 831 1513 quia
848 1488 899 1507 non
914 1482 981 1510 sinis

191 1515 262 1542 illmn
276 1516 399 1545 virtutem
413 1526 487 1547 suam
499 1521 650 1550 ostendere.
662 1522 689 1550 Si
702 1523 773 1551 enim
786 1531 979 1555 vexatusmau-

189 1562 356 1591 suetudinem
370 1565 509 1599 exhibeas,
520 1567 568 1602 ipsi
581 1572 663 1596 totum
676 1570 828 1599 attribuitur
838 1577 977 1608 trop‘rum;

189 1607 341 1636 sinesieris
361 1612 587 1648 pugnaverisque,
614 1615 752 1644 victoriam
777 1607 913 1646 obseuras.
939 1620 977 1647 Tu

189 1659 251 1694 vero
271 1654 336 1690 mihi
358 1656 496 1684 considera
518 1660 625 1693 quinam
648 1660 702 1687 sint
724 1661 751 1693 ii,
772 1663 816 1697 qui
839 1662 896 1690 iure
908 1664 974 1692 dura

188 1690 372 1736 laboriosaque
383 1707 513 1738 praecepta
522 1690 631 1732 audiunt
643 1715 648 1731 :
661 1690 826 1735 formidolosi
841 1690 973 1742 homines:

188 1745 296 1778 idioL-e;
320 1747 454 1782 illiterati,
470 1753 498 1776 et
517 1750 614 1778 indocti
631 1759 638 1784 ;
662 1759 771 1786 prorsus
785 1754 891 1782 obscuri
905 1764 911 1788 ;
925 1757 969 1790 qui

188 1796 344 1820 exterarum
367 1794 439 1829 leges
458 1795 632 1830 ignorabant,
648 1798 692 1832 qui
707 1805 758 1825 n0n
779 1799 805 1826 in
825 1799 912 1828 forum
928 1801 974 1829 dc-

187 1837 364 1871 sccnderant;
380 1840 536 1874 piscatores,
552 1842 694 1876 publicani,
714 1844 740 1870 in
754 1844 877 1872 omnibus
892 1846 974 1873 imbe-

186 1883 270 1910 cilles.
285 1883 360 1916 Quod
379 1885 400 1912 si
424 1886 480 1913 haec
502 1887 543 1914 vel
565 1895 660 1923 magno
676 1889 802 1923 praeditos
823 1890 928 1926 ingenio
946 1897 973 1919 et

185 1927 273 1955 animo
285 1929 355 1956 viros
366 1930 471 1958 turbare
482 1937 602 1966 possunt,
614 1933 748 1967 quomodo
759 1943 811 1962 non
824 1937 971 1971 potuissent

184 1966 322 2009 imperitos
335 1975 466 2010 homines,
474 1978 518 2012 qui
534 1978 597 2005 nihil
608 1981 730 2014 generosi
745 1989 869 2016 umquam
883 1983 972 2011 animo

182 2025 369 2055 conceperant,
380 2021 497 2057 dejicere
511 2027 590 2059 atque
604 2025 750 2059 percellere
760 2026 771 2052 ?
783 2026 818 2053 At
831 2035 883 2054 non
894 2027 970 2062 deje-

182 2073 254 2094 cere.
270 2066 350 2100 quue
359 2067 419 2102 jure
436 2069 547 2103 merito,
560 2070 630 2098 dicet
645 2071 713 2099 forte
727 2072 857 2108 quispiam
872 2083 879 2101 :
896 2074 985 2102 dedit.

183 2112 252 2139 enim
266 2112 317 2139 illis
331 2118 486 2147 potestatem
503 2115 638 2143 daemonas
648 2116 786 2150 ejiciendi,
802 2125 833 2146 ac
848 2119 970 2154 leprosos

182 2158 336 2186 mandandi.
354 2159 410 2195 Ego
423 2165 510 2188 autem
533 2161 645 2189 dixerim
656 2183 663 2194 ,
683 2162 734 2190 hoc
752 2163 837 2198 ipsum
851 2165 969 2192 maxime

181 2201 239 2230 illos
254 2203 360 2231 turbare
375 2205 504 2239 potuisse,
516 2206 586 2242 quod
601 2207 650 2234 etsi
662 2213 781 2235 mortuos
795 2209 966 2243 suscitarent,

181 2246 238 2276 Im-c
262 2254 351 2278 tamen
373 2251 549 2278 intolerabilia
571 2253 675 2286 passuri
699 2257 796 2286 erant;
817 2254 967 2288 tribunalia,

179 2294 352 2323 :Ibducliones
362 2295 395 2323 ad
409 2304 513 2330 necem,
525 2297 624 2325 bellum
636 2297 763 2326 adversus
773 2306 877 2333 omnes,
893 2307 966 2328 com-

179 2348 258 2368 mune
274 2341 355 2369 totius
368 2342 443 2370 orbis
460 2342 550 2370 odium
561 2364 568 2376 ,
580 2348 607 2372 et
622 2344 678 2372 haee
696 2344 758 2372 dum
775 2346 900 2374 miracula
921 2354 968 2382 pa-

179 2392 289 2414 trarent.
305 2387 370 2421 Quae
390 2389 539 2416 consolatio
563 2390 632 2417 inter
658 2394 696 2418 tot
721 2395 847 2426 tantaque
874 2392 966 2420 mala?

179 2431 306 2461 Mittenlis
322 2435 447 2468 potentia.
464 2434 565 2463 Idcirco
579 2435 636 2463 haec
648 2437 778 2471 praemisit
792 2437 850 2464 aliis
860 2437 963 2470 dicens,

179 2478 244 2506 Ecce
253 2488 298 2513 ego
313 2478 383 2506 mitto
397 2487 450 2509 eos.
467 2480 523 2508 [Ioc
537 2481 612 2509 vobis
626 2481 659 2509 ad
673 2482 884 2510 consolationem
898 2484 965 2511 satis

178 2530 218 2552 cst
229 2546 236 2557 ,
255 2525 406 2560 suﬂicitque
417 2526 451 2554 ad
466 2526 588 2555 ﬁduciam
601 2528 757 2556 sumendam
778 2530 965 2564 neminemque

176 2571 389 2598 adversariorum
404 2572 599 2600 formidandum
608 2574 628 2600 ¹.

211 2616 238 2643 2.
249 2616 333 2650 Quare
338 2616 451 2644 Christus
459 2616 579 2653 apostolis
585 2619 666 2645 ovium
672 2619 843 2654 inﬁrmitatem
852 2622 961 2656 reliquit.

176 2661 318 2689 Prudentia
329 2663 451 2696 serpentis
460 2671 525 2698 quis.
536 2678 572 2683 —-
582 2663 662 2692 Vides
675 2666 877 2693 auctoritatem?
890 2667 964 2694 vides

177 2707 343 2741 potentiam?
367 2707 440 2735 vides
458 2708 583 2736 virtutem
608 2709 862 2745 inexpugnabilem?
887 2711 963 2745 Quod

174 2757 262 2780 autem
285 2752 364 2785 dicit,
383 2753 533 2788 hujusmodi
555 2759 596 2782 est
610 2764 616 2781 :
631 2755 670 2782 Ne
688 2755 849 2789 turbemini,
865 2756 961 2792 inquit,

174 2798 243 2832 quod
254 2806 314 2825 cum
324 2806 371 2826 vos
381 2799 450 2826 inter
462 2801 536 2835 lupos
548 2801 662 2832 mittam,
672 2806 771 2829 utoves
784 2807 812 2829 et
821 2806 850 2829 ut
859 2803 962 2829 colum-

175 2844 220 2872 bas
232 2852 293 2873 esse
300 2846 419 2879 jubeam.
434 2846 602 2875 Contrarium
618 2853 743 2883 pricstare
755 2853 884 2883 poteram,
899 2856 961 2876 vos-

205 2924 213 2940 ι
229 2923 328 2952 quidam
337 2923 438 2954 habent,
445 2924 550 2956 nihilque
561 2925 715 2951 aduersorum
724 2926 914 2959 formidandum.

648 171 680 209 in
699 176 899 213 MATTIMLUM
919 187 1032 216 llUMlL.
1055 186 1172 218 XXXIII.
1193 193 1227 220 al.
1251 183 1369 223 xxxiv.

1790 200 1840 230 Silo

1054 255 1105 282 que
1124 250 1227 278 mittere
1246 253 1310 280 nihil
1333 260 1459 288 passuros
1477 257 1539 285 mali
1552 279 1559 290 ,
1575 263 1624 288 nec
1643 263 1671 289 ut
1689 266 1753 290 oves
1774 265 1841 300 lupis

1051 294 1182 329 subjicere
1192 317 1200 330 ,
1214 297 1262 325 sed
1279 299 1398 328 leonibus
1412 301 1637 334 formidabiliores
1650 307 1779 343 reddere;
1793 294 1840 339 sed

1050 339 1086 367 ita
1100 342 1156 369 lieri
1178 351 1224 377 par
1238 349 1279 371 est
1294 354 1301 372 :
1318 345 1368 373 hoc
1381 351 1409 374 et
1424 356 1470 376 vos
1487 344 1684 384 splendidiores
1696 339 1795 388 cilicii,
1811 363 1839 385 et

1050 387 1194 419 potentiam
1217 396 1302 417 meam
1323 391 1458 426 praedicat.
1482 394 1538 422 Hoc
1557 401 1584 423 et
1606 397 1687 425 Paulo
1710 387 1838 431 dicebat:

1049 431 1146 467 Sit/ﬁcit
1161 434 1204 461 tibi
1215 437 1298 470 gratia
1308 446 1363 464 mea
1373 446 1383 470 ,'
1398 448 1455 466 nam
1473 441 1550 469 virtus
1571 451 1626 470 mea
1648 445 1674 471 in
1693 446 1840 480 inﬁrmitate

1048 479 1177 513 perﬁcitur
1186 480 1223 516 (2.
1238 480 1297 510 Cor.
1314 483 1356 511 l2.
1368 484 1406 520 9).
1420 485 1475 521 Ego
1489 487 1578 522 itaque
1591 490 1630 517 sic
1642 498 1690 519 vos
1700 487 1836 522 censtitui.

1047 522 1112 550 Cum
1128 526 1197 552 enim
1213 526 1286 560 dicit,
1304 528 1358 564 Ego
1375 531 1445 558 mitto
1459 540 1502 560 vos
1514 533 1579 561 sicut
1592 543 1657 568 om,
1676 536 1727 565 hoc
1739 539 1835 566 subin-

1046 568 1116 596 dicat
1132 579 1139 597 :
1159 570 1198 598 Ne
1222 572 1310 607 itaque
1324 575 1413 603 animo
1426 576 1554 605 deliciatis
1568 587 1574 606 :
1591 579 1650 608 novi
1667 582 1738 609 enim
1751 603 1759 616 ,
1775 586 1837 613 novi

1045 615 1147 650 utique,
1165 624 1212 644 vos
1223 618 1262 646 sic
1278 621 1400 649 omnibus
1416 622 1632 659 inexpugnabiles
1642 626 1707 655 lore.
1725 615 1835 664 Deinde,

1046 662 1074 686 ut
1087 661 1221 695 quidpiam
1236 663 1284 698 ipsi
1296 672 1328 692 ex
1344 673 1374 693 se
1386 667 1546 701 proferrent,
1561 677 1612 698 nec
1624 674 1712 701 omnia
1723 683 1757 702 ex
1771 661 1834 711 gra.’

1045 706 1080 732 tia
1094 708 1224 740 prolicisci
1240 709 1394 739 viderentur
1404 734 1411 745 ,
1429 722 1514 749 neque
1535 717 1593 744 sine
1607 725 1686 746 causa
1709 724 1832 750 coronari

1044 756 1208 787 putarentur,
1224 756 1260 782 ait
1272 760 1278 784 :'
1291 756 1378 786 Estote
1392 767 1451 795 ergo
1464 762 1598 795 prudentes
1611 765 1675 792 sicut
1689 768 1814 801 serpentes
1825 790 1833 802 ,

1043 802 1066 823 et
1084 798 1212 834 simplices
1224 801 1290 828 sicut
1305 803 1436 832 columbae.
1451 806 1484 834 Et
1500 808 1563 842 quid
1582 810 1720 844 prudentia
1730 798 1832 841 Inosmi

1043 844 1141 877 pbssit,
1158 845 1280 880 inquiunt
1292 867 1300 880 ,
1314 848 1340 876 in
1356 854 1394 878 tot
1412 852 1556 885 periculis?
1569 857 1702 890 quomodo
1716 860 1832 893 prudens

1042 889 1103 916 tiam
1117 889 1215 919 habere
1228 894 1384 928 poterimus,
1397 900 1436 924 tot
1450 898 1539 932 agitati
1555 889 1679 930 fluctibus
1690 902 1702 930 ?
1715 889 1834 938 Quanta-

1041 943 1154 971 cumque
1174 938 1311 972 prudentia
1333 942 1367 968 sit
1388 943 1498 977 prmdita
1509 945 1584 979 ovis,
1599 954 1659 975 cum
1673 949 1743 978 inter
1754 951 1832 987 lupos

1040 982 1083 1014 sit,
1097 987 1124 1010 et
1139 988 1238 1012 tantum
1256 985 1377 1021 luporum
1396 996 1550 1022 numerum,
1564 993 1627 1026 quid
1641 996 1737 1028 poterit
1750 982 1830 1031 perli-

1039 1029 1119 1055 cere?
1137 1035 1351 1068 quantacumque
1372 1034 1407 1061 sit
1426 1035 1557 1064 columba:
1576 1038 1733 1074 simplicitas
1744 1029 1758 1075 ξ
1766 1043 1829 1077 quid

1039 1073 1075 1100 illi
1086 1074 1206 1109 juvabit,
1224 1081 1262 1105 tot
1280 1078 1439 1108 instantibus
1458 1073 1650 1117 accipitribus?
1662 1085 1690 1113 In
1706 1073 1749 1114 his
1758 1073 1831 1116 certe

1039 1118 1264 1151 irrationabilibus
1277 1124 1354 1158 nihil,
1369 1125 1395 1153 in
1406 1122 1485 1155 vobis‘
1494 1133 1582 1156 autem
1596 1131 1706 1159 multum
1714 1132 1826 1168 juvabit.

1036 1164 1088 1192 Sed
1101 1166 1237 1196 videamus
1251 1175 1329 1203 quam
1343 1170 1386 1198 hic
1395 1172 1561 1207 prudentiam
1571 1175 1668 1212 exigat.
1679 1164 1823 1214 Serpentis,

1036 1210 1129 1245 inquit.
1143 1212 1371 1246 Quemadmodum
1387 1217 1432 1245 ille
1445 1219 1533 1246 omnia
1549 1210 1638 1253 tradit.
1652 1210 1754 1252 etiamsi
1765 1210 1828 1253 eor;

1037 1265 1085 1290 pus
1107 1258 1185 1285 incidi
1207 1265 1347 1294 oporteat,
1372 1270 1425 1290 non
1447 1264 1590 1293 admodum
1604 1271 1825 1304 repugnat.dum

1034 1307 1113 1338 caput
1125 1309 1250 1332 servetur
1265 1315 1271 1333 :
1287 1307 1327 1334 sic
1337 1312 1364 1335 et
1379 1312 1417 1342 tu,
1433 1309 1527 1345 inquit,
1542 1317 1650 1347 excepta
1663 1314 1724 1346 tide,
1737 1318 1824 1345 oiunia

1035 1350 1109 1377 trade
1120 1371 1127 1382 ,
1151 1353 1294 1386 pecunias,
1316 1361 1412 1389 corpus
1423 1375 1430 1387 ,
1444 1355 1496 1383 imo
1508 1356 1590 1391 ipsum
1603 1359 1728 1388 animam.
1746 1361 1824 1390 Fides

1033 1396 1104 1423 enim
1126 1402 1206 1432 caput
1229 1403 1269 1425 est
1290 1403 1318 1426 et
1340 1400 1414 1428 radix
1429 1409 1435 1427 :
1451 1401 1547 1437 illaque
1569 1410 1691 1439 servata,
1715 1407 1819 1436 etiamsi

1033 1442 1121 1468 omnia
1143 1443 1264 1471 amiseris
1276 1465 1284 1477 ,
1307 1445 1395 1472 omnia
1411 1451 1502 1481 postea
1517 1448 1695 1479 abundantiUS
1708 1460 1822 1489 recupe-

1032 1487 1113 1514 rabis.
1138 1487 1200 1515 ideo
1216 1497 1267 1516 non
1282 1490 1428 1525 simplicem
1453 1498 1552 1521 tantum
1566 1516 1574 1528 ,
1590 1503 1641 1524 nec
1663 1487 1820 1532 prudentem

1032 1532 1118 1560 solum
1132 1539 1192 1561 esse
1207 1536 1332 1570 prmcepit
1343 1557 1350 1570 ,
1373 1537 1421 1565 sed
1436 1537 1492 1566 haec
1507 1540 1585 1568 ambo
1599 1542 1724 1577 miscuit;
1741 1545 1776 1574 ita
1792 1552 1821 1575 ut

1030 1578 1088 1606 ha-c
1113 1579 1196 1607 virtus
1230 1588 1294 1609 vere
1327 1582 1407 1615 sint;
1439 1585 1659 1622 prudentiamque
1689 1593 1818 1625 serpentis

1029 1626 1182 1661 assumpsit,
1200 1631 1227 1654 ut
1242 1635 1274 1654 nc
1289 1627 1375 1656 letalia
1391 1629 1648 1668 vulne‘ra‘accipias;
1664 1635 1820 1671 simplicita-

1029 1675 1082 1699 tem
1097 1679 1162 1699 vero
1173 1673 1313 1707 coluit-bar,
1331 1679 1359 1701 ut
1375 1682 1408 1702 ne
1422 1675 1548 1704 laedentes
1559 1683 1584 1706 te
1595 1678 1739 1716 ulciscaris,
1751 1691 1819 1712 neve

1028 1716 1184 1745 insidiantes
1195 1726 1242 1752 per
1257 1719 1398 1747 vindictam
1411 1728 1536 1749 amoveas
1552 1734 1558 1750 :
1572 1724 1638 1752 nihil
1653 1726 1723 1754 enim
1737 1729 1817 1762 prod-

1026 1767 1067 1790 e‘st
1080 1762 1228 1798 prudentia,
1241 1765 1290 1792 nisi
1302 1765 1352 1793 hoc
1362 1766 1439 1794 adsit.
1453 1767 1520 1801 Quid
1533 1776 1596 1804 ergo
1608 1771 1692 1806 magis
1704 1773 1816 1800 arduum

1026 1807 1068 1835 his
1092 1809 1251 1844 prceceptis?
1276 1809 1333 1838 Non
1359 1811 1430 1839 enim
1456 1814 1522 1841 satis
1542 1820 1600 1842 erat
1622 1816 1691 1844 mala
1704 1818 1816 1847 subire?

1025 1856 1101 1891 Non,
1116 1857 1200 1893 inquit
1211 1858 1273 1892 ille;
1294 1859 1341 1887 sed
1356 1859 1434 1887 etiam
1451 1867 1484 1888 ne
1498 1861 1641 1897 indigneris
1662 1868 1733 1891 veto.
1759 1865 1815 1894 Hoc

1025 1903 1096 1931 enim
1112 1903 1144 1930 ad
1159 1904 1308 1932 columbam
1324 1907 1448 1940 pertinet.
1471 1907 1511 1935 Ac
1533 1908 1555 1935 si
1570 1909 1630 1944 quis
1642 1910 1772 1938 calamum
1787 1914 1813 1939 in

1024 1952 1111 1985 ignem
1131 1951 1240 1979 mittens
1252 1971 1261 1985 ,
1281 1952 1385 1987 juberet
1408 1961 1459 1981 non
1474 1954 1513 1981 uri
1527 1954 1561 1982 ab
1575 1955 1645 1990 igne,
1662 1957 1708 1984 sed
1724 1957 1810 1992 ignem

1023 1995 1201 2031 exstinguere.
1216 1996 1314 2024 Verum
1328 2004 1361 2025 ne
1376 1998 1512 2026 turbamur
1526 2008 1533 2026 :
1549 1999 1606 2027 ha-c
1617 2005 1643 2028 et
1658 2008 1812 2036 evenerunt,

1023 2046 1049 2069 et
1061 2041 1140 2069 linem
1152 2048 1322 2077 acceperunt,
1338 2044 1454 2079 ipsisque
1464 2045 1588 2080 operibus
1600 2046 1719 2075 exhibita
1731 2055 1791 2076 sunt
1806 2061 1812 2078 :

1024 2087 1168 2122 prudentes
1182 2089 1252 2116 enim
1264 2088 1371 2116 fuerunt
1385 2090 1455 2117 sicut
1468 2098 1608 2126 serpentes
1620 2113 1627 2125 ,
1643 2098 1670 2120 et
1680 2094 1814 2129 simplices

1022 2135 1091 2163 sicut
1103 2136 1232 2164 columba:
1248 2146 1254 2164 :
1271 2145 1323 2165 non
1336 2137 1406 2173 quod
1420 2147 1452 2166 ex
1466 2139 1516 2166 alia
1530 2145 1623 2167 natura
1639 2148 1729 2169 essent
1740 2163 1747 2176 ,
1763 2146 1810 2171 scd

1022 2190 1055 2209 ex
1077 2182 1170 2211 eadem
1197 2186 1248 2219 qua
1268 2192 1318 2212 nos
1340 2190 1425 2213 erant.
1445 2185 1484 2214 Ne
1508 2187 1568 2222 quis
1589 2195 1653 2223 ergo
1667 2194 1740 2224 putet
1755 2190 1812 2219 lnnc

1021 2233 1152 2262 pra‘eepla
1166 2229 1269 2263 impleri
1283 2236 1334 2256 non
1348 2237 1435 2264 posse.
1451 2230 1509 2258 Prae
1521 2233 1645 2259 omnibus
1658 2234 1730 2261 enim
1751 2236 1811 2263 aliis

1021 2273 1078 2309 ipse
1090 2274 1163 2301 nOvit
1177 2282 1265 2302 rerum
1281 2280 1402 2302 naturam
1418 2284 1425 2303 :
1445 2277 1517 2304 novit
1530 2277 1657 2306 ferociam
1674 2287 1727 2306 non
1743 2280 1812 2307 iero-

1019 2319 1071 2351 cia,
1096 2319 1144 2347 sed
1167 2319 1349 2348 moderatione
1375 2321 1512 2357 restingui.
1538 2322 1614 2356 Quod
1636 2324 1658 2351 si
1679 2325 1765 2360 reipsa
1786 2332 1813 2353 et

1019 2375 1101 2402 opere
1124 2367 1149 2394 id
1163 2367 1252 2395 videre
1266 2369 1342 2401 velis,
1358 2369 1415 2404 lege
1436 2370 1532 2398 librum
1548 2372 1660 2400 Actuum
1675 2376 1813 2409 apostolo-

1019 2420 1095 2445 rum,
1121 2414 1275 2449 videbisiluc
1299 2415 1404 2450 quoties
1428 2416 1527 2444 Judaiis
1551 2417 1762 2454 insurgentibus,
1785 2427 1811 2448 ιιι

1018 2458 1111 2486 dentes
1133 2460 1309 2493 acuentibus,
1330 2460 1357 2488 hi
1376 2461 1524 2489 columbam
1542 2463 1691 2497 imitantes,
1708 2471 1809 2493 etcum

1018 2504 1201 2532 moderatione
1221 2505 1311 2533 debita
1332 2506 1481 2541 loquentes,
1497 2508 1604 2536 illorum
1619 2509 1735 2538 furorem
1759 2520 1808 2539 es-

1017 2551 1168 2584 stinxerint,
1192 2552 1259 2580 iram
1281 2553 1429 2588 placarint,
1454 2554 1580 2589 impetum
1596 2555 1724 2585 sedarint.
1740 2558 1807 2586 Nam

1017 2605 1077 2624 cum
1090 2598 1210 2626 dicerent
1222 2607 1228 2625 :
1244 2598 1337 2626 Nonne
1350 2600 1514 2635 prtecepimus
1525 2602 1593 2629 vobis
1606 2610 1636 2629 ne
1647 2603 1810 2637 loqueremini

1016 2643 1042 2670 in
1066 2643 1165 2671 nomine
1183 2644 1231 2671 isto
1247 2645 1314 2680 (Act.
1339 2645 1366 2672 5.
1380 2644 1454 2681 28)?
1465 2646 1515 2673 etsi
1530 2647 1655 2675 miracula
1670 2649 1807 2677 immmera

1018 2695 1123 2725 patrare
1137 2693 1254 2724 possent,
1272 2690 1337 2717 nihil
1350 2698 1473 2725 asperum
1486 2691 1527 2719 vel
1540 2691 1663 2719 dixerunt
1676 2693 1717 2720 vel
1732 2693 1806 2721 lece-

1015 2740 1088 2769 ruut,
1103 2735 1149 2763 sed
1161 2743 1221 2763 cum
1235 2735 1306 2762 omni
1322 2743 1382 2763 sese
1395 2737 1598 2765 mansuetudine
1611 2744 1756 2773 purgarunt
1767 2739 1806 2766 di-

1016 2786 1108 2808 centes
1126 2789 1133 2808 :
1149 2781 1179 2808 Si
1195 2781 1293 2815 justum
1305 2785 1341 2808 est
1358 2789 1401 2808 vos
1415 2782 1504 2809 audire
1518 2787 1601 2818 potius
1617 2791 1691 2818 quam
1707 2784 1806 2816 Deum,

1011 2827 1124 2863 judicate
1138 2826 1218 2862 (Ibid.
1228 2826 1253 2855 4.
1266 2826 1321 2860 i9).
1335 2826 1428 2854 Vidisti
1440 2827 1638 2863 simplicitatem
1650 2829 1780 2857 columba:
1793 2830 1805 2857 1

1018 2872 1081 2900 Vide
1097 2871 1261 2907 prudentiam
1281 2873 1424 2908 serpentis.
1447 2872 1507 2900 Non
1517 2874 1583 2901 enim
1595 2883 1746 2910 possumus,
1763 2875 1805 2902 in-

1016 2919 1119 2954 quiunt,
1129 2927 1182 2953 quae
1193 2918 1297 2946 vidimus
1306 2924 1327 2946 et
1336 2919 1476 2947 audivimus
1484 2928 1533 2947 non
1542 2921 1611 2956 loqui
1620 2920 1699 2956 (Ibid.
1712 2929 1735 2947 ιι.
1744 2921 1803 2971 20).
