2067 3134
244 177 295 207 ’591

250 224 342 254 Viden‘
353 223 488 260 quomodo
502 231 552 252 nos
567 223 684 259 ttndique
697 227 820 250 accurate
837 221 941 249 tttttttire
955 227 1036 255 opor-

249 277 313 304 teat,
329 277 353 298 ttl
370 279 403 299 ne
418 270 458 298 vel
474 262 598 306 periculis
609 270 765 305 dt‘jiciamur
776 289 784 300 ,
798 267 839 295 vel
854 267 892 294 ira
908 265 1035 293 incenda-

248 318 326 345 mur?
336 317 435 344 Idcirco
445 316 549 344 dicebat
559 325 565 342 :
577 316 619 343 l7.
629 315 717 342 Cavete
728 314 759 340 ab
770 313 911 341 hominibus
920 320 930 338 :
940 311 1038 338 tradent

248 365 314 390 enim
329 371 371 390 nos
384 363 410 389 in
425 362 537 389 conciliis
550 382 556 392 ,
572 367 596 388 et
610 362 636 387 in
650 360 785 396 tynagogis
802 359 854 386 suit
872 357 1037 393 ﬂagellabant

243 418 291 437 ’τοι
308 418 317 438 :
333 410 375 437 l8.
392 415 415 437 et
429 409 463 436 ad
478 408 597 444 prmities
611 412 633 434 et
653 415 722 442 reges
736 405 861 433 ducentini
879 406 906 432 in
925 404 1038 437 testimo-

249 464 319 482 mum
342 455 394 482 illis
418 459 442 482 et
463 454 586 490 gentibus.
611 453 712 480 Rursus
738 452 796 479 illos
819 451 852 478 ad
876 450 1037 485 vigilandum

250 506 390 536 pra-parat,
403 500 498 534 ubique
508 498 637 529 indicens,
647 502 676 525 ut
686 497 754 525 mala
766 497 910 532 patiantur,
920 496 1038 531 aliosque

250 548 318 575 mala
342 547 440 574 inferre
465 547 566 577 sinens.
590 549 620 572 ut
633 544 729 575 disras,
756 543 826 571 male
850 542 974 577 patiendo
996 542 1037 569 vi-

249 593 360 620 ctoriam
384 590 535 627 reportari,
559 590 673 625 hincque
688 595 787 623 tropzca
802 589 878 623 erigi.
894 587 952 616 Non
966 587 1037 615 cnim

250 638 326 670 dixit,
341 637 458 672 Pugnate
472 644 531 669 vos,
546 642 573 664 et
587 635 703 663 resistite
718 635 750 662 iis
760 635 803 670 qui
819 642 866 661 vos
881 633 978 661 laedere
989 641 1038 661 vo-

250 684 308 712 lunt
319 692 327 717 ;
340 683 388 711 scd
402 683 454 710 hoc
465 687 578 715 tantum,
594 682 719 709 Extrema
735 681 837 716 passuri
851 681 926 708 estis.

284 730 311 757 5.
332 729 428 764 Papae!
443 732 539 764 quanta
551 727 683 764 loquentis
696 727 753 755 vis!
767 731 863 762 quanta
875 725 1037 754 audientium

250 777 435 813 philosopltial
451 776 530 804 Certe
542 775 618 803 valde
632 774 779 802 mirandum
793 777 833 802 est
847 773 907 800 illos
920 772 981 800 talia
992 780 1039 804 au-

249 823 364 855 dientes,
378 829 430 850 nou
447 822 535 849 statim
555 820 699 856 aufugisse,
711 820 783 857 viros
798 818 979 851 nteliculosos,
993 818 1039 853 qui

248 878 303 898 non
316 870 384 898 ultra
400 874 534 904 stagnum,
548 868 574 895 in
589 875 642 903 quo
660 866 755 903 piscari
767 865 900 899 solebant,
913 872 1040 901 peragra-

249 920 352 945 verant.
371 915 510 951 Quomodo
525 922 577 942 nou
597 913 756 950 cogitarunt.
777 919 827 940 nec
839 912 909 940 intra
921 918 951 938 se
965 911 1040 939 dixe-

251 967 313 990 runt
329 971 335 989 :
349 961 408 995 Quo
422 960 529 989 tandem
548 959 697 995 fugiemus?
713 958 866 986 Tribunalia
880 961 972 985 contra
991 963 1040 984 nos

251 1012 333 1042 stant,
355 1014 443 1043 reges,
460 1006 598 1042 praesides,
614 1012 755 1041 synagogas
766 1003 930 1036 Judteorum,
953 1002 1039 1037 genti-

251 1055 316 1082 lium
333 1054 421 1087 tnrba,
436 1052 569 1090 principes
583 1056 609 1079 et
631 1051 740 1079 subditi.
753 1049 819 1078 Nam
844 1056 896 1076 non
919 1048 1040 1076 Palaesti-

251 1109 313 1129 nam
335 1100 427 1134 modo,
452 1106 501 1127 nec
515 1098 594 1129 mala,
615 1105 674 1132 quas
694 1097 729 1124 ibi
746 1095 847 1131 passuri
871 1100 956 1128 erant,
973 1102 1042 1130 pne-

251 1146 394 1179 nuutiavit,
416 1144 463 1172 sed
477 1144 544 1172 bella
560 1151 607 1178 per
628 1142 720 1170 orbem
741 1141 827 1169 futura
840 1140 963 1177 prtedixit
978 1149 984 1166 :
1001 1140 1041 1167 Ad

251 1201 332 1229 reges,
352 1191 447 1227 inquit,
471 1195 495 1218 et
510 1189 629 1226 prmities
646 1188 790 1222 ducemini;
812 1187 958 1216 ostendens
981 1187 1041 1214 illos

251 1239 285 1268 ad
299 1242 392 1274 gentes
411 1236 508 1266 deinde
525 1244 586 1264 esse
597 1235 751 1264 mittendos.
766 1235 864 1263 Orbem
878 1239 970 1263 contra
991 1241 1041 1263 nos

251 1284 372 1317 armasti,
391 1283 464 1311 orbis
476 1287 555 1310 terra:
567 1281 731 1309 habitatores
742 1288 837 1308 omnes
849 1281 931 1309 armis
947 1285 1040 1309 contra

252 1337 302 1358 nos
314 1329 460 1362 munivisli,
475 1328 595 1364 populos,
608 1332 745 1362 tyrannos,
760 1333 847 1361 reges.
863 1326 938 1360 Quod
952 1326 1042 1359 sequi-

252 1382 295 1404 tur
306 1383 369 1404 vero
383 1375 462 1411 longe
474 1374 627 1402 horribilius
646 1378 697 1405 est,
713 1373 819 1408 quando
839 1372 950 1400 fratrum
973 1372 1041 1400 lilio-

251 1431 365 1458 rumque
379 1421 565 1450 interfectores
584 1426 611 1448 et
625 1419 762 1454 parricida)
775 1423 884 1455 propter
895 1425 943 1446 nos
959 1418 1041 1447 futuri

251 1475 313 1498 sunt
325 1469 458 1498 homines.
484 1467 549 1496 Nam
562 1467 607 1494 21.
622 1467 715 1494 Tradat
730 1467 809 1501 frater
821 1468 925 1502 fratrem
937 1466 964 1493 in
974 1474 1041 1493 mor-

251 1521 311 1548 tem,
326 1519 396 1550 pater
407 1514 498 1548 ﬁlium,
511 1518 534 1540 et
546 1513 674 1547 insurget"
687 1512 735 1546 ﬁlii
747 1512 774 1538 in
788 1516 913 1547 parentes,
927 1516 951 1539 et
963 1517 1041 1540 morte

250 1569 293 1588 eos
308 1560 422 1595 afﬁciant.
435 1558 584 1593 Quomodo,
600 1557 712 1592 inquies,
733 1557 829 1592 reliqui
844 1557 963 1590 credent,
979 1565 1040 1585 cum

251 1605 368 1634 viderint
382 1605 450 1633 lilios
465 1609 571 1640 propter
586 1612 634 1631 nos
645 1611 659 1631 a
674 1603 794 1638 patribus
805 1604 920 1637 occisos,
934 1603 1041 1632 fratres-

251 1660 304 1687 que
317 1659 331 1678 a
345 1651 479 1682 fratribus,
494 1650 647 1685 sceleraque
659 1650 747 1677 omnia
763 1649 884 1684 patrata?
898 1651 992 1677 Annon
1013 1654 1042 1678 nt

252 1698 429 1732 nequissimos
442 1696 587 1729 dtemonas,
600 1704 687 1723 :tnuou
701 1700 729 1722 ιιι
741 1695 918 1723 exsecrandos
932 1699 960 1723 et
968 1695 1041 1725 orbis

251 1748 431 1778 corruptores,
444 1749 493 1769 nos
504 1741 619 1776 undique
632 1741 776 1776 expellet",
791 1746 962 1776 cognatorum
977 1748 1040 1769 san-

251 1790 329 1825 guine
342 1792 368 1816 et
380 1788 508 1823 ejusmodi
520 1787 638 1814 caedibus
654 1792 750 1814 terram
764 1787 891 1822 repletam
905 1787 1040 1815 videntes?

251 1835 380 1868 Eqntdetu
399 1838 500 1867 (nonne
508 1833 530 1865 ‘3)
550 1840 645 1868 pacem
661 1833 688 1859 in
701 1833 797 1860 domos
821 1833 1032 1863 introducentus,

251 1884 290 1906 tot
305 1879 364 1906 illas
379 1878 497 1906 aedibus
513 1878 665 1913 impleutes.
680 1877 747 1905 Nam
760 1878 782 1905 si
797 1886 894 1913 magno
912 1885 1035 1905 essemus

251 1931 376 1957 numero,
401 1931 452 1953 nec
478 1924 621 1952 duodecim
643 1929 760 1958 tantum,
780 1924 805 1963 si
824 1931 877 1951 non
904 1923 992 1950 idiota:
1009 1927 1036 1949 et

252 1970 371 1998 illiterati
387 1990 395 2004 ,
424 1969 472 1998 sed
491 1970 628 2005 sapientes
651 1970 774 1998 rhetores
788 1991 796 2003 ,
819 1974 960 2002 oratores;
978 1969 1033 1996 into

250 2018 332 2044 etiam
356 2024 433 2052 reges
454 2017 590 2045 exercitus
613 2017 743 2045 habentes
758 2021 786 2044 et
800 2016 920 2052 pecuniis
934 2016 1037 2042 instru-

251 2061 298 2094 cti,
317 2062 452 2098 quomodo
471 2061 605 2097 quidpiam
625 2061 784 2096 persuadere
799 2062 955 2096 poterimus,
975 2061 1038 2089 dum

253 2107 321 2135 bella
336 2107 422 2135 civilia
436 2112 461 2135 et
482 2107 604 2136 civilibus
619 2108 740 2142 graviora
754 2107 958 2135 succendimus?
972 2107 1038 2135 Nam

253 2150 303 2177 etsi
314 2150 427 2178 salutem
438 2156 557 2179 nostram
572 2159 668 2188 parum
681 2160 819 2185 curemus,
832 2154 895 2188 quis
910 2154 988 2182 nobis
1003 2161 1037 2182 ex

253 2194 312 2222 aliis
326 2200 445 2223 utentem
459 2197 616 2225 adhibebit?
629 2197 683 2225 Sed
694 2198 762 2225 nihil
774 2198 871 2226 horum
883 2199 925 2227 vel
939 2199 1037 2235 cogita-

254 2246 318 2269 runt
329 2242 371 2269 vel
381 2243 516 2276 dixerunt,
532 2251 583 2270 nec
594 2249 789 2278 praeceptorum
801 2245 931 2272 rationem
942 2253 1037 2282 exege-

253 2291 331 2319 runt;
349 2288 395 2315 sed
407 2293 549 2316 cesserunt
563 2294 590 2316 et
602 2289 825 2324 obtemperarunt
838 2299 844 2317 :
861 2290 886 2317 id
897 2292 967 2325 qttod
982 2299 1036 2318 non

252 2339 284 2359 ex
299 2333 418 2367 ipsorum
441 2335 541 2362 virtute
557 2339 673 2366 tantum,
696 2335 743 2362 sed
761 2335 841 2362 etiam
866 2344 897 2362 cx
918 2337 1036 2364 Doctoris

253 2378 382 2412 sapientia
395 2379 623 2414 proficiscebatur.
635 2380 699 2407 Vide
712 2380 783 2407 cnim
795 2381 929 2415 quotuodo
943 2390 1038 2409 turum-

252 2423 295 2451 nis
314 2424 426 2459 singulis
446 2425 656 2453 consolationem
674 2426 796 2460 adjunxit
811 2435 816 2452 :
833 2427 867 2453 de
883 2435 937 2454 non
951 2428 1037 2455 susci-

252 2470 388 2504 pientibus
403 2471 461 2498 illos
477 2471 553 2503 dixit,
573 2472 742 2499 Tolerabilius
756 2473 805 2498 erit
824 2478 900 2500 terra:
910 2473 1037 2501 Sodomo-

252 2523 310 2542 rum
330 2521 353 2542 ct
372 2516 521 2544 Gomorrhte
537 2517 564 2544 in
583 2517 625 2544 die
641 2517 747 2552 judicii,
768 2526 848 2553 quam
873 2519 973 2546 civitati
997 2520 1037 2547 illi

253 2560 356 2595 (Matth.
374 2561 417 2588 10.
429 2562 471 2597 l5)
484 2571 491 2594 ;
504 2567 530 2590 et
543 2561 587 2590 hic
598 2570 706 2590 mrsum
719 2570 780 2590 cum
790 2563 867 2595 dixit.
883 2563 915 2590 Et
926 2565 960 2590 ad
970 2572 1037 2599 prtu-

250 2607 318 2633 sides
330 2612 352 2633 ct
363 2615 433 2643 reges
441 2609 581 2641 ducemini,
591 2609 702 2642 addidit,
712 2608 823 2643 Propter
831 2617 871 2636 me
885 2610 912 2636 in
920 2611 1036 2637 testimo-

252 2653 324 2678 nium
335 2652 387 2680 illis
397 2658 420 2680 el
428 2654 554 2688 gentibus.
562 2654 625 2682 Haec
635 2659 725 2683 autem
735 2662 789 2682 non
797 2663 878 2690 parva
888 2657 1036 2685 consolatio

250 2704 303 2731 est,
326 2699 378 2727 hoc
399 2705 506 2735 pronter
527 2702 665 2730 Christum
686 2702 752 2737 pati,
768 2707 796 2731 et
815 2703 849 2731 ad
867 2703 926 2731 illos
943 2705 1035 2732 redar-

250 2746 372 2782 guendos
388 2747 509 2774 conduci.
531 2747 603 2776 Deus
618 2749 701 2782 enim,
723 2749 774 2777 etsi
798 2749 888 2777 nullus
904 2750 1034 2782 attendat,

250 2792 351 2827 ubique
359 2800 391 2820 ea
402 2801 461 2828 qua:
469 2801 516 2821 sua
525 2799 589 2821 sunt
599 2800 736 2830 operatur.
748 2795 793 2823 Sic
802 2801 892 2823 autem
903 2796 961 2823 illos
971 2804 1035 2824 con-

250 2837 396 2870 solabatur,
421 2847 474 2866 non
495 2839 566 2874 qttod
588 2840 639 2875 ipsi
662 2840 695 2868 de
712 2841 813 2868 ttltione
827 2846 963 2873 curarent,
988 2843 1034 2870 sed

250 2883 313 2918 quia
324 2883 386 2912 hinc
403 2884 586 2918 confidebant,
605 2886 693 2921 ipsum
707 2886 757 2915 sibi
776 2887 874 2923 ubique
887 2887 1033 2916 all'uturum

615 177 643 205 S.
663 175 804 205 IOANNIS
821 172 1058 203 CllRYSOSTOMl
1077 171 1235 200 ARClllEP.
1255 169 1426 199 CONSTAN'I
1434 170 1520 200 INOP.

1091 225 1161 250 esse,
1176 218 1219 253 qui
1236 217 1293 246 haec
1304 222 1331 245 et
1341 217 1499 252 prmtlixerat
1514 222 1540 246 et
1552 217 1720 253 praeviderat,
1734 222 1760 246 et
1773 225 1805 247 se
1824 227 1881 247 non

1091 268 1120 291 ut
1134 265 1218 291 malos
1234 269 1261 291 et
1276 269 1446 299 corruptores
1461 263 1517 291 haec
1531 271 1590 291 esse
1603 271 1736 299 passuros.
1761 265 1800 292 Ad
1819 264 1878 293 hate

1091 317 1154 337 vero
1173 316 1225 336 non
1247 316 1352 344 parram
1373 309 1452 336 aliam
1470 309 1677 336 consolationem
1693 309 1793 344 adjicit,
1813 310 1877 338 dum

1091 355 1126 382 ait
1141 363 1147 380 :
1165 355 1207 382 19.
1221 354 1284 382 Cum
1303 359 1384 381 autent
1405 355 1503 382 tradent
1526 362 1578 387 vos,
1595 355 1672 382 nolite
1689 356 1798 390 cogitare
1815 364 1880 391 quo-

1091 401 1166 428 modo
1184 406 1228 426 attt
1248 400 1308 435 quiti
1328 401 1463 434 loquamini
1479 400 1600 427 :dabitur
1618 401 1684 428 enim
1704 402 1772 428 nubis
1793 402 1818 428 in
1833 401 1879 429 illa

1092 447 1154 473 hora
1167 446 1227 480 quid
1237 445 1383 480 loquamini.
1401 445 1446 473 '20.
1462 445 1523 472 Non
1535 446 1600 473 enim
1619 455 1661 473 vos
1675 447 1733 474 estis
1742 447 1785 481 qui
1799 447 1879 482 loqui-

1091 492 1163 524 mini,
1176 492 1219 519 sed
1232 491 1342 527 Spiritus
1356 491 1440 523 Patria
1455 492 1528 519 vestri
1538 492 1580 527 qui
1591 491 1701 527 loquitur
1711 493 1737 519 in
1749 493 1826 519 vobis.
1841 492 1880 520 Ne

1091 538 1211 565 dicereut
1236 537 1322 570 cuitu,
1346 537 1484 570 Quomodo
1502 538 1662 572 persuadere
1684 538 1830 573 poterimus
1852 539 1879 566 in

1075 615 1077 618 η
1093 585 1173 611 tantis
1192 583 1376 618 rebus?jubet
1397 584 1532 612 conlidere
1555 584 1588 612 de
1609 585 1774 620 suggerenda
1787 584 1880 612 defen-

1091 630 1177 658 sioue.
1194 630 1262 658 Alibi
1276 638 1381 665 quoque
1392 631 1428 657 ait
1443 639 1449 657 :
1466 630 1521 666 Ego
1537 631 1601 658 dabo
1615 632 1683 658 vobis
1697 640 1726 659 οε
1738 637 1762 659 et
1775 632 1878 666 sapien-

1092 678 1153 704 tiam
1167 676 1242 713 (Luc.
1262 677 1308 704 2|.
1326 677 1389 712 l5);
1415 677 1456 704 ltic
1470 684 1544 709 vero,
1566 677 1679 713 Spiritus
1695 676 1782 705 Patris
1807 677 1880 705 vestri

1091 723 1186 758 estqui
1200 723 1310 758 loquitur
1324 723 1350 750 in
1363 723 1440 756 vobis,
1463 723 1496 751 ad
1519 724 1707 759 prophetarum
1723 724 1879 759 dignitatem

1091 770 1164 804 ipsos
1188 770 1333 798 adducens.
1360 770 1536 806 Quapropter,
1560 779 1620 799 cum
1643 771 1731 799 datam
1754 772 1879 799 virtutem

1091 815 1210 851 exponit,
1226 820 1288 844 tunc
1303 821 1329 843 et
1342 816 1409 843 tttala
1427 816 1556 852 adjuugit,
1572 817 1660 845 credes
1672 823 1699 845 et
1712 817 1853 845 homicidia
1870 827 1878 846 :

1091 860 1136 888 21.
1151 860 1245 888 Tradet
1257 861 1323 888 enim
1338 861 1416 896 frater
1431 863 1534 898 fratrem
1552 862 1578 889 iu
1594 867 1709 895 mortem,
1727 869 1750 890 et
1765 869 1835 898 pater
1848 864 1881 898 [i-

1092 908 1164 941 lium,
1173 913 1196 934 et
1208 908 1336 944 inturgent
1349 909 1395 942 ﬁlii
1407 909 1434 935 in
1446 914 1571 944 parentes,
1585 915 1607 936 et
1617 915 1696 937 morte
1707 910 1814 945 ofﬁcient
1826 918 1878 938 eos.

1091 953 1182 990 Neque
1196 954 1238 982 hic
1253 955 1335 988 stetit,
1352 955 1397 982 sed
1411 955 1488 990 longe
1509 955 1676 983 ltorribiliora
1690 957 1799 991 adjecit,
1819 965 1879 992 qua:

1093 1000 1195 1035 possint
1205 1001 1247 1028 vel
1257 1005 1357 1035 petram
1368 1009 1546 1029 commovere.
1554 1002 1599 1029 9.2.
1611 1002 1642 1029 Et
1652 1003 1720 1030 eritis
1730 1003 1788 1030 odia
1798 1004 1881 1030 omni-

1092 1046 1147 1074 bus.
1169 1047 1217 1074 llic
1230 1047 1310 1075 etiam
1323 1048 1470 1076 consolatio
1483 1048 1634 1084 adjnngitur
1646 1057 1654 1081 ;
1669 1049 1778 1084 Propter
1790 1059 1880 1077 nomen

1093 1102 1186 1127 meum,
1201 1094 1295 1130 ittquit,
1311 1094 1367 1122 haec
1379 1094 1530 1129 patiemini;
1545 1101 1571 1122 et
1582 1103 1674 1122 rursus
1685 1096 1736 1122 alia
1751 1105 1757 1122 :
1773 1095 1824 1128 Qui
1833 1105 1880 1122 au-

1093 1145 1142 1168 tem
1155 1141 1345 1175 perseverath
1358 1150 1436 1177 usque
1451 1142 1477 1169 in
1491 1143 1577 1176 ﬁnem,
1594 1143 1633 1169 In'c
1646 1143 1731 1170 salvus
1744 1144 1800 1170 erit.
1818 1144 1880 1171 lla-c

1092 1186 1172 1214 etiam
1193 1186 1247 1214 alio
1266 1187 1347 1214 modo
1365 1195 1455 1215 eorum
1479 1188 1582 1217 animos
1601 1189 1704 1223 erigere
1724 1194 1841 1223 posst-nt.
1858 1189 1880 1216 si

1094 1237 1165 1260 tanta
1185 1233 1270 1261 futura
1299 1238 1357 1261 erat
1380 1233 1575 1268 prtedioationis
1596 1239 1723 1269 potestas,
1743 1240 1769 1262 ιιι
1786 1239 1881 1262 natura

1092 1278 1308 1314 inhonoraretur,
1333 1279 1457 1315 cognatio
1479 1284 1506 1307 et
1525 1279 1642 1307 affinitas
1663 1280 1833 1315 abjicerctur,
1853 1286 1881 1308 et

1092 1326 1203 1354 verbum
1225 1326 1272 1354 Dei
1293 1326 1417 1354 omnibus
1441 1331 1659 1361 anteponeretur,
1681 1327 1752 1362 quod
1776 1327 1881 1355 fortiter

1092 1372 1182 1399 omnia
1196 1371 1360 1408 dispelleret.
1373 1371 1438 1400 Nam
1451 1373 1474 1399 si
1484 1377 1585 1400 natura:
1599 1373 1640 1400 vis
1651 1380 1704 1400 non
1719 1377 1806 1408 potest
1818 1372 1880 1402 huic

1092 1418 1210 1446 sermoni
1225 1418 1360 1451 resistere,
1376 1417 1423 1446 sed
1437 1417 1481 1446 illa
1493 1418 1647 1447 dissolvitur
1659 1424 1686 1446 ct
1697 1419 1878 1451 conculcatur,

1091 1463 1155 1499 quid
1175 1463 1246 1491 aliud
1265 1471 1313 1491 vos
1335 1471 1463 1499 superare
1482 1464 1597 1499 poterit?
1619 1464 1675 1492 Non
1699 1468 1798 1498 tamen,
1817 1466 1879 1501 quia

1093 1509 1151 1537 haec
1165 1510 1200 1537 ita
1220 1517 1250 1538 se
1271 1509 1416 1544 habebunt,
1438 1517 1485 1538 vos
1499 1509 1526 1537 itt
1546 1511 1690 1538 securitate
1708 1511 1812 1542 νίνιιιὶς,
1831 1511 1879 1539 sed

1092 1563 1249 1584 communes
1265 1556 1396 1584 habebitis
1418 1555 1539 1586 inimicos
1559 1561 1586 1584 et
1603 1557 1694 1584 hostes
1706 1564 1754 1584 eos
1767 1557 1811 1592 qui
1828 1563 1879 1585 ter-

1092 1608 1182 1629 rarum
1194 1601 1287 1630 orbem
1302 1601 1431 1630 habitant.

1124 1644 1152 1672 4|.
1169 1644 1323 1679 Philosophi
1338 1651 1431 1674 vetem
1458 1648 1547 1682 quales
1574 1650 1678 1684 fuerint.
1693 1665 1728 1670 —
1739 1649 1789 1678 Ubi
1806 1660 1877 1682 nunc

1089 1692 1184 1720 Plato?
1198 1693 1243 1721 ubi
1256 1693 1442 1729 Pythagoras?
1457 1695 1501 1722 ulti
1518 1696 1672 1724 Stoicorum
1689 1698 1764 1725 turba
1778 1699 1790 1725 ?
1805 1699 1878 1728 Plato

1089 1744 1171 1770 certe.
1188 1739 1249 1767 licet
1263 1748 1387 1774 magnum
1402 1747 1582 1776 consequutus
1610 1742 1750 1776 honorem,
1766 1753 1798 1771 eo
1819 1745 1879 1772 red-

1092 1789 1168 1812 actus
1180 1784 1226 1811 fuit
1238 1785 1350 1812 utetiam
1363 1786 1524 1814 vetnleretur
1538 1789 1586 1822 (a),
1599 1788 1664 1815 ttihil
1677 1796 1769 1816 eorum
1781 1798 1841 1825 quae
1851 1790 1879 1818 in

1090 1835 1179 1858 mente
1189 1831 1304 1858 habebat
1315 1832 1423 1859 effici-re
1431 1838 1530 1866 posset,
1540 1834 1658 1869 nihilque
1666 1842 1760 1862 eorum
1768 1844 1826 1870 quae
1835 1844 1878 1863 vo-

1091 1877 1161 1904 leltat
1172 1878 1215 1904 utti
1231 1883 1343 1913 tyranno
1356 1880 1468 1907 suadere
1484 1881 1615 1914 potuerit;
1632 1881 1675 1909 hic
1684 1888 1772 1909 autem
1786 1883 1877 1918 prodi-

1092 1924 1124 1950 tis
1135 1924 1280 1959 discipulis,
1292 1926 1480 1954 tuiscrahilitcr
1489 1928 1568 1954 vitam
1581 1928 1687 1956 clausit.
1701 1929 1799 1965 Cynica
1815 1938 1878 1958 vero

1090 1970 1149 1998 lues
1162 1971 1237 2006 quasi
1252 1972 1385 1999 sontnium
1399 1978 1427 2000 et
1437 1973 1529 2000 utnbra
1547 1975 1683 2008 pra-teriit.
1699 1975 1809 2003 Etiamsi
1825 1976 1879 2004 illis

1089 2017 1156 2045 nihil
1168 2018 1255 2046 simile
1268 2019 1405 2053 acciderit,
1419 2021 1472 2048 imo
1485 2028 1534 2055 per
1548 2028 1686 2049 externam
1701 2023 1773 2050 illam
1789 2024 1878 2059 philo-

1089 2064 1210 2099 sophinm
1225 2064 1290 2092 clari
1307 2065 1468 2098 riderentur,
1480 2067 1584 2095 etiamsi
1594 2068 1771 2096 Athenienses
1781 2070 1880 2104 episto-

1091 2109 1130 2136 las
1142 2110 1259 2137 Piatonis
1273 2118 1321 2145 per
1337 2112 1446 2140 Dionem
1462 2113 1557 2140 missas
1571 2114 1675 2148 publice
1689 2116 1878 2150 exposuerint:

1089 2161 1206 2184 attamen
1227 2162 1283 2185 toto
1297 2163 1417 2194 tempore
1439 2159 1464 2186 in
1478 2161 1668 2196 tranquillitate
1689 2162 1838 2198 degebant,
1852 2168 1880 2190 et

1090 2203 1185 2237 opibus
1208 2211 1260 2230 non
1282 2205 1373 2238 paucis
1399 2205 1554 2233 aliluebant.
1571 2206 1615 2234 Sic
1633 2208 1705 2235 enim
1728 2209 1880 2244 Aristippus

1090 2257 1186 2284 magno
1196 2250 1282 2284 pretio
1297 2255 1385 2278 scorta
1400 2252 1526 2279 conduxit
1541 2253 1592 2289 (lt);
1608 2254 1674 2281 alius
1690 2260 1880 2284 testamentum

1090 2294 1217 2329 scripsit,
1233 2303 1284 2323 nott
1300 2304 1407 2330 parvam
1433 2298 1587 2333 relinquens
1603 2299 1798 2334 hereditatem;
1813 2302 1882 2330 alius

1091 2347 1171 2375 supra
1186 2341 1330 2376 discipulos
1344 2343 1433 2377 pontis
1447 2345 1532 2372 instar
1543 2346 1694 2373 substralos
1706 2349 1858 2381 pertransiit
1871 2358 1878 2382 ;

1090 2386 1268 2421 Sinopensem
1277 2392 1365 2415 autem
1374 2389 1445 2416 illuttt
1454 2390 1541 2417 ferunt
1555 2391 1580 2418 in
1589 2390 1648 2419 foro
1657 2394 1770 2427 turpiter
1780 2395 1877 2428 egisse.

1091 2433 1154 2461 Haec
1166 2440 1228 2462 snttt
1243 2436 1349 2463 illorutu
1374 2438 1500 2472 praeclara
1515 2437 1645 2467 facinora.
1659 2441 1693 2467 At
1703 2441 1768 2469 nihil
1785 2442 1880 2469 horum

1096 2478 1142 2507 hic
1155 2480 1325 2512 observatur.
1342 2481 1389 2510 sed
1405 2483 1581 2518 temperantia
1593 2492 1775 2520 perseverum,
1789 2487 1881 2515 mode-

1088 2527 1138 2553 stia
1152 2527 1280 2561 exquisita
1291 2547 1298 2558 ,
1315 2526 1412 2554 bellum
1427 2531 1518 2554 contra
1534 2530 1619 2554 totum
1633 2527 1725 2554 orbem
1745 2534 1793 2560 pro
1808 2529 1877 2554 \ct-i-

1088 2577 1142 2600 tate
1153 2580 1184 2600 ac
1195 2580 1242 2607 pro
1253 2572 1391 2607 religione.
1407 2573 1468 2600 hinc
1478 2573 1597 2607 ipsorum
1607 2573 1768 2608 quotidianae
1777 2573 1873 2606 caedes,

1087 2623 1114 2645 et
1128 2623 1187 2653 post
1200 2619 1257 2646 haec.
1271 2618 1410 2653 splendida
1423 2624 1531 2654 tropaea.
1547 2620 1581 2646 At
1591 2625 1662 2652 sunt,
1676 2619 1806 2653 ittqttiunt,
1818 2619 1876 2654 qni-

1087 2664 1149 2691 datu
1163 2664 1232 2699 apud
1246 2664 1305 2692 illos
1317 2664 1399 2692 duces
1413 2665 1544 2699 pnnclari,
1561 2669 1589 2691 ut
1603 2664 1811 2697 Themistocles,
1826 2664 1876 2692 Pe-

1116 2733 1153 2765 (a)
1169 2733 1234 2767 quod
1244 2733 1379 2767 hicdicitur
1388 2733 1420 2757 de
1437 2732 1542 2767 Platone,
1558 2732 1676 2767 quomodo
1687 2738 1702 2756 a
1713 2731 1826 2767 Dionysio
1838 2735 1875 2763 ty-

1084 2763 1275 2799 ranno‘traditus
1285 2763 1368 2799 fuerit,
1380 2764 1615 2799 ul-t’itztiultldal‘eltll‘,
1625 2763 1773 2799 deque_eju§
1785 2763 1874 2799 episto-

1124 2796 1153 2820 ad
1165 2795 1279 2832 Dionem,
1292 2795 1346 2820 vide
1357 2795 1424 2826 apud
1432 2794 1568 2826 Diogenem
1579 2793 1698 2819 Laertium
1707 2793 1749 2818 lib.
1756 2794 1782 2824 5,
1791 2794 1815 2817 in
1826 2794 1874 2818 vita

1109 2831 1193 2851 atonts.

1114 2857 1150 2894 th)
1166 2857 1207 2894 De
1217 2857 1326 2894 Aristippi
1338 2856 1433 2892 luxuria
1445 2856 1500 2882 vide
1516 2856 1578 2889 apud
1596 2855 1736 2888 Diogenem
1752 2855 1873 2882 ιιειιίωι

1082 2887 1100 2913 l.
1109 2888 1133 2919 2,
1141 2887 1166 2913 in
1177 2889 1226 2913 vita
1237 2888 1356 2920 Aristippi.
