2067 3134
222 153 273 182 595

223 212 310 239 ricles.
325 210 420 238 Verum
435 210 493 237 luce
507 217 650 245 puerorum
663 208 745 243 inepti
757 209 812 236 ludi
825 214 898 242 sunt,
913 209 935 236 si
945 216 1005 236 cum

224 258 381 292 piscatorum
401 256 482 291 gestis
502 259 699 289 comparentur.
720 255 789 289 Quid
802 255 873 282 enim
887 254 922 283 de
936 255 1007 282 The-

223 302 342 329 mistocle
355 301 473 328 dixeris?
492 300 568 334 Quod
587 300 792 328 Atheniensibus
805 304 834 327 ut
848 307 930 328 naves
944 307 1008 328 con-

224 346 381 373 scenderent
397 345 525 377 suaserit,
544 353 603 373 cum
619 345 722 372 Xerxes
736 344 863 373 Grzeciam
878 345 947 373 bello
961 347 1010 372 imâ€”

224 391 342 427 peteret?
358 390 405 417 Hic
417 397 496 425 porro
510 397 561 416 non
573 390 662 417 Xerxe
676 390 830 424 impeleute,
843 389 890 416 sed
904 389 1009 417 diabolo

223 444 285 463 cum
300 435 365 462 orbe
387 439 443 462 toto
459 439 486 461 et
504 434 581 461 turba
601 434 751 461 daemonum
765 434 902 461 innumera
917 439 1010 461 contra

224 482 364 509 duodecim
379 481 439 509 illos
452 481 586 512 irruente;
601 488 654 507 non
667 480 739 507 brevi
753 485 870 515 tempore
880 501 887 513 ,
904 480 950 508 sed
964 488 1011 514 per

226 533 309 555 totum
320 527 380 554 vitae
391 527 504 562 spatium
515 526 635 553 vicerunt
649 525 686 553 illi
698 531 725 553 et
735 531 893 560 superarunt
907 534 913 552 :
927 526 1011 561 quod-

224 581 277 609 que
300 574 395 601 mirum
414 577 466 606 est,
480 580 532 599 non
552 572 628 599 exesis
647 572 778 602 hostibus,
796 571 848 599 sed.
865 572 974 599 mutatis
984 576 1012 599 et

225 619 372 646 conversis.
395 618 461 645 lllnd
482 618 553 646 enim
574 618 689 646 maxime
707 618 803 653 ubique
817 618 1011 645 observandum

225 670 282 699 est,
307 665 379 700 ipsos
400 672 450 692 nec
471 664 599 692 occidisse
621 671 670 691 nec
692 663 823 691 delevisse
845 663 1013 691 insidiatores

226 720 305 746 suos,
320 711 367 739 sed
381 719 441 739 cum
456 712 516 739 illos
528 711 693 739 daemonibus
709 718 785 743 pares
800 710 948 744 cepissent,
966 718 1013 736 an-

226 759 293 794 gelis
305 759 419 794 aequales
433 758 536 790 fecisse,
547 758 690 785 humanam
702 762 821 785 naturam
834 757 882 784 hac
894 757 1013 791 improba

228 804 367 840 tyrannide
382 803 536 836 liberantes,
551 803 611 830 illos
624 807 712 830 autem
727 803 854 830 scelestos
866 802 1012 836 daemones,

227 850 272 884 qui
284 850 373 877 omnia
388 849 581 877 conturbabant
590 869 597 882 ,
611 856 626 875 a
639 848 728 876 medio
741 848 799 875 foro
811 852 838 876 et
847 856 862 875 a
875 847 1013 880 domibus,

228 896 283 923 imo
300 896 381 923 etiam
401 903 427 936 a'
439 895 548 923 deserto
566 895 734 930 expulerunt.
749 894 937 921 Testilicantur
950 892 1015 920 illud

228 942 305 969 chori
320 940 523 972 monachorum,
536 940 582 976 qui
596 940 693 975 ubique
708 939 816 975 plantati
829 945 905 972 sunt,
923 945 950 966 et
962 945 1014 965 non

229 987 307 1015 modo
320 987 463 1014 habitatam
479 991 587 1019 terram,
602 987 648 1014 sed
659 992 686 1015 et
697 995 751 1014 non
764 986 1016 1026 habitatamqexpur-

227 1038 333 1068 garunt.
354 1034 483 1069 Quodque
505 1033 652 1061 mirabilius
670 1037 721 1066 est,
738 1041 790 1060 non
811 1033 938 1059 instructa
959 1032 1017 1060 acie

230 1080 281 1107 hoc
293 1080 435 1113 faciebant,
450 1079 497 1107 sed
513 1079 582 1107 male
594 1079 676 1107 habiti
692 1078 836 1113 implebant
850 1078 948 1105 omnia.
965 1077 1017 1104 Ha-

229 1125 329 1152 bebant
341 1126 452 1152 enimin
465 1124 554 1152 medio
568 1125 668 1159 positos
681 1124 739 1151 illos
749 1123 846 1151 infima:
856 1122 1016 1150 conditionis

230 1172 312 1207 viros,
323 1179 390 1207 quos
403 1171 527 1207 ligabant,
535 1171 720 1203 verberabant,
732 1170 957 1205 circumagebant,
967 1175 1018 1196 nec

231 1222 353 1253 poterant
365 1225 456 1245 eorum
468 1225 513 1245 ora
527 1216 652 1244 claudere
664 1225 672 1243 :
687 1216 733 1244 sed
747 1217 816 1244 sicut
830 1216 933 1243 radium
953 1214 1017 1242 solis

231 1265 332 1292 vincire
351 1272 429 1292 nemo
452 1269 554 1299 potest,
574 1265 613 1291 sic
625 1271 678 1291 non
694 1267 814 1298 poterant
833 1263 950 1297 ipsorum
966 1261 1018 1289 lin-

230 1318 309 1346 gnam
322 1310 440 1344 alligare.
461 1309 542 1344 Cujus
556 1309 595 1336 rei
609 1316 688 1336 causa
703 1313 761 1336 erat
773 1328 780 1340 ,
792 1316 844 1335 non
860 1308 897 1334 illi
910 1306 1018 1342 quidem

232 1356 276 1390 qui
299 1355 491 1390 loquebantur,
514 1354 562 1382 sed
584 1354 697 1388 Spiritus
718 1354 812 1380 virtus.
835 1352 879 1381 Sic
897 1352 977 1386 igitur
991 1356 1019 1380 et

232 1402 329 1429 Paulus
345 1402 407 1428 vicit
417 1401 560 1436 Agrippam
571 1421 578 1432 ,
591 1405 618 1428 et
629 1400 674 1435 qui
686 1400 786 1427 scelere
799 1398 920 1426 vincebat
934 1397 1020 1425 homi-

233 1455 281 1474 nes
292 1454 384 1474 omnes
397 1447 529 1474 Neronem
545 1455 551 1473 :
565 1445 690 1473 Dominus
702 1445 768 1472 enim
782 1444 843 1472 mihi
855 1443 960 1476 adstitit,
976 1443 1018 1470 in-

233 1494 308 1527 quit.
329 1498 352 1520 et
374 1492 522 1527 confortavit
550 1500 607 1525 me,
631 1496 654 1519 et
676 1491 742 1519 eruit
762 1499 802 1518 me
822 1490 853 1517 de
874 1498 916 1517 ore
941 1489 1019 1516 leonis

235 1540 274 1575 (2.
290 1539 356 1568 Tim.
370 1540 397 1567 4.
410 1540 466 1574 17).
480 1539 518 1566 Tu
531 1546 594 1566 vero
608 1538 715 1570 mirare,
726 1536 860 1573 quomodo
870 1535 1017 1568 audientes,

234 1585 324 1613 Nolite
336 1585 437 1612 solliciti
450 1593 511 1617 esse,
524 1588 551 1612 et
562 1583 742 1616 crediderunt,
756 1587 782 1610 et
792 1582 1017 1616 obtemperarunt,

234 1633 353 1667 nihilque
367 1639 401 1659 ex
418 1630 579 1658 terribilibus
590 1633 719 1657 terrorem
734 1628 798 1663 ipsis
810 1627 929 1655 incussit.
944 1626 1019 1659 Quod

234 1679 258 1707 si
271 1679 345 1706 dicas
356 1699 363 1711 ,
383 1678 504 1705 idoneam
519 1677 583 1711 ipsis
593 1675 801 1703 consolationem
819 1674 925 1701 dedisse
941 1672 1019 1701 Citri-

235 1730 305 1753 stum
315 1732 375 1752 cum
386 1724 462 1756 dixit,
475 1723 587 1758 Spiritus
598 1720 684 1748 Patria
695 1720 767 1748 vestri
777 1720 823 1747 erit
837 1720 879 1754 qui
890 1719 1002 1754 loquetur
1010 1727 1020 1746 :

235 1775 264 1799 ct
277 1771 337 1798 ideo
350 1768 465 1796 maxime
478 1772 573 1802 stupeo
584 1787 592 1800 ,
613 1766 683 1801 quod
696 1773 746 1794 nec
760 1765 955 1798 dubitaverint,
971 1772 1021 1792 nec

236 1816 341 1845 liberari
355 1824 369 1843 a
380 1816 457 1842 malis
470 1814 620 1850 rogaverint
635 1822 641 1839 :
655 1816 681 1840 et
691 1812 758 1844 bam,
774 1819 826 1838 non
842 1810 945 1838 duobus
956 1831 963 1843 ,
977 1810 1020 1838 vel

236 1864 321 1892 tritus
332 1864 409 1890 annis
422 1864 470 1889 ism
485 1861 597 1897 passuri,
619 1860 665 1888 sed
684 1868 731 1895 per
751 1864 831 1888 totam
843 1859 933 1886 vitam.
954 1857 1021 1885 lllud

236 1910 307 1937 enim
320 1909 433 1940 dictum,
445 1907 494 1941 Qui
506 1911 590 1933 autem
602 1904 792 1941 perseveraverit
805 1912 882 1938 usque
894 1904 920 1932 in
933 1904 1020 1937 ï¬nem,

236 1956 277 1981 hic
298 1954 380 1982 salvus
401 1954 464 1986 erit,
484 1952 535 1982 hoc
555 1951 714 1980 subindicat.
731 1950 790 1977 Vult
802 1949 871 1977 enim
889 1950 957 1976 Deus
968 1956 1022 1978 non

236 2009 284 2028 sua
299 2004 398 2029 tantum
412 2006 478 2033 ope,
501 1997 548 2025 sed
567 1998 683 2032 ipsorum
702 1995 837 2031 proposito
855 2002 936 2031 opera
953 1994 1022 2022 bona

238 2047 304 2073 ï¬eri.
320 2044 458 2080 Perpende
472 2045 559 2078 itaque
574 2044 600 2070 in
610 2041 792 2079 superioribus
802 2062 809 2073 ,
825 2041 958 2076 quomodo
971 2041 1021 2068 alia

239 2093 284 2119 Dei
295 2113 302 2123 ,
317 2092 366 2120 alia
381 2090 571 2125 discipulorum
584 2089 646 2116 sint.
663 2088 728 2116 Nam
744 2088 818 2123 signa
831 2087 935 2120 facere,
951 2087 1023 2115 illius

237 2144 313 2172 sunt;
330 2139 394 2167 nihil
408 2138 553 2173 possidere,
565 2136 765 2172 discipulorum.
782 2136 895 2163 Rursum
906 2156 914 2169 ,
928 2136 1023 2163 domos

238 2193 331 2213 omnes
344 2184 463 2219 aperire,
477 2191 598 2219 superme
611 2182 703 2218 gratiae.
717 2186 772 2214 est;
789 2181 852 2209 nihil
866 2185 962 2216 praeter
976 2188 1023 2208 ne-

238 2230 353 2259 cessaria
365 2235 463 2265 petere,
472 2228 660 2263 discipulorum
674 2227 862 2262 phiIOSophiaz;
878 2227 974 2261 Dignus
988 2231 1023 2253 est

239 2278 304 2304 enim
319 2277 448 2312 operarius
460 2276 573 2304 mercede
582 2283 639 2303 tua.
655 2275 750 2302 Pacem
762 2274 826 2301 dare
836 2294 843 2307 ,
865 2274 910 2301 Dei
924 2273 1022 2301 donum

239 2327 294 2354 est;
309 2322 402 2356 dignos
414 2328 549 2356 quterere,
565 2328 614 2349 nec
626 2327 719 2347 omnes
734 2319 962 2347 indiscriminatim
976 2318 1023 2346 ad-

240 2368 289 2400 ire,
301 2367 416 2401 ipsorum
432 2366 612 2400 temperantia:
622 2371 672 2393 est.
688 2365 750 2393 lllos
760 2365 804 2400 qui
814 2365 956 2399 discipulos
969 2373 1022 2393 non

241 2413 369 2448 recipiunt
388 2411 496 2444 ulcisci,
513 2411 560 2440 Dei
573 2416 613 2439 est
629 2420 635 2438 :
652 2419 710 2438 cum
726 2411 853 2438 modestia
866 2411 1002 2438 discedere
1014 2432 1021 2444 ,

241 2459 314 2486 nullo
327 2458 424 2493 injecto
436 2457 595 2492 probro,,vel
608 2457 776 2490 contumelia,
788 2457 940 2491 apostolica:
951 2465 1024 2484 man-

241 2504 398 2534 suetudinis.
413 2503 539 2538 Spiritum
553 2503 626 2537 dare,
642 2508 669 2531 et
681 2503 885 2531 sollicitudinem
896 2502 1023 2535 adimere,

242 2551 369 2579 mittentis
387 2554 464 2577 erat:
479 2557 542 2577 oves
556 2554 583 2577 et
603 2548 739 2577 columbas
757 2549 870 2581 imitari,
891 2553 918 2575 et
937 2549 1024 2576 omnia

242 2597 344 2624 fortiter
360 2595 428 2623 ferre
438 2616 445 2628 ,
464 2595 496 2621 ad
517 2595 621 2622 illorutn
633 2595 807 2621 constantiam
819 2598 845 2621 et
860 2593 1025 2629 prudentiam

243 2642 401 2676 pertinebat.
425 2640 492 2668 Odio
513 2640 619 2672 haberi,
641 2648 690 2667 nec
702 2640 791 2667 animo
804 2639 944 2667 concidere
956 2661 963 2673 ,
979 2640 1025 2667 sed

244 2694 423 2725 perseverare,
439 2686 556 2721 ipsorum
570 2689 643 2718 erat;
658 2689 859 2720 perseverantes
878 2685 966 2712 salvos
984 2685 1025 2712 fa-

243 2741 314 2766 cere,
328 2733 466 2759 mittentis.
480 2731 540 2759 Ideo
553 2731 666 2762 diccbat,
684 2730 734 2765 Qui
744 2735 827 2757 autem
836 2731 1026 2766 perseuerauerit

243 2787 321 2815 usque
329 2778 356 2805 in
370 2779 454 2812 ï¬nem,
466 2777 505 2804 hic
518 2776 602 2804 salvus
611 2777 668 2804 erit.

279 2825 304 2853 5.
322 2822 382 2851 Non
392 2825 474 2860 fervor
487 2823 615 2859 fugitivus,
629 2822 673 2849 sed
687 2823 868 2857 perseverantia
881 2823 1028 2857 prodest.â€”

246 2871 315 2901 Sam.
331 2868 391 2904 quia
412 2868 497 2897 solent
511 2868 586 2896 multi
602 2868 676 2896 initio
690 2867 822 2896 ferventes
842 2876 901 2897 esse
911 2889 918 2902 ,
933 2873 1026 2906 postea

697 152 728 179 Î™Î
748 151 951 180 ÎœÎ›Î¤Î¤Î™Î™á¾¸Î•Î Îœ
971 151 1086 180 11011111.
1106 152 1227 181 XXXIII.
1247 161 1283 180 at.
1304 154 1422 182 XXXlV.

1068 214 1133 236 vero
1146 210 1242 237 resolvi
1265 208 1296 237 ac
1312 210 1400 245 dcjici,
1415 211 1474 238 ideo
1489 211 1541 245 ait,
1557 212 1653 241 Finem
1665 222 1765 249 qumro.
1785 217 1853 250 Qlllâ€˜

1064 255 1135 281 enim
1154 262 1220 290 opus
1240 261 1281 283 est
1299 257 1444 284 seminibus
1458 257 1533 285 initio
1545 258 1663 293 ï¬‚oridis,
1676 260 1748 288 brevi
1761 269 1849 292 autem

1065 301 1368 333 posteaarescentibus?
1381 301 1442 328 Ideo
1455 308 1668 336 perseverantem
1681 306 1715 333 ab
1728 307 1793 341 ipsis
1806 316 1850 342 pa-

1066 345 1185 373 tientiam
1199 346 1288 381 exigit.
1304 347 1342 374 Ne
1356 347 1415 382 quis
1428 347 1498 375 enim
1514 348 1632 381 diceret,
1646 350 1679 377 ab
1696 351 1753 385 ipso
1770 357 1853 381 totum

1065 392 1161 418 factum
1174 400 1233 420 esse
1243 413 1250 426 ,
1266 393 1384 428 nihilque
1397 393 1493 421 mirum
1504 401 1564 422 esse
1573 415 1580 427 ,
1596 395 1661 423 tales
1676 396 1757 424 fuisse
1772 398 1832 425 illos
1843 419 1850 432 ,

1066 438 1109 471 qui
1123 437 1188 464 nihil
1201 438 1305 465 onerosi
1317 439 1389 473 passi
1401 439 1463 472 sint,
1479 439 1577 467 idcirco
1590 440 1654 468 dicit
1666 441 1729 474 illis,
1742 442 1849 471 Patien-

1067 483 1101 509 tia
1116 483 1189 510 vobis
1207 490 1274 517 opus
1288 488 1337 511 est.
1358 484 1467 512 Etiamsi
1483 486 1553 513 enim
1567 493 1614 513 vos
1628 494 1646 513 ÎµÎ¹
1658 487 1790 521 prioribus
1806 497 1851 523 pe-

1067 528 1157 555 riculis
1169 536 1271 560 eruam,
1282 529 1448 564 gravioribus
1462 538 1509 557 vos
1521 539 1712 567 reservo,..qute
1724 534 1803 560 etiam
1817 535 1852 562 ab

1066 575 1125 601 aliis
1143 575 1325 610 excipientur:
1340 584 1390 603 nec
1406 577 1465 604 linis
1484 579 1534 605 erit
1553 578 1705 606 insidiarum
1722 588 1804 615 usque
1818 582 1851 608 ad

1066 626 1214 648 extremum
1226 621 1344 649 halitum.
1357 622 1413 650 Hoc
1419 624 1488 651 enim
1501 624 1685 658 subindicavit,
1695 634 1755 653 cum
1767 627 1833 654 dixit
1845 635 1851 655 :

1068 665 1118 698 Qui
1127 671 1210 693 autem
1222 670 1411 702 perseveraverit
1425 678 1502 704 usque
1514 671 1540 697 in
1549 671 1635 705 ï¬nem,
1648 672 1688 698 ltic
1700 673 1785 699 salvus
1796 674 1851 700 erit.

1067 711 1127 739 ldco
1143 712 1188 747 qui
1203 712 1275 744 dicit.
1292 713 1334 740 Ne
1353 714 1456 741 solliciti
1476 715 1530 742 silis
1549 717 1616 749 quid.
1627 717 1774 752 loquamini,
1789 719 1853 746 alibi

1067 757 1103 784 ait
1118 767 1125 785 :
1140 757 1230 785 Parati
1245 763 1320 786 estate
1332 760 1365 786 ad
1376 761 1577 795 respondendum
1590 764 1658 789 omni
1674 754 1766 797 petenti
1779 773 1795 791 a
1808 773 1853 791 vo-

1068 804 1104 831 bis
1116 805 1238 832 rationem
1251 805 1282 832 de
1293 814 1337 841 spe
1348 812 1428 834 uestra
1443 807 1453 843 (
1464 808 1489 835 1.
1504 808 1574 836 Petr.
1586 810 1612 837 5.
1629 811 1663 838 15
1674 810 1693 838 l.
1707 811 1774 838 Nam
1792 820 1852 840 cuin

1067 856 1152 884 pugna
1167 850 1236 877 inter
1249 852 1348 879 amicos
1360 857 1411 885 est,
1423 861 1471 880 nos
1480 854 1555 888 jubet
1566 856 1693 883 sollicitos
1705 864 1779 890 esse;
1791 866 1850 885 cum

1067 899 1156 922 autem
1168 896 1292 930 tribunal,
1304 898 1420 925 furentes
1434 900 1532 934 populi,
1547 900 1626 928 timor
1637 902 1763 937 undique,
1777 911 1851 931 suam

1069 940 1169 974 praebet
1182 942 1305 976 gratiam,
1314 948 1341 969 ut
1353 943 1464 971 lidenter
1473 945 1622 980 loquamur,
1634 955 1684 975 nec
1695 952 1851 982 terreamur,

1068 985 1109 1012 vel
1130 985 1258 1020 justitiam
1281 989 1433 1022 prodamus.
1455 989 1508 1017 Res
1529 991 1618 1026 utique
1641 1000 1745 1027 magna,
1768 995 1853 1022 virum

1068 1030 1138 1058 circa
1158 1036 1251 1066 stagna
1266 1034 1367 1061 versari
1387 1035 1493 1062 solitum
1505 1055 1513 1068 ,
1531 1036 1600 1064 circa
1620 1038 1704 1073 pelles
1719 1044 1746 1066 et
1762 1040 1853 1067 lelonii

1069 1085 1198 1111 mensam,
1213 1079 1365 1107 sedentibus
1378 1082 1548 1116 tyrannis,vet
1563 1085 1676 1119 satrapis
1689 1085 1854 1114 adstantibus

1069 1128 1096 1150 et
1109 1124 1267 1152 satellitibus
1279 1146 1286 1158 ,
1302 1127 1399 1153 strictis
1417 1128 1511 1161 gladiis
1522 1149 1529 1162 ,
1543 1129 1782 1167 assistenttbusque
1795 1134 1854 1160 aliis

1069 1170 1191 1198 omnibus
1204 1178 1265 1198 cum
1278 1171 1340 1204 illis,
1353 1174 1437 1200 solum
1453 1174 1610 1209 ingressum,
1627 1176 1737 1212 ligatum
1747 1198 1755 1212 ,
1771 1187 1854 1214 prono

1070 1217 1166 1250 capite,
1181 1218 1299 1251 potuisse
1315 1219 1356 1246 vel
1369 1227 1399 1246 os
1412 1221 1525 1254 aperire.
1538 1221 1643 1249 Etenim
1655 1223 1783 1252 doctrinm
1798 1233 1854 1253 sua:

1069 1269 1149 1289 causa
1164 1270 1197 1290 ne
1211 1263 1358 1291 defensioni
1373 1265 1480 1299 quidem
1497 1266 1583 1294 locum
1597 1268 1705 1302 dabant,
1722 1270 1769 1297 sed
1783 1271 1854 1306 ipsos

1070 1308 1143 1341 quasi
1157 1316 1312 1337 comnmnes
1324 1311 1397 1338 orbis
1409 1318 1579 1346 corruptores
1592 1316 1729 1343 tormentis
1743 1316 1854 1352 deputa-

1070 1353 1142 1380 bant.
1154 1354 1228 1382 Nunc
1244 1355 1294 1389 Qui
1303 1358 1387 1383 orbem
1399 1362 1519 1384 terrarum
1530 1360 1683 1393 perturbant,
1700 1361 1727 1388 Iu'
1736 1368 1803 1396 sunt,
1815 1364 1855 1390 in-

1070 1400 1136 1434 quit,
1149 1404 1171 1426 et
1185 1400 1226 1427 hic
1237 1401 1328 1428 adsunt
1340 1409 1350 1428 .'
1359 1406 1386 1429 et
1406 1410 1506 1436 rursus,
1519 1404 1644 1432 Adversus
1653 1407 1735 1434 edicta
1748 1408 1855 1436 Cesaris

1070 1445 1098 1472 Ili
1111 1446 1259 1480 prtedicant,
1271 1447 1378 1475 dicentes
1389 1448 1517 1476 Cltristum
1528 1450 1618 1478 Jesum
1629 1460 1681 1480 esse
1693 1461 1776 1488 regem
1786 1454 1852 1490 (Act.

1072 1490 1114 1517 17.
1130 1490 1156 1518 6.
1168 1491 1202 1525 7).
1224 1491 1325 1527 Ubique
1348 1493 1488 1522 tribunalia
1512 1495 1663 1530 bujusmodi
1686 1499 1854 1532 opinionibus

1072 1541 1253 1571 prteoccupata
1275 1542 1361 1570 erant,
1375 1543 1399 1565 et
1415 1539 1514 1567 auxilio
1530 1548 1646 1575 superno
1659 1543 1771 1571 multum
1787 1552 1856 1579 egeâ€”

1071 1580 1144 1614 bant,
1159 1585 1188 1609 ut
1212 1582 1262 1609 hoc
1283 1587 1424 1619 utrumque
1442 1585 1595 1619 probarent,
1616 1591 1642 1614 et
1660 1587 1766 1623 dogma,
1785 1591 1855 1625 quod

1072 1628 1258 1662 praediCabant,
1269 1636 1360 1656 verum
1373 1638 1443 1662 esse,
1456 1635 1482 1658 et
1493 1633 1677 1661 communibus
1688 1634 1791 1670 legibus
1803 1643 1855 1663 non

1073 1674 1217 1707 adversari,
1226 1680 1307 1710 utque
1316 1676 1378 1703 dum
1388 1677 1557 1712 loquerentur
1565 1678 1597 1706 de
1603 1679 1734 1715 dogmate,
1742 1688 1775 1709 ne
1784 1682 1857 1710 vide-

1072 1725 1165 1748 rentur
1178 1721 1248 1756 leges
1261 1722 1416 1750 subvertere
1427 1744 1434 1757 ,
1450 1731 1482 1751 ac
1495 1732 1587 1753 rursus
1599 1725 1661 1753 dum
1674 1727 1857 1756 demonstrare

1073 1771 1234 1793 conarentur
1245 1787 1252 1798 ,
1273 1774 1302 1794 se
1323 1768 1474 1796 communia
1497 1773 1595 1798 statuta
1610 1778 1662 1798 non
1678 1772 1792 1805 violare,
1809 1773 1856 1801 do-

1073 1816 1188 1846 gmatum
1204 1813 1345 1847 puritatem
1362 1821 1394 1841 ne
1405 1821 1604 1850 corrumperent
1619 1826 1625 1844 :
1642 1825 1700 1852 qua:
1715 1818 1802 1846 omnia
1816 1820 1857 1846 vi-

1073 1857 1148 1885 debis
1167 1862 1194 1885 et
1212 1866 1227 1885 a
1247 1858 1336 1892 Petro,
1352 1864 1378 1887 et
1398 1868 1414 1887 a
1437 1860 1535 1895 Paulo,
1547 1866 1574 1890 et
1586 1870 1601 1888 ÎµÎ¹
1617 1864 1720 1892 caeteris
1736 1865 1858 1895 omnibus

1074 1904 1217 1938 prudenter
1227 1905 1360 1934 observari
1371 1911 1397 1934 et
1407 1906 1487 1936 efï¬ci.
1503 1907 1607 1936 Etenim
1617 1914 1646 1938 ut
1659 1910 1759 1938 factiosi
1771 1916 1797 1939 et
1808 1919 1857 1939 no-

1074 1953 1179 1976 vatores
1191 1949 1287 1984 ubique
1297 1955 1439 1979 terrrarum
1448 1952 1638 1981 accusabantur
1647 1962 1654 1981 :
1663 1959 1778 1983 attamen
1790 1956 1858 1986 lianc

1074 1994 1111 2022 illi
1125 1994 1301 2029 suspicionem
1316 1997 1478 2031 repulerunt,
1490 2002 1516 2025 et
1530 1999 1689 2027 contrariam
1705 2001 1754 2028 sibi
1767 2002 1858 2029 conci-

1075 2040 1173 2068 liarunt
1183 2061 1191 2073 ,
1205 2041 1281 2076 quasi
1294 2046 1443 2070 servatores
1456 2063 1463 2075 ,
1477 2048 1615 2071 curatores
1624 2052 1655 2072 ae
1667 2045 1777 2074 benelici
1787 2048 1857 2082 apud
1881 2074 1888 2084 á½·

1075 2095 1167 2116 Otones
1182 2088 1316 2115 celebrati.
1332 2088 1393 2116 llzec
1407 2094 1494 2117 autem
1505 2090 1592 2118 omnia
1606 2098 1638 2118 ex
1653 2091 1749 2126 ingenti
1762 2094 1858 2127 patieu.

1075 2134 1110 2161 tia
1128 2133 1315 2169 operabantur.
1331 2133 1506 2167 Quamobrem
1520 2135 1623 2163 dicebat
1637 2136 1734 2164 Paulus
1746 2147 1753 2164 :
1767 2137 1858 2171 Quoti-

1075 2179 1116 2206 die
1128 2179 1221 2206 morior
1235 2179 1273 2215 (1.
1287 2178 1345 2206 Cor.
1363 2180 1406 2207 15.
1421 2180 1481 2214 51)Í¾
1495 2185 1523 2208 et
1536 2188 1620 2216 usque
1633 2182 1658 2209 in
1673 2182 1753 2211 finem
1768 2185 1793 2211 in
1810 2193 1854 2219 per

1075 2226 1165 2252 riculis
1185 2226 1372 2260 perseveravit.
1393 2226 1448 2259 Qua
1471 2227 1549 2262 igitur
1562 2228 1638 2255 venia
1658 2228 1730 2265 digni
1754 2239 1858 2263 sumus.

1075 2273 1119 2308 qui
1133 2275 1171 2299 tot
1183 2272 1302 2306 exempla
1319 2272 1445 2299 habentes
1455 2273 1533 2300 etiam
1547 2274 1573 2300 in
1588 2282 1653 2309 pace
1663 2275 1777 2304 molliter
1790 2279 1857 2305 vivi-

1076 2325 1134 2345 mus
1146 2325 1177 2344 ae
1189 2317 1343 2352 dejicimur?
1358 2317 1467 2344 Nemine
1475 2318 1571 2353 quippe
1580 2319 1693 2348 bellante
1701 2319 1858 2357 occidimur,

1076 2364 1180 2391 nemine
1190 2368 1363 2399 persequente
1372 2364 1539 2391 dissolvimur
1547 2374 1554 2393 :
1561 2365 1588 2392 in
1596 2374 1660 2401 pace
1670 2368 1746 2395 saluti
1756 2369 1859 2405 advigi-

1076 2409 1292 2443 larejubemuret
1299 2409 1447 2444 nequimus.
1456 2410 1506 2443 Illi,
1514 2410 1623 2439 incenso
1631 2412 1704 2444 orbe,
1711 2418 1737 2440 et
1743 2422 1807 2450 rogo
1813 2423 1861 2451 per

1076 2460 1158 2483 totam
1172 2460 1269 2484 terram
1283 2455 1391 2484 ardente
1400 2475 1413 2488 ,.
1423 2455 1449 2482 in
1465 2455 1597 2484 ï¬‚ammam
1612 2458 1739 2493 ingressi,
1754 2469 1800 2488 cos
1812 2463 1859 2497 qui

1076 2499 1300 2529 comburebantur
1310 2499 1371 2527 inde
1383 2500 1571 2535 extrahebant;
1587 2506 1614 2529 tu
1623 2511 1686 2530 vero
1698 2512 1733 2532 ne
1746 2505 1858 2540 teipsum

1076 2547 1184 2583 quidem
1198 2553 1305 2574 servare
1318 2551 1402 2581 potes.
1419 2547 1483 2580 Qure
1502 2547 1580 2582 igitur
1592 2548 1669 2576 nobis
1682 2550 1733 2578 erit
1746 2551 1860 2579 ï¬ducia?

1077 2600 1136 2629 quae
1148 2593 1246 2622 venia?
1271 2592 1333 2621 Non,
1349 2593 1458 2622 verbera
1478 2593 1625 2626 imminent,
1646 2602 1698 2622 non
1718 2603 1841 2625 carceres
1852 2619 1860 2630 .

1078 2647 1130 2666 non
1153 2638 1295 2673 principes,
1317 2645 1369 2664 non
1390 2645 1539 2675 synagogtc,
1562 2647 1614 2667 non
1633 2640 1706 2668 aliud
1724 2642 1861 2677 quidpiam

1079 2683 1230 2720 bujusmodi
1240 2703 1248 2716 ,
1269 2682 1315 2710 sed
1331 2687 1423 2710 contra
1439 2691 1546 2718 prorsus
1559 2704 1566 2717 ,
1586 2693 1636 2713 nos
1654 2686 1822 2715 dominamur
1836 2693 1862 2717 ct

1079 2730 1247 2765 imperamus.
1271 2729 1447 2764 Imperatores
1465 2730 1535 2757 enim
1556 2731 1626 2764 piam
1643 2732 1734 2760 colunt
1755 2734 1862 2769 religio-

1078 2784 1149 2808 nem,
1161 2774 1302 2803 Christiani
1316 2774 1405 2802 mullis
1417 2774 1540 2802 fruuntur
1553 2775 1709 2811 honoribus,
1724 2779 1863 2813 praefectu-

1079 2822 1127 2855 ris,
1146 2821 1229 2857 ÎµÎ¹ÏƒÎ¹-111
1242 2841 1250 2854 ,
1273 2820 1462 2857 tranquillitate
1475 2830 1483 2849 :
1497 2829 1584 2857 neque
1597 2823 1636 2851 sic
1649 2828 1736 2852 tamen
1752 2834 1863 2861 supcra-

1080 2875 1151 2896 mus.
1163 2867 1216 2897 Sed
1231 2867 1268 2896 illi
1279 2867 1385 2903 quidem
1397 2876 1456 2896 cum
1467 2868 1499 2896 ad
1511 2869 1655 2898 cruciatum
1666 2878 1727 2899 cum
1738 2873 1791 2900 reis
1798 2881 1866 2909 quo-
