2067 3134
217 147 269 179 393

217 208 282 236 titlie
294 207 465 238 ducerentur,
477 210 530 232 tam
542 204 677 236 doctores,
691 211 770 239 quam
785 201 920 237 discipuli,
935 200 1010 228 mille

217 255 349 282 vibicibus
362 258 389 281 et
403 253 494 281 multis
506 252 595 280 onusti
609 251 774 283 vulneribus,
785 250 886 284 majore
896 254 976 284 quam
991 247 1009 274 ii

217 302 263 338 qui
279 303 306 329 in
322 300 445 336 paradiso
466 303 528 328 sunt
541 299 676 335 voluptate
695 297 849 325 fruebantur
864 307 870 324 ε
883 302 934 323 nos
947 301 1011 322 vero

217 348 263 383 qui
277 355 311 375 ue
323 348 348 374 in
364 347 466 374 somnis
478 345 586 382 quidem
603 345 656 372 tale
670 343 805 380 quidpiam
818 341 993 370 sustinuimus
1002 361 1010 374 ,

217 403 281 424 cera
296 394 433 423 molliores
447 401 549 422 sumus.
571 393 605 419 At
626 392 675 424 illi,
689 390 804 425 inquies,
820 388 949 416 miracula
963 394 1011 422 pa-

220 441 338 469 trabant.
360 442 399 467 An
421 440 481 467 ideo
499 447 552 466 non
570 435 799 465 verberabantur?
811 443 846 462 an
860 442 913 462 non
927 433 1012 469 pelle-

218 486 334 515 bantur?
350 485 453 514 Etenim
467 489 495 512 et
507 484 570 512 illud
582 491 689 519 quoque
703 481 863 517 stupendum
874 485 925 512 est,
941 479 1011 515 quod

219 540 291 567 strpe
305 532 339 559 ab
352 532 384 559 iis
397 539 464 566 quos
479 530 609 558 beneficio
620 529 763 556 affecerant
773 527 833 555 talia
847 531 1010 562 paterentur,

218 585 269 606 nec
282 578 320 605 sic
334 582 421 604 tamen
435 576 614 609 turbarentur,
628 574 692 602 dum
705 574 773 602 mala
789 580 837 608 pro
849 572 927 600 bonis
940 571 1011 599 reci-

219 629 313 659 perent
328 632 335 650 :
352 628 379 651 tu
394 631 469 656 vero,
485 622 507 650 si
518 629 598 657 quem
613 620 719 648 modico
734 619 865 648 beneficio
879 618 1010 649 olfeceris,

217 669 369 705 deindeque
383 668 514 696 molestia:
525 666 661 703 quidpiam
679 666 714 693 ab
728 665 773 692 illo
788 664 941 700 acceperis,
956 669 1009 690 tur-

218 715 303 749 baris,
317 723 349 743 ac
363 719 390 743 te
403 714 494 742 collati
509 713 630 741 beneficii
644 712 764 748 panitet.

254 761 282 789 6.
301 760 328 789 Si
351 760 440 795 itaque
461 759 598 791 acciderit,
623 757 694 793 quod
721 764 756 784 ne
777 755 880 784 accidat
906 763 1010 790 precor,

219 807 317 835 bellum
333 807 360 834 in
376 805 502 834 Bcclesiis
516 804 618 833 moveri
632 807 660 831 et
670 802 913 838 persequutionem,
925 801 1012 835 cogita

219 853 278 889 quis
292 853 396 880 futurus
405 852 440 880 sit
458 851 539 885 risus,
553 857 613 886 quae
627 849 780 884 opprobria.
794 848 828 875 Et
840 847 937 875 merito
954 846 1013 882 qui-

219 901 282 929 dem
301 909 308 928 :
323 907 383 928 cum
397 899 468 926 enim
477 899 504 925 in
521 898 642 933 palaestra
664 903 744 923 nemo
753 899 920 927 exerceatur,
943 899 1012 928 quo.

221 946 301 975 modo
321 945 418 980 aliquis
444 944 470 972 iu
497 941 686 971 Certaminibus
710 940 762 969 erit
789 939 922 975 insignis?
946 938 1012 972 Quis

220 992 292 1021 enim
316 991 431 1023 athleta,
460 989 504 1024 qui
530 988 704 1023 ptedotribam
729 985 831 1014 nullum
855 984 970 1017 noverit,
984 983 1011 1011 in

220 1036 412 1066 certaminibus
437 1034 583 1071 Olympieis
619 1032 716 1068 poterit
744 1031 872 1059 adversus
900 1029 1012 1057 alterum

221 1084 356 1120 quidpiam
383 1089 507 1118 maguum
529 1081 572 1108 vel
592 1085 729 1108 strenuum
749 1077 898 1106 exhibere?
917 1078 1012 1105 Ann0n

222 1134 358 1166 oporteret
374 1137 422 1157 nos
446 1127 565 1164 quotidie
589 1133 706 1162 pugnare
716 1146 724 1158 ,
745 1129 849 1153 certare
861 1144 869 1157 ,
884 1123 1013 1151 currere?

219 1176 314 1204 Nonne
327 1175 425 1202 videtis
435 1174 461 1201 in
477 1173 593 1209 quinque
606 1170 797 1199 certaminibus
810 1169 865 1205 (a),
879 1176 941 1197 cum
951 1168 1012 1196 nul-

221 1222 276 1250 lum
290 1221 369 1249 habet
381 1221 442 1255 quis
453 1218 636 1246 adversarium
649 1238 656 1250 ,
669 1216 803 1252 quomodo
813 1222 919 1243 saccum
933 1222 1013 1242 arena

221 1268 305 1296 multa
322 1266 452 1302 repletum
480 1263 660 1300 suspendant,
683 1263 790 1298 illicque
814 1261 897 1289 robur
928 1265 1013 1288 totum

220 1316 364 1341 exerceant
378 1321 384 1338 :
394 1311 513 1346 juniores
525 1314 613 1337 autem
624 1316 684 1336 cum
698 1307 849 1342 junioribus
861 1314 921 1334 sese
933 1314 1012 1334 exer-

223 1362 304 1388 ceant
324 1357 358 1386 ad
380 1362 496 1393 pugnam
509 1363 570 1384 cum
593 1354 753 1382 adversariis
777 1352 1014 1381 committendam?

222 1405 279 1434 llos
293 1408 322 1433 et
339 1408 368 1432 tu
382 1403 494 1436 imitare,
509 1407 536 1430 et
551 1402 578 1430 in
596 1400 771 1437 philosophiae
788 1399 978 1428 certaminibus
987 1404 1014 1428 te

221 1458 328 1481 exerce.
340 1450 415 1478 Multi
435 1453 508 1477 certe
520 1447 552 1476 ad
568 1447 635 1475 iram
647 1447 796 1479 concitant,
807 1446 883 1473 multi
904 1445 938 1473 ad
951 1453 1015 1473 con-

221 1497 412 1534 cupiscentiam
425 1495 556 1531 injiciunt,
574 1501 750 1530 magnamque
760 1492 925 1520 succendunt
938 1492 1014 1520 tiam-

222 1552 306 1574 mam.
321 1543 368 1572 Sta
381 1543 462 1579 igitur
480 1546 573 1570 contra
588 1547 739 1573 aerumnas,
755 1539 795 1567 fer
809 1544 918 1567 strenue
932 1539 1013 1567 animi

223 1591 342 1624 dolores,
353 1593 383 1617 ut
393 1589 513 1624 corporis
525 1594 632 1623 quoque
642 1586 748 1614 labores
758 1585 829 1614 ferre
840 1586 935 1621 possis.
945 1585 1013 1613 Bea-

222 1641 266 1665 tus
277 1636 375 1672 quippe
382 1635 442 1668 Job,
459 1634 509 1662 nisi
520 1633 603 1669 probe
614 1638 676 1660 ante
688 1632 834 1660 certamina
848 1633 1014 1660 exercitatus

223 1682 327 1716 fuisset,
352 1688 404 1709 non
429 1685 481 1707 tam
496 1678 674 1715 splenduisset
691 1678 717 1705 in
737 1677 926 1706 certaminibus
939 1685 948 1712 ς
964 1677 1014 1705 nisi

224 1729 368 1757 meditatus
394 1726 487 1754 fuisset
506 1734 558 1761 qua
576 1725 680 1752 ratione
701 1732 846 1753 maerorem
869 1731 977 1752 omnem
1003 1724 1012 1740 ‘

224 1775 351 1811 abigeret,
359 1773 446 1801 audita
457 1772 569 1799 filiorum
580 1774 676 1803 morte,
686 1770 785 1806 aliquid
796 1770 921 1798 audacter
933 1769 1015 1798 dixis-

225 1827 285 1850 set:
299 1821 345 1849 sed
357 1820 389 1848 ad
403 1819 492 1847 omnia
505 1818 649 1846 certamina
661 1817 734 1845 stetit
758 1817 870 1849 fortiter,
884 1816 917 1844 ad
934 1823 1015 1852 pecu-

227 1868 330 1896 niarum
343 1871 529 1899 tantorumque
544 1863 674 1891 bonorum
687 1863 817 1898 jacturam
830 1883 838 1896 ,
853 1863 885 1890 ad
899 1862 1016 1890 filiorum

234 1914 380 1946 interitum,
401 1911 434 1940 ad
456 1912 545 1938 uxorls
565 1909 688 1937 affectum
712 1917 833 1944 pravum,
850 1909 883 1937 ad
897 1910 1016 1945 corporis

224 1961 345 1993 vulnera,
367 1959 399 1986 ad
411 1958 555 1987 amicorum
569 1955 710 1992 opprobria
721 1976 729 1989 ,
745 1956 777 1983 ad
791 1956 908 1983 convicia
920 1956 1014 1984 dome-

225 2008 363 2036 sticorum.
387 2005 413 2033 Si
430 2011 508 2040 porro
532 2003 596 2030 velis
615 2002 817 2030 exercitationes
831 2002 889 2036 ejus
905 2002 1014 2038 conspi-

225 2062 297 2086 cere,
307 2052 368 2080 audi
382 2053 467 2087 ipsum
480 2050 622 2081 dicentem,
635 2054 762 2084 quantum
771 2049 908 2084 pecuniam
923 2050 1014 2085 despi-

222 2104 297 2127 ceret
310 2107 317 2125 :
333 2098 364 2126 Si
382 2097 458 2124 etiam
473 2096 574 2123 (Malus
589 2102 661 2127 sum,
677 2094 762 2121 multis
776 2095 837 2121 milli
859 2094 1014 2130 afﬂuentibus

223 2145 317 2172 divitiis
331 2144 368 2171 :si
380 2152 429 2170 non
437 2142 522 2177 putavi
532 2148 622 2167 aurum
632 2140 770 2174 puluerem,
784 2141 840 2168 siin
856 2141 940 2176 lapide
953 2150 1012 2177 pre-

221 2192 285 2218 tioso
299 2190 418 2225 ﬁduciam
440 2188 516 2215 habui
542 2187 602 2222 (Job
619 2186 664 2214 5|.
678 2186 723 2214 25.
737 2186 801 2222 ει).
825 2186 886 2214 Ideo
901 2195 934 2215 ne
949 2188 1014 2223 ipsis

223 2236 330 2273 quidem
349 2235 467 2270 abreptis
479 2235 635 2263 turbabatur
646 2255 655 2267 ,
668 2235 713 2270 qui
729 2235 898 2270 prmsentiutn
912 2235 1014 2270 cupidi-

223 2288 278 2311 tate
296 2290 349 2311 non
364 2281 514 2309 tenebatur.
537 2281 606 2309 Audi
627 2280 706 2308 etiam
720 2280 853 2316 quomodo
865 2288 895 2308 ea
909 2289 968 2315 qua:
979 2280 1012 2308 ad

221 2329 294 2356 ﬁlios
304 2327 460 2363 spectabant
471 2331 605 2360 tractaret,
621 2334 674 2354 non
688 2327 802 2354 molliter
809 2327 867 2361 plus
880 2335 958 2362 quam
972 2327 1013 2355 fas

222 2376 259 2403 sit
268 2382 360 2410 agens,
377 2378 405 2401 ut
416 2381 475 2407 nos,
491 2372 538 2401 sed
551 2380 657 2400 omnem
666 2372 700 2400 ab
713 2372 765 2400 illis
776 2372 940 2408 diligentiam
955 2374 1012 2400 cxi-

222 2429 298 2457 gens.
315 2419 382 2448 Nam
396 2420 441 2456 qui
452 2426 501 2455 pro
515 2418 628 2446 occultis
640 2418 798 2446 sacrificium
814 2418 953 2452 offerebat,
967 2426 1012 2446 co-

221 2467 275 2503 gita
296 2473 376 2502 quam
400 2469 496 2493 exacte
516 2464 550 2492 de
569 2463 718 2492 manifestis
734 2463 876 2498 judicaret.
899 2463 974 2498 Quod
989 2464 1012 2491 si

222 2512 290 2540 velis
303 2512 361 2548 ejus
373 2511 408 2539 de
422 2511 544 2538 castitate
562 2517 699 2538 sermones
711 2508 806 2537 audire
817 2529 825 2543 ,
849 2508 911 2536 audi
936 2509 1010 2536 illum

222 2559 355 2587 dicentem
368 2567 374 2585 :
387 2557 478 2594 Pepigt'
492 2557 573 2592 [tedas
586 2565 644 2584 cum
653 2555 733 2584 oculis
751 2556 822 2590 meis,
837 2560 865 2583 tu
877 2563 907 2583 ne
917 2555 1012 2591 cogita-

219 2613 274 2633 rem
292 2604 393 2640 quidem
407 2604 438 2631 de
450 2604 545 2639 uirgine
557 2602 636 2637 (Ibid.
651 2610 674 2630 υ,
691 2603 702 2629 l
715 2600 736 2639 ).
750 2601 851 2630 Idcirco
869 2601 942 2630 illum
957 2609 1010 2630 non

220 2650 301 2686 fregit
313 2657 381 2677 uxor
396 2657 403 2676 :
416 2648 488 2676 illam
500 2648 599 2684 quippe
610 2653 686 2675 antea
701 2647 818 2681 amabat,
831 2651 860 2675 et
874 2654 926 2675 non
940 2647 1009 2675 ultra

221 2697 342 2730 modum,
352 2695 399 2724 sed
410 2695 570 2723 utconveuit
579 2702 687 2722 uxorem
699 2694 820 2729 diligere.
831 2694 1008 2728 Quamobrem

219 2742 286 2772 mihi
298 2741 388 2770 mirari
408 2741 489 2774 subit,
505 2749 552 2769 cur
567 2741 592 2768 in
608 2748 724 2768 ammutn
742 2739 874 2768 induxerit
886 2740 1009 2768 diabolus

250 2814 258 2830 ¹
274 2812 334 2842 Alii.
345 2811 500 2844 cupiditatem
510 2818 613 2844 mm.

249 2844 285 2873 (τι)
309 2845 346 2875 De,
364 2842 745 2876 pentathlogsiverquinquertio
768 2846 848 2869 actum
872 2845 912 2868 est
933 2842 1003 2869 Anti-

219 2876 321 2908 quitatix
338 2873 479 2907 eiplauata
490 2874 518 2900 τ.
531 2873 561 2906 ν,
574 2873 632 2905 1.’5,
646 2873 670 2906 p.
687 2873 741 2899 291.

587 145 617 174 S.
636 143 775 173 ιοΑΝΝιε
787 139 1024 172 ωηγεοετωιι
1051 139 1209 170 ABCﬂlEP.
1227 141 1495 172 CONSTANTINOP.

1803 146 1855 175 59G

1064 202 1212 229 certamina
1225 206 1318 229 contra
1331 202 1417 234 ipsum
1429 210 1548 235 movere,
1559 203 1603 238 qui
1616 203 1674 238 ejus
1688 204 1857 232 exercitatiss-

1063 254 1113 275 nes
1130 252 1252 275 noverat.
1274 248 1328 275 Cur
1341 256 1406 284 ergo
1418 249 1444 276 id
1463 249 1498 276 illi
1515 249 1540 276 itt
1555 254 1672 277 mentem
1685 251 1777 277 venit?
1790 251 1855 279 Mala

1063 298 1105 322 est
1127 293 1212 322 bestia
1235 301 1284 322 nec
1295 302 1423 331 umquam
1441 295 1586 330 desperat;
1602 296 1627 323 id
1641 297 1711 332 quod
1725 303 1796 325 certe
1808 305 1857 326 nos

1065 341 1180 368 maxime
1193 341 1302 369 damnat
1314 362 1322 374 ,
1346 341 1415 377 quod
1429 348 1491 370 cum
1513 342 1559 370 ille
1574 351 1718 378 numquam
1732 344 1856 378 desperet

1065 387 1098 415 de
1109 388 1225 422 pernicie
1240 388 1318 415 nobis
1337 388 1473 416 inferenda
1486 409 1494 423 ,
1508 396 1557 416 ttos
1569 389 1746 424 desperemus
1759 390 1793 417 de
1804 398 1853 416 no-

1065 439 1119 461 stra
1131 434 1226 462 salute.
1241 434 1293 462 Sed
1306 434 1366 462 vide
1381 435 1461 462 etiam
1482 436 1616 471 quomodo
1630 436 1750 471 corporis
1770 437 1855 464 labem

1064 485 1092 507 ct
1104 481 1205 507 saniem
1215 484 1277 508 ante
1288 480 1431 508 meditatus
1440 482 1486 508 sit.
1497 481 1564 515 Quia
1576 481 1646 509 enim
1658 482 1722 509 nihil
1731 489 1854 518 umquam

1066 525 1118 552 tale
1130 533 1224 560 passus
1238 526 1334 558 fuerat,
1355 526 1401 554 sed
1415 526 1440 554 itt
1455 526 1564 558 divitiis,
1579 527 1713 561 voluptate
1726 535 1757 554 ac
1767 528 1858 562 splen-

1064 571 1130 599 dore
1149 572 1228 599 vitatn
1243 576 1418 606 tranSegerat,
1445 572 1547 599 alienas
1561 573 1726 600 calamitates
1738 573 1856 608 quotidie

1064 618 1154 645 animo
1169 618 1300 645 versabat.
1326 618 1359 645 Et
1374 618 1425 645 hoc
1435 618 1576 646 declarans
1591 618 1696 646 diccbat
1712 628 1718 646 :
1734 618 1803 646 Nam
1825 620 1856 646 ti-

1064 671 1130 695 mor,
1144 672 1218 698 qttem
1242 663 1369 697 timebam,
1384 666 1463 691 evenit
1481 665 1552 695 milli.
1567 669 1591 691 et
1603 673 1676 700 quem
1688 665 1855 699 trepidabant,

1065 711 1173 738 occurrit
1183 710 1245 737 uti/ti
1263 710 1322 745 (Job
1336 711 1361 738 δι
1376 711 1412 738 25
1423 713 1441 744 ).
1459 712 1491 738 Et
1504 719 1596 739 rursus
1612 722 1618 738 :
1633 711 1687 747 Ego
1702 720 1760 739 vero
1780 720 1856 747 super

1065 757 1133 784 omni
1147 757 1272 784 imbecillo
1290 757 1388 792 ploravi
1397 778 1403 786 .
1419 763 1442 784 et
1455 758 1565 793 ingemui
1581 757 1668 785 videns
1682 758 1760 784 uirum
1772 758 1798 784 in
1812 767 1857 785 ue-

1065 803 1221 831 cmitatibus
1241 803 1305 839 (Id.
1322 803 1366 832 ΞΟ.
1379 803 1415 831 25
1425 803 1445 839 ).
1463 803 1525 831 Ideo
1538 804 1608 831 nttlla
1621 811 1655 831 ex
1667 803 1720 831 illis
1734 804 1857 831 intolera-

1065 849 1165 878 bilibus
1176 849 1372 878 calamitatibus
1398 850 1472 877 illum
1486 849 1667 884 perlurbabat.
1683 849 1721 876 Ne
1735 849 1798 876 mihi
1812 857 1856 877 re-

1065 897 1163 932 spicias
1187 897 1358 932 pecuniarum
1381 897 1510 931 iacturam
1527 917 1534 928 ,
1562 896 1675 930 ﬁliorum
1708 897 1855 930 interitum,

1066 944 1170 980 plagam
1196 943 1267 970 illam
1282 943 1472 974 incurabilem,
1490 942 1580 969 uxoris
1604 942 1731 974 insidias;
1748 942 1794 970 sed
1816 942 1858 969 his

1066 990 1144 1025 longe
1155 989 1286 1025 gravium.
1301 989 1335 1016 Et
1345 989 1406 1024 quid
1417 988 1536 1023 gravius,
1551 988 1664 1023 inquies,
1676 987 1726 1016 Job
1737 989 1857 1022 accepit?

1068 1036 1103 1063 ab
1117 1035 1227 1063 historia
1241 1040 1315 1062 certe
1328 1035 1392 1062 nihil
1408 1034 1480 1062 aliud
1493 1034 1631 1062 discimus.
1647 1034 1713 1067 Quia
1725 1035 1854 1061 domita-

1067 1088 1126 1109 mus
1140 1102 1147 1113 ,
1162 1088 1214 1108 non
1229 1080 1356 1108 discimus
1382 1089 1388 1107 :
1404 1081 1450 1107 sed
1473 1080 1519 1115 qui
1534 1080 1676 1115 diligenter
1689 1080 1820 1115 explorat,
1831 1084 1859 1107 ct

1067 1128 1235 1163 margaritam
1247 1127 1329 1163 probe
1342 1126 1447 1162 quaerit,
1465 1127 1547 1153 multo
1555 1126 1629 1161 plura
1639 1126 1714 1154 sciet.
1729 1125 1856 1154 Graviora

1067 1174 1176 1209 quippe,
1191 1181 1250 1208 qua:
1270 1173 1398 1208 majorem
1418 1171 1646 1207 perturbationem
1662 1171 1759 1199 inferre
1781 1177 1856 1206 pote-

1067 1225 1138 1253 rant,
1153 1220 1205 1247 alia
1226 1224 1314 1246 erant.
1331 1219 1431 1249 Primo,
1445 1218 1514 1253 quod
1536 1217 1600 1245 nihil
1623 1218 1704 1245 sciret
1726 1217 1760 1246 de
1775 1225 1857 1251 regno

1067 1267 1195 1294 caelorum
1209 1271 1237 1294 et
1249 1266 1282 1294 de
1300 1265 1496 1293 resurrectione
1510 1264 1547 1301 (α)
1564 1265 1653 1300 :quod
1668 1265 1747 1292 etiam
1763 1265 1856 1300 lugens

1067 1312 1172 1340 dicebat
1186 1321 1192 1339 :
1207 1311 1268 1339 Non
1295 1312 1361 1338 enim
1375 1311 1401 1338 in
1415 1316 1537 1338 retentum
1552 1310 1643 1344 vivam,
1658 1316 1686 1338 ut
1706 1311 1857 1345 longanimia

1067 1359 1115 1386 sim
1129 1358 1192 1393 (Id.
1211 1358 1237 1386 7.
1257 1357 1320 1394 l6).
1339 1357 1474 1391 Secundo,
1493 1357 1564 1392 quod
1585 1357 1728 1384 multorqu
1742 1357 1791 1384 sibi
1807 1357 1856 1385 bo-

1068 1412 1164 1433 norum
1176 1405 1300 1433 conscius
1309 1409 1389 1432 esset.
1402 1403 1502 1432 Tertio.
1518 1403 1588 1439 quod
1603 1404 1701 1431 nullius
1712 1409 1779 1432 esset
1790 1411 1857 1431 con-

1068 1451 1139 1480 scius
1152 1450 1225 1478 mali.
1240 1451 1351 1484 Qttarto,
1363 1450 1435 1486 quod
1454 1450 1504 1477 sibi
1519 1457 1534 1476 a
1555 1449 1609 1477 Deo
1623 1454 1728 1485 putaret
1744 1450 1799 1476 haec
1815 1450 1857 1476 in-

1068 1496 1132 1524 ferri
1143 1497 1210 1524 mala
1225 1505 1231 1523 :
1253 1496 1323 1532 quod
1339 1496 1360 1524 si
1374 1496 1453 1524 etiam
1472 1503 1486 1522 a
1503 1495 1610 1523 diabolo
1622 1516 1629 1527 ,
1643 1496 1692 1522 hoc
1707 1495 1742 1522 illi
1756 1499 1858 1530 poterat

1068 1542 1229 1571 offendicula
1251 1549 1319 1570 esse.
1343 1542 1456 1576 Quinto,
1472 1542 1542 1577 quod
1555 1541 1659 1569 audiret
1669 1541 1768 1568 amicos
1783 1549 1810 1568 se
1824 1541 1859 1569 dc

1068 1589 1185 1624 nequitia
1199 1589 1369 1616 incusantes:
1383 1588 1442 1615 Non
1461 1588 1527 1615 enim
1544 1587 1682 1624 condignas
1693 1608 1700 1620 ,
1716 1587 1856 1620 dicebant,

1069 1636 1177 1671 peccatis
1187 1636 1236 1662 tuis
1246 1635 1334 1670 plagas
1343 1635 1437 1670 accipis
1446 1633 1502 1669 (Id.
1516 1635 1558 1662 il.
1572 1635 1588 1662 6
1600 1635 1619 1669 ).
1640 1634 1731 1666 Sexto,
1746 1635 1815 1669 quod
1831 1635 1858 1661 iu

1069 1681 1185 1717 nequitia
1191 1681 1308 1709 viventes
1315 1680 1416 1708 videret
1424 1687 1550 1716 prospere
1559 1687 1648 1716 agere,
1654 1685 1715 1708 etse
1724 1680 1857 1708 deridere.

1068 1727 1198 1763 Septimo,
1205 1726 1274 1762 quod
1285 1726 1418 1754 neminem
1425 1726 1527 1754 videret
1535 1726 1595 1754 talia
1606 1734 1730 1761 umquam
1740 1733 1856 1761 passum.

1103 1773 1131 1800 7.
1146 1772 1187 1800 Ea;
1197 1773 1334 1808 pusillitate
1344 1777 1430 1799 nostra
1439 1777 1561 1808 quantum
1577 1772 1706 1807 splendeat
1715 1771 1774 1799 Jobi
1784 1773 1859 1808 forti-

1069 1819 1138 1846 tudo.
1153 1834 1189 1838 —
1203 1818 1237 1846 Et
1247 1818 1269 1845 si
1282 1818 1387 1846 discere
1402 1817 1469 1845 velis
1481 1822 1578 1853 quanta
1593 1817 1649 1845 haec
1663 1819 1725 1851 sint,
1738 1825 1859 1852 pra-scn-

1068 1867 1104 1893 tia
1119 1866 1268 1894 considera.
1284 1865 1349 1893 Nam
1364 1865 1386 1892 si
1402 1872 1473 1893 nunc
1486 1885 1493 1898 ,
1508 1872 1570 1892 cum
1585 1872 1694 1900 regnum
1716 1870 1857 1900 exspecta-

1069 1919 1120 1946 tur,
1133 1921 1194 1942 cum
1216 1913 1375 1941 resurrectio
1388 1917 1519 1949 speratur,
1534 1920 1638 1941 necnon
1656 1912 1798 1940 ineffabilia
1813 1913 1858 1940 illa

1067 1961 1147 1994 bona,
1160 1969 1220 1989 cum
1236 1960 1364 1988 malorum
1378 1960 1451 1988 mille
1464 1960 1540 1987 nobis
1554 1959 1654 1988 conscii
1670 1967 1762 1986 sumus
1773 1980 1781 1992 ,
1796 1967 1858 1986 cuin

1068 2012 1106 2036 tot
1121 2008 1248 2036 habemus
1261 2006 1382 2042 exempla
1394 2027 1401 2039 ,
1417 2010 1445 2033 et
1463 2010 1562 2033 tantam
1579 2010 1721 2033 tractamus
1736 2005 1857 2040 philoso-

1067 2055 1168 2091 phiam,
1183 2055 1205 2081 si
1219 2054 1324 2089 quitlam
1338 2061 1370 2081 ex
1392 2053 1470 2080 nobis
1485 2052 1591 2088 paulum
1605 2053 1664 2080 auri
1677 2052 1856 2087 perdiderint,

1067 2109 1139 2137 szrpc
1149 2102 1239 2136 rapina
1254 2105 1366 2136 partum,
1382 2108 1433 2127 non
1448 2100 1555 2127 vitalem
1567 2099 1617 2126 sibi
1632 2099 1711 2126 vitam
1725 2107 1785 2127 esse
1795 2099 1857 2127 exi-

1067 2149 1194 2180 stimant;
1211 2155 1262 2175 non
1280 2152 1390 2182 urgente
1409 2154 1491 2174 uxore
1503 2166 1511 2179 ,
1536 2153 1588 2173 non
1615 2145 1732 2180 abreptis
1755 2145 1856 2178 liberis,

1067 2203 1120 2223 non
1131 2194 1224 2222 amicis
1238 2192 1460 2228 exprobrantibus
1471 2213 1478 2223 .
1493 2199 1546 2220 non
1559 2191 1712 2218 domesticis
1726 2191 1855 2218 insultan—

1067 2242 1153 2275 tibus;
1169 2241 1215 2269 sed
1241 2241 1330 2268 multis
1353 2240 1438 2275 ipsum
1453 2238 1664 2272 consolantibus,
1679 2238 1737 2266 sive
1749 2237 1855 2269 verbis,

1066 2288 1122 2315 sive
1134 2287 1212 2315 rebus
1221 2287 1298 2321 ipsis:
1312 2285 1588 2321 quotcoronisdignus
1596 2284 1640 2312 ille
1652 2292 1704 2312 non
1715 2283 1803 2316 fuerit,
1811 2284 1857 2318 qui

1063 2333 1143 2368 justis
1164 2332 1273 2360 collecta
1298 2331 1347 2358 sibi
1362 2331 1498 2358 laboribus
1508 2330 1574 2357 vidit
1586 2330 1645 2357 sine
1657 2337 1736 2357 causa
1748 2329 1834 2363 abripi
1847 2349 1856 2360 ,

1065 2385 1093 2407 et
1104 2383 1163 2414 post
1184 2378 1226 2405 illa
1241 2377 1330 2405 omnia
1343 2376 1418 2404 mille
1430 2377 1608 2404 tentationutu
1619 2383 1716 2411 genera
1729 2379 1856 2410 expertus

1065 2430 1118 2460 est,
1134 2432 1293 2460 semperque
1314 2429 1402 2452 tanton
1419 2424 1546 2451 immotus
1565 2422 1674 2455 mansit,
1701 2426 1728 2450 et
1749 2421 1856 2449 debitas

1065 2471 1115 2500 hac
1125 2472 1159 2500 de
1173 2480 1203 2499 re
1214 2471 1358 2507 gratiarum
1370 2471 1489 2498 actiones
1501 2469 1613 2497 Domino
1624 2469 1713 2497 retulit
1724 2469 1735 2496 ?
1745 2467 1855 2496 Etiamsi

1064 2519 1135 2547 enim
1152 2518 1237 2546 nullus
1252 2518 1320 2545 alius
1335 2518 1384 2552 ipsi
1410 2517 1504 2545 fuisset
1526 2516 1662 2551 loquutus,
1688 2515 1779 2543 uxoris
1794 2519 1856 2542 tau-

1064 2570 1120 2592 tum
1133 2564 1212 2592 verba
1228 2568 1350 2599 poterant
1366 2562 1407 2590 vel
1423 2567 1512 2598 petras
1527 2569 1707 2589 commovere.
1723 2560 1789 2588 Vide
1805 2561 1855 2596 igi-

1063 2617 1106 2639 tur
1116 2611 1184 2638 illius
1198 2610 1333 2638 astutiam.
1347 2609 1405 2637 Non
1419 2613 1550 2637 memorat
1562 2608 1680 2640 divitias,
1695 2615 1747 2635 non
1764 2615 1856 2634 cante-

1062 2659 1113 2692 los,
1128 2666 1180 2685 non
1195 2664 1288 2693 greges
1299 2678 1306 2689 ,
1321 2665 1373 2684 non
1395 2661 1514 2683 armenta
1537 2654 1648 2692 (sciebat
1661 2655 1733 2682 enim
1749 2655 1797 2681 viri
1812 2654 1854 2682 sui

1062 2705 1103 2732 his
1117 2706 1142 2732 in
1154 2705 1232 2732 rebus
1244 2702 1438 2739 philosophiam
1449 2704 1458 2738 )
1468 2723 1474 2734 ,
1490 2702 1537 2730 sed
1557 2701 1627 2737 quod
1638 2701 1760 2729 acerbius
1784 2705 1853 2734 erat,

1061 2751 1175 2778 filiorum
1190 2750 1336 2782 interitum,
1350 2748 1558 2784 tragcediamquc
1571 2748 1702 2780 extendit,
1716 2752 1796 2782 atque
1805 2755 1854 2774 sua

1091 2816 1129 2849 (tt)
1144 2816 1210 2847 Quod
1225 2816 1285 2842 dicit.
1301 2816 1499 2849 Cbrysostomus,
1516 2815 1602 2849 Johum
1616 2815 1648 2849 de
1664 2821 1856 2849 resurrectione

1060 2846 1124 2885 nihil
1137 2846 1247 2879 novisse,
1265 2854 1314 2874 non
1332 2846 1448 2873 consonat
1469 2853 1524 2872 cum
1543 2846 1636 2879 vulgari
1655 2848 1780 2872 doctorum
1799 2852 1855 2877 opt-

1060 2886 1132 2906 mone
1135 2897 1142 2904 .
