2067 3134
212 165 262 192 597

210 218 320 246 addidit.
333 217 408 252 Quod
422 218 443 245 si
457 218 500 250 iis,
511 217 555 252 qui
571 224 696 252 prospere
709 224 764 243 rem
779 215 901 251 agebant,
917 214 998 244 nihil-

211 273 263 299 que
282 264 412 299 ingratum
427 263 601 298 patiebantur,
619 262 700 289 multa
711 269 782 296 sa‘pe
795 269 891 289 uxores
905 267 998 288 suase-

212 315 296 336 runt:
318 309 405 344 cogita
420 316 498 343 quam
526 313 634 335 strenua
660 307 703 335 illa
727 313 798 335 esset
819 308 918 340 anima,
939 314 999 342 quae

212 361 322 381 uxorem
338 357 377 381 tot
387 354 468 381 armis
480 353 634 380 instructam
648 353 733 388 potuit
746 353 884 387 repellere,
896 357 922 379 et
932 353 1000 380 duos

212 400 358 427 acerrimos
370 399 479 427 affectus
491 399 612 431 calcavit,
627 398 797 433 cupiditatem
812 403 840 425 et
850 398 999 425 misericor-

211 445 293 472 diam.
308 444 380 471 Multi
393 444 463 472 enim
476 444 521 479 qui
536 444 779 479 concupiscentiam
801 444 932 477 vicerant,
949 444 999 471 mi-

210 489 357 518 sericordia
371 489 464 517 inﬂexi
488 494 560 517 sunt.
576 489 643 517 Nam
666 490 825 519 fortissimus
840 490 883 517 ille
898 489 998 524 Ioseph

212 536 373 571 voluptatem
389 536 461 563 illam
483 536 646 572 tyrannicam
671 536 792 568 calcavit,
806 541 833 563 et
854 535 997 563 barbaram

213 581 285 609 illam
299 580 436 608 mulierem
458 581 555 608 multas
569 580 753 608 admoventem
766 580 902 608 machinas
920 587 1000 615 repu-

213 626 254 659 lit,
268 626 399 662 lacrymas
413 634 479 654 vero
504 627 643 654 continere
656 634 708 654 non
723 627 817 662 potuit,
833 626 880 653 sed
906 625 1000 654 videns

213 673 308 701 fratres
323 680 385 700 suos
409 673 453 708 qui
478 680 568 700 secum
594 673 683 710 inique
697 677 816 706 egerant,
832 672 882 699 hoc
904 671 1000 699 all'ectu

212 723 305 752 captus
318 722 366 750 est,
384 724 410 745 et
426 719 525 745 vultum
534 719 587 745 cito
599 718 722 754 lacrymis
737 718 869 752 operiens,
885 725 942 744 rem
956 721 999 744 to-

214 769 267 790 tam
291 764 423 798 patefecit.
438 763 505 790 Cum
520 768 608 790 autem
632 767 659 790 et
681 771 747 793 uxor
758 767 810 795 est,
828 762 999 790 commisera-

214 811 287 838 tione
299 810 377 845 digna
394 810 523 842 referens,
549 817 627 845 quam
644 814 791 844 opportune
804 809 898 843 juvant
919 809 999 836 etiam

213 861 334 891 tempus,
348 856 457 883 vulnera
469 875 476 888 ,
491 856 589 890 plagae,
605 859 632 882 et
653 854 725 881 mille
740 854 920 881 calamitatum
944 853 997 881 ﬂu-

213 908 272 929 ctus
285 910 292 929 :
306 909 358 936 quo
372 906 449 936 pacto
461 909 513 928 non
527 900 586 935 jure
600 900 700 928 dixeris
713 901 828 927 animam
845 907 903 934 quae
916 906 999 934 gene-

212 957 273 979 rose
284 953 381 976 tantam
398 949 449 976 fert
463 952 645 983 tempestatem
656 968 663 976 .
678 954 737 974 esse
747 947 886 976 adamante
897 945 1000 973 ﬁrmio-

213 996 288 1023 rem?
301 995 390 1022 Liceat
405 994 468 1022 mihi
487 994 576 1022 dicere
594 994 670 1021 vobis
683 1014 690 1026 ,
707 993 813 1020 beatum
824 993 895 1019 illum
909 993 930 1019 si
947 999 999 1019 non

212 1042 350 1076 majorem,
363 1049 415 1068 non
426 1041 555 1068 minorem
561 1040 704 1075 certeipsis
711 1038 837 1074 apostolis
845 1038 935 1066 fuisse.
944 1037 998 1066 Illis

213 1096 326 1123 namque
335 1088 483 1116 consolatio
495 1091 563 1120 erat,
576 1086 647 1122 quod
663 1090 769 1122 propter
782 1085 914 1112 Christum
926 1090 999 1120 pate-

213 1140 320 1162 rentur:
330 1134 414 1162 ethoc
424 1134 548 1162 idoneum
559 1138 616 1161 erat
629 1132 775 1160 remedium
781 1131 850 1167 quod
859 1131 918 1159 illos
931 1138 999 1166 quo-

213 1180 275 1208 tidie
286 1181 399 1216 erigeret
406 1179 486 1215 ,quod
492 1179 571 1207 etiam
581 1178 677 1214 ubique
686 1178 849 1214 proponebat
859 1177 997 1210 Dominus,

214 1227 322 1262 Propter
333 1235 374 1253 me
386 1247 394 1260 ,
409 1226 499 1253 dicens
511 1247 518 1259 ,
530 1230 558 1253 et
569 1246 576 1258 ,
589 1225 620 1253 Si
630 1232 669 1251 me
680 1223 886 1259 patremfamilias
902 1222 998 1249 Beelze-

213 1273 259 1300 bub
267 1277 414 1300 vomuerunt
422 1272 527 1308 (Matth.
538 1272 580 1299 10.
591 1271 647 1308 25).
656 1271 704 1298 llle
711 1278 774 1297 vero
782 1270 830 1297 ista
837 1277 934 1296 vacuus
942 1272 999 1296 erat

212 1319 393 1346 consolatione
403 1338 411 1350 ,
423 1325 472 1345 nec
488 1326 539 1344 non
554 1317 598 1344 illa
611 1323 669 1355 quze
683 1324 716 1343 ex
731 1315 821 1350 signis,
836 1314 878 1342 vul
893 1322 951 1349 qua:
964 1321 997 1341 ex

211 1364 293 1399 gratia
307 1363 531 1399 proﬁciscebatur.
545 1362 635 1397 Neque
648 1362 717 1390 enim
733 1366 832 1388 tantam
844 1360 934 1387 habuit
944 1360 997 1387 vim

212 1409 335 1444 Spiritus.
346 1409 475 1443 Quodque
485 1408 570 1443 majus
581 1413 632 1439 est,
644 1407 670 1434 in
683 1406 787 1434 deliciis
798 1406 888 1433 multis
896 1405 994 1433 educa-

213 1461 263 1487 tus,
277 1463 329 1482 non
340 1463 371 1482 ex
387 1455 557 1489 piscatorum,
573 1454 616 1481 vel
630 1452 841 1488 publicanorum,
851 1451 892 1479 vel
906 1450 996 1478 vilium

212 1507 383 1535 personarum
397 1507 508 1526 numero
518 1503 584 1531 erat,
600 1498 646 1526 sed
660 1506 720 1525 cum
734 1502 835 1525 tantum
849 1503 997 1532 consequu-

213 1539 254 1572 tus
267 1545 359 1572 fuisset
372 1545 511 1577 honorem,
534 1544 591 1571 lucc
604 1543 761 1578 patiebatur.
777 1542 904 1577 Quodque
926 1541 996 1577 apud

666 161 701 189 IN
720 159 921 188 MATTILEUM
941 156 1055 187 IIOMIL.
1076 158 1193 186 XXXIV.
1215 159 1249 186 al.
1271 159 1380 188 XXXV.

1779 162 1830 190 595i

1046 215 1180 250 apostolos
1199 216 1339 243 OHGI‘OsIuS
1366 216 1469 243 videtur
1494 216 1631 249 fuisse,id
1655 217 1700 245 ille
1727 226 1832 254 quoque

1046 261 1181 294 sustinuit,
1196 261 1229 288 ab
1252 261 1356 292 amicis,
1373 269 1387 288 a
1410 261 1573 295 domesticis,
1590 263 1624 289 ab
1639 263 1753 291 inimicis
1770 265 1833 292 odio

1046 307 1164 339 habitus,
1180 315 1281 335 necnon
1298 309 1331 335 ab
1347 308 1379 335 iis
1401 308 1497 343 quibus
1521 309 1589 337 bene
1607 311 1715 344 fecerat,
1731 319 1780 338 nec
1795 317 1835 338 ta-

1047 360 1108 380 men
1131 353 1176 380 ille
1198 361 1300 381 sacram
1315 362 1450 387 ancolam,
1466 359 1495 382 et
1518 356 1688 389 tranquillum
1714 363 1832 391 portum,

1046 406 1141 433 nempe
1153 399 1203 426 hoc
1213 399 1283 435 quod
1295 400 1422 434 apostolis
1433 401 1532 427 dictum
1547 401 1645 433 fuerat,
1659 402 1768 436 Propter
1781 412 1831 434 me,

1046 444 1136 472 videre
1150 446 1246 479 potuit.
1259 445 1339 473 Miror
1351 447 1430 473 etiam
1446 450 1499 474 tres
1514 454 1621 481 pueros,
1636 449 1680 482 qui
1694 447 1831 476 fornacem

1046 490 1150 518 fortiter
1163 491 1287 519 adierunt
1298 491 1320 526 ',
1335 492 1379 526 qui
1392 498 1507 528 tyranno
1521 493 1689 520 resisteraut.
1702 493 1754 521 Sed
1771 495 1832 522 auiti

1044 536 1106 570 quid
1122 535 1209 563 dicant
1223 544 1229 562 :
1243 536 1310 565 Deos
1324 542 1380 564 tuo:
1395 546 1446 564 non
1459 537 1576 570 colimus,
1588 542 1611 565 et
1622 542 1733 565 statuant
1749 544 1830 569 tuam,

1044 589 1120 616 quam
1133 581 1243 613 uenisti.
1258 590 1309 610 non
1319 583 1457 610 adoramus
1469 583 1550 619 (Dan.
1567 584 1594 612 3.
1610 584 1666 618 18).
1683 585 1757 617 Quod
1769 584 1834 619 ipsis

1045 634 1138 661 magna
1164 632 1222 655 erat
1246 630 1411 661 consolatio,
1427 629 1497 664 quod
1513 630 1597 665 probe
1610 631 1711 658 scirent
1724 638 1754 658 se
1769 639 1833 664 pro-

1043 677 1103 706 pter
1119 673 1199 700 Deum
1215 674 1304 701 omnia
1321 674 1384 708 pati.
1401 675 1447 702 llic
1463 683 1527 703 vero
1541 676 1686 708 nesciebat,
1702 676 1758 703 lia-.c
1772 684 1833 704 esse

1044 719 1189 745 certamina
1197 719 1327 747 etluctam
1338 728 1345 752 ;
1357 719 1380 747 si
1390 722 1460 748 enim
1470 721 1603 755 scivisset,
1613 723 1742 750 malorum
1752 731 1833 751 sensu

1045 771 1096 790 non
1112 764 1147 790 ita
1163 764 1273 792 allectus
1287 765 1390 793 fuisset.
1411 767 1477 794 Cum
1493 775 1557 802 ergo
1578 768 1710 803 audisset,
1727 769 1765 796 An
1780 770 1833 800 alia

1043 810 1142 836 ratione
1155 818 1195 836 me
1211 814 1286 845 putas
1306 812 1350 838 tibi
1364 813 1534 847 respondisse,
1555 822 1629 848 quam
1645 820 1672 843 ut
1682 816 1770 851 justus
1784 824 1832 848 ap.

1044 863 1144 887 paret-es
1158 854 1229 890 (Job.
1240 856 1285 884 40.
1299 857 1346 892 3)?
1361 857 1542 886 animadverte
1556 859 1671 894 qualiter
1683 862 1834 894 respirave-

1043 901 1087 931 rit,
1103 901 1151 927 bac
1165 901 1280 936 simplici
1296 903 1386 930 audita
1412 911 1488 937 voce,
1501 913 1580 939 quam
1597 907 1714 941 seipsum
1736 906 1834 942 despep

1043 947 1111 972 xerit
1123 954 1130 972 :
1142 947 1276 981 quomodo
1297 956 1329 975 ne
1351 955 1457 982 passum
1483 950 1590 985 quidem
1607 959 1636 979 se
1653 952 1786 986 putaverit
1800 960 1832 985 ea

1042 998 1101 1025 quae
1115 999 1209 1026 passus
1219 997 1302 1026 esset,
1315 992 1372 1020 hac
1382 993 1491 1022 dicens:
1502 994 1553 1022 Cur
1564 995 1647 1023 adhuc
1660 997 1774 1032 judicor,
1785 999 1832 1024 ad-

1041 1038 1152 1064 monitus
1171 1042 1195 1064 et
1216 1039 1368 1075 redargutus
1383 1048 1399 1066 a
1423 1040 1545 1073 Domino,
1561 1050 1620 1069 cum
1643 1042 1697 1070 luto
1716 1043 1830 1076 audiam,

1041 1085 1085 1115 qui
1104 1084 1169 1111 nihil
1187 1085 1262 1112 sum?
1281 1086 1314 1112 Et
1328 1094 1434 1114 rursum
1450 1096 1457 1113 :
1472 1088 1568 1115 Audilu
1583 1089 1685 1124 quidem
1700 1091 1771 1117 auris
1784 1099 1832 1116 au-

1042 1130 1139 1156 diebam
1161 1135 1185 1156 te
1207 1131 1277 1165 prius
1289 1139 1299 1157 :
1314 1140 1383 1159 nunc
1404 1138 1488 1160 autem
1508 1133 1597 1160 oculus
1618 1142 1688 1161 meus
1703 1135 1768 1162 videt
1787 1141 1831 1166 te,-

1040 1181 1193 1211 quapropter
1216 1177 1291 1204 nihili
1315 1177 1383 1213 facio
1398 1179 1531 1214 met'psum,
1551 1185 1573 1206 et
1589 1180 1743 1215 liquefactus
1757 1189 1829 1206 :unt:

1040 1221 1186 1255 (extimaque
1201 1223 1324 1258 meipsum
1347 1230 1441 1251 terram
1453 1229 1477 1251 et
1493 1225 1602 1252 tinerlm
1624 1224 1681 1262 (Job
1695 1225 1735 1253 12.
1749 1225 1775 1255 5.
1785 1226 1823 1255 “l-

1040 1265 1095 1293 Nos
1105 1268 1196 1301 itaque
1208 1268 1252 1303 qui
1266 1273 1324 1303 post
1340 1269 1423 1304 legem
1432 1275 1458 1297 et
1467 1271 1579 1305 gratiam
1589 1278 1689 1302 sumus,
1702 1272 1769 1298 hanc
1781 1271 1829 1299 fur-

1043 1313 1196 1347 tjtudinem,
1211 1316 1280 1342 hanc
1294 1316 1526 1343 mansuetudinetn
1539 1317 1609 1343 illius
1625 1318 1770 1349 imitemur,
1783 1318 1828 1353 qui

1041 1365 1104 1388 ante
1117 1360 1203 1396 legem
1218 1365 1245 1389 et
1257 1363 1370 1397 gratiam
1382 1362 1441 1395 fuit,
1457 1367 1485 1390 ut
1495 1371 1554 1390 cum
1567 1363 1612 1390 ilio
1627 1369 1726 1391 aeterna
1742 1365 1830 1391 tab-r—

1040 1406 1133 1433 nacula
1142 1406 1340 1441 adipiscamur:
1352 1415 1411 1442 quas
1421 1408 1523 1435 utinam
1534 1416 1728 1443 consequamur
1737 1417 1831 1440 omnes

1040 1452 1126 1488 gratia
1140 1457 1167 1480 et
1181 1454 1344 1488 benignitate
1360 1454 1464 1481 Domini
1481 1454 1566 1481 nostri
1583 1454 1645 1482 Jesu
1660 1455 1772 1487 Christi,
1787 1456 1829 1484 cui

1039 1498 1123 1534 gloria
1138 1503 1164 1526 et
1178 1499 1338 1534 imperium,
1356 1500 1382 1527 in
1398 1500 1494 1527 saecula
1510 1500 1680 1528 seculorum.
1695 1502 1793 1529 Amen.

1073 1544 1080 1560 ³
1098 1544 1155 1575 Alit,
1166 1548 1363 1576 contempserunt.

213 1605 1749 1621 ____________________'—______
1790 1612 1793 1613 ,

767 1647 935 1679 HOMILIA
956 1645 1086 1676 XXXIV.
1109 1645 1148 1677 al.
1169 1645 1287 1676 XXXV.

210 1725 270 1753 Car.
284 1724 328 1752 10.
340 1733 365 1751 v.
378 1725 423 1751 25.
437 1723 499 1751 Cum
512 1728 595 1751 autem
607 1727 784 1759 persequentur
797 1729 838 1749 vos
852 1729 882 1748 ea;
894 1721 941 1747 hac
955 1719 993 1747 ci-

245 1774 329 1804 rilate,
354 1771 434 1807 fugite
458 1772 484 1798 in
502 1771 589 1798 aliam.
611 1770 689 1797 Amen
715 1769 807 1804 quippe
829 1768 885 1795 dico
906 1766 991 1799 vobis,

244 1828 294 1845 non
308 1817 510 1845 consummabilis
529 1817 637 1844 civitates
648 1815 740 1848 Israel,
756 1815 834 1842 donec
850 1815 933 1842 veniat
944 1811 993 1839 Fi-

244 1866 292 1891 lius
300 1864 419 1891 hominis.

245 1931 270 1958 1.
287 1931 350 1957 Cum
367 1930 409 1957 illa
435 1929 561 1958 terribilia
583 1932 611 1956 et
634 1926 765 1954 horrenda
786 1925 905 1957 dixisset,
934 1930 994 1958 quas

210 1980 318 2012 possunt
330 1976 495 2004 adalnanlem
509 1975 630 2009 frangere
640 1994 646 2005 ,
663 1980 723 2008 qua:
737 1976 796 2007 post
809 1977 913 1999 crucem
926 1989 933 2002 ,
949 1976 993 1996 re-

210 2022 400 2048 surrectionem
430 2026 456 2047 et
474 2020 657 2047 ascensionem
678 2018 742 2053 ipsis
758 2021 883 2044 eventura
905 2019 991 2047 erant,

210 2075 358 2096 sermonem
373 2066 446 2093 ducit
457 2066 489 2092 ad
508 2065 612 2092 mitiora
623 2085 630 2097 ,
642 2065 709 2091 dans
722 2063 827 2090 athletis
840 2063 895 2089 suis
908 2062 993 2095 respi-

210 2113 283 2140 randi
300 2114 385 2140 locum
399 2133 406 2144 ,
420 2113 580 2146 multamque
606 2111 726 2146 praebens
739 2110 802 2147 ipsis
817 2108 994 2143 tranquillita-

210 2162 273 2185 tem.
288 2157 343 2184 Non
358 2158 428 2185 enim
439 2157 518 2192 jussit
530 2164 590 2183 eum
614 2155 834 2191 persequentibus
855 2153 991 2189 congredi,

211 2203 256 2237 sed
273 2203 373 2237 fugere.
390 2203 456 2237 Quia
482 2202 538 2229 hanc
551 2202 637 2229 adhuc
655 2201 726 2228 initia
742 2205 827 2234 erant,
842 2207 992 2228 sermonem

210 2256 286 2275 suum
301 2253 459 2284 attemperat
472 2253 499 2275 et
519 2247 630 2282 mitigat.
652 2247 709 2274 Non
730 2246 844 2281 loquitur
865 2245 935 2273 enim
951 2245 994 2272 hic

210 2294 243 2321 de
255 2294 503 2328 persequutionibus
514 2301 574 2328 quze
593 2297 682 2327 pestea
697 2292 791 2319 futura:
803 2296 890 2323 erant,
903 2291 949 2320 sed
960 2291 993 2318 de

210 2339 262 2366 illis
282 2347 341 2374 qua;
373 2346 479 2366 crucem
501 2343 528 2366 et
551 2339 700 2374 passionem
730 2345 910 2372 praecessere;
943 2337 994 2364 hoc

209 2386 279 2412 enim
304 2385 428 2412 indicavit
442 2392 502 2412 cum
517 2385 583 2411 dixit
598 2393 604 2411 :
621 2384 682 2412 Non
701 2385 765 2412 enim
789 2383 993 2413 consummabilis

210 2429 319 2456 civitates
332 2428 426 2462 Israel,
449 2430 528 2456 donec
539 2430 632 2457 venerit
645 2429 727 2456 Filius
738 2430 855 2457 hominis.
869 2429 907 2456 Ne
921 2428 993 2456 dice-

209 2481 268 2503 rent
281 2476 352 2503 enim
367 2485 374 2503 ι
390 2476 456 2509 Quid
473 2476 494 2503 si
509 2481 714 2512 persequutores
740 2476 869 2512 fugiamus
881 2497 889 2509 ,
905 2480 933 2503 et
954 2476 993 2502 illi

210 2529 258 2548 nos
273 2521 332 2548 inde
343 2522 422 2549 etiam
437 2522 554 2555 pellant?
568 2522 637 2549 hunc
645 2527 743 2549 metum
755 2522 810 2555 ipse
825 2522 921 2549 tollens
935 2521 972 2549 ait
985 2530 992 2548 :

209 2567 265 2594 Non
276 2568 422 2595 circuibitis
434 2568 442 2584 ¹
460 2568 626 2595 Palaestinam
639 2574 729 2600 totam,
745 2576 804 2595 nam
813 2576 862 2603 ego
875 2575 923 2595 vos
938 2573 994 2595 sta-

210 2613 256 2640 tim
276 2613 414 2648 excipiam.
440 2614 472 2640 Et
494 2614 628 2648 perpende
649 2614 783 2648 quomodo
797 2621 850 2641 non
864 2613 907 2641 hic
925 2613 995 2641 mala

209 2659 294 2691 tollat,
305 2658 351 2686 sed
364 2658 433 2686 adsit
446 2659 472 2686 in
483 2659 617 2694 periculis.
628 2659 686 2687 Non
700 2659 766 2686 dixit
781 2659 862 2692 enim,
876 2659 931 2687 Vos
941 2659 995 2687 ori-

211 2704 290 2741 piam,
308 2709 335 2732 et
348 2705 569 2739 perSequutiones
581 2705 698 2734 solvam:
710 2704 756 2732 sed
771 2705 852 2740 quid?
869 2704 929 2732 Non
938 2712 995 2731 con-

209 2749 366 2783 ριιιηηιαὺὶιὶε
384 2750 494 2777 civitates
508 2749 599 2784 Israel,
615 2750 694 2777 donec
706 2750 798 2777 venerit
809 2749 892 2777 Filius
912 2749 995 2776 homi-

209 2795 256 2827 nis.
271 2795 340 2822 Satis
355 2795 426 2822 enim
439 2800 497 2823 erat
510 2794 544 2823 ad
564 2795 771 2825 consolationem
786 2794 909 2830 illorum,
922 2794 996 2830 quod

242 2859 252 2876 ⁸
271 2859 322 2892 Alii,
334 2867 381 2892 non
392 2860 502 2892 timebitis
513 2860 693 2893 circumeuntes.

1040 1717 1114 1744 illum
1137 1716 1271 1745 viderent.
1299 1717 1339 1745 Tu
1362 1726 1428 1745 vero
1444 1718 1508 1745 mihi
1529 1719 1668 1746 considera
1693 1720 1828 1755 quomodo

1041 1762 1087 1790 ille
1102 1771 1154 1790 non
1175 1763 1274 1797 ubique
1289 1764 1379 1791 omnia
1403 1765 1496 1798 gratia:
1511 1765 1620 1798 tribuat,
1633 1765 1679 1792 sed
1694 1766 1829 1800 quidpiam

1040 1810 1074 1837 ab
1096 1810 1149 1836 illis
1174 1810 1264 1838 alieni
1286 1808 1388 1844 iubeat.
1411 1810 1476 1837 Nam
1503 1811 1524 1837 si
1552 1812 1660 1845 timetis,
1676 1812 1771 1846 inquit,
1789 1813 1829 1840 fn-

1048 1849 1118 1883 gite:
1128 1850 1180 1877 hoc
1196 1851 1267 1877 enim
1277 1848 1437 1886 signiﬁcavit
1453 1853 1557 1885 dicens,
1570 1852 1674 1888 Fugite,
1684 1858 1721 1886 et,
1735 1853 1775 1880 Ne
1793 1855 1827 1880 ti-

1045 1895 1148 1922 mentis.
1161 1895 1255 1931 Neque
1267 1897 1342 1931 ipsos
1350 1898 1453 1932 primos
1463 1899 1540 1934 jubet
1550 1899 1652 1933 fugere,
1671 1900 1716 1926 sed
1733 1900 1826 1934 pulsos

1044 1939 1185 1973 recedere;
1195 1949 1282 1976 neque
1291 1944 1478 1978 magnaspatia
1485 1944 1531 1971 dat
1542 1944 1673 1975 locorum,
1683 1944 1729 1971 sed
1738 1951 1828 1978 quan-

1044 1990 1101 2011 tum
1107 1992 1167 2014 esse
1175 1987 1260 2020 possit
1266 1987 1291 2014 in
1300 1988 1493 2017 circumeundo
1500 1989 1621 2017 civitates
1627 1989 1719 2017 Israel.
1729 1989 1830 2017 Deinde

1044 2031 1078 2059 ad
1085 2032 1168 2059 altam
1176 2033 1353 2069 philosophiae
1361 2041 1463 2070 partem
1473 2036 1546 2071 ipsos
1556 2036 1660 2063 inritat.
1671 2036 1772 2067 Primo,
1782 2036 1829 2063 ali-

1045 2082 1198 2105 mentorum
1209 2087 1314 2113 curam,
1322 2081 1451 2114 secundo,
1463 2082 1642 2116 periculorum
1652 2088 1752 2110 metum
1762 2082 1827 2109 abs-

1045 2123 1124 2157 tulit;
1144 2132 1217 2151 nunc
1237 2133 1300 2152 vero
1323 2126 1526 2154 maledictorum
1542 2132 1641 2154 metum
1662 2127 1763 2154 avellit.
1783 2126 1828 2153 Illa

1045 2169 1116 2197 enim
1127 2170 1307 2199 sollicitudine
1316 2172 1450 2204 liberavit,
1459 2173 1567 2200 dicens:
1584 2173 1682 2208 Dignus
1690 2177 1728 2199 est
1737 2180 1829 2206 opera-

1046 2215 1102 2241 rius
1112 2215 1229 2242 mercede
1237 2224 1285 2243 sua
1297 2217 1373 2251 (Luc.
1392 2218 1436 2245 10.
1448 2218 1485 2252 7),
1498 2219 1654 2254 signiﬁcans
1664 2219 1762 2246 multos
1772 2218 1829 2246 fore

1045 2261 1092 2295 qui
1105 2261 1178 2296 ipsos
1186 2263 1336 2298 excipiant;
1349 2263 1382 2291 de
1390 2264 1519 2298 periculis
1526 2272 1590 2292 vero
1596 2265 1674 2296 dixit,
1686 2263 1776 2291 Nolite
1786 2272 1830 2290 co-

1046 2307 1266 2342 gitarequomodo
1284 2314 1329 2336 aut
1354 2309 1629 2345 quidloquamini;ct,
1644 2310 1696 2342 Qui
1714 2317 1831 2344 perseve-

1046 2353 1142 2379 raverit
1154 2362 1235 2388 usque
1243 2355 1277 2381 ad
1285 2355 1374 2389 ﬁnem,
1386 2355 1428 2382 hic
1441 2356 1529 2383 salvus
1541 2355 1707 2386 erithatth.
1721 2355 1763 2383 14.
1772 2355 1828 2389 15).

1081 2400 1204 2435 Exemplo
1218 2407 1264 2426 suo
1285 2398 1398 2426 Christus
1412 2398 1539 2432 apostolos
1556 2397 1591 2423 ad
1612 2395 1775 2423 contumelias
1790 2398 1829 2429 [e-

1044 2447 1136 2474 rendas
1149 2446 1272 2473 hortatur.
1287 2460 1323 2465 —
1334 2444 1400 2478 Quia
1415 2450 1501 2472 autem
1517 2443 1661 2471 verisimile
1675 2447 1733 2470 erat
1756 2442 1828 2477 ipsos

1046 2492 1142 2519 malam
1161 2491 1296 2518 habituros
1321 2490 1418 2518 famam
1432 2497 1491 2517 esse
1503 2511 1510 2521 ,
1524 2489 1594 2525 quod
1610 2489 1700 2516 multis
1711 2489 1830 2515 omnium

1046 2537 1260 2564 molestissimum
1273 2544 1333 2564 esse
1350 2536 1452 2563 videtur
1463 2556 1470 2569 ,
1491 2536 1672 2563 animadverte
1686 2542 1738 2569 quo
1752 2538 1830 2569 pacto

1047 2583 1089 2610 hic
1104 2583 1161 2610 illos
1173 2582 1325 2610 consoletur
1337 2603 1344 2615 ,
1359 2590 1392 2609 ex
1407 2581 1439 2609 iis
1461 2581 1561 2609 scilicet
1582 2588 1640 2616 quae
1659 2579 1693 2607 ad
1714 2581 1831 2616 seipsum
1854 2584 1858 2589 ‘

1047 2629 1212 2664 spectabant,
1228 2633 1256 2657 et
1268 2629 1301 2656 de
1315 2636 1344 2656 se
1358 2628 1428 2656 dicta
1455 2627 1561 2655 fuerant
1575 2636 1581 2655 :
1601 2628 1644 2655 cui
1657 2625 1832 2655 consolationi

1047 2674 1112 2703 nihil
1127 2682 1173 2710 par
1185 2682 1244 2703 esse
1257 2675 1349 2710 possit.
1363 2674 1437 2702 Sicut
1450 2674 1520 2701 enim
1535 2673 1570 2701 ibi
1588 2673 1707 2705 dixerat,
1721 2671 1755 2700 Et
1765 2671 1834 2698 eritis

1049 2721 1108 2748 atlio
1122 2721 1237 2748 omnibus
1250 2729 1259 2753 ;
1279 2725 1306 2748 et
1320 2720 1454 2755 adjeccrat
1465 2741 1472 2753 ,
1490 2719 1599 2755 Propter
1613 2727 1703 2746 nomen
1727 2726 1808 2745 meum
1825 2725 1834 2744 :

1047 2767 1086 2794 sic
1108 2771 1136 2794 et
1154 2766 1205 2794 hoc
1226 2767 1284 2794 loco
1306 2766 1364 2793 illos
1376 2766 1529 2794 consolatur
1541 2786 1549 2798 ,
1572 2766 1684 2793 alterum
1699 2763 1833 2799 quidpiam

1045 2811 1183 2847 adjiciens.
1199 2812 1336 2846 Quodnam
1348 2811 1434 2839 illud?
1447 2812 1492 2839 2i.
1510 2811 1569 2838 Non
1580 2816 1616 2838 est
1628 2810 1777 2845 discipulus.
1790 2809 1816 2834 in
1826 2823 1832 2828 -

1048 2857 1115 2900 quit,
1143 2866 1220 2895 super
1241 2858 1402 2897 magistrum,
1431 2865 1476 2884 nec
1498 2865 1582 2885 servus
1608 2863 1684 2892 super
1706 2855 1833 2884 dominans
