2067 3134
230 135 283 164 399
599 133 627 161 S.
647 131 783 160 JOANNIS
801 128 1029 158 CHRYSOSTOMI
1049 128 1205 156 ARCIIIEP.
1225 129 1487 158 CONSTANTINOP.
1807 133 1857 160 £00

231 200 315 219 suum.
326 191 371 218 23.
385 191 482 226 Suﬂicit
497 190 622 225 discipulo
632 211 640 223 ,
654 195 681 216 ut
694 190 724 217 sit
737 190 801 215 sicut
819 189 937 221 magister
950 187 1015 222 ejus,

232 243 254 264 ct
266 245 345 268 terra,
359 238 422 263 sicut
437 237 552 263 dominus
566 237 631 271 ejus.
647 235 677 263 Si
695 234 903 270 patremfamilias
916 233 1018 259 Beelze-

234 282 282 308 bub
295 287 453 314 notaverunt,
466 288 558 316 quanto
577 281 656 316 magis
669 281 816 307 domesticas
835 279 908 314 ejus?
920 279 964 306 26.
978 278 1019 306 Ne

232 333 317 362 Itaque
329 328 436 354 timentis
447 336 497 354 cos.
511 327 577 355 Vide
590 327 722 362 quomodo
739 334 768 353 sc
789 325 905 353 ontuium
931 325 1019 352 Domi-

234 381 297 401 num
310 379 336 400 et
351 374 431 400 lletnn
441 379 466 400 ct
479 378 625 400 creatorem
635 380 694 400 esse
706 372 830 400 declarat.
843 371 910 405 Quid
925 371 1019 406 igitur?

236 418 296 446 Non
305 426 338 446 ut
345 420 483 454 discipulus
490 428 566 453 super
573 420 729 454 magistrum,
739 427 783 446 nec
795 427 879 446 servus
892 427 966 454 super
973 419 1019 446 do-

237 466 334 492 minum
345 466 358 492 ?
369 466 457 493 Donec
470 467 521 493 erit
533 471 578 492 aut
587 466 730 500 discipulus
738 469 784 492 aut
790 473 881 493 servus
890 487 897 499 ,
908 473 959 493 non
968 466 1019 493 erit

237 512 323 546 major
340 512 482 538 scentulum
497 511 607 539 honoris
621 512 752 539 ordinem.
766 511 805 540 No
815 512 878 538 mihi
892 512 960 539 enim
977 512 1020 540 hic

235 565 294 585 rara
307 557 426 591 qun-dam
439 557 563 591 pra-feras
577 558 696 591 exempla
710 578 718 590 ,
734 557 768 584 de
782 557 814 584 iis
827 565 886 592 qua:
901 563 928 585 ut
939 557 1019 593 pluri-

235 608 307 628 tuum
322 609 381 628 esse
395 602 481 629 solent
495 602 519 629 id
534 602 634 636 accipe.
651 602 704 630 Nec
727 603 803 634 dixit,
817 603 920 636 Qttanto
935 604 1019 638 magis

233 654 336 680 servos,
348 649 405 678 sed.
423 648 575 675 Domesticos
596 649 659 680 eius,
680 657 773 684 magna
799 657 860 684 erga
874 649 931 677 illos
945 659 1019 676 inatt-

233 694 374 721 eueludiue
389 703 460 721 thus.
474 695 540 722 Alibi
551 695 632 722 etiam
646 695 710 722 dicit
727 705 733 721 :
751 695 809 722 Non
823 696 890 722 ultra
901 705 961 723 voco
976 705 1018 723 ινοε

234 748 334 771 seruos;
348 749 390 767 vos
403 742 478 767 autici
492 742 540 768 mei
553 742 612 768 estis
628 741 721 775 (Joan.
736 742 777 768 lii.
795 743 828 768 15
838 741 858 776 ).
873 742 926 769 Nec
940 743 1016 775 dixit,

235 786 263 814 Si
280 786 495 821 patrmnlmnilias
520 787 622 822 injuriis
641 793 669 815 et
693 788 840 816 maledictis
853 789 1017 822 allecsrunt;

234 832 281 859 sed
298 833 381 866 ipsum
393 833 561 860 contumelia!
576 834 684 861 modum
695 834 835 869 expressit,
856 834 927 869 quod
942 834 1018 862 Beel-

235 877 321 905 zebub
341 879 469 906 vocariut.
487 879 586 906 Deinde
606 879 684 907 aliam
699 879 748 907 hac
763 888 816 907 non
828 880 958 908 minorem
974 880 1019 908 dat

234 923 461 957 consolationem;
477 931 533 952 erat
548 930 634 953 tamen
649 926 693 953 illa
702 926 816 954 maxima
827 927 890 959 ;sod
901 927 959 961 quia
974 927 1016 960 iis,

224 968 280 1003 .‘qui
308 968 423 996 nondum
445 969 697 1005 philosophabamur
711 992 718 1004 ,
739 971 790 999 alia
804 979 870 1006 opus
889 977 945 999 erat
959 980 1018 1007 qua!

233 1018 324 1048 posset
343 1014 400 1041 illos
422 1016 543 1048 allicere,
559 1015 626 1043 hanc
649 1016 727 1043 etiam
750 1017 823 1044 addit
838 1026 844 1044 :
859 1024 890 1045 ac
913 1018 1017 1045 dicendi

233 1059 338 1094 quidem
350 1061 443 1088 modus
453 1062 602 1096 generalem
617 1062 719 1090 videtur
733 1062 829 1090 eﬂ‘erre
842 1064 998 1091 sententiam
1009 1073 1017 1098 ;

234 1109 348 1133 attamen
375 1115 425 1133 non
440 1107 472 1134 de
485 1108 607 1135 omnibus
622 1129 629 1140 ,
655 1108 701 1136 sed
715 1108 748 1136 de
762 1109 901 1144 propositis
917 1115 1017 1138 tantum

233 1150 338 1179 dicitur.
353 1153 419 1186 Quid
440 1154 510 1182 enim
523 1154 580 1181 ait?
598 1154 640 1182 Nc
653 1156 760 1182 ιίιηεαιὶι
778 1164 820 1183 eos
837 1164 846 1183 :
870 1157 933 1184 nihil
952 1159 1018 1185 enim

233 1202 270 1225 ut
282 1204 406 1234 opertum,
415 1200 482 1234 quod
494 1209 544 1227 non
559 1201 724 1234 revelabitur;
737 1210 781 1228 nec
803 1203 939 1233 occultum.
951 1205 1018 1238 quod

232 1255 283 1275 non
294 1248 394 1274 scietur.
409 1246 484 1281 Quod
495 1253 582 1274 autem
593 1248 667 1280 dicit,
680 1248 828 1283 hujusmodi
838 1254 879 1277 est
894 1259 901 1277 :
915 1250 1019 1278 Sufﬁcit

233 1292 340 1326 quidem
361 1293 434 1319 vobis
451 1293 482 1319 ad
503 1293 711 1321 consolationem
725 1315 732 1327 ,
748 1295 769 1321 si
789 1302 839 1330 ego
853 1295 978 1331 magister
991 1301 1019 1324 et

235 1338 361 1366 Dominus
376 1346 486 1365 consors
501 1339 550 1366 sint
559 1340 749 1367 conviciorum.
760 1340 787 1368 Si
799 1348 861 1369 vero
871 1341 958 1370 adltuc
969 1334 1018 1370 do-

234 1383 294 1411 letis
313 1383 368 1411 ha-c
383 1384 535 1417 audientes,
561 1383 625 1412 illud
639 1393 744 1420 quoque
769 1386 858 1414 animo
886 1392 1018 1422 reputate,

233 1436 280 1456 vna
293 1437 345 1456 non
369 1431 480 1456 multum
498 1434 587 1464 postea
602 1430 635 1458 ab
655 1431 704 1458 hac
717 1430 868 1465 suspicione
881 1432 1019 1458 liberatum

233 1474 276 1501 iri.
291 1474 344 1501 Cur
365 1477 436 1502 enim
453 1476 477 1502 id
493 1483 564 1509 aegre
579 1475 674 1502 fertis?
689 1476 751 1510 quia
773 1476 981 1512 prtestigiatores
993 1481 1020 1503 et

235 1521 395 1555 deceptores
424 1529 472 1548 vos
497 1523 610 1548 vocant?
633 1522 666 1549 At
690 1522 823 1556 paululum
851 1527 1019 1556 exspectate,

232 1571 258 1592 et
274 1571 426 1593 senatores
440 1566 676 1601 benefactoresque
689 1567 762 1593 orbis
775 1574 823 1594 vos
838 1566 1020 1601 praedicabunt

237 1619 341 1638 onutes.
358 1611 389 1638 At
415 1612 485 1639 enim
509 1618 612 1646 tempus
625 1613 667 1638 illa
682 1612 771 1639 omnia
785 1619 844 1647 qua!
856 1610 1020 1639 subobscura

235 1662 312 1683 erant
328 1657 466 1689 I'l'\'t‘lnbll,
482 1661 509 1685 et
522 1657 624 1684 illorum
637 1657 798 1684 calumniam
813 1657 928 1692 deteget,
939 1658 1022 1685 virtu-

235 1706 340 1735 temque
357 1708 470 1729 \‘cslt‘altt
485 1703 657 1737 conspicuam
680 1702 784 1730 reddet.
809 1702 875 1730 Cum
894 1703 963 1730 enim
983 1709 1018 1729 ex

236 1748 316 1775 rebus
331 1748 394 1783 ipsis
414 1748 653 1782 comprobabimiui
672 1746 837 1775 salvatores‘
848 1755 920 1780 esse,
934 1751 961 1774 et
975 1746 1021 1774 be-

236 1793 324 1825 neﬁci,
338 1799 362 1820 et
377 1794 448 1821 onmi
461 1795 557 1821 virtute
570 1794 718 1828 conspicui,
731 1794 837 1821 illorum
847 1793 925 1820 dictis
935 1792 1021 1820 homi-

235 1845 283 1865 nes
305 1846 358 1865 non
383 1839 519 1866 attendunt
544 1839 589 1866 sed
605 1840 644 1866 rei
668 1839 836 1867 veritati:ac
859 1839 894 1866 illi
912 1839 1020 1874 quidem

232 1885 416 1918 chupltattlzlt,
433 1884 585 1916 mendaces,
599 1884 733 1916 maledici,
747 1891 794 1912 vos
808 1893 872 1912 vero
893 1885 950 1919 ipso
963 1886 1020 1913 solo

234 1930 430 1963 splendidiores
440 1930 697 1963 deprehendemini:
712 1931 823 1958 multum
840 1930 937 1965 quippe
950 1936 1019 1958 tem-

235 1975 307 2008 poris
320 1981 378 2008 spat
392 1983 436 2002 utn
452 1984 498 2003 vos
520 1981 598 2004 notos
622 1976 726 2008 reddet,
739 1977 902 2011 praedicabit,
917 1982 945 2004 ct
958 1977 1019 2005 tuba

232 2020 374 2048 clariorem
397 2021 501 2049 emittet
527 2027 794 2057 vocem,veslratque
817 2023 923 2050 virtutis
938 2028 1021 2050 testes

233 2066 373 2093 universos
397 2067 520 2094 homines
547 2067 694 2095 exhibebit.
726 2067 765 2095 Ne
795 2069 882 2101 itaque
905 2075 938 2095 ea
961 2075 1021 2103 qua

233 2119 303 2139 nunc
325 2113 451 2139 d.cuntur
474 2120 522 2140 vos
549 2113 689 2148 dejiciant,
714 2113 760 2141 sed
783 2121 846 2148 spes
871 2115 1019 2142 futuri-rum

233 2157 362 2184 bonorum
384 2158 478 2193 erigat.
499 2158 557 2186 Non
579 2163 692 2194 possunt
714 2160 785 2186 enirn
808 2167 838 2187 ea
853 2167 912 2194 quae
926 2161 958 2186 ad
973 2167 1020 2187 vos

233 2209 354 2240 spectant
366 2206 504 2232 occultari.

266 2250 294 2277 2.
310 2250 419 2282 Deinde,
436 2255 573 2284 postquam
589 2249 648 2277 illos
662 2249 736 2277 omni
748 2257 858 2285 angore,
876 2249 971 2277 timore
992 2254 1020 2277 et

232 2297 410 2324 sollicitudine
423 2296 555 2328 liberavit,
569 2301 595 2324 et
609 2297 712 2331 probris
725 2297 849 2324 omnibus
863 2297 1018 2332 superiores

232 2342 358 2374 reddidit,
371 2342 477 2370 detnum
493 2342 553 2370 illos
568 2349 718 2377 opportune
732 2343 766 2369 de
779 2342 905 2370 libertate
920 2342 1018 2377 praedi-

231 2387 308 2415 candi
332 2388 493 2421 alloquitur:
508 2395 569 2414 nam
585 2387 668 2415 dicit:
683 2387 726 2414 27.
745 2387 820 2420 Quod
838 2388 896 2415 dico
912 2388 1019 2415 nobisin

231 2433 349 2465 tenebris,
359 2434 436 2461 dicite
447 2434 473 2460 in
485 2433 596 2464 tantine;
609 2439 633 2460 et
646 2434 714 2467 quod
727 2433 753 2459 in
764 2442 827 2460 aure
836 2433 942 2466 auditis,
956 2442 1020 2466 prte-

231 2480 312 2506 dicate
330 2487 404 2513 super
428 2483 504 2506 tecta.
525 2478 691 2513 Quamquam
716 2486 768 2506 non
792 2484 868 2506 erant
891 2480 1019 2511 tenebrat,

231 2530 290 2550 cum
308 2524 364 2551 haec
387 2525 499 2555 diceret,
515 2531 600 2558 neque
617 2523 651 2550 ad
672 2530 763 2551 aurem
787 2524 958 2558 loquebatur;
972 2524 1018 2551 sed

233 2571 289 2597 haec
303 2569 379 2606 hypt-t
388 2571 403 2596 b
423 2570 472 2596 hcc
484 2571 553 2597 dicta
565 2575 637 2597 sunt.
650 2570 715 2602 Quia
731 2570 801 2596 enim
816 2570 889 2598 solos
899 2571 1018 2605 alloque-

232 2615 320 2647 batur,
336 2621 364 2643 et
377 2618 405 2642 in
418 2624 499 2649 parvo
520 2615 667 2643 Pal-.uttinae
692 2616 799 2650 angulo,
814 2615 874 2642 ideo
895 2616 969 2649 dicit,
985 2615 1018 2642 In

231 2661 350 2692 tenebris,
365 2668 401 2695 et,
418 2661 449 2688 In
464 2670 536 2694 aure,
554 2661 625 2688 hunc
640 2661 766 2695 loquendi
784 2662 892 2688 inodum
908 2669 1017 2696 compa—

231 2714 295 2735 rano
307 2715 368 2734 cum
384 2707 508 2741 loquendi
531 2707 639 2739 ﬁducia,
663 2714 714 2742 qua
738 2705 796 2733 illos
813 2712 903 2741 postea
919 2707 1016 2733 instru-

232 2760 327 2782 cturus
339 2761 405 2781 erat.
433 2754 471 2782 Ne
485 2755 511 2782 in
528 2761 591 2786 una,
604 2753 706 2782 duabus
719 2753 836 2782 tribusve
855 2752 1015 2787 civitatibus,

260 2851 339 2882 iAlit,
353 2852 451 2879 'untiua.
669 2886 673 2891 .
725 2881 730 2886 _
807 2864 826 2894 ιχ

1072 185 1118 212 sed
1134 194 1181 220 per
1197 192 1279 213 totutn
1305 187 1396 214 orbem
1423 187 1583 222 praedicare,
1606 192 1703 216 terram
1731 197 1856 226 mareque

1072 237 1252 266 peragrantes.
1268 232 1422 266 habitatum,
1437 241 1488 260 non
1501 234 1644 262 habitatam
1657 244 1663 261 :
1678 242 1709 262 ac
1723 237 1852 272 tyrannis,

1072 278 1187 312 populis,
1204 279 1379 313 philosophis,
1404 279 1557 308 rhetoribus
1575 288 1634 308 cum
1649 289 1742 316 magna
1760 281 1855 309 ﬁducia

1071 325 1160 352 omnia
1173 326 1262 353 dicite.
1280 326 1341 352 ldeo
1356 326 1430 359 dixit,
1450 327 1534 362 Super
1547 332 1619 358 tecta,
1635 333 1671 360 et,
1685 327 1716 355 In
1731 328 1825 355 lumine
1839 349 1846 360 ,

1071 373 1128 399 sine
1139 371 1194 398 ullo
1206 372 1371 407 sublerl'ugio
1381 393 1388 404 ,
1411 377 1438 400 et
1451 380 1511 400 cum
1524 374 1594 400 omni
1621 373 1751 400 libertate.
1763 374 1796 401 Et
1809 382 1856 401 cur

1072 425 1124 444 non
1140 418 1204 444 satis
1220 418 1310 445 habuit
1324 418 1414 446 dicere
1427 439 1435 451 ,
1452 418 1593 446 Prwdicate
1616 428 1691 454 super
1718 425 1792 453 tecta,
1809 427 1834 447 et
1848 441 1855 450 .

1073 462 1154 489 Dicite
1165 464 1191 490 in
1204 464 1309 495 lumine,
1326 463 1373 491 sed
1394 464 1491 498 adjecit
1504 465 1583 492 etiam
1597 486 1604 498 ,
1620 465 1694 497 Quod
1717 466 1773 492 dico
1788 466 1856 492 cultis

1071 509 1096 535 in
1112 509 1227 542 tenebris,
1241 514 1278 542 et,
1290 509 1364 542 Quod
1373 510 1399 536 in
1412 518 1473 537 aure
1480 511 1572 537 auditio
1583 512 1595 537 7
1609 510 1642 538 Ut
1655 518 1746 538 eorum
1759 519 1856 538 sensus

1071 555 1165 588 erigat.
1182 555 1254 582 Sicut
1269 555 1375 589 quando
1389 556 1492 583 dicebat
1506 566 1512 583 :
1528 556 1577 589 Qui
1586 557 1663 583 credit
1678 557 1704 583 in
1715 565 1763 588 me,
1778 565 1855 591 opera

1071 608 1128 634 qua
1146 609 1190 635 ego
1218 601 1284 635 facio
1306 606 1328 628 et
1342 602 1396 636 ipse
1414 602 1498 637 faciet,
1520 607 1544 629 et
1557 603 1654 637 majora
1669 603 1758 629 horum
1778 602 1855 637 faciet

1071 644 1160 681 (lacn.
1173 646 1214 673 14.
1229 646 1271 681 12)
1281 654 1289 674 :
1301 647 1341 674 sic
1362 652 1390 673 et
1410 646 1461 674 hoc
1475 647 1534 674 loco
1545 668 1553 680 ,
1567 647 1710 675 ostendens
1724 655 1770 682 per
1783 648 1855 682 ipsos

1071 691 1159 718 omnia
1183 692 1252 719 clllci
1265 713 1272 724 ,
1287 697 1315 719 et
1326 692 1399 727 plura
1413 700 1493 727 quam
1507 693 1683 728 perseipsum
1698 693 1766 721 facta
1780 694 1853 727 sint,

1071 737 1105 764 ita
1130 738 1226 772 posuit.
1254 737 1320 766 Nam
1334 738 1389 766 ait:
1404 738 1565 774 Principium
1578 740 1651 767 vobis
1668 746 1718 774 ego
1730 743 1757 766 et
1779 739 1854 767 initia

1066 781 1144 814 dedi;
1164 782 1240 816 plura
1256 791 1320 810 vero
1337 783 1382 810 illa
1398 791 1446 819 per
1459 792 1509 812 vos
1524 785 1631 820 impleri
1648 784 1719 811 volo.
1731 783 1788 811 Hoc
1805 791 1856 811 au-

1066 831 1120 855 tem
1137 836 1189 855 non
1207 829 1287 857 modo
1311 830 1494 865 praecipientis
1515 835 1574 862 est,
1597 830 1645 858 sed
1660 831 1740 858 etiatn
1763 830 1855 857 futura

1066 875 1237 906 nuntiantis,
1261 875 1386 902 ﬁduciatn
1409 876 1584 911 inspirantis,
1607 876 1781 911 pra-dicentis
1807 883 1856 903 eos

1071 919 1159 945 omnia
1171 926 1231 946 esse
1244 924 1424 954 superaturos,
1439 921 1591 954 sensimque
1600 920 1779 947 subvertentis
1790 927 1852 946 cont

1071 969 1174 999 coptam
1190 965 1259 992 circa
1284 966 1422 993 maledicta
1439 967 1600 993 mmstitiam.
1627 967 1853 1000 Quemadmodum

1072 1011 1142 1037 enim
1156 1010 1213 1038 lucc
1226 1011 1388 1045 prtedicatio,
1404 1020 1474 1040 nunc
1498 1013 1593 1043 latens,
1609 1013 1696 1039 omnia
1709 1013 1833 1046 pervadat
1844 1032 1853 1045 ,

1071 1057 1109 1083 sic
1123 1057 1190 1083 mala
1204 1058 1244 1083 illa
1255 1057 1405 1083 .luda-orutn
1418 1058 1576 1084 existimatio
1589 1059 1641 1084 cito
1654 1058 1755 1092 peribit.
1772 1058 1852 1085 Dein-

1070 1100 1114 1133 de,
1132 1108 1268 1137 postquam
1284 1103 1386 1130 illorum
1401 1104 1605 1136 ercxitanimos,
1620 1112 1723 1130 rursum
1733 1104 1851 1139 pericula

1072 1149 1200 1182 prmdicit,
1217 1150 1320 1175 illorum
1347 1154 1461 1175 mentem
1478 1150 1592 1184 erigens,
1610 1150 1784 1185 militibusque
1807 1157 1853 1177 su-

1072 1194 1209 1221 blintiores
1223 1195 1346 1222 reddens.
1363 1195 1430 1228 Quid
1449 1197 1518 1223 enim
1539 1196 1595 1222 ait?
1607 1196 1649 1223 28.
1667 1195 1753 1223 Nolite
1768 1197 1854 1223 timere

1071 1249 1111 1267 eat
1121 1242 1163 1275 qui
1176 1242 1290 1267 accidunt
1305 1249 1405 1275 corpus,
1419 1242 1528 1268 animant
1541 1247 1621 1268 autem
1632 1250 1681 1268 non
1695 1247 1798 1276 possunt
1811 1250 1854 1268 oc-

1070 1286 1163 1313 cidero.
1183 1285 1272 1313 Viden'
1283 1286 1416 1321 quomodo
1432 1286 1491 1313 illos
1501 1287 1624 1315 omnibus
1636 1287 1787 1321 superiores
1793 1287 1854 1314 red-

1070 1330 1125 1364 dat,
1138 1339 1189 1358 non
1202 1339 1279 1358 curas
1293 1331 1383 1364 tnodo,
1400 1339 1451 1359 non
1473 1332 1622 1364 maledicta,
1640 1333 1754 1367 pericula
1765 1353 1772 1364 ,
1788 1333 1853 1360 iusi-

1070 1376 1138 1410 dias,
1149 1377 1195 1404 sed
1207 1378 1286 1404 etiam
1299 1383 1410 1405 mortem
1425 1379 1542 1405 omnium
1555 1378 1774 1406 lerribilissitnam
1785 1386 1852 1406 con~

1071 1427 1190 1451 temnere
1223 1423 1340 1451 docens?
1361 1432 1446 1459 neque
1470 1424 1625 1459 simpliciter
1647 1430 1777 1458 mortem,
1803 1425 1852 1453 sed

1069 1469 1148 1497 etiam
1166 1469 1326 1496 violentam?
1339 1468 1430 1503 Neque
1445 1469 1521 1502 dixit,
1535 1468 1710 1503 Occidemini,
1734 1470 1780 1497 scd
1792 1477 1852 1498 cum

1069 1515 1263 1550 magniﬁcentia
1288 1515 1443 1550 congruenti
1465 1518 1548 1542 totum
1574 1515 1736 1549 declaravit,
1766 1515 1854 1543 Nolite

1069 1562 1165 1593 timere,
1180 1561 1281 1594 dicens,
1291 1563 1322 1588 ab
1335 1562 1366 1588 iis
1379 1561 1422 1596 qui
1433 1561 1548 1588 occidunt
1559 1569 1650 1596 corpus
1660 1582 1668 1595 ,
1679 1562 1790 1588 animant
1803 1571 1852 1588 uu-

1071 1613 1120 1635 tem
1137 1616 1187 1635 non
1214 1613 1318 1642 possunt
1336 1608 1449 1635 occidere
1462 1615 1472 1635 :
1485 1607 1529 1634 sed
1542 1608 1626 1642 potius
1645 1608 1728 1635 timete
1740 1615 1796 1635 eum
1810 1608 1854 1643 qui

1070 1658 1151 1689 potest
1165 1658 1189 1681 ct
1213 1654 1324 1680 animum
1343 1658 1366 1680 et
1380 1661 1471 1688 corpus
1486 1653 1588 1688 perdere
1600 1655 1627 1680 in
1650 1653 1807 1688 gehennam:
1821 1654 1848 1681 iu

1070 1699 1233 1727 contrariutn
1261 1703 1367 1727 vertens
1393 1706 1564 1731 sermonem,
1593 1699 1630 1726 uti
1657 1706 1763 1733 semper
1777 1699 1850 1726 facit.

1071 1745 1140 1780 Quid
1163 1746 1233 1773 enim
1249 1745 1299 1773 sibi
1314 1744 1386 1772 vult?
1401 1745 1510 1772 Timetis
1526 1750 1638 1772 ntortem
1650 1764 1657 1776 ,
1686 1744 1798 1779 ideoque
1819 1745 1853 1772 ad

1069 1791 1266 1827 pradicandum
1282 1791 1419 1826 segniores
1439 1790 1524 1818 estis?
1537 1789 1588 1818 Sed
1603 1789 1653 1818 hac
1666 1790 1699 1817 de
1710 1798 1788 1818 causa
1803 1799 1852 1826 po-

1069 1836 1121 1864 tius
1133 1837 1287 1872 praedic-ate,
1302 1837 1363 1871 quia
1378 1840 1490 1864 mortem
1506 1836 1615 1864 timetis.
1628 1836 1693 1864 lllttd
1705 1837 1776 1864 enini
1789 1844 1854 1864 vero

1070 1889 1118 1909 vos
1133 1882 1141 1899 ¹
1157 1890 1172 1909 a
1187 1887 1271 1909 morte
1283 1881 1387 1916 eripiet.
1402 1881 1468 1908 Nam
1486 1882 1590 1909 etiamsi
1601 1890 1648 1909 vos
1668 1883 1853 1917 iuterempturi

1069 1931 1152 1960 sunt,
1175 1928 1310 1955 meliorem
1339 1933 1428 1954 tamen
1455 1932 1556 1962 partem
1592 1935 1644 1954 non
1679 1929 1853 1962 superabunt,

1069 1974 1173 2002 etiamsi
1187 1974 1212 2002 id
1225 1974 1286 2001 totis
1298 1974 1397 2001 viribus
1407 1979 1545 2002 conentur.
1561 1974 1620 2001 Ideo
1635 1982 1686 2001 non
1700 1975 1774 2005 dixit,
1787 1975 1854 2002 Aui-

1069 2028 1140 2049 mam
1155 2026 1243 2049 autern
1258 2028 1308 2047 non
1324 2021 1462 2052 occidunt;
1474 2020 1531 2052 sed,
1546 2019 1606 2047 Non
1620 2026 1723 2056 possunt
1731 2021 1851 2048 occidere.

1069 2067 1135 2095 Nam
1146 2067 1248 2095 etiamsi
1264 2067 1354 2098 velint,
1372 2074 1423 2093 non
1435 2067 1605 2101 superabunt.
1623 2066 1711 2101 Itaque
1720 2067 1741 2093 si
1754 2066 1855 2101 suppli-

1070 2115 1140 2142 cium
1154 2114 1240 2144 limes,
1254 2113 1318 2141 illttd
1334 2114 1411 2148 longe
1424 2115 1531 2147 gravius
1543 2115 1617 2142 time.
1633 2114 1724 2142 Viden‘
1739 2123 1852 2150 quomo-

1071 2161 1105 2188 do
1116 2168 1168 2187 non
1186 2160 1324 2194 promittat
1338 2167 1367 2186 se
1381 2160 1441 2187 illos
1455 2168 1470 2187 a
1485 2165 1570 2187 morte
1584 2160 1755 2187 liberaturum
1770 2168 1830 2188 esse
1843 2181 1852 2193 ,

1070 2206 1117 2234 sed
1128 2207 1194 2233 mori
1206 2206 1342 2241 permittit,
1355 2205 1455 2241 majora
1470 2205 1621 2240 largiturus,
1634 2213 1712 2241 quam
1726 2207 1748 2233 si
1762 2206 1787 2233 id
1802 2213 1855 2234 non

1071 2251 1258 2286 permitteret?
1271 2251 1362 2286 Longe
1375 2251 1446 2278 enim
1461 2250 1547 2285 majus
1560 2255 1601 2278 est
1614 2251 1727 2278 suadere
1740 2255 1769 2278 ut
1780 2259 1853 2279 mors

1069 2303 1220 2333 spernatur,
1231 2305 1311 2332 quam
1325 2306 1340 2324 a
1357 2301 1444 2325 morte
1458 2304 1562 2325 eruere.
1576 2297 1634 2325 Non
1646 2297 1734 2332 itaque
1746 2298 1805 2325 illos
1826 2298 1853 2325 in

1070 2343 1185 2378 pericula
1199 2343 1315 2378 conjicit,
1330 2343 1377 2371 sed
1390 2342 1476 2371 reddit
1487 2343 1611 2378 periculis
1619 2344 1780 2378 superiores,
1792 2344 1856 2372 bre-

1071 2391 1149 2425 vique
1161 2397 1285 2418 sermone
1300 2389 1449 2417 doctrinam
1464 2390 1497 2417 de
1508 2388 1706 2417 immortalitate
1720 2391 1814 2417 anima:
1826 2390 1853 2418 in

1072 2436 1122 2463 illis
1146 2435 1254 2468 inserit,
1270 2443 1301 2462 ac
1317 2435 1421 2463 duobus
1442 2435 1559 2463 tribusve
1587 2436 1675 2464 verbis
1699 2437 1737 2463 sic
1753 2437 1854 2463 inserto

1071 2478 1181 2507 salutari
1194 2480 1328 2515 dogmate,
1339 2481 1399 2508 aliis
1413 2481 1473 2508 illos
1485 2481 1631 2508 ratiociniis
1643 2482 1806 2509 consolatur.
1817 2481 1855 2509 Ne

1072 2527 1142 2554 enim
1154 2531 1277 2561 putarent
1287 2534 1316 2554 se
1330 2527 1413 2554 occidi
1431 2531 1457 2554 et
1469 2527 1594 2562 jugulari,
1610 2527 1680 2562 quod
1692 2528 1766 2562 quasi
1777 2527 1856 2555 dere-

1073 2572 1127 2600 licti
1147 2573 1209 2605 sint,
1225 2572 1258 2599 de
1271 2572 1435 2607 providentia
1451 2573 1495 2600 Dt‘l
1512 2581 1661 2600 sermonem
1681 2574 1798 2606 inducit,
1816 2574 1857 2602 his

1073 2618 1177 2646 verbis:
1189 2617 1236 2645 ‘29.
1259 2617 1352 2645 Nonne
1362 2618 1412 2645 dtto
1427 2627 1538 2654 passeres
1561 2627 1616 2646 asse
1626 2624 1739 2649 coruunt,
1757 2624 1779 2646 et
1794 2628 1858 2646 unus

1072 2671 1103 2690 tu:
1117 2663 1168 2690 illis
1183 2670 1233 2690 non
1246 2664 1317 2691 cadet
1331 2664 1356 2690 in
1372 2664 1487 2700 laqueum
1500 2665 1553 2690 sine
1573 2663 1650 2690 Patre
1675 2669 1754 2691 oestro
1771 2666 1812 2699 qui
1832 2665 1858 2691 in

1074 2712 1144 2738 cretis
1158 2712 1216 2738 est?
1231 2712 1275 2739 50.
1292 2710 1373 2738 Vestri
1385 2716 1468 2738 autent
1482 2711 1567 2746 capilli
1578 2711 1666 2745 capitis
1677 2719 1761 2738 omnes
1772 2719 1858 2738 autne-

1074 2757 1124 2784 rati
1139 2762 1207 2784 sunt.
1235 2757 1302 2791 Quid
1321 2758 1391 2784 enim
1416 2757 1494 2784 vilius
1518 2755 1592 2783 illis?
1619 2756 1724 2791 inquit:
1741 2760 1858 2782 attamen

1075 2810 1229 2837 numquam.
1246 2803 1384 2836 ignorante
1397 2801 1461 2833 Deo,
1477 2801 1623 2837 capientur.
1637 2799 1694 2828 Non
1712 2802 1783 2829 enim
1794 2810 1858 2837 ope-

1108 2859 1116 2873 ι
1134 2858 1213 2881 tit-rel.
1227 2857 1308 2886 habet.
1320 2863 1373 2888 nos;
1384 2858 1453 2882 male.
