  <div class='ocr_page' id='page_1' title='image "/cluster/home/n/w/nwhite01/storage/ocr_20150623/57-58/njp.32101077772653/332.png"; bbox 0 0 2067 3134; ppageno 0'>
   <div class='ocr_carea' id='block_1_1' title="bbox 193 162 240 190">
    <p class='ocr_par' dir='ltr' id='par_1_1' title="bbox 193 162 240 190">
     <span class='ocr_line' id='line_1_1' title="bbox 193 162 240 190; baseline -0.021 0"><span class='ocrx_word' id='word_1_1' title='bbox 193 162 240 190; x_wconf 69' lang='lat' dir='ltr'><strong>“ll</strong></span> 
     </span>
    </p>
   </div>
   <div class='ocr_carea' id='block_1_2' title="bbox 195 215 976 250">
    <p class='ocr_par' dir='ltr' id='par_1_2' title="bbox 195 215 976 250">
     <span class='ocr_line' id='line_1_2' title="bbox 195 215 976 250; baseline -0.009 -2"><span class='ocrx_word' id='word_1_2' title='bbox 195 227 269 248; x_wconf 80' lang='lat' dir='ltr'><strong>mute</strong></span> <span class='ocrx_word' id='word_1_3' title='bbox 289 220 343 248; x_wconf 85' lang='lat' dir='ltr'><strong>Deo</strong></span> <span class='ocrx_word' id='word_1_4' title='bbox 357 218 453 247; x_wconf 80' lang='lat' dir='ltr'><strong>cadere</strong></span> <span class='ocrx_word' id='word_1_5' title='bbox 466 217 530 246; x_wconf 89' lang='lat' dir='ltr'><strong>dicit</strong></span> <span class='ocrx_word' id='word_1_6' title='bbox 547 226 553 247; x_wconf 87' lang='lat'><strong>:</strong></span> <span class='ocrx_word' id='word_1_7' title='bbox 569 217 594 244; x_wconf 97' lang='lat' dir='ltr'><strong>id</strong></span> <span class='ocrx_word' id='word_1_8' title='bbox 608 216 677 243; x_wconf 88' lang='lat' dir='ltr'><strong>enim</strong></span> <span class='ocrx_word' id='word_1_9' title='bbox 705 215 840 250; x_wconf 85' lang='lat' dir='ltr'><strong>indignum</strong></span> <span class='ocrx_word' id='word_1_10' title='bbox 863 215 917 242; x_wconf 87' lang='lat' dir='ltr'><strong>Deo</strong></span> <span class='ocrx_word' id='word_1_11' title='bbox 932 221 976 241; x_wconf 83' lang='lat' dir='ltr'><strong>es-</strong></span> 
     </span>
    </p>
   </div>
   <div class='ocr_carea' id='block_1_3' title="bbox 193 259 976 299">
    <p class='ocr_par' dir='ltr' id='par_1_3' title="bbox 193 259 976 299">
     <span class='ocr_line' id='line_1_3' title="bbox 193 259 976 299; baseline -0.009 -6"><span class='ocrx_word' id='word_1_12' title='bbox 193 275 252 299; x_wconf 70' lang='lat' dir='ltr'><strong>set;</strong></span> <span class='ocrx_word' id='word_1_13' title='bbox 271 266 317 293; x_wconf 88' lang='lat' dir='ltr'><strong>sed</strong></span> <span class='ocrx_word' id='word_1_14' title='bbox 330 265 397 292; x_wconf 85' lang='lat' dir='ltr'><strong>dixit</strong></span> <span class='ocrx_word' id='word_1_15' title='bbox 414 264 479 291; x_wconf 86' lang='lat' dir='ltr'><strong>nihil</strong></span> <span class='ocrx_word' id='word_1_16' title='bbox 502 268 637 298; x_wconf 80' lang='lat' dir='ltr'><strong>gestorum</strong></span> <span class='ocrx_word' id='word_1_17' title='bbox 653 262 726 288; x_wconf 92' lang='lat' dir='ltr'><strong>illum</strong></span> <span class='ocrx_word' id='word_1_18' title='bbox 745 261 838 288; x_wconf 83' lang='lat' dir='ltr'><strong>latere.</strong></span> <span class='ocrx_word' id='word_1_19' title='bbox 866 259 896 287; x_wconf 91' lang='lat' dir='ltr'><strong>Si</strong></span> <span class='ocrx_word' id='word_1_20' title='bbox 912 266 976 294; x_wconf 88' lang='lat' dir='ltr'><strong>ergo</strong></span> 
     </span>
    </p>
   </div>
   <div class='ocr_carea' id='block_1_4' title="bbox 194 305 978 345">
    <p class='ocr_par' dir='ltr' id='par_1_4' title="bbox 194 305 978 345">
     <span class='ocr_line' id='line_1_4' title="bbox 194 305 978 345; baseline -0.009 -6"><span class='ocrx_word' id='word_1_21' title='bbox 194 311 260 339; x_wconf 86' lang='lat' dir='ltr'><strong>nihil</strong></span> <span class='ocrx_word' id='word_1_22' title='bbox 274 318 366 339; x_wconf 87' lang='lat' dir='ltr'><strong>eorum</strong></span> <span class='ocrx_word' id='word_1_23' title='bbox 378 318 437 345; x_wconf 82' lang='lat' dir='ltr'><strong>qua:</strong></span> <span class='ocrx_word' id='word_1_24' title='bbox 450 309 573 337; x_wconf 89' lang='lat' dir='ltr'><strong>accidunt</strong></span> <span class='ocrx_word' id='word_1_25' title='bbox 591 308 712 343; x_wconf 80' lang='lat' dir='ltr'><strong>ignorat,</strong></span> <span class='ocrx_word' id='word_1_26' title='bbox 730 313 832 340; x_wconf 86' lang='lat' dir='ltr'><strong>vosque</strong></span> <span class='ocrx_word' id='word_1_27' title='bbox 846 305 978 333; x_wconf 85' lang='lat' dir='ltr'><strong>sincerius</strong></span> 
     </span>
    </p>
   </div>
   <div class='ocr_carea' id='block_1_5' title="bbox 193 351 978 393">
    <p class='ocr_par' dir='ltr' id='par_1_5' title="bbox 193 351 978 393">
     <span class='ocr_line' id='line_1_5' title="bbox 193 351 978 393; baseline -0.008 -9"><span class='ocrx_word' id='word_1_28' title='bbox 193 365 272 393; x_wconf 85' lang='lat' dir='ltr'><strong>quam</strong></span> <span class='ocrx_word' id='word_1_29' title='bbox 285 362 360 391; x_wconf 82' lang='lat' dir='ltr'><strong>paler</strong></span> <span class='ocrx_word' id='word_1_30' title='bbox 372 359 454 388; x_wconf 87' lang='lat' dir='ltr'><strong>amat,</strong></span> <span class='ocrx_word' id='word_1_31' title='bbox 467 360 546 388; x_wconf 89' lang='lat' dir='ltr'><strong>atque</strong></span> <span class='ocrx_word' id='word_1_32' title='bbox 567 353 602 381; x_wconf 89' lang='lat' dir='ltr'><strong>ita</strong></span> <span class='ocrx_word' id='word_1_33' title='bbox 618 358 706 386; x_wconf 89' lang='lat' dir='ltr'><strong>amat,</strong></span> <span class='ocrx_word' id='word_1_34' title='bbox 727 357 756 380; x_wconf 84' lang='lat' dir='ltr'><strong>ut</strong></span> <span class='ocrx_word' id='word_1_35' title='bbox 770 353 849 380; x_wconf 89' lang='lat' dir='ltr'><strong>etiam</strong></span> <span class='ocrx_word' id='word_1_36' title='bbox 869 351 978 386; x_wconf 83' lang='lat' dir='ltr'><strong>capillos</strong></span> 
     </span>
    </p>
   </div>
   <div class='ocr_carea' id='block_1_6' title="bbox 193 399 978 435">
    <p class='ocr_par' dir='ltr' id='par_1_6' title="bbox 193 399 978 435">
     <span class='ocr_line' id='line_1_6' title="bbox 193 399 978 435; baseline -0.008 -5"><span class='ocrx_word' id='word_1_37' title='bbox 193 409 260 430; x_wconf 78' lang='lat' dir='ltr'><strong>vesti</strong></span> <span class='ocrx_word' id='word_1_38' title='bbox 267 410 297 430; x_wconf 88' lang='lat' dir='ltr'><strong>os</strong></span> <span class='ocrx_word' id='word_1_39' title='bbox 310 402 465 434; x_wconf 89' lang='lat' dir='ltr'><strong>numerarit,</strong></span> <span class='ocrx_word' id='word_1_40' title='bbox 481 401 547 428; x_wconf 86' lang='lat' dir='ltr'><strong>nihil</strong></span> <span class='ocrx_word' id='word_1_41' title='bbox 561 400 650 435; x_wconf 93' lang='lat' dir='ltr'><strong>utique</strong></span> <span class='ocrx_word' id='word_1_42' title='bbox 666 399 821 427; x_wconf 89' lang='lat' dir='ltr'><strong>timendum.</strong></span> <span class='ocrx_word' id='word_1_43' title='bbox 837 399 893 425; x_wconf 88' lang='lat' dir='ltr'><strong>Iloc</strong></span> <span class='ocrx_word' id='word_1_44' title='bbox 915 405 978 425; x_wconf 88' lang='lat' dir='ltr'><strong>vero</strong></span> 
     </span>
    </p>
   </div>
   <div class='ocr_carea' id='block_1_7' title="bbox 193 444 978 482">
    <p class='ocr_par' dir='ltr' id='par_1_7' title="bbox 193 444 978 482">
     <span class='ocr_line' id='line_1_7' title="bbox 193 444 978 482; baseline -0.006 -7"><span class='ocrx_word' id='word_1_45' title='bbox 193 449 270 481; x_wconf 87' lang='lat' dir='ltr'><strong>dixit,</strong></span> <span class='ocrx_word' id='word_1_46' title='bbox 283 456 335 476; x_wconf 93' lang='lat' dir='ltr'><strong>non</strong></span> <span class='ocrx_word' id='word_1_47' title='bbox 347 447 418 482; x_wconf 90' lang='lat' dir='ltr'><strong>quod</strong></span> <span class='ocrx_word' id='word_1_48' title='bbox 435 447 507 474; x_wconf 84' lang='lat' dir='ltr'><strong>Deus</strong></span> <span class='ocrx_word' id='word_1_49' title='bbox 519 446 633 481; x_wconf 76' lang='lat' dir='ltr'><strong>capillos</strong></span> <span class='ocrx_word' id='word_1_50' title='bbox 648 449 782 477; x_wconf 88' lang='lat' dir='ltr'><strong>numeret,</strong></span> <span class='ocrx_word' id='word_1_51' title='bbox 796 444 843 472; x_wconf 81' lang='lat' dir='ltr'><strong>sed</strong></span> <span class='ocrx_word' id='word_1_52' title='bbox 861 448 889 471; x_wconf 91' lang='lat' dir='ltr'><strong>ut</strong></span> <span class='ocrx_word' id='word_1_53' title='bbox 899 451 978 470; x_wconf 86' lang='lat' dir='ltr'><strong>accu-</strong></span> 
     </span>
    </p>
   </div>
   <div class='ocr_carea' id='block_1_8' title="bbox 194 490 978 528">
    <p class='ocr_par' dir='ltr' id='par_1_8' title="bbox 194 490 978 528">
     <span class='ocr_line' id='line_1_8' title="bbox 194 490 978 528; baseline -0.006 -7"><span class='ocrx_word' id='word_1_54' title='bbox 194 500 278 521; x_wconf 87' lang='lat' dir='ltr'><strong>ratam</strong></span> <span class='ocrx_word' id='word_1_55' title='bbox 293 494 413 521; x_wconf 92' lang='lat' dir='ltr'><strong>notitiam</strong></span> <span class='ocrx_word' id='word_1_56' title='bbox 440 499 615 528; x_wconf 74' lang='lat' dir='ltr'><strong>magnamque</strong></span> <span class='ocrx_word' id='word_1_57' title='bbox 639 492 710 518; x_wconf 87' lang='lat' dir='ltr'><strong>circa</strong></span> <span class='ocrx_word' id='word_1_58' title='bbox 725 498 772 518; x_wconf 89' lang='lat' dir='ltr'><strong>eos</strong></span> <span class='ocrx_word' id='word_1_59' title='bbox 787 490 978 525; x_wconf 77' lang='lat' dir='ltr'><strong>providentiam</strong></span> 
     </span>
    </p>
   </div>
   <div class='ocr_carea' id='block_1_9' title="bbox 194 535 976 572">
    <p class='ocr_par' dir='ltr' id='par_1_9' title="bbox 194 535 976 572">
     <span class='ocr_line' id='line_1_9' title="bbox 194 535 976 572; baseline -0.005 -7"><span class='ocrx_word' id='word_1_60' title='bbox 194 537 327 566; x_wconf 84' lang='lat' dir='ltr'><strong>ostendat.</strong></span> <span class='ocrx_word' id='word_1_61' title='bbox 343 538 370 565; x_wconf 87' lang='lat' dir='ltr'><strong>Si</strong></span> <span class='ocrx_word' id='word_1_62' title='bbox 387 545 449 572; x_wconf 86' lang='lat' dir='ltr'><strong>ergo</strong></span> <span class='ocrx_word' id='word_1_63' title='bbox 472 537 561 564; x_wconf 85' lang='lat' dir='ltr'><strong>omnia</strong></span> <span class='ocrx_word' id='word_1_64' title='bbox 576 544 635 571; x_wconf 70' lang='lat' dir='ltr'><strong>quae</strong></span> <span class='ocrx_word' id='word_1_65' title='bbox 647 536 713 563; x_wconf 88' lang='lat' dir='ltr'><strong>littnt</strong></span> <span class='ocrx_word' id='word_1_66' title='bbox 727 536 811 566; x_wconf 85' lang='lat' dir='ltr'><strong>novit.</strong></span> <span class='ocrx_word' id='word_1_67' title='bbox 825 535 847 562; x_wconf 86' lang='lat' dir='ltr'><strong>si</strong></span> <span class='ocrx_word' id='word_1_68' title='bbox 862 535 916 562; x_wconf 90' lang='lat' dir='ltr'><strong>vult</strong></span> <span class='ocrx_word' id='word_1_69' title='bbox 929 543 976 562; x_wconf 94' lang='lat' dir='ltr'><strong>nos</strong></span> 
     </span>
    </p>
   </div>
   <div class='ocr_carea' id='block_1_10' title="bbox 194 581 979 617">
    <p class='ocr_par' dir='ltr' id='par_1_10' title="bbox 194 581 979 617">
     <span class='ocr_line' id='line_1_10' title="bbox 194 581 979 617; baseline -0.005 -6"><span class='ocrx_word' id='word_1_70' title='bbox 194 584 283 611; x_wconf 89' lang='lat' dir='ltr'><strong>salvos</strong></span> <span class='ocrx_word' id='word_1_71' title='bbox 297 583 394 613; x_wconf 88' lang='lat' dir='ltr'><strong>facere.</strong></span> <span class='ocrx_word' id='word_1_72' title='bbox 409 588 436 610; x_wconf 90' lang='lat' dir='ltr'><strong>et</strong></span> <span class='ocrx_word' id='word_1_73' title='bbox 447 583 472 610; x_wconf 91' lang='lat' dir='ltr'><strong>id</strong></span> <span class='ocrx_word' id='word_1_74' title='bbox 486 587 583 617; x_wconf 88' lang='lat' dir='ltr'><strong>potest,</strong></span> <span class='ocrx_word' id='word_1_75' title='bbox 597 582 618 608; x_wconf 90' lang='lat' dir='ltr'><strong>si</strong></span> <span class='ocrx_word' id='word_1_76' title='bbox 632 581 695 616; x_wconf 93' lang='lat' dir='ltr'><strong>quid</strong></span> <span class='ocrx_word' id='word_1_77' title='bbox 710 581 856 615; x_wconf 84' lang='lat' dir='ltr'><strong>patiamini,</strong></span> <span class='ocrx_word' id='word_1_78' title='bbox 873 588 906 608; x_wconf 89' lang='lat' dir='ltr'><strong>ne</strong></span> <span class='ocrx_word' id='word_1_79' title='bbox 918 588 979 607; x_wconf 88' lang='lat' dir='ltr'><strong>cre-</strong></span> 
     </span>
    </p>
   </div>
   <div class='ocr_carea' id='block_1_11' title="bbox 194 627 977 663">
    <p class='ocr_par' dir='ltr' id='par_1_11' title="bbox 194 627 977 663">
     <span class='ocr_line' id='line_1_11' title="bbox 194 627 977 663; baseline -0.005 -6"><span class='ocrx_word' id='word_1_80' title='bbox 194 630 250 657; x_wconf 87' lang='lat' dir='ltr'><strong>dite</strong></span> <span class='ocrx_word' id='word_1_81' title='bbox 265 638 312 657; x_wconf 88' lang='lat' dir='ltr'><strong>vos</strong></span> <span class='ocrx_word' id='word_1_82' title='bbox 325 629 468 657; x_wconf 87' lang='lat' dir='ltr'><strong>derelictos</strong></span> <span class='ocrx_word' id='word_1_83' title='bbox 489 627 532 655; x_wconf 92' lang='lat' dir='ltr'><strong>illa</strong></span> <span class='ocrx_word' id='word_1_84' title='bbox 558 628 621 663; x_wconf 89' lang='lat' dir='ltr'><strong>pati.</strong></span> <span class='ocrx_word' id='word_1_85' title='bbox 646 627 704 655; x_wconf 87' lang='lat' dir='ltr'><strong>Non</strong></span> <span class='ocrx_word' id='word_1_86' title='bbox 725 628 796 654; x_wconf 87' lang='lat' dir='ltr'><strong>enim</strong></span> <span class='ocrx_word' id='word_1_87' title='bbox 821 627 878 654; x_wconf 88' lang='lat' dir='ltr'><strong>vult</strong></span> <span class='ocrx_word' id='word_1_88' title='bbox 893 634 939 654; x_wconf 85' lang='lat' dir='ltr'><strong>vos</strong></span> <span class='ocrx_word' id='word_1_89' title='bbox 963 634 977 653; x_wconf 90' lang='lat' dir='ltr'><strong>a</strong></span> 
     </span>
    </p>
   </div>
   <div class='ocr_carea' id='block_1_12' title="bbox 197 674 978 710">
    <p class='ocr_par' dir='ltr' id='par_1_12' title="bbox 197 674 978 710">
     <span class='ocr_line' id='line_1_12' title="bbox 197 674 978 710; baseline -0.004 -8"><span class='ocrx_word' id='word_1_90' title='bbox 197 676 274 703; x_wconf 89' lang='lat' dir='ltr'><strong>malis</strong></span> <span class='ocrx_word' id='word_1_91' title='bbox 283 676 397 710; x_wconf 84' lang='lat' dir='ltr'><strong>eripere,</strong></span> <span class='ocrx_word' id='word_1_92' title='bbox 410 674 457 702; x_wconf 87' lang='lat' dir='ltr'><strong>sed</strong></span> <span class='ocrx_word' id='word_1_93' title='bbox 472 675 583 702; x_wconf 89' lang='lat' dir='ltr'><strong>suadere</strong></span> <span class='ocrx_word' id='word_1_94' title='bbox 595 679 622 701; x_wconf 93' lang='lat' dir='ltr'><strong>ut</strong></span> <span class='ocrx_word' id='word_1_95' title='bbox 631 674 699 701; x_wconf 89' lang='lat' dir='ltr'><strong>mala</strong></span> <span class='ocrx_word' id='word_1_96' title='bbox 711 674 887 700; x_wconf 88' lang='lat' dir='ltr'><strong>contetnnatis</strong></span> <span class='ocrx_word' id='word_1_97' title='bbox 901 682 907 700; x_wconf 87' lang='lat'><strong>:</strong></span> <span class='ocrx_word' id='word_1_98' title='bbox 918 680 978 699; x_wconf 90' lang='lat' dir='ltr'><strong>nam</strong></span> 
     </span>
    </p>
   </div>
   <div class='ocr_carea' id='block_1_13' title="bbox 196 718 979 753">
    <p class='ocr_par' dir='ltr' id='par_1_13' title="bbox 196 718 979 753">
     <span class='ocr_line' id='line_1_13' title="bbox 196 718 979 753; baseline -0.005 -5"><span class='ocrx_word' id='word_1_99' title='bbox 196 722 253 749; x_wconf 74' lang='lat' dir='ltr'><strong>Inec</strong></span> <span class='ocrx_word' id='word_1_100' title='bbox 263 729 325 749; x_wconf 88' lang='lat' dir='ltr'><strong>vere</strong></span> <span class='ocrx_word' id='word_1_101' title='bbox 336 721 456 748; x_wconf 87' lang='lat' dir='ltr'><strong>liheralio</strong></span> <span class='ocrx_word' id='word_1_102' title='bbox 469 724 509 748; x_wconf 90' lang='lat' dir='ltr'><strong>est</strong></span> <span class='ocrx_word' id='word_1_103' title='bbox 520 728 534 746; x_wconf 94' lang='lat' dir='ltr'><strong>a</strong></span> <span class='ocrx_word' id='word_1_104' title='bbox 547 720 634 747; x_wconf 90' lang='lat' dir='ltr'><strong>malis.</strong></span> <span class='ocrx_word' id='word_1_105' title='bbox 648 720 692 747; x_wconf 76' lang='grc'><strong>51.</strong></span> <span class='ocrx_word' id='word_1_106' title='bbox 710 718 796 746; x_wconf 81' lang='lat' dir='ltr'><strong>Nolite</strong></span> <span class='ocrx_word' id='word_1_107' title='bbox 807 727 866 753; x_wconf 86' lang='lat' dir='ltr'><strong>ergo</strong></span> <span class='ocrx_word' id='word_1_108' title='bbox 877 719 961 745; x_wconf 82' lang='lat' dir='ltr'><strong>timere</strong></span> <span class='ocrx_word' id='word_1_109' title='bbox 970 726 979 744; x_wconf 87' lang='lat'><strong><em>:</em></strong></span> 
     </span>
    </p>
   </div>
   <div class='ocr_carea' id='block_1_14' title="bbox 195 763 980 801">
    <p class='ocr_par' dir='ltr' id='par_1_14' title="bbox 195 763 980 801">
     <span class='ocr_line' id='line_1_14' title="bbox 195 763 980 801; baseline -0.004 -8"><span class='ocrx_word' id='word_1_110' title='bbox 195 767 280 793; x_wconf 79' lang='lat' dir='ltr'><strong>multis</strong></span> <span class='ocrx_word' id='word_1_111' title='bbox 290 766 430 801; x_wconf 72' lang='lat' dir='ltr'><strong>passeribus</strong></span> <span class='ocrx_word' id='word_1_112' title='bbox 441 766 554 792; x_wconf 73' lang='lat' dir='ltr'><strong>meliores</strong></span> <span class='ocrx_word' id='word_1_113' title='bbox 568 766 625 792; x_wconf 69' lang='lat' dir='ltr'><strong>estin</strong></span> <span class='ocrx_word' id='word_1_114' title='bbox 639 773 691 792; x_wconf 75' lang='lat' dir='ltr'><strong>vos.</strong></span> <span class='ocrx_word' id='word_1_115' title='bbox 703 764 798 792; x_wconf 82' lang='lat' dir='ltr'><strong>Viden‘</strong></span> <span class='ocrx_word' id='word_1_116' title='bbox 808 764 866 791; x_wconf 91' lang='lat' dir='ltr'><strong>illos</strong></span> <span class='ocrx_word' id='word_1_117' title='bbox 879 763 933 798; x_wconf 89' lang='lat' dir='ltr'><strong>jam</strong></span> <span class='ocrx_word' id='word_1_118' title='bbox 948 763 980 791; x_wconf 86' lang='lat' dir='ltr'><strong>ti-</strong></span> 
     </span>
    </p>
   </div>
   <div class='ocr_carea' id='block_1_15' title="bbox 195 810 978 846">
    <p class='ocr_par' dir='ltr' id='par_1_15' title="bbox 195 810 978 846">
     <span class='ocr_line' id='line_1_15' title="bbox 195 810 978 846; baseline -0.003 -8"><span class='ocrx_word' id='word_1_119' title='bbox 195 819 270 839; x_wconf 88' lang='lat' dir='ltr'><strong>more</strong></span> <span class='ocrx_word' id='word_1_120' title='bbox 292 816 429 846; x_wconf 86' lang='lat' dir='ltr'><strong>correptos</strong></span> <span class='ocrx_word' id='word_1_121' title='bbox 444 811 547 838; x_wconf 79' lang='lat' dir='ltr'><strong>fuisse?</strong></span> <span class='ocrx_word' id='word_1_122' title='bbox 567 810 673 838; x_wconf 85' lang='lat' dir='ltr'><strong>Sciebat</strong></span> <span class='ocrx_word' id='word_1_123' title='bbox 688 811 759 838; x_wconf 91' lang='lat' dir='ltr'><strong>enim</strong></span> <span class='ocrx_word' id='word_1_124' title='bbox 783 814 886 838; x_wconf 87' lang='lat' dir='ltr'><strong>secreta</strong></span> <span class='ocrx_word' id='word_1_125' title='bbox 903 817 978 836; x_wconf 88' lang='lat' dir='ltr'><strong>men-</strong></span> 
     </span>
    </p>
   </div>
   <div class='ocr_carea' id='block_1_16' title="bbox 195 855 979 892">
    <p class='ocr_par' dir='ltr' id='par_1_16' title="bbox 195 855 979 892">
     <span class='ocr_line' id='line_1_16' title="bbox 195 855 979 892; baseline -0.003 -8"><span class='ocrx_word' id='word_1_126' title='bbox 195 859 248 884; x_wconf 92' lang='lat' dir='ltr'><strong>tis:</strong></span> <span class='ocrx_word' id='word_1_127' title='bbox 264 857 322 884; x_wconf 90' lang='lat' dir='ltr'><strong>ideo</strong></span> <span class='ocrx_word' id='word_1_128' title='bbox 350 857 504 892; x_wconf 86' lang='lat' dir='ltr'><strong>subjuuxit,</strong></span> <span class='ocrx_word' id='word_1_129' title='bbox 531 856 573 884; x_wconf 87' lang='lat' dir='ltr'><strong>Ne</strong></span> <span class='ocrx_word' id='word_1_130' title='bbox 594 865 653 892; x_wconf 86' lang='lat' dir='ltr'><strong>ergo</strong></span> <span class='ocrx_word' id='word_1_131' title='bbox 669 857 774 883; x_wconf 75' lang='lat' dir='ltr'><strong>linteatis</strong></span> <span class='ocrx_word' id='word_1_132' title='bbox 795 865 844 883; x_wconf 83' lang='lat' dir='ltr'><strong>eos.</strong></span> <span class='ocrx_word' id='word_1_133' title='bbox 870 855 979 883; x_wconf 87' lang='lat' dir='ltr'><strong>Etiamsi</strong></span> 
     </span>
    </p>
   </div>
   <div class='ocr_carea' id='block_1_17' title="bbox 194 902 978 937">
    <p class='ocr_par' dir='ltr' id='par_1_17' title="bbox 194 902 978 937">
     <span class='ocr_line' id='line_1_17' title="bbox 194 902 978 937; baseline -0.001 -8"><span class='ocrx_word' id='word_1_134' title='bbox 194 903 266 930; x_wconf 90' lang='lat' dir='ltr'><strong>enim</strong></span> <span class='ocrx_word' id='word_1_135' title='bbox 279 903 450 937; x_wconf 75' lang='lat' dir='ltr'><strong>prtevaleanl,</strong></span> <span class='ocrx_word' id='word_1_136' title='bbox 462 904 488 929; x_wconf 89' lang='lat' dir='ltr'><strong>in</strong></span> <span class='ocrx_word' id='word_1_137' title='bbox 501 903 633 930; x_wconf 88' lang='lat' dir='ltr'><strong>minorem</strong></span> <span class='ocrx_word' id='word_1_138' title='bbox 650 906 751 936; x_wconf 88' lang='lat' dir='ltr'><strong>partem</strong></span> <span class='ocrx_word' id='word_1_139' title='bbox 778 902 956 936; x_wconf 63' lang='lat' dir='ltr'><strong>praevalebunt</strong></span> <span class='ocrx_word' id='word_1_140' title='bbox 971 921 978 933; x_wconf 88' lang='lat'><strong>,</strong></span> 
     </span>
    </p>
   </div>
   <div class='ocr_carea' id='block_1_18' title="bbox 195 947 977 983">
    <p class='ocr_par' dir='ltr' id='par_1_18' title="bbox 195 947 977 983">
     <span class='ocr_line' id='line_1_18' title="bbox 195 947 977 983; baseline -0.003 -8"><span class='ocrx_word' id='word_1_141' title='bbox 195 949 221 975; x_wconf 90' lang='lat' dir='ltr'><strong>in</strong></span> <span class='ocrx_word' id='word_1_142' title='bbox 233 955 329 983; x_wconf 89' lang='lat' dir='ltr'><strong>corpus</strong></span> <span class='ocrx_word' id='word_1_143' title='bbox 351 948 472 975; x_wconf 81' lang='lat' dir='ltr'><strong>scilicet:</strong></span> <span class='ocrx_word' id='word_1_144' title='bbox 488 947 558 982; x_wconf 91' lang='lat' dir='ltr'><strong>quod</strong></span> <span class='ocrx_word' id='word_1_145' title='bbox 571 948 674 975; x_wconf 84' lang='lat' dir='ltr'><strong>etiamsi</strong></span> <span class='ocrx_word' id='word_1_146' title='bbox 697 948 733 974; x_wconf 93' lang='lat' dir='ltr'><strong>illi</strong></span> <span class='ocrx_word' id='word_1_147' title='bbox 754 955 807 974; x_wconf 90' lang='lat' dir='ltr'><strong>non</strong></span> <span class='ocrx_word' id='word_1_148' title='bbox 831 947 954 974; x_wconf 88' lang='lat' dir='ltr'><strong>occidant</strong></span> <span class='ocrx_word' id='word_1_149' title='bbox 970 967 977 980; x_wconf 96' lang='lat'><strong>,</strong></span> 
     </span>
    </p>
   </div>
   <div class='ocr_carea' id='block_1_19' title="bbox 195 994 970 1031">
    <p class='ocr_par' dir='ltr' id='par_1_19' title="bbox 195 994 970 1031">
     <span class='ocr_line' id='line_1_19' title="bbox 195 994 970 1031; baseline -0.004 -10"><span class='ocrx_word' id='word_1_150' title='bbox 195 998 288 1021; x_wconf 87' lang='lat' dir='ltr'><strong>natura</strong></span> <span class='ocrx_word' id='word_1_151' title='bbox 302 998 388 1021; x_wconf 84' lang='lat' dir='ltr'><strong>tamen</strong></span> <span class='ocrx_word' id='word_1_152' title='bbox 404 994 533 1021; x_wconf 82' lang='lat' dir='ltr'><strong>absumet.</strong></span> <span class='ocrx_word' id='word_1_153' title='bbox 968 1028 970 1031; x_wconf 11' lang='lat' dir='ltr'><strong>q</strong></span> 
     </span>
    </p>
   </div>
   <div class='ocr_carea' id='block_1_20' title="bbox 231 1038 981 1074">
    <p class='ocr_par' dir='ltr' id='par_1_20' title="bbox 231 1038 981 1074">
     <span class='ocr_line' id='line_1_20' title="bbox 231 1038 981 1074; baseline -0.004 -7"><span class='ocrx_word' id='word_1_154' title='bbox 231 1039 258 1067; x_wconf 77' lang='lat'><strong>3.</strong></span> <span class='ocrx_word' id='word_1_155' title='bbox 276 1038 346 1066; x_wconf 84' lang='lat' dir='ltr'><strong>Mors</strong></span> <span class='ocrx_word' id='word_1_156' title='bbox 359 1039 547 1070; x_wconf 79' lang='lat' dir='ltr'><strong>contemnenda,</strong></span> <span class='ocrx_word' id='word_1_157' title='bbox 564 1038 662 1066; x_wconf 74' lang='lat' dir='ltr'><strong>Christo</strong></span> <span class='ocrx_word' id='word_1_158' title='bbox 680 1038 746 1066; x_wconf 81' lang='lat' dir='ltr'><strong>illud</strong></span> <span class='ocrx_word' id='word_1_159' title='bbox 758 1046 802 1072; x_wconf 80' lang='lat' dir='ltr'><strong>per</strong></span> <span class='ocrx_word' id='word_1_160' title='bbox 811 1046 879 1074; x_wconf 76' lang='lat' dir='ltr'><strong>apem</strong></span> <span class='ocrx_word' id='word_1_161' title='bbox 893 1042 916 1065; x_wconf 88' lang='lat' dir='ltr'><strong>et</strong></span> <span class='ocrx_word' id='word_1_162' title='bbox 929 1046 981 1064; x_wconf 86' lang='lat' dir='ltr'><strong>me-</strong></span> 
     </span>
    </p>
   </div>
   <div class='ocr_carea' id='block_1_21' title="bbox 195 1084 980 1119">
    <p class='ocr_par' dir='ltr' id='par_1_21' title="bbox 195 1084 980 1119">
     <span class='ocr_line' id='line_1_21' title="bbox 195 1084 980 1119; baseline -0.001 -8"><span class='ocrx_word' id='word_1_163' title='bbox 195 1088 249 1111; x_wconf 76' lang='lat' dir='ltr'><strong>tum</strong></span> <span class='ocrx_word' id='word_1_164' title='bbox 263 1085 393 1111; x_wconf 71' lang='lat' dir='ltr'><strong>suadente.</strong></span> <span class='ocrx_word' id='word_1_165' title='bbox 418 1084 466 1117; x_wconf 82' lang='lat' dir='ltr'><strong>Qui</strong></span> <span class='ocrx_word' id='word_1_166' title='bbox 495 1085 627 1118; x_wconf 81' lang='lat' dir='ltr'><strong>conﬁtetur</strong></span> <span class='ocrx_word' id='word_1_167' title='bbox 642 1104 649 1116; x_wconf 92' lang='lat'><strong>,</strong></span> <span class='ocrx_word' id='word_1_168' title='bbox 674 1093 718 1119; x_wconf 83' lang='lat' dir='ltr'><strong>per</strong></span> <span class='ocrx_word' id='word_1_169' title='bbox 739 1085 848 1111; x_wconf 78' lang='lat' dir='ltr'><strong>divinam</strong></span> <span class='ocrx_word' id='word_1_170' title='bbox 873 1084 980 1119; x_wconf 79' lang='lat' dir='ltr'><strong>gratiam</strong></span> 
     </span>
    </p>
   </div>
   <div class='ocr_carea' id='block_1_22' title="bbox 196 1130 978 1165">
    <p class='ocr_par' dir='ltr' id='par_1_22' title="bbox 196 1130 978 1165">
     <span class='ocr_line' id='line_1_22' title="bbox 196 1130 978 1165; baseline 0 -9"><span class='ocrx_word' id='word_1_171' title='bbox 196 1131 340 1164; x_wconf 81' lang='lat' dir='ltr'><strong>conﬁtetur.</strong></span> <span class='ocrx_word' id='word_1_172' title='bbox 360 1130 428 1157; x_wconf 76' lang='lat' dir='ltr'><strong>Deus</strong></span> <span class='ocrx_word' id='word_1_173' title='bbox 451 1130 566 1157; x_wconf 60' lang='lat' dir='ltr'><strong>libentius</strong></span> <span class='ocrx_word' id='word_1_174' title='bbox 577 1131 656 1163; x_wconf 84' lang='lat' dir='ltr'><strong>bona,</strong></span> <span class='ocrx_word' id='word_1_175' title='bbox 667 1139 742 1165; x_wconf 81' lang='lat' dir='ltr'><strong>quant</strong></span> <span class='ocrx_word' id='word_1_176' title='bbox 756 1130 881 1165; x_wconf 74' lang='lat' dir='ltr'><strong>supplicia</strong></span> <span class='ocrx_word' id='word_1_177' title='bbox 893 1130 978 1164; x_wconf 82' lang='lat' dir='ltr'><strong>infert.</strong></span> 
     </span>
    </p>
   </div>
   <div class='ocr_carea' id='block_1_23' title="bbox 196 1176 978 1211">
    <p class='ocr_par' dir='ltr' id='par_1_23' title="bbox 196 1176 978 1211">
     <span class='ocr_line' id='line_1_23' title="bbox 196 1176 978 1211; baseline -0.001 -8"><span class='ocrx_word' id='word_1_178' title='bbox 196 1189 232 1196; x_wconf 93' lang='lat'>—</span> <span class='ocrx_word' id='word_1_179' title='bbox 245 1176 334 1210; x_wconf 79' lang='lat' dir='ltr'><strong>Itaque</strong></span> <span class='ocrx_word' id='word_1_180' title='bbox 354 1183 389 1203; x_wconf 92' lang='lat' dir='ltr'><strong>ne</strong></span> <span class='ocrx_word' id='word_1_181' title='bbox 403 1176 428 1203; x_wconf 93' lang='lat' dir='ltr'><strong>in</strong></span> <span class='ocrx_word' id='word_1_182' title='bbox 446 1176 496 1203; x_wconf 90' lang='lat' dir='ltr'><strong>hoc</strong></span> <span class='ocrx_word' id='word_1_183' title='bbox 509 1176 616 1211; x_wconf 87' lang='lat' dir='ltr'><strong>quidem</strong></span> <span class='ocrx_word' id='word_1_184' title='bbox 638 1176 675 1203; x_wconf 88' lang='lat' dir='ltr'><strong>illi</strong></span> <span class='ocrx_word' id='word_1_185' title='bbox 698 1181 854 1210; x_wconf 89' lang='lat' dir='ltr'><strong>potestatem</strong></span> <span class='ocrx_word' id='word_1_186' title='bbox 871 1176 978 1209; x_wconf 88' lang='lat' dir='ltr'><strong>habent,</strong></span> 
     </span>
    </p>
   </div>
   <div class='ocr_carea' id='block_1_24' title="bbox 196 1223 978 1259">
    <p class='ocr_par' dir='ltr' id='par_1_24' title="bbox 196 1223 978 1259">
     <span class='ocr_line' id='line_1_24' title="bbox 196 1223 978 1259; baseline 0 -9"><span class='ocrx_word' id='word_1_187' title='bbox 196 1232 210 1250; x_wconf 88' lang='lat' dir='ltr'><strong>a</strong></span> <span class='ocrx_word' id='word_1_188' title='bbox 223 1229 315 1250; x_wconf 88' lang='lat' dir='ltr'><strong>natura</strong></span> <span class='ocrx_word' id='word_1_189' title='bbox 334 1224 432 1259; x_wconf 89' lang='lat' dir='ltr'><strong>quippe</strong></span> <span class='ocrx_word' id='word_1_190' title='bbox 447 1223 510 1250; x_wconf 93' lang='lat' dir='ltr'><strong>illud</strong></span> <span class='ocrx_word' id='word_1_191' title='bbox 523 1224 652 1251; x_wconf 89' lang='lat' dir='ltr'><strong>obtinent.</strong></span> <span class='ocrx_word' id='word_1_192' title='bbox 669 1223 744 1257; x_wconf 83' lang='lat' dir='ltr'><strong>Quod</strong></span> <span class='ocrx_word' id='word_1_193' title='bbox 765 1224 786 1250; x_wconf 88' lang='lat' dir='ltr'><strong>si</strong></span> <span class='ocrx_word' id='word_1_194' title='bbox 801 1224 850 1251; x_wconf 92' lang='lat' dir='ltr'><strong>hoc</strong></span> <span class='ocrx_word' id='word_1_195' title='bbox 864 1223 960 1250; x_wconf 88' lang='lat' dir='ltr'><strong>timeas</strong></span> <span class='ocrx_word' id='word_1_196' title='bbox 971 1243 978 1256; x_wconf 90' lang='lat'><strong>,</strong></span> 
     </span>
    </p>
   </div>
   <div class='ocr_carea' id='block_1_25' title="bbox 198 1268 980 1304">
    <p class='ocr_par' dir='ltr' id='par_1_25' title="bbox 198 1268 980 1304">
     <span class='ocr_line' id='line_1_25' title="bbox 198 1268 980 1304; baseline 0 -8"><span class='ocrx_word' id='word_1_197' title='bbox 198 1269 280 1296; x_wconf 89' lang='lat' dir='ltr'><strong>multo</strong></span> <span class='ocrx_word' id='word_1_198' title='bbox 292 1269 375 1303; x_wconf 83' lang='lat' dir='ltr'><strong>magis</strong></span> <span class='ocrx_word' id='word_1_199' title='bbox 390 1269 534 1296; x_wconf 88' lang='lat' dir='ltr'><strong>timendum</strong></span> <span class='ocrx_word' id='word_1_200' title='bbox 547 1268 610 1296; x_wconf 92' lang='lat' dir='ltr'><strong>illud</strong></span> <span class='ocrx_word' id='word_1_201' title='bbox 625 1269 695 1304; x_wconf 89' lang='lat' dir='ltr'><strong>quod</strong></span> <span class='ocrx_word' id='word_1_202' title='bbox 706 1269 799 1304; x_wconf 86' lang='lat' dir='ltr'><strong>majus,</strong></span> <span class='ocrx_word' id='word_1_203' title='bbox 814 1276 845 1296; x_wconf 89' lang='lat' dir='ltr'><strong>ac</strong></span> <span class='ocrx_word' id='word_1_204' title='bbox 857 1274 980 1296; x_wconf 82' lang='lat' dir='ltr'><strong>metuon-</strong></span> 
     </span>
    </p>
   </div>
   <div class='ocr_carea' id='block_1_26' title="bbox 197 1314 980 1350">
    <p class='ocr_par' dir='ltr' id='par_1_26' title="bbox 197 1314 980 1350">
     <span class='ocr_line' id='line_1_26' title="bbox 197 1314 980 1350; baseline -0.001 -8"><span class='ocrx_word' id='word_1_205' title='bbox 197 1315 247 1342; x_wconf 88' lang='lat' dir='ltr'><strong>dtts</strong></span> <span class='ocrx_word' id='word_1_206' title='bbox 259 1320 299 1342; x_wconf 90' lang='lat' dir='ltr'><strong>est</strong></span> <span class='ocrx_word' id='word_1_207' title='bbox 322 1315 367 1342; x_wconf 91' lang='lat' dir='ltr'><strong>ille</strong></span> <span class='ocrx_word' id='word_1_208' title='bbox 381 1316 424 1349; x_wconf 94' lang='lat' dir='ltr'><strong>qui</strong></span> <span class='ocrx_word' id='word_1_209' title='bbox 449 1318 536 1350; x_wconf 80' lang='lat' dir='ltr'><strong>potest</strong></span> <span class='ocrx_word' id='word_1_210' title='bbox 547 1318 574 1341; x_wconf 88' lang='lat' dir='ltr'><strong>et</strong></span> <span class='ocrx_word' id='word_1_211' title='bbox 588 1314 702 1341; x_wconf 88' lang='lat' dir='ltr'><strong>anintam</strong></span> <span class='ocrx_word' id='word_1_212' title='bbox 715 1320 742 1342; x_wconf 90' lang='lat' dir='ltr'><strong>et</strong></span> <span class='ocrx_word' id='word_1_213' title='bbox 756 1322 853 1349; x_wconf 91' lang='lat' dir='ltr'><strong>corpus</strong></span> <span class='ocrx_word' id='word_1_214' title='bbox 868 1315 980 1349; x_wconf 86' lang='lat' dir='ltr'><strong>perdere</strong></span> 
     </span>
    </p>
   </div>
   <div class='ocr_carea' id='block_1_27' title="bbox 199 1360 979 1395">
    <p class='ocr_par' dir='ltr' id='par_1_27' title="bbox 199 1360 979 1395">
     <span class='ocr_line' id='line_1_27' title="bbox 199 1360 979 1395; baseline 0.001 -9"><span class='ocrx_word' id='word_1_215' title='bbox 199 1361 223 1387; x_wconf 94' lang='lat' dir='ltr'><strong>in</strong></span> <span class='ocrx_word' id='word_1_216' title='bbox 236 1360 395 1395; x_wconf 75' lang='lat' dir='ltr'><strong>gehennam.</strong></span> <span class='ocrx_word' id='word_1_217' title='bbox 406 1360 495 1395; x_wconf 79' lang='lat' dir='ltr'><strong>Neque</strong></span> <span class='ocrx_word' id='word_1_218' title='bbox 506 1360 645 1388; x_wconf 81' lang='lat' dir='ltr'><strong>manifeste</strong></span> <span class='ocrx_word' id='word_1_219' title='bbox 658 1360 721 1387; x_wconf 88' lang='lat' dir='ltr'><strong>dicit</strong></span> <span class='ocrx_word' id='word_1_220' title='bbox 731 1368 761 1387; x_wconf 91' lang='lat' dir='ltr'><strong>se</strong></span> <span class='ocrx_word' id='word_1_221' title='bbox 777 1360 849 1387; x_wconf 92' lang='lat' dir='ltr'><strong>illum</strong></span> <span class='ocrx_word' id='word_1_222' title='bbox 865 1367 925 1388; x_wconf 90' lang='lat' dir='ltr'><strong>esse</strong></span> <span class='ocrx_word' id='word_1_223' title='bbox 934 1361 979 1395; x_wconf 86' lang='lat' dir='ltr'><strong>qui</strong></span> 
     </span>
    </p>
   </div>
   <div class='ocr_carea' id='block_1_28' title="bbox 199 1405 980 1440">
    <p class='ocr_par' dir='ltr' id='par_1_28' title="bbox 199 1405 980 1440">
     <span class='ocr_line' id='line_1_28' title="bbox 199 1405 980 1440; baseline 0.001 -9"><span class='ocrx_word' id='word_1_224' title='bbox 199 1406 281 1439; x_wconf 77' lang='lat' dir='ltr'><strong>possit</strong></span> <span class='ocrx_word' id='word_1_225' title='bbox 292 1410 318 1432; x_wconf 85' lang='lat' dir='ltr'><strong>et</strong></span> <span class='ocrx_word' id='word_1_226' title='bbox 333 1406 450 1432; x_wconf 92' lang='lat' dir='ltr'><strong>animum</strong></span> <span class='ocrx_word' id='word_1_227' title='bbox 460 1410 488 1432; x_wconf 91' lang='lat' dir='ltr'><strong>et</strong></span> <span class='ocrx_word' id='word_1_228' title='bbox 500 1413 598 1440; x_wconf 87' lang='lat' dir='ltr'><strong>corpus</strong></span> <span class='ocrx_word' id='word_1_229' title='bbox 611 1405 721 1440; x_wconf 85' lang='lat' dir='ltr'><strong>perdere</strong></span> <span class='ocrx_word' id='word_1_230' title='bbox 733 1414 740 1437; x_wconf 85' lang='lat'><strong>;</strong></span> <span class='ocrx_word' id='word_1_231' title='bbox 752 1405 799 1432; x_wconf 88' lang='lat' dir='ltr'><strong>sed</strong></span> <span class='ocrx_word' id='word_1_232' title='bbox 817 1413 864 1440; x_wconf 91' lang='lat' dir='ltr'><strong>per</strong></span> <span class='ocrx_word' id='word_1_233' title='bbox 877 1413 908 1433; x_wconf 88' lang='lat' dir='ltr'><strong>ea</strong></span> <span class='ocrx_word' id='word_1_234' title='bbox 922 1413 980 1440; x_wconf 73' lang='lat' dir='ltr'><strong>qua:</strong></span> 
     </span>
    </p>
   </div>
   <div class='ocr_carea' id='block_1_29' title="bbox 198 1450 981 1485">
    <p class='ocr_par' dir='ltr' id='par_1_29' title="bbox 198 1450 981 1485">
     <span class='ocr_line' id='line_1_29' title="bbox 198 1450 981 1485; baseline 0 -8"><span class='ocrx_word' id='word_1_235' title='bbox 198 1451 320 1485; x_wconf 89' lang='lat' dir='ltr'><strong>superius</strong></span> <span class='ocrx_word' id='word_1_236' title='bbox 330 1450 406 1483; x_wconf 82' lang='lat' dir='ltr'><strong>dixit,</strong></span> <span class='ocrx_word' id='word_1_237' title='bbox 422 1458 451 1477; x_wconf 88' lang='lat' dir='ltr'><strong>se</strong></span> <span class='ocrx_word' id='word_1_238' title='bbox 463 1450 580 1484; x_wconf 90' lang='lat' dir='ltr'><strong>judicem</strong></span> <span class='ocrx_word' id='word_1_239' title='bbox 593 1457 652 1478; x_wconf 88' lang='lat' dir='ltr'><strong>esse</strong></span> <span class='ocrx_word' id='word_1_240' title='bbox 670 1451 838 1478; x_wconf 81' lang='lat' dir='ltr'><strong>monstravit.</strong></span> <span class='ocrx_word' id='word_1_241' title='bbox 861 1452 897 1477; x_wconf 87' lang='lat' dir='ltr'><strong>At</strong></span> <span class='ocrx_word' id='word_1_242' title='bbox 911 1458 981 1478; x_wconf 92' lang='lat' dir='ltr'><strong>nunc</strong></span> 
     </span>
    </p>
   </div>
   <div class='ocr_carea' id='block_1_30' title="bbox 197 1497 982 1532">
    <p class='ocr_par' dir='ltr' id='par_1_30' title="bbox 197 1497 982 1532">
     <span class='ocr_line' id='line_1_30' title="bbox 197 1497 982 1532; baseline 0 -9"><span class='ocrx_word' id='word_1_243' title='bbox 197 1497 358 1523; x_wconf 88' lang='lat' dir='ltr'><strong>contrarittm</strong></span> <span class='ocrx_word' id='word_1_244' title='bbox 371 1497 458 1524; x_wconf 87' lang='lat' dir='ltr'><strong>evenit</strong></span> <span class='ocrx_word' id='word_1_245' title='bbox 474 1505 480 1523; x_wconf 88' lang='lat'>:</span> <span class='ocrx_word' id='word_1_246' title='bbox 496 1504 556 1523; x_wconf 93' lang='lat' dir='ltr'><strong>nam</strong></span> <span class='ocrx_word' id='word_1_247' title='bbox 568 1504 628 1524; x_wconf 91' lang='lat' dir='ltr'><strong>eum</strong></span> <span class='ocrx_word' id='word_1_248' title='bbox 639 1497 682 1531; x_wconf 94' lang='lat' dir='ltr'><strong>qui</strong></span> <span class='ocrx_word' id='word_1_249' title='bbox 696 1501 782 1531; x_wconf 85' lang='lat' dir='ltr'><strong>potest</strong></span> <span class='ocrx_word' id='word_1_250' title='bbox 792 1497 906 1523; x_wconf 89' lang='lat' dir='ltr'><strong>auitnam</strong></span> <span class='ocrx_word' id='word_1_251' title='bbox 919 1504 982 1532; x_wconf 91' lang='lat' dir='ltr'><strong>per-</strong></span> 
     </span>
    </p>
   </div>
   <div class='ocr_carea' id='block_1_31' title="bbox 198 1541 981 1578">
    <p class='ocr_par' dir='ltr' id='par_1_31' title="bbox 198 1541 981 1578">
     <span class='ocr_line' id='line_1_31' title="bbox 198 1541 981 1578; baseline -0.001 -8"><span class='ocrx_word' id='word_1_252' title='bbox 198 1543 271 1576; x_wconf 83' lang='lat' dir='ltr'><strong>dere,</strong></span> <span class='ocrx_word' id='word_1_253' title='bbox 287 1543 338 1570; x_wconf 92' lang='lat' dir='ltr'><strong>hoc</strong></span> <span class='ocrx_word' id='word_1_254' title='bbox 349 1547 390 1570; x_wconf 83' lang='lat' dir='ltr'><strong>est</strong></span> <span class='ocrx_word' id='word_1_255' title='bbox 402 1563 410 1576; x_wconf 93' lang='lat'><strong>,</strong></span> <span class='ocrx_word' id='word_1_256' title='bbox 425 1543 554 1578; x_wconf 90' lang='lat' dir='ltr'><strong>supplicio</strong></span> <span class='ocrx_word' id='word_1_257' title='bbox 567 1543 682 1575; x_wconf 85' lang='lat' dir='ltr'><strong>allicere,</strong></span> <span class='ocrx_word' id='word_1_258' title='bbox 699 1550 750 1569; x_wconf 93' lang='lat' dir='ltr'><strong>non</strong></span> <span class='ocrx_word' id='word_1_259' title='bbox 768 1542 907 1574; x_wconf 87' lang='lat' dir='ltr'><strong>timemus;</strong></span> <span class='ocrx_word' id='word_1_260' title='bbox 923 1541 981 1570; x_wconf 89' lang='lat' dir='ltr'><strong>illos</strong></span> 
     </span>
    </p>
   </div>
   <div class='ocr_carea' id='block_1_32' title="bbox 198 1587 981 1623">
    <p class='ocr_par' dir='ltr' id='par_1_32' title="bbox 198 1587 981 1623">
     <span class='ocr_line' id='line_1_32' title="bbox 198 1587 981 1623; baseline 0.001 -9"><span class='ocrx_word' id='word_1_261' title='bbox 198 1593 286 1616; x_wconf 89' lang='lat' dir='ltr'><strong>autem</strong></span> <span class='ocrx_word' id='word_1_262' title='bbox 300 1589 343 1623; x_wconf 90' lang='lat' dir='ltr'><strong>qtti</strong></span> <span class='ocrx_word' id='word_1_263' title='bbox 353 1595 449 1622; x_wconf 84' lang='lat' dir='ltr'><strong>corpus</strong></span> <span class='ocrx_word' id='word_1_264' title='bbox 464 1588 625 1615; x_wconf 91' lang='lat' dir='ltr'><strong>interﬁciunt</strong></span> <span class='ocrx_word' id='word_1_265' title='bbox 634 1587 871 1623; x_wconf 87' lang='lat' dir='ltr'><strong>perhorrescimus.</strong></span> <span class='ocrx_word' id='word_1_266' title='bbox 879 1588 981 1622; x_wconf 81' lang='lat' dir='ltr'><strong>Quam-</strong></span> 
     </span>
    </p>
   </div>
   <div class='ocr_carea' id='block_1_33' title="bbox 199 1633 979 1674">
    <p class='ocr_par' dir='ltr' id='par_1_33' title="bbox 199 1633 979 1674">
     <span class='ocr_line' id='line_1_33' title="bbox 199 1633 979 1674; baseline 0 -13"><span class='ocrx_word' id='word_1_267' title='bbox 199 1642 277 1670; x_wconf 87' lang='lat' dir='ltr'><strong>quam</strong></span> <span class='ocrx_word' id='word_1_268' title='bbox 300 1635 344 1662; x_wconf 88' lang='lat' dir='ltr'><strong>ille</strong></span> <span class='ocrx_word' id='word_1_269' title='bbox 364 1642 415 1661; x_wconf 90' lang='lat' dir='ltr'><strong>una</strong></span> <span class='ocrx_word' id='word_1_270' title='bbox 443 1641 503 1662; x_wconf 92' lang='lat' dir='ltr'><strong>cum</strong></span> <span class='ocrx_word' id='word_1_271' title='bbox 517 1634 606 1674; x_wconf 79' lang='lat' dir='ltr'><strong>anima</strong></span> <span class='ocrx_word' id='word_1_272' title='bbox 620 1641 716 1669; x_wconf 89' lang='lat' dir='ltr'><strong>corpus</strong></span> <span class='ocrx_word' id='word_1_273' title='bbox 731 1634 810 1661; x_wconf 85' lang='lat' dir='ltr'><strong>etiam</strong></span> <span class='ocrx_word' id='word_1_274' title='bbox 825 1633 979 1661; x_wconf 88' lang='lat' dir='ltr'><strong>ulciscitur:</strong></span> 
     </span>
    </p>
   </div>
   <div class='ocr_carea' id='block_1_34' title="bbox 199 1679 981 1714">
    <p class='ocr_par' dir='ltr' id='par_1_34' title="bbox 199 1679 981 1714">
     <span class='ocr_line' id='line_1_34' title="bbox 199 1679 981 1714; baseline 0.001 -8"><span class='ocrx_word' id='word_1_275' title='bbox 199 1681 234 1707; x_wconf 90' lang='lat' dir='ltr'><strong>illi</strong></span> <span class='ocrx_word' id='word_1_276' title='bbox 249 1687 312 1707; x_wconf 86' lang='lat' dir='ltr'><strong>vero</strong></span> <span class='ocrx_word' id='word_1_277' title='bbox 324 1687 376 1707; x_wconf 93' lang='lat' dir='ltr'><strong>non</strong></span> <span class='ocrx_word' id='word_1_278' title='bbox 390 1680 468 1707; x_wconf 93' lang='lat' dir='ltr'><strong>modo</strong></span> <span class='ocrx_word' id='word_1_279' title='bbox 481 1681 615 1712; x_wconf 84' lang='lat' dir='ltr'><strong>animam,</strong></span> <span class='ocrx_word' id='word_1_280' title='bbox 629 1679 676 1707; x_wconf 89' lang='lat' dir='ltr'><strong>sed</strong></span> <span class='ocrx_word' id='word_1_281' title='bbox 703 1688 735 1707; x_wconf 92' lang='lat' dir='ltr'><strong>ne</strong></span> <span class='ocrx_word' id='word_1_282' title='bbox 750 1687 847 1714; x_wconf 89' lang='lat' dir='ltr'><strong>corpus</strong></span> <span class='ocrx_word' id='word_1_283' title='bbox 874 1680 981 1714; x_wconf 88' lang='lat' dir='ltr'><strong>quidem</strong></span> 
     </span>
    </p>
   </div>
   <div class='ocr_carea' id='block_1_35' title="bbox 199 1725 980 1760">
    <p class='ocr_par' dir='ltr' id='par_1_35' title="bbox 199 1725 980 1760">
     <span class='ocr_line' id='line_1_35' title="bbox 199 1725 980 1760; baseline 0.001 -8"><span class='ocrx_word' id='word_1_284' title='bbox 199 1730 309 1760; x_wconf 78' lang='lat' dir='ltr'><strong>possunt</strong></span> <span class='ocrx_word' id='word_1_285' title='bbox 322 1726 432 1760; x_wconf 89' lang='lat' dir='ltr'><strong>punire;</strong></span> <span class='ocrx_word' id='word_1_286' title='bbox 446 1725 506 1753; x_wconf 91' lang='lat' dir='ltr'><strong>licet</strong></span> <span class='ocrx_word' id='word_1_287' title='bbox 519 1725 589 1753; x_wconf 89' lang='lat' dir='ltr'><strong>enim</strong></span> <span class='ocrx_word' id='word_1_288' title='bbox 603 1725 700 1753; x_wconf 90' lang='lat' dir='ltr'><strong>millies</strong></span> <span class='ocrx_word' id='word_1_289' title='bbox 712 1725 841 1760; x_wconf 90' lang='lat' dir='ltr'><strong>supplicio</strong></span> <span class='ocrx_word' id='word_1_290' title='bbox 854 1725 980 1759; x_wconf 86' lang='lat' dir='ltr'><strong>afﬁciant,</strong></span> 
     </span>
    </p>
   </div>
   <div class='ocr_carea' id='block_1_36' title="bbox 200 1771 982 1807">
    <p class='ocr_par' dir='ltr' id='par_1_36' title="bbox 200 1771 982 1807">
     <span class='ocr_line' id='line_1_36' title="bbox 200 1771 982 1807; baseline 0 -9"><span class='ocrx_word' id='word_1_291' title='bbox 200 1771 365 1806; x_wconf 79' lang='lat' dir='ltr'><strong>splendidius</strong></span> <span class='ocrx_word' id='word_1_292' title='bbox 375 1771 439 1798; x_wconf 92' lang='lat' dir='ltr'><strong>illud</strong></span> <span class='ocrx_word' id='word_1_293' title='bbox 451 1771 561 1798; x_wconf 89' lang='lat' dir='ltr'><strong>omnino</strong></span> <span class='ocrx_word' id='word_1_294' title='bbox 576 1771 697 1798; x_wconf 90' lang='lat' dir='ltr'><strong>reddunt.</strong></span> <span class='ocrx_word' id='word_1_295' title='bbox 715 1771 835 1798; x_wconf 86' lang='lat' dir='ltr'><strong>Vidisliu‘</strong></span> <span class='ocrx_word' id='word_1_296' title='bbox 848 1772 982 1807; x_wconf 92' lang='lat' dir='ltr'><strong>quomodo</strong></span> 
     </span>
    </p>
   </div>
   <div class='ocr_carea' id='block_1_37' title="bbox 198 1816 980 1845">
    <p class='ocr_par' dir='ltr' id='par_1_37' title="bbox 198 1816 980 1845">
     <span class='ocr_line' id='line_1_37' title="bbox 198 1816 980 1845; baseline 0.003 -2"><span class='ocrx_word' id='word_1_297' title='bbox 198 1817 341 1844; x_wconf 83' lang='lat' dir='ltr'><strong>certamina</strong></span> <span class='ocrx_word' id='word_1_298' title='bbox 355 1817 440 1844; x_wconf 80' lang='lat' dir='ltr'><strong>facilia</strong></span> <span class='ocrx_word' id='word_1_299' title='bbox 463 1817 574 1844; x_wconf 87' lang='lat' dir='ltr'><strong>reddat?</strong></span> <span class='ocrx_word' id='word_1_300' title='bbox 588 1816 657 1844; x_wconf 79' lang='lat' dir='ltr'><strong>Mors</strong></span> <span class='ocrx_word' id='word_1_301' title='bbox 669 1817 740 1844; x_wconf 90' lang='lat' dir='ltr'><strong>cnim</strong></span> <span class='ocrx_word' id='word_1_302' title='bbox 759 1825 852 1844; x_wconf 89' lang='lat' dir='ltr'><strong>eorum</strong></span> <span class='ocrx_word' id='word_1_303' title='bbox 866 1818 980 1845; x_wconf 87' lang='lat' dir='ltr'><strong>animam</strong></span> 
     </span>
    </p>
   </div>
   <div class='ocr_carea' id='block_1_38' title="bbox 198 1861 981 1899">
    <p class='ocr_par' dir='ltr' id='par_1_38' title="bbox 198 1861 981 1899">
     <span class='ocr_line' id='line_1_38' title="bbox 198 1861 981 1899; baseline 0.004 -11"><span class='ocrx_word' id='word_1_304' title='bbox 198 1861 340 1889; x_wconf 84' lang='lat' dir='ltr'><strong>admodum</strong></span> <span class='ocrx_word' id='word_1_305' title='bbox 354 1862 514 1897; x_wconf 85' lang='lat' dir='ltr'><strong>exagitabat,</strong></span> <span class='ocrx_word' id='word_1_306' title='bbox 538 1863 716 1899; x_wconf 87' lang='lat' dir='ltr'><strong>terribilisque</strong></span> <span class='ocrx_word' id='word_1_307' title='bbox 731 1863 817 1891; x_wconf 89' lang='lat' dir='ltr'><strong>adhuc</strong></span> <span class='ocrx_word' id='word_1_308' title='bbox 826 1868 895 1895; x_wconf 86' lang='lat' dir='ltr'><strong>erat.</strong></span> <span class='ocrx_word' id='word_1_309' title='bbox 910 1864 981 1899; x_wconf 90' lang='lat' dir='ltr'><strong>qttod</strong></span> 
     </span>
    </p>
   </div>
   <div class='ocr_carea' id='block_1_39' title="bbox 198 1908 982 1944">
    <p class='ocr_par' dir='ltr' id='par_1_39' title="bbox 198 1908 982 1944">
     <span class='ocr_line' id='line_1_39' title="bbox 198 1908 982 1944; baseline 0.005 -10"><span class='ocrx_word' id='word_1_310' title='bbox 198 1908 314 1935; x_wconf 89' lang='lat' dir='ltr'><strong>nondum</strong></span> <span class='ocrx_word' id='word_1_311' title='bbox 326 1913 476 1944; x_wconf 90' lang='lat' dir='ltr'><strong>expugnatu</strong></span> <span class='ocrx_word' id='word_1_312' title='bbox 492 1909 578 1936; x_wconf 81' lang='lat' dir='ltr'><strong>facilis</strong></span> <span class='ocrx_word' id='word_1_313' title='bbox 591 1914 663 1937; x_wconf 85' lang='lat' dir='ltr'><strong>esset</strong></span> <span class='ocrx_word' id='word_1_314' title='bbox 677 1929 685 1940; x_wconf 85' lang='lat'><em>.</em></span> <span class='ocrx_word' id='word_1_315' title='bbox 705 1917 753 1937; x_wconf 90' lang='lat' dir='ltr'><strong>nec</strong></span> <span class='ocrx_word' id='word_1_316' title='bbox 766 1909 852 1937; x_wconf 89' lang='lat' dir='ltr'><strong>adhuc</strong></span> <span class='ocrx_word' id='word_1_317' title='bbox 866 1910 982 1944; x_wconf 88' lang='lat' dir='ltr'><strong>Spiritus</strong></span> 
     </span>
    </p>
   </div>
   <div class='ocr_carea' id='block_1_40' title="bbox 198 1954 979 1989">
    <p class='ocr_par' dir='ltr' id='par_1_40' title="bbox 198 1954 979 1989">
     <span class='ocr_line' id='line_1_40' title="bbox 198 1954 979 1989; baseline 0.005 -10"><span class='ocrx_word' id='word_1_318' title='bbox 198 1954 308 1987; x_wconf 81' lang='lat' dir='ltr'><strong>gratiam</strong></span> <span class='ocrx_word' id='word_1_319' title='bbox 322 1955 488 1989; x_wconf 86' lang='lat' dir='ltr'><strong>accepissent</strong></span> <span class='ocrx_word' id='word_1_320' title='bbox 507 1955 525 1982; x_wconf 92' lang='lat' dir='ltr'><strong>ii</strong></span> <span class='ocrx_word' id='word_1_321' title='bbox 547 1955 591 1989; x_wconf 95' lang='lat' dir='ltr'><strong>qni</strong></span> <span class='ocrx_word' id='word_1_322' title='bbox 608 1955 679 1982; x_wconf 90' lang='lat' dir='ltr'><strong>illam</strong></span> <span class='ocrx_word' id='word_1_323' title='bbox 694 1956 869 1989; x_wconf 90' lang='lat' dir='ltr'><strong>contempturi</strong></span> <span class='ocrx_word' id='word_1_324' title='bbox 893 1961 979 1984; x_wconf 90' lang='lat' dir='ltr'><strong>erant.</strong></span> 
     </span>
    </p>
   </div>
   <div class='ocr_carea' id='block_1_41' title="bbox 198 1999 980 2035">
    <p class='ocr_par' dir='ltr' id='par_1_41' title="bbox 198 1999 980 2035">
     <span class='ocr_line' id='line_1_41' title="bbox 198 1999 980 2035; baseline 0.004 -10"><span class='ocrx_word' id='word_1_325' title='bbox 198 1999 340 2035; x_wconf 76' lang='lat' dir='ltr'><strong>Postquam</strong></span> <span class='ocrx_word' id='word_1_326' title='bbox 356 2007 419 2034; x_wconf 79' lang='lat' dir='ltr'><strong>ergo</strong></span> <span class='ocrx_word' id='word_1_327' title='bbox 433 2000 553 2027; x_wconf 90' lang='lat' dir='ltr'><strong>timorem</strong></span> <span class='ocrx_word' id='word_1_328' title='bbox 564 2005 591 2027; x_wconf 92' lang='lat' dir='ltr'><strong>et</strong></span> <span class='ocrx_word' id='word_1_329' title='bbox 607 2005 717 2033; x_wconf 88' lang='lat' dir='ltr'><strong>metum,</strong></span> <span class='ocrx_word' id='word_1_330' title='bbox 733 2000 777 2035; x_wconf 92' lang='lat' dir='ltr'><strong>qui</strong></span> <span class='ocrx_word' id='word_1_331' title='bbox 791 2001 907 2035; x_wconf 91' lang='lat' dir='ltr'><strong>ipsorum</strong></span> <span class='ocrx_word' id='word_1_332' title='bbox 921 2001 980 2028; x_wconf 83' lang='lat' dir='ltr'><strong>atti-</strong></span> 
     </span>
    </p>
   </div>
   <div class='ocr_carea' id='block_1_42' title="bbox 198 2046 981 2081">
    <p class='ocr_par' dir='ltr' id='par_1_42' title="bbox 198 2046 981 2081">
     <span class='ocr_line' id='line_1_42' title="bbox 198 2046 981 2081; baseline 0.003 -9"><span class='ocrx_word' id='word_1_333' title='bbox 198 2053 267 2073; x_wconf 87' lang='lat' dir='ltr'><strong>mam</strong></span> <span class='ocrx_word' id='word_1_334' title='bbox 277 2046 436 2080; x_wconf 81' lang='lat' dir='ltr'><strong>exagitabat,</strong></span> <span class='ocrx_word' id='word_1_335' title='bbox 451 2046 593 2073; x_wconf 85' lang='lat' dir='ltr'><strong>amovisset</strong></span> <span class='ocrx_word' id='word_1_336' title='bbox 604 2065 612 2079; x_wconf 89' lang='lat'><strong>,</strong></span> <span class='ocrx_word' id='word_1_337' title='bbox 627 2047 747 2081; x_wconf 88' lang='lat' dir='ltr'><strong>sequenti</strong></span> <span class='ocrx_word' id='word_1_338' title='bbox 761 2046 840 2073; x_wconf 87' lang='lat' dir='ltr'><strong>etiam</strong></span> <span class='ocrx_word' id='word_1_339' title='bbox 855 2054 981 2074; x_wconf 88' lang='lat' dir='ltr'><strong>sermone</strong></span> 
     </span>
    </p>
   </div>
   <div class='ocr_carea' id='block_1_43' title="bbox 198 2092 980 2131">
    <p class='ocr_par' dir='ltr' id='par_1_43' title="bbox 198 2092 980 2131">
     <span class='ocr_line' id='line_1_43' title="bbox 198 2092 980 2131; baseline -0.003 -11"><span class='ocrx_word' id='word_1_340' title='bbox 198 2093 250 2121; x_wconf 86' lang='lat' dir='ltr'><strong>illis</strong></span> <span class='ocrx_word' id='word_1_341' title='bbox 262 2093 384 2120; x_wconf 90' lang='lat' dir='ltr'><strong>ﬁduciam</strong></span> <span class='ocrx_word' id='word_1_342' title='bbox 401 2092 486 2125; x_wconf 85' lang='lat' dir='ltr'><strong>indit;</strong></span> <span class='ocrx_word' id='word_1_343' title='bbox 509 2093 605 2120; x_wconf 89' lang='lat' dir='ltr'><strong>timore</strong></span> <span class='ocrx_word' id='word_1_344' title='bbox 619 2092 742 2120; x_wconf 89' lang='lat' dir='ltr'><strong>timorem</strong></span> <span class='ocrx_word' id='word_1_345' title='bbox 755 2093 868 2131; x_wconf 84' lang='lat' dir='ltr'><strong>pellens,</strong></span> <span class='ocrx_word' id='word_1_346' title='bbox 883 2101 932 2121; x_wconf 89' lang='lat' dir='ltr'><strong>nec</strong></span> <span class='ocrx_word' id='word_1_347' title='bbox 947 2093 980 2120; x_wconf 77' lang='lat' dir='ltr'><strong>ti.</strong></span> 
     </span>
    </p>
   </div>
   <div class='ocr_carea' id='block_1_44' title="bbox 198 2138 979 2174">
    <p class='ocr_par' dir='ltr' id='par_1_44' title="bbox 198 2138 979 2174">
     <span class='ocr_line' id='line_1_44' title="bbox 198 2138 979 2174; baseline 0.001 -8"><span class='ocrx_word' id='word_1_348' title='bbox 198 2146 273 2166; x_wconf 88' lang='lat' dir='ltr'><strong>more</strong></span> <span class='ocrx_word' id='word_1_349' title='bbox 292 2139 381 2171; x_wconf 89' lang='lat' dir='ltr'><strong>modo,</strong></span> <span class='ocrx_word' id='word_1_350' title='bbox 403 2138 450 2166; x_wconf 91' lang='lat' dir='ltr'><strong>sed</strong></span> <span class='ocrx_word' id='word_1_351' title='bbox 464 2146 619 2174; x_wconf 80' lang='lat' dir='ltr'><strong>magnorum</strong></span> <span class='ocrx_word' id='word_1_352' title='bbox 638 2146 685 2173; x_wconf 86' lang='lat' dir='ltr'><strong>spe</strong></span> <span class='ocrx_word' id='word_1_353' title='bbox 703 2139 886 2174; x_wconf 64' lang='lat' dir='ltr'><strong>praemiorum;</strong></span> <span class='ocrx_word' id='word_1_354' title='bbox 905 2140 979 2167; x_wconf 83' lang='lat' dir='ltr'><strong>insu-</strong></span> 
     </span>
    </p>
   </div>
   <div class='ocr_carea' id='block_1_45' title="bbox 198 2185 980 2220">
    <p class='ocr_par' dir='ltr' id='par_1_45' title="bbox 198 2185 980 2220">
     <span class='ocr_line' id='line_1_45' title="bbox 198 2185 980 2220; baseline 0.003 -10"><span class='ocrx_word' id='word_1_355' title='bbox 198 2192 296 2220; x_wconf 86' lang='lat' dir='ltr'><strong>perque</strong></span> <span class='ocrx_word' id='word_1_356' title='bbox 304 2193 363 2212; x_wconf 91' lang='lat' dir='ltr'><strong>cum</strong></span> <span class='ocrx_word' id='word_1_357' title='bbox 372 2191 463 2220; x_wconf 83' lang='lat' dir='ltr'><strong>magna</strong></span> <span class='ocrx_word' id='word_1_358' title='bbox 474 2188 603 2220; x_wconf 87' lang='lat' dir='ltr'><strong>potestate</strong></span> <span class='ocrx_word' id='word_1_359' title='bbox 611 2185 786 2212; x_wconf 87' lang='lat' dir='ltr'><strong>comminatur</strong></span> <span class='ocrx_word' id='word_1_360' title='bbox 795 2192 803 2213; x_wconf 82' lang='lat'><strong>:</strong></span> <span class='ocrx_word' id='word_1_361' title='bbox 813 2189 891 2220; x_wconf 89' lang='lat' dir='ltr'><strong>atque</strong></span> <span class='ocrx_word' id='word_1_362' title='bbox 898 2186 980 2212; x_wconf 89' lang='lat' dir='ltr'><strong>utrin-</strong></span> 
     </span>
    </p>
   </div>
   <div class='ocr_carea' id='block_1_46' title="bbox 197 2230 978 2266">
    <p class='ocr_par' dir='ltr' id='par_1_46' title="bbox 197 2230 978 2266">
     <span class='ocr_line' id='line_1_46' title="bbox 197 2230 978 2266; baseline 0.001 -9"><span class='ocrx_word' id='word_1_363' title='bbox 197 2239 249 2266; x_wconf 89' lang='lat' dir='ltr'><strong>qtte</strong></span> <span class='ocrx_word' id='word_1_364' title='bbox 259 2231 317 2258; x_wconf 90' lang='lat' dir='ltr'><strong>illos</strong></span> <span class='ocrx_word' id='word_1_365' title='bbox 326 2230 445 2258; x_wconf 91' lang='lat' dir='ltr'><strong>hortatur</strong></span> <span class='ocrx_word' id='word_1_366' title='bbox 457 2231 488 2258; x_wconf 90' lang='lat' dir='ltr'><strong>ad</strong></span> <span class='ocrx_word' id='word_1_367' title='bbox 503 2230 625 2258; x_wconf 89' lang='lat' dir='ltr'><strong>ﬁduciam</strong></span> <span class='ocrx_word' id='word_1_368' title='bbox 640 2238 688 2266; x_wconf 89' lang='lat' dir='ltr'><strong>pro</strong></span> <span class='ocrx_word' id='word_1_369' title='bbox 697 2231 978 2264; x_wconf 86' lang='lat' dir='ltr'><strong>veritatesumendam,</strong></span> 
     </span>
    </p>
   </div>
   <div class='ocr_carea' id='block_1_47' title="bbox 197 2276 979 2312">
    <p class='ocr_par' dir='ltr' id='par_1_47' title="bbox 197 2276 979 2312">
     <span class='ocr_line' id='line_1_47' title="bbox 197 2276 979 2312; baseline 0.001 -9"><span class='ocrx_word' id='word_1_370' title='bbox 197 2276 254 2304; x_wconf 59' lang='lat' dir='ltr'><strong>hate</strong></span> <span class='ocrx_word' id='word_1_371' title='bbox 264 2277 390 2310; x_wconf 83' lang='lat' dir='ltr'><strong>adjicicns</strong></span> <span class='ocrx_word' id='word_1_372' title='bbox 401 2285 407 2303; x_wconf 93' lang='lat'>:</span> <span class='ocrx_word' id='word_1_373' title='bbox 422 2277 464 2304; x_wconf 78' lang='lat'><strong>3‘2.</strong></span> <span class='ocrx_word' id='word_1_374' title='bbox 477 2277 632 2312; x_wconf 79' lang='lat' dir='ltr'><strong>Quicumque</strong></span> <span class='ocrx_word' id='word_1_375' title='bbox 641 2277 796 2311; x_wconf 77' lang='lat' dir='ltr'><strong>conﬁtebitur</strong></span> <span class='ocrx_word' id='word_1_376' title='bbox 806 2276 832 2304; x_wconf 79' lang='lat' dir='ltr'><strong>in</strong></span> <span class='ocrx_word' id='word_1_377' title='bbox 845 2285 883 2303; x_wconf 86' lang='lat' dir='ltr'><strong>me</strong></span> <span class='ocrx_word' id='word_1_378' title='bbox 895 2285 979 2304; x_wconf 80' lang='lat' dir='ltr'><strong>coram</strong></span> 
     </span>
    </p>
   </div>
   <div class='ocr_carea' id='block_1_48' title="bbox 197 2322 979 2358">
    <p class='ocr_par' dir='ltr' id='par_1_48' title="bbox 197 2322 979 2358">
     <span class='ocr_line' id='line_1_48' title="bbox 197 2322 979 2358; baseline 0.003 -10"><span class='ocrx_word' id='word_1_379' title='bbox 197 2322 346 2355; x_wconf 69' lang='lat' dir='ltr'><strong>hominibus,</strong></span> <span class='ocrx_word' id='word_1_380' title='bbox 361 2323 496 2356; x_wconf 80' lang='lat' dir='ltr'><strong>conﬁtebor</strong></span> <span class='ocrx_word' id='word_1_381' title='bbox 506 2327 529 2349; x_wconf 87' lang='lat' dir='ltr'><strong>et</strong></span> <span class='ocrx_word' id='word_1_382' title='bbox 539 2330 584 2358; x_wconf 84' lang='lat' dir='ltr'><strong>ego</strong></span> <span class='ocrx_word' id='word_1_383' title='bbox 589 2323 616 2349; x_wconf 88' lang='lat' dir='ltr'><strong>in</strong></span> <span class='ocrx_word' id='word_1_384' title='bbox 628 2330 683 2349; x_wconf 86' lang='lat' dir='ltr'><strong>eum</strong></span> <span class='ocrx_word' id='word_1_385' title='bbox 691 2330 775 2349; x_wconf 84' lang='lat' dir='ltr'><strong>raram</strong></span> <span class='ocrx_word' id='word_1_386' title='bbox 786 2322 862 2350; x_wconf 86' lang='lat' dir='ltr'><strong>Patre</strong></span> <span class='ocrx_word' id='word_1_387' title='bbox 875 2331 929 2350; x_wconf 87' lang='lat' dir='ltr'><strong>meo</strong></span> <span class='ocrx_word' id='word_1_388' title='bbox 936 2323 979 2358; x_wconf 85' lang='lat' dir='ltr'><strong>qui</strong></span> 
     </span>
    </p>
   </div>
   <div class='ocr_carea' id='block_1_49' title="bbox 197 2369 978 2403">
    <p class='ocr_par' dir='ltr' id='par_1_49' title="bbox 197 2369 978 2403">
     <span class='ocr_line' id='line_1_49' title="bbox 197 2369 978 2403; baseline 0.001 -9"><span class='ocrx_word' id='word_1_389' title='bbox 197 2373 231 2394; x_wconf 74' lang='lat' dir='ltr'><strong>est</strong></span> <span class='ocrx_word' id='word_1_390' title='bbox 245 2369 270 2394; x_wconf 87' lang='lat' dir='ltr'><strong>in</strong></span> <span class='ocrx_word' id='word_1_391' title='bbox 284 2369 368 2400; x_wconf 70' lang='lat' dir='ltr'><strong>talis;</strong></span> <span class='ocrx_word' id='word_1_392' title='bbox 384 2369 426 2396; x_wconf 80' lang='grc'><strong>55.</strong></span> <span class='ocrx_word' id='word_1_393' title='bbox 443 2373 466 2395; x_wconf 81' lang='lat' dir='ltr'><strong>et</strong></span> <span class='ocrx_word' id='word_1_394' title='bbox 479 2369 628 2403; x_wconf 82' lang='lat' dir='ltr'><strong>quicumque</strong></span> <span class='ocrx_word' id='word_1_395' title='bbox 642 2369 768 2403; x_wconf 76' lang='lat' dir='ltr'><strong>negaverit</strong></span> <span class='ocrx_word' id='word_1_396' title='bbox 781 2376 819 2394; x_wconf 84' lang='lat' dir='ltr'><strong>me</strong></span> <span class='ocrx_word' id='word_1_397' title='bbox 833 2376 918 2395; x_wconf 86' lang='lat' dir='ltr'><strong>coram</strong></span> <span class='ocrx_word' id='word_1_398' title='bbox 932 2369 978 2395; x_wconf 83' lang='lat' dir='ltr'><strong>Ito-</strong></span> 
     </span>
    </p>
   </div>
   <div class='ocr_carea' id='block_1_50' title="bbox 196 2412 978 2448">
    <p class='ocr_par' dir='ltr' id='par_1_50' title="bbox 196 2412 978 2448">
     <span class='ocr_line' id='line_1_50' title="bbox 196 2412 978 2448; baseline 0.001 -9"><span class='ocrx_word' id='word_1_399' title='bbox 196 2413 314 2445; x_wconf 73' lang='lat' dir='ltr'><strong>minibus,</strong></span> <span class='ocrx_word' id='word_1_400' title='bbox 332 2413 426 2448; x_wconf 82' lang='lat' dir='ltr'><strong>negabo</strong></span> <span class='ocrx_word' id='word_1_401' title='bbox 448 2418 471 2440; x_wconf 86' lang='lat' dir='ltr'><strong>et</strong></span> <span class='ocrx_word' id='word_1_402' title='bbox 485 2421 531 2448; x_wconf 84' lang='lat' dir='ltr'><strong>ego</strong></span> <span class='ocrx_word' id='word_1_403' title='bbox 550 2421 606 2441; x_wconf 87' lang='lat' dir='ltr'><strong>eum</strong></span> <span class='ocrx_word' id='word_1_404' title='bbox 622 2421 706 2440; x_wconf 82' lang='lat' dir='ltr'><strong>coram</strong></span> <span class='ocrx_word' id='word_1_405' title='bbox 723 2412 800 2440; x_wconf 80' lang='lat' dir='ltr'><strong>Patre</strong></span> <span class='ocrx_word' id='word_1_406' title='bbox 814 2422 867 2440; x_wconf 85' lang='lat' dir='ltr'><strong>meo</strong></span> <span class='ocrx_word' id='word_1_407' title='bbox 886 2414 928 2448; x_wconf 85' lang='lat' dir='ltr'><strong>qui</strong></span> <span class='ocrx_word' id='word_1_408' title='bbox 943 2418 978 2441; x_wconf 75' lang='lat' dir='ltr'><strong>est</strong></span> 
     </span>
    </p>
   </div>
   <div class='ocr_carea' id='block_1_51' title="bbox 196 2457 976 2492">
    <p class='ocr_par' dir='ltr' id='par_1_51' title="bbox 196 2457 976 2492">
     <span class='ocr_line' id='line_1_51' title="bbox 196 2457 976 2492; baseline 0.001 -8"><span class='ocrx_word' id='word_1_409' title='bbox 196 2459 221 2484; x_wconf 91' lang='lat' dir='ltr'><strong>iu</strong></span> <span class='ocrx_word' id='word_1_410' title='bbox 230 2458 325 2484; x_wconf 72' lang='lat' dir='ltr'><strong>ctetit‘.</strong></span> <span class='ocrx_word' id='word_1_411' title='bbox 339 2458 395 2485; x_wconf 84' lang='lat' dir='ltr'><strong>Non</strong></span> <span class='ocrx_word' id='word_1_412' title='bbox 408 2458 477 2485; x_wconf 91' lang='lat' dir='ltr'><strong>enim</strong></span> <span class='ocrx_word' id='word_1_413' title='bbox 489 2466 504 2484; x_wconf 91' lang='lat' dir='ltr'><strong>a</strong></span> <span class='ocrx_word' id='word_1_414' title='bbox 517 2458 645 2485; x_wconf 91' lang='lat' dir='ltr'><strong>bonorum</strong></span> <span class='ocrx_word' id='word_1_415' title='bbox 658 2465 705 2492; x_wconf 85' lang='lat' dir='ltr'><strong>spe</strong></span> <span class='ocrx_word' id='word_1_416' title='bbox 717 2461 829 2490; x_wconf 91' lang='lat' dir='ltr'><strong>tantum,</strong></span> <span class='ocrx_word' id='word_1_417' title='bbox 839 2457 885 2484; x_wconf 90' lang='lat' dir='ltr'><strong>sed</strong></span> <span class='ocrx_word' id='word_1_418' title='bbox 897 2459 976 2485; x_wconf 88' lang='lat' dir='ltr'><strong>etiam</strong></span> 
     </span>
    </p>
   </div>
   <div class='ocr_carea' id='block_1_52' title="bbox 197 2503 976 2538">
    <p class='ocr_par' dir='ltr' id='par_1_52' title="bbox 197 2503 976 2538">
     <span class='ocr_line' id='line_1_52' title="bbox 197 2503 976 2538; baseline 0.001 -8"><span class='ocrx_word' id='word_1_419' title='bbox 197 2511 211 2530; x_wconf 89' lang='lat' dir='ltr'><strong>a</strong></span> <span class='ocrx_word' id='word_1_420' title='bbox 225 2504 354 2531; x_wconf 87' lang='lat' dir='ltr'><strong>malorum</strong></span> <span class='ocrx_word' id='word_1_421' title='bbox 375 2510 445 2531; x_wconf 89' lang='lat' dir='ltr'><strong>metu</strong></span> <span class='ocrx_word' id='word_1_422' title='bbox 463 2504 588 2534; x_wconf 87' lang='lat' dir='ltr'><strong>concitat.</strong></span> <span class='ocrx_word' id='word_1_423' title='bbox 603 2507 630 2530; x_wconf 91' lang='lat' dir='ltr'><strong>et</strong></span> <span class='ocrx_word' id='word_1_424' title='bbox 646 2504 670 2530; x_wconf 93' lang='lat' dir='ltr'><strong>in</strong></span> <span class='ocrx_word' id='word_1_425' title='bbox 688 2503 771 2530; x_wconf 89' lang='lat' dir='ltr'><strong>tristia</strong></span> <span class='ocrx_word' id='word_1_426' title='bbox 783 2503 890 2530; x_wconf 88' lang='lat' dir='ltr'><strong>desinit.</strong></span> <span class='ocrx_word' id='word_1_427' title='bbox 913 2503 976 2538; x_wconf 85' lang='lat' dir='ltr'><strong>Ejus</strong></span> 
     </span>
    </p>
   </div>
   <div class='ocr_carea' id='block_1_53' title="bbox 196 2548 975 2583">
    <p class='ocr_par' dir='ltr' id='par_1_53' title="bbox 196 2548 975 2583">
     <span class='ocr_line' id='line_1_53' title="bbox 196 2548 975 2583; baseline 0.001 -9"><span class='ocrx_word' id='word_1_428' title='bbox 196 2553 283 2575; x_wconf 89' lang='lat' dir='ltr'><strong>antetu</strong></span> <span class='ocrx_word' id='word_1_429' title='bbox 298 2551 494 2576; x_wconf 80' lang='lat' dir='ltr'><strong>accurationem</strong></span> <span class='ocrx_word' id='word_1_430' title='bbox 509 2548 652 2583; x_wconf 87' lang='lat' dir='ltr'><strong>perpende.</strong></span> <span class='ocrx_word' id='word_1_431' title='bbox 667 2548 724 2575; x_wconf 85' lang='lat' dir='ltr'><strong>Non</strong></span> <span class='ocrx_word' id='word_1_432' title='bbox 738 2548 817 2580; x_wconf 85' lang='lat' dir='ltr'><strong>dixit,</strong></span> <span class='ocrx_word' id='word_1_433' title='bbox 833 2548 882 2580; x_wconf 80' lang='lat' dir='ltr'><strong>Ide,</strong></span> <span class='ocrx_word' id='word_1_434' title='bbox 908 2548 954 2575; x_wconf 90' lang='lat' dir='ltr'><strong>sed</strong></span> <span class='ocrx_word' id='word_1_435' title='bbox 967 2568 975 2580; x_wconf 87' lang='lat'><strong>,</strong></span> 
     </span>
    </p>
   </div>
   <div class='ocr_carea' id='block_1_54' title="bbox 197 2593 975 2628">
    <p class='ocr_par' dir='ltr' id='par_1_54' title="bbox 197 2593 975 2628">
     <span class='ocr_line' id='line_1_54' title="bbox 197 2593 975 2628; baseline -0.001 -8"><span class='ocrx_word' id='word_1_436' title='bbox 197 2593 230 2620; x_wconf 86' lang='lat' dir='ltr'><strong>In</strong></span> <span class='ocrx_word' id='word_1_437' title='bbox 245 2602 299 2625; x_wconf 87' lang='lat' dir='ltr'><strong>me,</strong></span> <span class='ocrx_word' id='word_1_438' title='bbox 325 2594 469 2621; x_wconf 85' lang='lat' dir='ltr'><strong>ostendens</strong></span> <span class='ocrx_word' id='word_1_439' title='bbox 483 2602 543 2621; x_wconf 88' lang='lat' dir='ltr'><strong>eum</strong></span> <span class='ocrx_word' id='word_1_440' title='bbox 564 2594 608 2628; x_wconf 90' lang='lat' dir='ltr'><strong>qui</strong></span> <span class='ocrx_word' id='word_1_441' title='bbox 622 2594 775 2626; x_wconf 90' lang='lat' dir='ltr'><strong>conﬁtetur,</strong></span> <span class='ocrx_word' id='word_1_442' title='bbox 803 2601 855 2620; x_wconf 92' lang='lat' dir='ltr'><strong>non</strong></span> <span class='ocrx_word' id='word_1_443' title='bbox 870 2593 975 2628; x_wconf 88' lang='lat' dir='ltr'><strong>propria</strong></span> 
     </span>
    </p>
   </div>
   <div class='ocr_carea' id='block_1_55' title="bbox 196 2639 974 2675">
    <p class='ocr_par' dir='ltr' id='par_1_55' title="bbox 196 2639 974 2675">
     <span class='ocr_line' id='line_1_55' title="bbox 196 2639 974 2675; baseline 0 -8"><span class='ocrx_word' id='word_1_444' title='bbox 196 2640 304 2672; x_wconf 88' lang='lat' dir='ltr'><strong>virtute,</strong></span> <span class='ocrx_word' id='word_1_445' title='bbox 321 2639 368 2667; x_wconf 83' lang='lat' dir='ltr'><strong>sed</strong></span> <span class='ocrx_word' id='word_1_446' title='bbox 379 2647 493 2675; x_wconf 88' lang='lat' dir='ltr'><strong>superna</strong></span> <span class='ocrx_word' id='word_1_447' title='bbox 514 2641 596 2675; x_wconf 84' lang='lat' dir='ltr'><strong>gratia</strong></span> <span class='ocrx_word' id='word_1_448' title='bbox 609 2640 703 2667; x_wconf 89' lang='lat' dir='ltr'><strong>fultutn</strong></span> <span class='ocrx_word' id='word_1_449' title='bbox 714 2639 846 2667; x_wconf 88' lang='lat' dir='ltr'><strong>conﬁteri.</strong></span> <span class='ocrx_word' id='word_1_450' title='bbox 862 2639 899 2667; x_wconf 91' lang='lat' dir='ltr'><strong>De</strong></span> <span class='ocrx_word' id='word_1_451' title='bbox 925 2647 974 2667; x_wconf 87' lang='lat' dir='ltr'><strong>ne-</strong></span> 
     </span>
    </p>
   </div>
   <div class='ocr_carea' id='block_1_56' title="bbox 196 2684 976 2720">
    <p class='ocr_par' dir='ltr' id='par_1_56' title="bbox 196 2684 976 2720">
     <span class='ocr_line' id='line_1_56' title="bbox 196 2684 976 2720; baseline -0.001 -8"><span class='ocrx_word' id='word_1_452' title='bbox 196 2692 274 2720; x_wconf 84' lang='lat' dir='ltr'><strong>gante</strong></span> <span class='ocrx_word' id='word_1_453' title='bbox 289 2694 342 2713; x_wconf 90' lang='lat' dir='ltr'><strong>non</strong></span> <span class='ocrx_word' id='word_1_454' title='bbox 367 2686 444 2719; x_wconf 80' lang='lat' dir='ltr'><strong>dixit,</strong></span> <span class='ocrx_word' id='word_1_455' title='bbox 460 2686 488 2712; x_wconf 91' lang='lat' dir='ltr'><strong>In</strong></span> <span class='ocrx_word' id='word_1_456' title='bbox 505 2693 547 2713; x_wconf 91' lang='lat' dir='ltr'><strong>me</strong></span> <span class='ocrx_word' id='word_1_457' title='bbox 560 2706 569 2718; x_wconf 90' lang='lat'><strong>,</strong></span> <span class='ocrx_word' id='word_1_458' title='bbox 584 2685 643 2719; x_wconf 88' lang='lat' dir='ltr'><strong>sed,</strong></span> <span class='ocrx_word' id='word_1_459' title='bbox 662 2685 705 2712; x_wconf 79' lang='lat' dir='ltr'><strong>Mc</strong></span> <span class='ocrx_word' id='word_1_460' title='bbox 718 2692 729 2714; x_wconf 87' lang='lat'><strong><em>:</em></strong></span> <span class='ocrx_word' id='word_1_461' title='bbox 741 2692 801 2712; x_wconf 93' lang='lat' dir='ltr'><strong>nam</strong></span> <span class='ocrx_word' id='word_1_462' title='bbox 823 2692 884 2712; x_wconf 92' lang='lat' dir='ltr'><strong>cum</strong></span> <span class='ocrx_word' id='word_1_463' title='bbox 904 2684 976 2712; x_wconf 91' lang='lat' dir='ltr'><strong>dono</strong></span> 
     </span>
    </p>
   </div>
   <div class='ocr_carea' id='block_1_57' title="bbox 196 2730 976 2766">
    <p class='ocr_par' dir='ltr' id='par_1_57' title="bbox 196 2730 976 2766">
     <span class='ocr_line' id='line_1_57' title="bbox 196 2730 976 2766; baseline -0.003 -8"><span class='ocrx_word' id='word_1_464' title='bbox 196 2732 286 2766; x_wconf 78' lang='lat' dir='ltr'><strong>gratiae</strong></span> <span class='ocrx_word' id='word_1_465' title='bbox 301 2739 398 2759; x_wconf 82' lang='lat' dir='ltr'><strong>vacuus</strong></span> <span class='ocrx_word' id='word_1_466' title='bbox 416 2732 460 2764; x_wconf 89' lang='lat' dir='ltr'><strong>sit,</strong></span> <span class='ocrx_word' id='word_1_467' title='bbox 474 2732 508 2759; x_wconf 83' lang='lat' dir='ltr'><strong>ita</strong></span> <span class='ocrx_word' id='word_1_468' title='bbox 523 2735 611 2766; x_wconf 85' lang='lat' dir='ltr'><strong>negat.</strong></span> <span class='ocrx_word' id='word_1_469' title='bbox 627 2731 681 2758; x_wconf 91' lang='lat' dir='ltr'><strong>Cur</strong></span> <span class='ocrx_word' id='word_1_470' title='bbox 694 2737 757 2765; x_wconf 83' lang='lat' dir='ltr'><strong>ergo</strong></span> <span class='ocrx_word' id='word_1_471' title='bbox 770 2736 919 2762; x_wconf 82' lang='lat' dir='ltr'><strong>accusatur,</strong></span> <span class='ocrx_word' id='word_1_472' title='bbox 934 2730 976 2757; x_wconf 78' lang='lat' dir='ltr'><strong>in-</strong></span> 
     </span>
    </p>
   </div>
   <div class='ocr_carea' id='block_1_58' title="bbox 195 2775 975 2812">
    <p class='ocr_par' dir='ltr' id='par_1_58' title="bbox 195 2775 975 2812">
     <span class='ocr_line' id='line_1_58' title="bbox 195 2775 975 2812; baseline 0.001 -10"><span class='ocrx_word' id='word_1_473' title='bbox 195 2776 287 2811; x_wconf 87' lang='lat' dir='ltr'><strong>quies,</strong></span> <span class='ocrx_word' id='word_1_474' title='bbox 302 2776 324 2804; x_wconf 87' lang='lat' dir='ltr'><strong>si</strong></span> <span class='ocrx_word' id='word_1_475' title='bbox 341 2777 363 2804; x_wconf 75' lang='lat' dir='ltr'><strong>is</strong></span> <span class='ocrx_word' id='word_1_476' title='bbox 382 2776 426 2812; x_wconf 89' lang='lat' dir='ltr'><strong>qui</strong></span> <span class='ocrx_word' id='word_1_477' title='bbox 454 2781 548 2812; x_wconf 81' lang='lat' dir='ltr'><strong>negat,</strong></span> <span class='ocrx_word' id='word_1_478' title='bbox 571 2777 606 2804; x_wconf 88' lang='lat' dir='ltr'><strong>ita</strong></span> <span class='ocrx_word' id='word_1_479' title='bbox 628 2775 836 2810; x_wconf 82' lang='lat' dir='ltr'><strong>dcrclinquitur?</strong></span> <span class='ocrx_word' id='word_1_480' title='bbox 849 2775 915 2809; x_wconf 87' lang='lat' dir='ltr'><strong>Quia</strong></span> <span class='ocrx_word' id='word_1_481' title='bbox 930 2776 975 2810; x_wconf 89' lang='lat' dir='ltr'><strong>qui</strong></span> 
     </span>
    </p>
   </div>
   <div class='ocr_carea' id='block_1_59' title="bbox 197 2821 973 2857">
    <p class='ocr_par' dir='ltr' id='par_1_59' title="bbox 197 2821 973 2857">
     <span class='ocr_line' id='line_1_59' title="bbox 197 2821 973 2857; baseline 0.001 -9"><span class='ocrx_word' id='word_1_482' title='bbox 197 2822 398 2856; x_wconf 83' lang='lat' dir='ltr'><strong>derelinquitur.</strong></span> <span class='ocrx_word' id='word_1_483' title='bbox 409 2822 486 2857; x_wconf 81' lang='lat' dir='ltr'><strong>culpa</strong></span> <span class='ocrx_word' id='word_1_484' title='bbox 500 2829 548 2849; x_wconf 86' lang='lat' dir='ltr'><strong>sua</strong></span> <span class='ocrx_word' id='word_1_485' title='bbox 561 2821 764 2856; x_wconf 88' lang='lat' dir='ltr'><strong>derelinquitur.</strong></span> <span class='ocrx_word' id='word_1_486' title='bbox 780 2821 833 2849; x_wconf 86' lang='lat' dir='ltr'><strong>Sed</strong></span> <span class='ocrx_word' id='word_1_487' title='bbox 852 2828 900 2849; x_wconf 90' lang='lat' dir='ltr'><strong>cur</strong></span> <span class='ocrx_word' id='word_1_488' title='bbox 920 2828 973 2849; x_wconf 89' lang='lat' dir='ltr'><strong>non</strong></span> 
     </span>
    </p>
   </div>
   <div class='ocr_carea' id='block_1_60' title="bbox 228 2875 836 2910">
    <p class='ocr_par' dir='ltr' id='par_1_60' title="bbox 228 2875 836 2910">
     <span class='ocr_line' id='line_1_60' title="bbox 228 2875 836 2910; baseline -0.002 -8"><span class='ocrx_word' id='word_1_489' title='bbox 228 2876 237 2894; x_wconf 81' lang='grc' dir='ltr'><strong>ι</strong></span> <span class='ocrx_word' id='word_1_490' title='bbox 253 2880 307 2903; x_wconf 66' lang='lat' dir='ltr'><strong>nec</strong></span> <span class='ocrx_word' id='word_1_491' title='bbox 316 2876 422 2904; x_wconf 78' lang='lat' dir='ltr'><strong>clausula</strong></span> <span class='ocrx_word' id='word_1_492' title='bbox 432 2877 555 2910; x_wconf 75' lang='lat' dir='ltr'><strong>Evangelii</strong></span> <span class='ocrx_word' id='word_1_493' title='bbox 566 2881 615 2904; x_wconf 82' lang='lat' dir='ltr'><strong>tota</strong></span> <span class='ocrx_word' id='word_1_494' title='bbox 625 2877 711 2904; x_wconf 74' lang='lat' dir='ltr'><strong>deerat</strong></span> <span class='ocrx_word' id='word_1_495' title='bbox 718 2877 743 2902; x_wconf 88' lang='lat' dir='ltr'><strong>in</strong></span> <span class='ocrx_word' id='word_1_496' title='bbox 753 2875 836 2902; x_wconf 78' lang='lat' dir='ltr'><strong>Morel.</strong></span> 
     </span>
    </p>
   </div>
   <div class='ocr_carea' id='block_1_61' title="bbox 681 153 1391 183">
    <p class='ocr_par' dir='ltr' id='par_1_61' title="bbox 681 153 1391 183">
     <span class='ocr_line' id='line_1_61' title="bbox 681 153 1391 183; baseline -0.003 0"><span class='ocrx_word' id='word_1_497' title='bbox 681 155 712 183; x_wconf 81' lang='lat' dir='ltr'><strong>IN</strong></span> <span class='ocrx_word' id='word_1_498' title='bbox 733 153 934 183; x_wconf 68' lang='grc' dir='ltr'><strong>ΜΑΤΤΙΙᾸΞΗΜ</strong></span> <span class='ocrx_word' id='word_1_499' title='bbox 954 153 1067 181; x_wconf 72' lang='grc' dir='ltr'><strong>ΗΟΜΙιι.</strong></span> <span class='ocrx_word' id='word_1_500' title='bbox 1090 153 1206 182; x_wconf 72' lang='lat' dir='ltr'><strong>XXXIV.</strong></span> <span class='ocrx_word' id='word_1_501' title='bbox 1228 154 1262 181; x_wconf 86' lang='lat' dir='ltr'><strong>al.</strong></span> <span class='ocrx_word' id='word_1_502' title='bbox 1285 154 1391 182; x_wconf 73' lang='lat' dir='ltr'><strong>XXXV.</strong></span> 
     </span>
    </p>
   </div>
   <div class='ocr_carea' id='block_1_62' title="bbox 1766 157 1815 184">
    <p class='ocr_par' dir='ltr' id='par_1_62' title="bbox 1766 157 1815 184">
     <span class='ocr_line' id='line_1_62' title="bbox 1766 157 1815 184; baseline 0 0"><span class='ocrx_word' id='word_1_503' title='bbox 1766 157 1815 184; x_wconf 72' lang='grc' dir='ltr'><strong>4οἓ</strong></span> 
     </span>
    </p>
   </div>
   <div class='ocr_carea' id='block_1_63' title="bbox 1031 212 1815 247">
    <p class='ocr_par' dir='ltr' id='par_1_63' title="bbox 1031 212 1815 247">
     <span class='ocr_line' id='line_1_63' title="bbox 1031 212 1815 247; baseline 0.003 -7"><span class='ocrx_word' id='word_1_504' title='bbox 1031 212 1128 241; x_wconf 77' lang='lat' dir='ltr'><strong>sufficit</strong></span> <span class='ocrx_word' id='word_1_505' title='bbox 1141 213 1207 241; x_wconf 88' lang='lat' dir='ltr'><strong>ﬁdes</strong></span> <span class='ocrx_word' id='word_1_506' title='bbox 1226 214 1251 240; x_wconf 92' lang='lat' dir='ltr'><strong>Ill</strong></span> <span class='ocrx_word' id='word_1_507' title='bbox 1266 214 1365 247; x_wconf 87' lang='lat' dir='ltr'><strong>animo,</strong></span> <span class='ocrx_word' id='word_1_508' title='bbox 1386 213 1434 241; x_wconf 81' lang='lat' dir='ltr'><strong>sed</strong></span> <span class='ocrx_word' id='word_1_509' title='bbox 1448 213 1503 241; x_wconf 83' lang='lat' dir='ltr'><strong>oris</strong></span> <span class='ocrx_word' id='word_1_510' title='bbox 1518 215 1597 242; x_wconf 82' lang='lat' dir='ltr'><strong>etiam</strong></span> <span class='ocrx_word' id='word_1_511' title='bbox 1621 215 1815 243; x_wconf 78' lang='lat' dir='ltr'><strong>confessionem</strong></span> 
     </span>
    </p>
   </div>
   <div class='ocr_carea' id='block_1_64' title="bbox 1034 260 1814 297">
    <p class='ocr_par' dir='ltr' id='par_1_64' title="bbox 1034 260 1814 297">
     <span class='ocr_line' id='line_1_64' title="bbox 1034 260 1814 297; baseline 0.003 -10"><span class='ocrx_word' id='word_1_512' title='bbox 1034 260 1164 295; x_wconf 86' lang='lat' dir='ltr'><strong>requirit?</strong></span> <span class='ocrx_word' id='word_1_513' title='bbox 1180 260 1213 288; x_wconf 86' lang='lat' dir='ltr'><strong>Ut</strong></span> <span class='ocrx_word' id='word_1_514' title='bbox 1236 268 1286 288; x_wconf 85' lang='lat' dir='ltr'><strong>nos</strong></span> <span class='ocrx_word' id='word_1_515' title='bbox 1310 261 1400 288; x_wconf 89' lang='lat' dir='ltr'><strong>incitet</strong></span> <span class='ocrx_word' id='word_1_516' title='bbox 1411 261 1444 287; x_wconf 93' lang='lat' dir='ltr'><strong>ad</strong></span> <span class='ocrx_word' id='word_1_517' title='bbox 1460 260 1581 288; x_wconf 89' lang='lat' dir='ltr'><strong>ﬁduciam</strong></span> <span class='ocrx_word' id='word_1_518' title='bbox 1597 267 1624 289; x_wconf 90' lang='lat' dir='ltr'><strong>et</strong></span> <span class='ocrx_word' id='word_1_519' title='bbox 1637 262 1669 289; x_wconf 90' lang='lat' dir='ltr'><strong>ad</strong></span> <span class='ocrx_word' id='word_1_520' title='bbox 1690 262 1814 297; x_wconf 87' lang='lat' dir='ltr'><strong>loquendi</strong></span> 
     </span>
    </p>
   </div>
   <div class='ocr_carea' id='block_1_65' title="bbox 1032 305 1816 341">
    <p class='ocr_par' dir='ltr' id='par_1_65' title="bbox 1032 305 1816 341">
     <span class='ocr_line' id='line_1_65' title="bbox 1032 305 1816 341; baseline 0.004 -9"><span class='ocrx_word' id='word_1_521' title='bbox 1032 305 1180 333; x_wconf 89' lang='lat' dir='ltr'><strong>libertatem</strong></span> <span class='ocrx_word' id='word_1_522' title='bbox 1195 326 1202 338; x_wconf 98' lang='lat'><strong>,</strong></span> <span class='ocrx_word' id='word_1_523' title='bbox 1219 314 1321 333; x_wconf 84' lang='lat' dir='ltr'><strong>necnon</strong></span> <span class='ocrx_word' id='word_1_524' title='bbox 1336 306 1369 334; x_wconf 88' lang='lat' dir='ltr'><strong>ad</strong></span> <span class='ocrx_word' id='word_1_525' title='bbox 1395 309 1524 341; x_wconf 84' lang='lat' dir='ltr'><strong>majorem</strong></span> <span class='ocrx_word' id='word_1_526' title='bbox 1546 309 1684 336; x_wconf 78' lang='lat' dir='ltr'><strong>caritatem</strong></span> <span class='ocrx_word' id='word_1_527' title='bbox 1700 313 1726 336; x_wconf 81' lang='lat' dir='ltr'><strong>t-I.</strong></span> <span class='ocrx_word' id='word_1_528' title='bbox 1750 309 1816 336; x_wconf 57' lang='lat' dir='ltr'><strong>alio-</strong></span> 
     </span>
    </p>
   </div>
   <div class='ocr_carea' id='block_1_66' title="bbox 1032 354 1817 388">
    <p class='ocr_par' dir='ltr' id='par_1_66' title="bbox 1032 354 1817 388">
     <span class='ocr_line' id='line_1_66' title="bbox 1032 354 1817 388; baseline 0.004 -10"><span class='ocrx_word' id='word_1_529' title='bbox 1032 357 1116 386; x_wconf 86' lang='lat' dir='ltr'><strong>etum,</strong></span> <span class='ocrx_word' id='word_1_530' title='bbox 1133 358 1214 386; x_wconf 91' lang='lat' dir='ltr'><strong>utque</strong></span> <span class='ocrx_word' id='word_1_531' title='bbox 1226 360 1273 380; x_wconf 76' lang='grc' dir='ltr'>ιιος</span> <span class='ocrx_word' id='word_1_532' title='bbox 1296 354 1464 381; x_wconf 79' lang='lat' dir='ltr'><strong>sublimiorcs</strong></span> <span class='ocrx_word' id='word_1_533' title='bbox 1477 355 1582 382; x_wconf 82' lang='lat' dir='ltr'><strong>efﬁciat.</strong></span> <span class='ocrx_word' id='word_1_534' title='bbox 1601 355 1716 388; x_wconf 64' lang='lat' dir='ltr'><strong>Ideoque</strong></span> <span class='ocrx_word' id='word_1_535' title='bbox 1729 355 1817 382; x_wconf 77' lang='lat' dir='ltr'><strong>omni-</strong></span> 
     </span>
    </p>
   </div>
   <div class='ocr_carea' id='block_1_67' title="bbox 1032 398 1813 434">
    <p class='ocr_par' dir='ltr' id='par_1_67' title="bbox 1032 398 1813 434">
     <span class='ocr_line' id='line_1_67' title="bbox 1032 398 1813 434; baseline 0.001 -9"><span class='ocrx_word' id='word_1_536' title='bbox 1032 398 1081 425; x_wconf 89' lang='lat' dir='ltr'><strong>bus</strong></span> <span class='ocrx_word' id='word_1_537' title='bbox 1102 398 1228 433; x_wconf 88' lang='lat' dir='ltr'><strong>loquitur,</strong></span> <span class='ocrx_word' id='word_1_538' title='bbox 1257 407 1343 433; x_wconf 88' lang='lat' dir='ltr'><strong>neque</strong></span> <span class='ocrx_word' id='word_1_539' title='bbox 1358 400 1430 427; x_wconf 83' lang='lat' dir='ltr'><strong>solos</strong></span> <span class='ocrx_word' id='word_1_540' title='bbox 1446 401 1554 434; x_wconf 74' lang='lat' dir='ltr'><strong>respicit</strong></span> <span class='ocrx_word' id='word_1_541' title='bbox 1573 400 1735 434; x_wconf 78' lang='lat' dir='ltr'><strong>discipulos;</strong></span> <span class='ocrx_word' id='word_1_542' title='bbox 1760 407 1813 427; x_wconf 88' lang='lat' dir='ltr'><strong>non</strong></span> 
     </span>
    </p>
   </div>
   <div class='ocr_carea' id='block_1_68' title="bbox 1032 444 1815 480">
    <p class='ocr_par' dir='ltr' id='par_1_68' title="bbox 1032 444 1815 480">
     <span class='ocr_line' id='line_1_68' title="bbox 1032 444 1815 480; baseline -0.001 -8"><span class='ocrx_word' id='word_1_543' title='bbox 1032 444 1091 472; x_wconf 90' lang='lat' dir='ltr'><strong>illos</strong></span> <span class='ocrx_word' id='word_1_544' title='bbox 1103 446 1174 472; x_wconf 89' lang='lat' dir='ltr'><strong>enim</strong></span> <span class='ocrx_word' id='word_1_545' title='bbox 1191 449 1302 478; x_wconf 89' lang='lat' dir='ltr'><strong>tantum,</strong></span> <span class='ocrx_word' id='word_1_546' title='bbox 1330 445 1376 472; x_wconf 90' lang='lat' dir='ltr'><strong>sed</strong></span> <span class='ocrx_word' id='word_1_547' title='bbox 1396 446 1474 473; x_wconf 87' lang='lat' dir='ltr'><strong>etiatn</strong></span> <span class='ocrx_word' id='word_1_548' title='bbox 1491 445 1636 480; x_wconf 79' lang='lat' dir='ltr'><strong>discipulos</strong></span> <span class='ocrx_word' id='word_1_549' title='bbox 1658 453 1750 472; x_wconf 90' lang='lat' dir='ltr'><strong>eorum</strong></span> <span class='ocrx_word' id='word_1_550' title='bbox 1761 445 1815 480; x_wconf 88' lang='lat' dir='ltr'><strong>jatn</strong></span> 
     </span>
    </p>
   </div>
   <div class='ocr_carea' id='block_1_69' title="bbox 1033 491 1817 527">
    <p class='ocr_par' dir='ltr' id='par_1_69' title="bbox 1033 491 1817 527">
     <span class='ocr_line' id='line_1_69' title="bbox 1033 491 1817 527; baseline 0 -9"><span class='ocrx_word' id='word_1_551' title='bbox 1033 496 1156 519; x_wconf 87' lang='lat' dir='ltr'><strong>strenuos</strong></span> <span class='ocrx_word' id='word_1_552' title='bbox 1170 491 1282 519; x_wconf 89' lang='lat' dir='ltr'><strong>reddere</strong></span> <span class='ocrx_word' id='word_1_553' title='bbox 1294 492 1390 518; x_wconf 79' lang='lat' dir='ltr'><strong>studet.</strong></span> <span class='ocrx_word' id='word_1_554' title='bbox 1405 491 1471 518; x_wconf 86' lang='lat' dir='ltr'><strong>Nam</strong></span> <span class='ocrx_word' id='word_1_555' title='bbox 1482 492 1526 527; x_wconf 89' lang='lat' dir='ltr'><strong>qui</strong></span> <span class='ocrx_word' id='word_1_556' title='bbox 1541 492 1596 518; x_wconf 78' lang='lat' dir='ltr'><strong>htrc</strong></span> <span class='ocrx_word' id='word_1_557' title='bbox 1607 491 1739 521; x_wconf 81' lang='lat' dir='ltr'><strong>didicerit,</strong></span> <span class='ocrx_word' id='word_1_558' title='bbox 1764 499 1817 518; x_wconf 88' lang='lat' dir='ltr'><strong>non</strong></span> 
     </span>
    </p>
   </div>
   <div class='ocr_carea' id='block_1_70' title="bbox 1033 537 1817 569">
    <p class='ocr_par' dir='ltr' id='par_1_70' title="bbox 1033 537 1817 569">
     <span class='ocr_line' id='line_1_70' title="bbox 1033 537 1817 569; baseline -0.003 -4"><span class='ocrx_word' id='word_1_559' title='bbox 1033 538 1113 565; x_wconf 91' lang='lat' dir='ltr'><strong>modo</strong></span> <span class='ocrx_word' id='word_1_560' title='bbox 1127 546 1186 565; x_wconf 91' lang='lat' dir='ltr'><strong>cttm</strong></span> <span class='ocrx_word' id='word_1_561' title='bbox 1200 538 1321 565; x_wconf 87' lang='lat' dir='ltr'><strong>libertate</strong></span> <span class='ocrx_word' id='word_1_562' title='bbox 1341 538 1457 569; x_wconf 83' lang='lat' dir='ltr'><strong>docebit,</strong></span> <span class='ocrx_word' id='word_1_563' title='bbox 1475 538 1521 564; x_wconf 85' lang='lat' dir='ltr'><strong>sed</strong></span> <span class='ocrx_word' id='word_1_564' title='bbox 1537 539 1617 564; x_wconf 89' lang='lat' dir='ltr'><strong>etiam</strong></span> <span class='ocrx_word' id='word_1_565' title='bbox 1640 538 1726 564; x_wconf 85' lang='lat' dir='ltr'><strong>omnia</strong></span> <span class='ocrx_word' id='word_1_566' title='bbox 1741 537 1817 564; x_wconf 78' lang='lat' dir='ltr'><strong>facile</strong></span> 
     </span>
    </p>
   </div>
   <div class='ocr_carea' id='block_1_71' title="bbox 1033 581 1815 618">
    <p class='ocr_par' dir='ltr' id='par_1_71' title="bbox 1033 581 1815 618">
     <span class='ocr_line' id='line_1_71' title="bbox 1033 581 1815 618; baseline -0.005 -7"><span class='ocrx_word' id='word_1_567' title='bbox 1033 588 1060 611; x_wconf 92' lang='lat' dir='ltr'><strong>et</strong></span> <span class='ocrx_word' id='word_1_568' title='bbox 1082 591 1177 618; x_wconf 83' lang='lat' dir='ltr'><strong>magno</strong></span> <span class='ocrx_word' id='word_1_569' title='bbox 1190 584 1279 610; x_wconf 87' lang='lat' dir='ltr'><strong>anitno</strong></span> <span class='ocrx_word' id='word_1_570' title='bbox 1295 584 1417 617; x_wconf 82' lang='lat' dir='ltr'><strong>patietur.</strong></span> <span class='ocrx_word' id='word_1_571' title='bbox 1433 583 1460 610; x_wconf 91' lang='lat' dir='ltr'><strong>Id</strong></span> <span class='ocrx_word' id='word_1_572' title='bbox 1482 588 1555 610; x_wconf 80' lang='lat' dir='ltr'><strong>certe</strong></span> <span class='ocrx_word' id='word_1_573' title='bbox 1576 583 1636 610; x_wconf 77' lang='lat' dir='ltr'><strong>fecit</strong></span> <span class='ocrx_word' id='word_1_574' title='bbox 1651 587 1680 610; x_wconf 93' lang='lat' dir='ltr'><strong>ut</strong></span> <span class='ocrx_word' id='word_1_575' title='bbox 1693 582 1767 609; x_wconf 91' lang='lat' dir='ltr'><strong>multi</strong></span> <span class='ocrx_word' id='word_1_576' title='bbox 1783 581 1815 608; x_wconf 86' lang='lat' dir='ltr'><strong>ad</strong></span> 
     </span>
    </p>
   </div>
   <div class='ocr_carea' id='block_1_72' title="bbox 1032 628 1815 664">
    <p class='ocr_par' dir='ltr' id='par_1_72' title="bbox 1032 628 1815 664">
     <span class='ocr_line' id='line_1_72' title="bbox 1032 628 1815 664; baseline -0.003 -8"><span class='ocrx_word' id='word_1_577' title='bbox 1032 630 1168 664; x_wconf 88' lang='lat' dir='ltr'><strong>apostolos</strong></span> <span class='ocrx_word' id='word_1_578' title='bbox 1182 630 1348 659; x_wconf 70' lang='lat' dir='ltr'><strong>accedi-rent.</strong></span> <span class='ocrx_word' id='word_1_579' title='bbox 1365 629 1435 664; x_wconf 88' lang='lat' dir='ltr'><strong>quod</strong></span> <span class='ocrx_word' id='word_1_580' title='bbox 1463 629 1522 656; x_wconf 87' lang='lat' dir='ltr'><strong>huic</strong></span> <span class='ocrx_word' id='word_1_581' title='bbox 1540 629 1612 656; x_wconf 87' lang='lat' dir='ltr'><strong>dicto</strong></span> <span class='ocrx_word' id='word_1_582' title='bbox 1637 628 1714 655; x_wconf 84' lang='lat' dir='ltr'><strong>ﬁdem</strong></span> <span class='ocrx_word' id='word_1_583' title='bbox 1735 628 1815 655; x_wconf 72' lang='lat' dir='ltr'><strong>habe-</strong></span> 
     </span>
    </p>
   </div>
   <div class='ocr_carea' id='block_1_73' title="bbox 1032 676 1814 710">
    <p class='ocr_par' dir='ltr' id='par_1_73' title="bbox 1032 676 1814 710">
     <span class='ocr_line' id='line_1_73' title="bbox 1032 676 1814 710; baseline -0.001 -7"><span class='ocrx_word' id='word_1_584' title='bbox 1032 681 1101 704; x_wconf 89' lang='lat' dir='ltr'><strong>rent.</strong></span> <span class='ocrx_word' id='word_1_585' title='bbox 1116 676 1180 702; x_wconf 81' lang='lat' dir='ltr'><strong>Nam</strong></span> <span class='ocrx_word' id='word_1_586' title='bbox 1196 680 1223 703; x_wconf 90' lang='lat' dir='ltr'><strong>ut</strong></span> <span class='ocrx_word' id='word_1_587' title='bbox 1237 676 1261 702; x_wconf 92' lang='lat' dir='ltr'><strong>in</strong></span> <span class='ocrx_word' id='word_1_588' title='bbox 1287 676 1362 703; x_wconf 87' lang='lat' dir='ltr'><strong>malis</strong></span> <span class='ocrx_word' id='word_1_589' title='bbox 1377 676 1476 710; x_wconf 85' lang='lat' dir='ltr'><strong>majora</strong></span> <span class='ocrx_word' id='word_1_590' title='bbox 1498 676 1627 709; x_wconf 86' lang='lat' dir='ltr'><strong>supplicia</strong></span> <span class='ocrx_word' id='word_1_591' title='bbox 1649 680 1814 709; x_wconf 87' lang='lat' dir='ltr'><strong>sequuntur:</strong></span> 
     </span>
    </p>
   </div>
   <div class='ocr_carea' id='block_1_74' title="bbox 1033 720 1815 755">
    <p class='ocr_par' dir='ltr' id='par_1_74' title="bbox 1033 720 1815 755">
     <span class='ocr_line' id='line_1_74' title="bbox 1033 720 1815 755; baseline -0.004 -6"><span class='ocrx_word' id='word_1_592' title='bbox 1033 723 1072 749; x_wconf 87' lang='lat' dir='ltr'><strong>sic</strong></span> <span class='ocrx_word' id='word_1_593' title='bbox 1088 726 1115 749; x_wconf 91' lang='lat' dir='ltr'><strong>et</strong></span> <span class='ocrx_word' id='word_1_594' title='bbox 1130 722 1155 748; x_wconf 93' lang='lat' dir='ltr'><strong>iu</strong></span> <span class='ocrx_word' id='word_1_595' title='bbox 1170 722 1246 748; x_wconf 89' lang='lat' dir='ltr'><strong>bonis</strong></span> <span class='ocrx_word' id='word_1_596' title='bbox 1260 722 1345 755; x_wconf 85' lang='lat' dir='ltr'><strong>major</strong></span> <span class='ocrx_word' id='word_1_597' title='bbox 1356 729 1468 748; x_wconf 82' lang='lat' dir='ltr'><strong>merces.</strong></span> <span class='ocrx_word' id='word_1_598' title='bbox 1483 721 1548 755; x_wconf 86' lang='lat' dir='ltr'><strong>Quia</strong></span> <span class='ocrx_word' id='word_1_599' title='bbox 1564 721 1634 748; x_wconf 88' lang='lat' dir='ltr'><strong>enim</strong></span> <span class='ocrx_word' id='word_1_600' title='bbox 1650 721 1695 755; x_wconf 87' lang='lat' dir='ltr'><strong>qui</strong></span> <span class='ocrx_word' id='word_1_601' title='bbox 1717 720 1815 747; x_wconf 86' lang='lat' dir='ltr'><strong>bonum</strong></span> 
     </span>
    </p>
   </div>
   <div class='ocr_carea' id='block_1_75' title="bbox 1032 766 1816 802">
    <p class='ocr_par' dir='ltr' id='par_1_75' title="bbox 1032 766 1816 802">
     <span class='ocr_line' id='line_1_75' title="bbox 1032 766 1816 802; baseline -0.003 -7"><span class='ocrx_word' id='word_1_602' title='bbox 1032 768 1071 796; x_wconf 92' lang='lat' dir='ltr'><strong>sic</strong></span> <span class='ocrx_word' id='word_1_603' title='bbox 1081 771 1215 802; x_wconf 86' lang='lat' dir='ltr'><strong>operatur,</strong></span> <span class='ocrx_word' id='word_1_604' title='bbox 1228 767 1334 794; x_wconf 86' lang='lat' dir='ltr'><strong>divitias</strong></span> <span class='ocrx_word' id='word_1_605' title='bbox 1344 767 1393 794; x_wconf 91' lang='lat' dir='ltr'><strong>sibi</strong></span> <span class='ocrx_word' id='word_1_606' title='bbox 1410 772 1493 801; x_wconf 87' lang='lat' dir='ltr'><strong>parat,</strong></span> <span class='ocrx_word' id='word_1_607' title='bbox 1510 770 1634 801; x_wconf 82' lang='lat' dir='ltr'><strong>peccator</strong></span> <span class='ocrx_word' id='word_1_608' title='bbox 1647 771 1733 793; x_wconf 89' lang='lat' dir='ltr'><strong>autem</strong></span> <span class='ocrx_word' id='word_1_609' title='bbox 1748 766 1816 793; x_wconf 86' lang='lat' dir='ltr'><strong>dila-</strong></span> 
     </span>
    </p>
   </div>
   <div class='ocr_carea' id='block_1_76' title="bbox 1033 811 1816 846">
    <p class='ocr_par' dir='ltr' id='par_1_76' title="bbox 1033 811 1816 846">
     <span class='ocr_line' id='line_1_76' title="bbox 1033 811 1816 846; baseline -0.001 -7"><span class='ocrx_word' id='word_1_610' title='bbox 1033 814 1105 840; x_wconf 92' lang='lat' dir='ltr'><strong>tione</strong></span> <span class='ocrx_word' id='word_1_611' title='bbox 1118 811 1239 846; x_wconf 88' lang='lat' dir='ltr'><strong>supplicii</strong></span> <span class='ocrx_word' id='word_1_612' title='bbox 1255 819 1284 839; x_wconf 89' lang='lat' dir='ltr'><strong>se</strong></span> <span class='ocrx_word' id='word_1_613' title='bbox 1299 811 1394 839; x_wconf 85' lang='lat' dir='ltr'><strong>lucrari</strong></span> <span class='ocrx_word' id='word_1_614' title='bbox 1410 812 1556 843; x_wconf 82' lang='lat' dir='ltr'><strong>existimat,</strong></span> <span class='ocrx_word' id='word_1_615' title='bbox 1573 819 1674 845; x_wconf 85' lang='lat' dir='ltr'><strong>parem,</strong></span> <span class='ocrx_word' id='word_1_616' title='bbox 1688 812 1741 838; x_wconf 89' lang='lat' dir='ltr'><strong>imo</strong></span> <span class='ocrx_word' id='word_1_617' title='bbox 1756 812 1816 838; x_wconf 92' lang='lat' dir='ltr'><strong>lou-</strong></span> 
     </span>
    </p>
   </div>
   <div class='ocr_carea' id='block_1_77' title="bbox 1032 857 1815 892">
    <p class='ocr_par' dir='ltr' id='par_1_77' title="bbox 1032 857 1815 892">
     <span class='ocr_line' id='line_1_77' title="bbox 1032 857 1815 892; baseline 0 -8"><span class='ocrx_word' id='word_1_618' title='bbox 1032 865 1065 891; x_wconf 82' lang='lat' dir='ltr'><strong>ge</strong></span> <span class='ocrx_word' id='word_1_619' title='bbox 1076 857 1205 892; x_wconf 85' lang='lat' dir='ltr'><strong>majorem</strong></span> <span class='ocrx_word' id='word_1_620' title='bbox 1220 857 1286 884; x_wconf 83' lang='lat' dir='ltr'><strong>bene</strong></span> <span class='ocrx_word' id='word_1_621' title='bbox 1303 857 1423 891; x_wconf 86' lang='lat' dir='ltr'><strong>operanti</strong></span> <span class='ocrx_word' id='word_1_622' title='bbox 1436 857 1538 883; x_wconf 77' lang='lat' dir='ltr'><strong>induxit</strong></span> <span class='ocrx_word' id='word_1_623' title='bbox 1549 857 1664 891; x_wconf 85' lang='lat' dir='ltr'><strong>copiam,</strong></span> <span class='ocrx_word' id='word_1_624' title='bbox 1678 865 1726 884; x_wconf 86' lang='lat' dir='ltr'><strong>seu</strong></span> <span class='ocrx_word' id='word_1_625' title='bbox 1745 865 1815 891; x_wconf 81' lang='lat' dir='ltr'><strong>prac-</strong></span> 
     </span>
    </p>
   </div>
   <div class='ocr_carea' id='block_1_78' title="bbox 1033 903 1816 938">
    <p class='ocr_par' dir='ltr' id='par_1_78' title="bbox 1033 903 1816 938">
     <span class='ocr_line' id='line_1_78' title="bbox 1033 903 1816 938; baseline 0 -8"><span class='ocrx_word' id='word_1_626' title='bbox 1033 904 1146 931; x_wconf 87' lang='lat' dir='ltr'><strong>miornm</strong></span> <span class='ocrx_word' id='word_1_627' title='bbox 1160 903 1380 930; x_wconf 84' lang='lat' dir='ltr'><strong>additamentum.</strong></span> <span class='ocrx_word' id='word_1_628' title='bbox 1398 903 1470 930; x_wconf 89' lang='lat' dir='ltr'><strong>Ilanc</strong></span> <span class='ocrx_word' id='word_1_629' title='bbox 1480 904 1693 938; x_wconf 69' lang='lat' dir='ltr'><strong>praerogativam,</strong></span> <span class='ocrx_word' id='word_1_630' title='bbox 1709 903 1793 936; x_wconf 86' lang='lat' dir='ltr'><strong>inquit</strong></span> <span class='ocrx_word' id='word_1_631' title='bbox 1806 921 1816 936; x_wconf 77' lang='lat'><strong>,</strong></span> 
     </span>
    </p>
   </div>
   <div class='ocr_carea' id='block_1_79' title="bbox 1033 949 1816 984">
    <p class='ocr_par' dir='ltr' id='par_1_79' title="bbox 1033 949 1816 984">
     <span class='ocr_line' id='line_1_79' title="bbox 1033 949 1816 984; baseline -0.003 -7"><span class='ocrx_word' id='word_1_632' title='bbox 1033 950 1124 982; x_wconf 80' lang='lat' dir='ltr'><strong>habes,</strong></span> <span class='ocrx_word' id='word_1_633' title='bbox 1139 949 1208 983; x_wconf 92' lang='lat' dir='ltr'><strong>quod</strong></span> <span class='ocrx_word' id='word_1_634' title='bbox 1223 949 1249 976; x_wconf 94' lang='lat' dir='ltr'><strong>in</strong></span> <span class='ocrx_word' id='word_1_635' title='bbox 1264 957 1305 976; x_wconf 87' lang='lat' dir='ltr'><strong>me</strong></span> <span class='ocrx_word' id='word_1_636' title='bbox 1326 949 1397 984; x_wconf 86' lang='lat' dir='ltr'><strong>prior</strong></span> <span class='ocrx_word' id='word_1_637' title='bbox 1420 949 1586 977; x_wconf 85' lang='lat' dir='ltr'><strong>credideris?</strong></span> <span class='ocrx_word' id='word_1_638' title='bbox 1602 949 1656 984; x_wconf 84' lang='lat' dir='ltr'><strong>Ego</strong></span> <span class='ocrx_word' id='word_1_639' title='bbox 1672 949 1736 976; x_wconf 87' lang='lat' dir='ltr'><strong>item</strong></span> <span class='ocrx_word' id='word_1_640' title='bbox 1748 950 1816 976; x_wconf 85' lang='lat' dir='ltr'><strong>hanc</strong></span> 
     </span>
    </p>
   </div>
   <div class='ocr_carea' id='block_1_80' title="bbox 1032 995 1816 1031">
    <p class='ocr_par' dir='ltr' id='par_1_80' title="bbox 1032 995 1816 1031">
     <span class='ocr_line' id='line_1_80' title="bbox 1032 995 1816 1031; baseline -0.001 -8"><span class='ocrx_word' id='word_1_641' title='bbox 1032 996 1232 1031; x_wconf 63' lang='lat' dir='ltr'><strong>praerogativam</strong></span> <span class='ocrx_word' id='word_1_642' title='bbox 1256 995 1335 1026; x_wconf 80' lang='lat' dir='ltr'><strong>dabo.</strong></span> <span class='ocrx_word' id='word_1_643' title='bbox 1356 999 1385 1023; x_wconf 90' lang='lat' dir='ltr'><strong>ut</strong></span> <span class='ocrx_word' id='word_1_644' title='bbox 1399 995 1497 1030; x_wconf 85' lang='lat' dir='ltr'><strong>majora</strong></span> <span class='ocrx_word' id='word_1_645' title='bbox 1518 995 1630 1023; x_wconf 85' lang='lat' dir='ltr'><strong>tribuam</strong></span> <span class='ocrx_word' id='word_1_646' title='bbox 1644 1016 1650 1027; x_wconf 84' lang='lat'><strong>,</strong></span> <span class='ocrx_word' id='word_1_647' title='bbox 1665 995 1719 1022; x_wconf 87' lang='lat' dir='ltr'><strong>imo</strong></span> <span class='ocrx_word' id='word_1_648' title='bbox 1738 995 1816 1029; x_wconf 74' lang='lat' dir='ltr'><strong>longe</strong></span> 
     </span>
    </p>
   </div>
   <div class='ocr_carea' id='block_1_81' title="bbox 1032 1041 1816 1076">
    <p class='ocr_par' dir='ltr' id='par_1_81' title="bbox 1032 1041 1816 1076">
     <span class='ocr_line' id='line_1_81' title="bbox 1032 1041 1816 1076; baseline -0.003 -6"><span class='ocrx_word' id='word_1_649' title='bbox 1032 1042 1132 1076; x_wconf 83' lang='lat' dir='ltr'><strong>majora</strong></span> <span class='ocrx_word' id='word_1_650' title='bbox 1150 1052 1156 1070; x_wconf 91' lang='lat'><strong><em>:</em></strong></span> <span class='ocrx_word' id='word_1_651' title='bbox 1171 1049 1232 1069; x_wconf 83' lang='lat' dir='ltr'><strong>nam</strong></span> <span class='ocrx_word' id='word_1_652' title='bbox 1252 1042 1288 1069; x_wconf 92' lang='lat' dir='ltr'><strong>ibi</strong></span> <span class='ocrx_word' id='word_1_653' title='bbox 1302 1046 1327 1069; x_wconf 87' lang='lat' dir='ltr'><strong>te</strong></span> <span class='ocrx_word' id='word_1_654' title='bbox 1342 1041 1499 1069; x_wconf 88' lang='lat' dir='ltr'><strong>conﬁtebor.</strong></span> <span class='ocrx_word' id='word_1_655' title='bbox 1516 1042 1609 1069; x_wconf 74' lang='lat' dir='ltr'><strong>Viden‘</strong></span> <span class='ocrx_word' id='word_1_656' title='bbox 1623 1046 1649 1069; x_wconf 89' lang='lat' dir='ltr'><strong>et</strong></span> <span class='ocrx_word' id='word_1_657' title='bbox 1664 1042 1706 1069; x_wconf 89' lang='lat' dir='ltr'><strong>hic</strong></span> <span class='ocrx_word' id='word_1_658' title='bbox 1721 1046 1747 1068; x_wconf 84' lang='lat' dir='ltr'><strong>et</strong></span> <span class='ocrx_word' id='word_1_659' title='bbox 1765 1042 1816 1069; x_wconf 86' lang='lat' dir='ltr'><strong>illic</strong></span> 
     </span>
    </p>
   </div>
   <div class='ocr_carea' id='block_1_82' title="bbox 1032 1087 1817 1123">
    <p class='ocr_par' dir='ltr' id='par_1_82' title="bbox 1032 1087 1817 1123">
     <span class='ocr_line' id='line_1_82' title="bbox 1032 1087 1817 1123; baseline 0.001 -9"><span class='ocrx_word' id='word_1_660' title='bbox 1032 1088 1099 1115; x_wconf 88' lang='lat' dir='ltr'><strong>bona</strong></span> <span class='ocrx_word' id='word_1_661' title='bbox 1123 1092 1150 1115; x_wconf 90' lang='lat' dir='ltr'><strong>et</strong></span> <span class='ocrx_word' id='word_1_662' title='bbox 1173 1088 1241 1114; x_wconf 87' lang='lat' dir='ltr'><strong>mala</strong></span> <span class='ocrx_word' id='word_1_663' title='bbox 1258 1087 1453 1115; x_wconf 86' lang='lat' dir='ltr'><strong>recondi?Cur</strong></span> <span class='ocrx_word' id='word_1_664' title='bbox 1466 1095 1531 1123; x_wconf 89' lang='lat' dir='ltr'><strong>ergo</strong></span> <span class='ocrx_word' id='word_1_665' title='bbox 1553 1087 1680 1115; x_wconf 77' lang='lat' dir='ltr'><strong>festinas?</strong></span> <span class='ocrx_word' id='word_1_666' title='bbox 1701 1096 1748 1114; x_wconf 84' lang='lat' dir='ltr'><strong>cur</strong></span> <span class='ocrx_word' id='word_1_667' title='bbox 1774 1088 1817 1115; x_wconf 88' lang='lat' dir='ltr'><strong>hic</strong></span> 
     </span>
    </p>
   </div>
   <div class='ocr_carea' id='block_1_83' title="bbox 1033 1133 1813 1168">
    <p class='ocr_par' dir='ltr' id='par_1_83' title="bbox 1033 1133 1813 1168">
     <span class='ocr_line' id='line_1_83' title="bbox 1033 1133 1813 1168; baseline 0 -8"><span class='ocrx_word' id='word_1_668' title='bbox 1033 1133 1182 1160; x_wconf 89' lang='lat' dir='ltr'><strong>mercedem</strong></span> <span class='ocrx_word' id='word_1_669' title='bbox 1201 1133 1307 1168; x_wconf 74' lang='lat' dir='ltr'><strong>qttmris,</strong></span> <span class='ocrx_word' id='word_1_670' title='bbox 1325 1133 1368 1168; x_wconf 91' lang='lat' dir='ltr'><strong>qui</strong></span> <span class='ocrx_word' id='word_1_671' title='bbox 1383 1141 1430 1167; x_wconf 82' lang='lat' dir='ltr'><strong>spe</strong></span> <span class='ocrx_word' id='word_1_672' title='bbox 1440 1133 1494 1168; x_wconf 88' lang='lat' dir='ltr'><strong>jam</strong></span> <span class='ocrx_word' id='word_1_673' title='bbox 1511 1133 1598 1160; x_wconf 84' lang='lat' dir='ltr'><strong>salvus</strong></span> <span class='ocrx_word' id='word_1_674' title='bbox 1616 1134 1664 1160; x_wconf 82' lang='lat' dir='ltr'><strong>es?</strong></span> <span class='ocrx_word' id='word_1_675' title='bbox 1675 1133 1775 1160; x_wconf 86' lang='lat' dir='ltr'><strong>Idcirco</strong></span> <span class='ocrx_word' id='word_1_676' title='bbox 1790 1135 1813 1160; x_wconf 87' lang='lat' dir='ltr'><strong>si</strong></span> 
     </span>
    </p>
   </div>
   <div class='ocr_carea' id='block_1_84' title="bbox 1032 1179 1816 1215">
    <p class='ocr_par' dir='ltr' id='par_1_84' title="bbox 1032 1179 1816 1215">
     <span class='ocr_line' id='line_1_84' title="bbox 1032 1179 1816 1215; baseline -0.001 -8"><span class='ocrx_word' id='word_1_677' title='bbox 1032 1181 1094 1215; x_wconf 92' lang='lat' dir='ltr'><strong>quid</strong></span> <span class='ocrx_word' id='word_1_678' title='bbox 1108 1180 1168 1207; x_wconf 93' lang='lat' dir='ltr'><strong>boni</strong></span> <span class='ocrx_word' id='word_1_679' title='bbox 1184 1179 1288 1212; x_wconf 60' lang='lat' dir='ltr'><strong>feceris,</strong></span> <span class='ocrx_word' id='word_1_680' title='bbox 1315 1187 1400 1214; x_wconf 85' lang='lat' dir='ltr'><strong>neque</strong></span> <span class='ocrx_word' id='word_1_681' title='bbox 1413 1179 1455 1206; x_wconf 91' lang='lat' dir='ltr'><strong>hic</strong></span> <span class='ocrx_word' id='word_1_682' title='bbox 1472 1180 1621 1207; x_wconf 84' lang='lat' dir='ltr'><strong>mercedem</strong></span> <span class='ocrx_word' id='word_1_683' title='bbox 1637 1180 1749 1214; x_wconf 86' lang='lat' dir='ltr'><strong>recipias</strong></span> <span class='ocrx_word' id='word_1_684' title='bbox 1760 1200 1767 1211; x_wconf 95' lang='lat'><strong>,</strong></span> <span class='ocrx_word' id='word_1_685' title='bbox 1784 1188 1816 1206; x_wconf 89' lang='lat' dir='ltr'><strong>ne</strong></span> 
     </span>
    </p>
   </div>
   <div class='ocr_carea' id='block_1_85' title="bbox 1033 1224 1817 1260">
    <p class='ocr_par' dir='ltr' id='par_1_85' title="bbox 1033 1224 1817 1260">
     <span class='ocr_line' id='line_1_85' title="bbox 1033 1224 1817 1260; baseline 0 -8"><span class='ocrx_word' id='word_1_686' title='bbox 1033 1225 1166 1257; x_wconf 78' lang='lat' dir='ltr'><strong>turbaris;</strong></span> <span class='ocrx_word' id='word_1_687' title='bbox 1186 1233 1246 1252; x_wconf 89' lang='lat' dir='ltr'><strong>cum</strong></span> <span class='ocrx_word' id='word_1_688' title='bbox 1269 1224 1451 1252; x_wconf 86' lang='lat' dir='ltr'><strong>additamento</strong></span> <span class='ocrx_word' id='word_1_689' title='bbox 1462 1225 1532 1252; x_wconf 77' lang='lat' dir='ltr'><strong>enim</strong></span> <span class='ocrx_word' id='word_1_690' title='bbox 1557 1225 1582 1252; x_wconf 94' lang='lat' dir='ltr'><strong>in</strong></span> <span class='ocrx_word' id='word_1_691' title='bbox 1598 1224 1686 1252; x_wconf 71' lang='lat' dir='ltr'><strong>futuro</strong></span> <span class='ocrx_word' id='word_1_692' title='bbox 1699 1231 1817 1260; x_wconf 75' lang='lat' dir='ltr'><strong>tempore</strong></span> 
     </span>
    </p>
   </div>
   <div class='ocr_carea' id='block_1_86' title="bbox 1033 1270 1817 1305">
    <p class='ocr_par' dir='ltr' id='par_1_86' title="bbox 1033 1270 1817 1305">
     <span class='ocr_line' id='line_1_86' title="bbox 1033 1270 1817 1305; baseline -0.001 -7"><span class='ocrx_word' id='word_1_693' title='bbox 1033 1275 1059 1298; x_wconf 88' lang='lat' dir='ltr'><strong>te</strong></span> <span class='ocrx_word' id='word_1_694' title='bbox 1073 1277 1175 1297; x_wconf 87' lang='lat' dir='ltr'><strong>merces</strong></span> <span class='ocrx_word' id='word_1_695' title='bbox 1194 1275 1294 1297; x_wconf 89' lang='lat' dir='ltr'><strong>manet.</strong></span> <span class='ocrx_word' id='word_1_696' title='bbox 1308 1270 1353 1297; x_wconf 89' lang='lat' dir='ltr'><strong>Sin</strong></span> <span class='ocrx_word' id='word_1_697' title='bbox 1364 1270 1498 1305; x_wconf 84' lang='lat' dir='ltr'><strong>quidpiam</strong></span> <span class='ocrx_word' id='word_1_698' title='bbox 1512 1270 1571 1297; x_wconf 89' lang='lat' dir='ltr'><strong>mali</strong></span> <span class='ocrx_word' id='word_1_699' title='bbox 1586 1271 1690 1303; x_wconf 83' lang='lat' dir='ltr'><strong>feceris,</strong></span> <span class='ocrx_word' id='word_1_700' title='bbox 1709 1278 1756 1297; x_wconf 86' lang='lat' dir='ltr'><strong>nec</strong></span> <span class='ocrx_word' id='word_1_701' title='bbox 1769 1270 1817 1297; x_wconf 77' lang='lat' dir='ltr'><strong>des</strong></span> 
     </span>
    </p>
   </div>
   <div class='ocr_carea' id='block_1_87' title="bbox 1033 1315 1816 1350">
    <p class='ocr_par' dir='ltr' id='par_1_87' title="bbox 1033 1315 1816 1350">
     <span class='ocr_line' id='line_1_87' title="bbox 1033 1315 1816 1350; baseline -0.001 -8"><span class='ocrx_word' id='word_1_702' title='bbox 1033 1322 1136 1350; x_wconf 65' lang='lat' dir='ltr'><strong>poenas,</strong></span> <span class='ocrx_word' id='word_1_703' title='bbox 1151 1323 1184 1342; x_wconf 90' lang='lat' dir='ltr'><strong>ne</strong></span> <span class='ocrx_word' id='word_1_704' title='bbox 1200 1315 1260 1342; x_wconf 88' lang='lat' dir='ltr'><strong>ideo</strong></span> <span class='ocrx_word' id='word_1_705' title='bbox 1286 1316 1376 1350; x_wconf 78' lang='lat' dir='ltr'><strong>segnis</strong></span> <span class='ocrx_word' id='word_1_706' title='bbox 1388 1315 1440 1348; x_wconf 87' lang='lat' dir='ltr'><strong>sis;</strong></span> <span class='ocrx_word' id='word_1_707' title='bbox 1458 1315 1511 1342; x_wconf 91' lang='lat' dir='ltr'><strong>illic</strong></span> <span class='ocrx_word' id='word_1_708' title='bbox 1523 1315 1592 1342; x_wconf 89' lang='lat' dir='ltr'><strong>euitn</strong></span> <span class='ocrx_word' id='word_1_709' title='bbox 1610 1319 1636 1342; x_wconf 87' lang='lat' dir='ltr'><strong>lc</strong></span> <span class='ocrx_word' id='word_1_710' title='bbox 1658 1315 1816 1350; x_wconf 85' lang='lat' dir='ltr'><strong>supplicium</strong></span> 
     </span>
    </p>
   </div>
   <div class='ocr_carea' id='block_1_88' title="bbox 1034 1360 1816 1395">
    <p class='ocr_par' dir='ltr' id='par_1_88' title="bbox 1034 1360 1816 1395">
     <span class='ocr_line' id='line_1_88' title="bbox 1034 1360 1816 1395; baseline -0.001 -7"><span class='ocrx_word' id='word_1_711' title='bbox 1034 1360 1157 1395; x_wconf 79' lang='lat' dir='ltr'><strong>excipiet,</strong></span> <span class='ocrx_word' id='word_1_712' title='bbox 1182 1361 1232 1388; x_wconf 87' lang='lat' dir='ltr'><strong>nisi</strong></span> <span class='ocrx_word' id='word_1_713' title='bbox 1246 1361 1357 1388; x_wconf 84' lang='lat' dir='ltr'><strong>tnuteris</strong></span> <span class='ocrx_word' id='word_1_714' title='bbox 1372 1365 1399 1388; x_wconf 91' lang='lat' dir='ltr'><strong>et</strong></span> <span class='ocrx_word' id='word_1_715' title='bbox 1413 1360 1508 1388; x_wconf 89' lang='lat' dir='ltr'><strong>melior</strong></span> <span class='ocrx_word' id='word_1_716' title='bbox 1523 1360 1630 1388; x_wconf 86' lang='lat' dir='ltr'><strong>evadas.</strong></span> <span class='ocrx_word' id='word_1_717' title='bbox 1646 1361 1674 1387; x_wconf 82' lang='lat' dir='ltr'><strong>Si</strong></span> <span class='ocrx_word' id='word_1_718' title='bbox 1688 1368 1751 1388; x_wconf 86' lang='lat' dir='ltr'><strong>vero</strong></span> <span class='ocrx_word' id='word_1_719' title='bbox 1763 1368 1816 1387; x_wconf 93' lang='lat' dir='ltr'><strong>non</strong></span> 
     </span>
    </p>
   </div>
   <div class='ocr_carea' id='block_1_89' title="bbox 1032 1406 1816 1441">
    <p class='ocr_par' dir='ltr' id='par_1_89' title="bbox 1032 1406 1816 1441">
     <span class='ocr_line' id='line_1_89' title="bbox 1032 1406 1816 1441; baseline 0.001 -8"><span class='ocrx_word' id='word_1_720' title='bbox 1032 1406 1129 1439; x_wconf 82' lang='lat' dir='ltr'><strong>credis,</strong></span> <span class='ocrx_word' id='word_1_721' title='bbox 1142 1414 1174 1433; x_wconf 86' lang='lat' dir='ltr'><strong>ex</strong></span> <span class='ocrx_word' id='word_1_722' title='bbox 1190 1406 1363 1441; x_wconf 69' lang='lat' dir='ltr'><strong>prtesentibus</strong></span> <span class='ocrx_word' id='word_1_723' title='bbox 1376 1406 1456 1434; x_wconf 87' lang='lat' dir='ltr'><strong>rebus</strong></span> <span class='ocrx_word' id='word_1_724' title='bbox 1469 1407 1554 1433; x_wconf 84' lang='lat' dir='ltr'><strong>futura</strong></span> <span class='ocrx_word' id='word_1_725' title='bbox 1567 1407 1703 1441; x_wconf 89' lang='lat' dir='ltr'><strong>conjicito.</strong></span> <span class='ocrx_word' id='word_1_726' title='bbox 1717 1406 1782 1434; x_wconf 84' lang='lat' dir='ltr'><strong>Nam</strong></span> <span class='ocrx_word' id='word_1_727' title='bbox 1794 1407 1816 1434; x_wconf 90' lang='lat' dir='ltr'><strong>si</strong></span> 
     </span>
    </p>
   </div>
   <div class='ocr_carea' id='block_1_90' title="bbox 1033 1451 1818 1486">
    <p class='ocr_par' dir='ltr' id='par_1_90' title="bbox 1033 1451 1818 1486">
     <span class='ocr_line' id='line_1_90' title="bbox 1033 1451 1818 1486; baseline -0.001 -7"><span class='ocrx_word' id='word_1_728' title='bbox 1033 1452 1208 1479; x_wconf 88' lang='lat' dir='ltr'><strong>certaminum</strong></span> <span class='ocrx_word' id='word_1_729' title='bbox 1225 1456 1343 1486; x_wconf 90' lang='lat' dir='ltr'><strong>tempore</strong></span> <span class='ocrx_word' id='word_1_730' title='bbox 1366 1451 1405 1478; x_wconf 88' lang='lat' dir='ltr'><strong>sic</strong></span> <span class='ocrx_word' id='word_1_731' title='bbox 1421 1451 1537 1479; x_wconf 89' lang='lat' dir='ltr'><strong>illustres</strong></span> <span class='ocrx_word' id='word_1_732' title='bbox 1554 1457 1615 1478; x_wconf 89' lang='lat' dir='ltr'><strong>sunt</strong></span> <span class='ocrx_word' id='word_1_733' title='bbox 1637 1452 1654 1478; x_wconf 94' lang='lat' dir='ltr'><strong>ii</strong></span> <span class='ocrx_word' id='word_1_734' title='bbox 1668 1451 1714 1485; x_wconf 91' lang='lat' dir='ltr'><strong>qui</strong></span> <span class='ocrx_word' id='word_1_735' title='bbox 1731 1451 1818 1478; x_wconf 92' lang='lat' dir='ltr'><strong>conﬁ-</strong></span> 
     </span>
    </p>
   </div>
   <div class='ocr_carea' id='block_1_91' title="bbox 1035 1496 1815 1531">
    <p class='ocr_par' dir='ltr' id='par_1_91' title="bbox 1035 1496 1815 1531">
     <span class='ocr_line' id='line_1_91' title="bbox 1035 1496 1815 1531; baseline 0 -8"><span class='ocrx_word' id='word_1_736' title='bbox 1035 1501 1132 1528; x_wconf 87' lang='lat' dir='ltr'><strong>tentur,</strong></span> <span class='ocrx_word' id='word_1_737' title='bbox 1153 1496 1288 1531; x_wconf 80' lang='lat' dir='ltr'><strong>perpende</strong></span> <span class='ocrx_word' id='word_1_738' title='bbox 1301 1496 1393 1530; x_wconf 83' lang='lat' dir='ltr'><strong>quales</strong></span> <span class='ocrx_word' id='word_1_739' title='bbox 1406 1503 1566 1523; x_wconf 87' lang='lat' dir='ltr'><strong>coronarum</strong></span> <span class='ocrx_word' id='word_1_740' title='bbox 1591 1501 1710 1531; x_wconf 91' lang='lat' dir='ltr'><strong>tempore</strong></span> <span class='ocrx_word' id='word_1_741' title='bbox 1735 1496 1815 1523; x_wconf 86' lang='lat' dir='ltr'><strong>futuri</strong></span> 
     </span>
    </p>
   </div>
   <div class='ocr_carea' id='block_1_92' title="bbox 1034 1541 1817 1577">
    <p class='ocr_par' dir='ltr' id='par_1_92' title="bbox 1034 1541 1817 1577">
     <span class='ocr_line' id='line_1_92' title="bbox 1034 1541 1817 1577; baseline 0 -8"><span class='ocrx_word' id='word_1_742' title='bbox 1034 1542 1095 1569; x_wconf 90' lang='lat' dir='ltr'><strong>sint.</strong></span> <span class='ocrx_word' id='word_1_743' title='bbox 1120 1541 1147 1569; x_wconf 88' lang='lat' dir='ltr'><strong>Si</strong></span> <span class='ocrx_word' id='word_1_744' title='bbox 1178 1542 1276 1569; x_wconf 90' lang='lat' dir='ltr'><strong>initnici</strong></span> <span class='ocrx_word' id='word_1_745' title='bbox 1299 1541 1342 1569; x_wconf 92' lang='lat' dir='ltr'><strong>hic</strong></span> <span class='ocrx_word' id='word_1_746' title='bbox 1359 1542 1494 1577; x_wconf 89' lang='lat' dir='ltr'><strong>plaudunt,</strong></span> <span class='ocrx_word' id='word_1_747' title='bbox 1517 1542 1560 1577; x_wconf 89' lang='lat' dir='ltr'><strong>qui</strong></span> <span class='ocrx_word' id='word_1_748' title='bbox 1584 1546 1612 1569; x_wconf 90' lang='lat' dir='ltr'><strong>te</strong></span> <span class='ocrx_word' id='word_1_749' title='bbox 1640 1542 1734 1570; x_wconf 79' lang='lat' dir='ltr'><strong>aﬁ&#39;ectu</strong></span> <span class='ocrx_word' id='word_1_750' title='bbox 1758 1542 1817 1577; x_wconf 86' lang='lat' dir='ltr'><strong>plus</strong></span> 
     </span>
    </p>
   </div>
   <div class='ocr_carea' id='block_1_93' title="bbox 1033 1587 1814 1623">
    <p class='ocr_par' dir='ltr' id='par_1_93' title="bbox 1033 1587 1814 1623">
     <span class='ocr_line' id='line_1_93' title="bbox 1033 1587 1814 1623; baseline 0.001 -9"><span class='ocrx_word' id='word_1_751' title='bbox 1033 1596 1112 1622; x_wconf 88' lang='lat' dir='ltr'><strong>quam</strong></span> <span class='ocrx_word' id='word_1_752' title='bbox 1126 1592 1238 1623; x_wconf 88' lang='lat' dir='ltr'><strong>paterno</strong></span> <span class='ocrx_word' id='word_1_753' title='bbox 1257 1587 1350 1621; x_wconf 76' lang='lat' dir='ltr'><strong>diligit,</strong></span> <span class='ocrx_word' id='word_1_754' title='bbox 1370 1587 1504 1623; x_wconf 91' lang='lat' dir='ltr'><strong>quomodo</strong></span> <span class='ocrx_word' id='word_1_755' title='bbox 1522 1595 1575 1615; x_wconf 92' lang='lat' dir='ltr'><strong>non</strong></span> <span class='ocrx_word' id='word_1_756' title='bbox 1592 1593 1618 1615; x_wconf 91' lang='lat' dir='ltr'><strong>te</strong></span> <span class='ocrx_word' id='word_1_757' title='bbox 1632 1588 1770 1615; x_wconf 89' lang='lat' dir='ltr'><strong>mirabitur</strong></span> <span class='ocrx_word' id='word_1_758' title='bbox 1787 1593 1814 1615; x_wconf 81' lang='lat' dir='ltr'><strong>et</strong></span> 
     </span>
    </p>
   </div>
   <div class='ocr_carea' id='block_1_94' title="bbox 1033 1632 1811 1667">
    <p class='ocr_par' dir='ltr' id='par_1_94' title="bbox 1033 1632 1811 1667">
     <span class='ocr_line' id='line_1_94' title="bbox 1033 1632 1811 1667; baseline -0.001 -6"><span class='ocrx_word' id='word_1_759' title='bbox 1033 1633 1202 1661; x_wconf 86' lang='lat' dir='ltr'><strong>celebrabit?</strong></span> <span class='ocrx_word' id='word_1_760' title='bbox 1216 1632 1290 1660; x_wconf 89' lang='lat' dir='ltr'><strong>Tunc</strong></span> <span class='ocrx_word' id='word_1_761' title='bbox 1298 1633 1369 1660; x_wconf 89' lang='lat' dir='ltr'><strong>enim</strong></span> <span class='ocrx_word' id='word_1_762' title='bbox 1383 1638 1462 1660; x_wconf 86' lang='lat' dir='ltr'><strong>erunt</strong></span> <span class='ocrx_word' id='word_1_763' title='bbox 1475 1638 1502 1660; x_wconf 89' lang='lat' dir='ltr'><strong>et</strong></span> <span class='ocrx_word' id='word_1_764' title='bbox 1516 1633 1644 1660; x_wconf 90' lang='lat' dir='ltr'><strong>bouormn</strong></span> <span class='ocrx_word' id='word_1_765' title='bbox 1657 1633 1764 1667; x_wconf 77' lang='lat' dir='ltr'><strong>prannia</strong></span> <span class='ocrx_word' id='word_1_766' title='bbox 1783 1638 1811 1660; x_wconf 91' lang='lat' dir='ltr'><strong>et</strong></span> 
     </span>
    </p>
   </div>
   <div class='ocr_carea' id='block_1_95' title="bbox 1034 1679 1816 1714">
    <p class='ocr_par' dir='ltr' id='par_1_95' title="bbox 1034 1679 1816 1714">
     <span class='ocr_line' id='line_1_95' title="bbox 1034 1679 1816 1714; baseline -0.001 -8"><span class='ocrx_word' id='word_1_767' title='bbox 1034 1679 1164 1706; x_wconf 87' lang='lat' dir='ltr'><strong>malorum</strong></span> <span class='ocrx_word' id='word_1_768' title='bbox 1178 1679 1305 1714; x_wconf 90' lang='lat' dir='ltr'><strong>supplicia</strong></span> <span class='ocrx_word' id='word_1_769' title='bbox 1318 1687 1326 1711; x_wconf 87' lang='lat'><strong>;</strong></span> <span class='ocrx_word' id='word_1_770' title='bbox 1341 1679 1376 1706; x_wconf 86' lang='lat' dir='ltr'><strong>ita</strong></span> <span class='ocrx_word' id='word_1_771' title='bbox 1392 1684 1418 1706; x_wconf 90' lang='lat' dir='ltr'><strong>ut</strong></span> <span class='ocrx_word' id='word_1_772' title='bbox 1442 1679 1486 1714; x_wconf 91' lang='lat' dir='ltr'><strong>qui</strong></span> <span class='ocrx_word' id='word_1_773' title='bbox 1500 1679 1654 1713; x_wconf 78' lang='lat' dir='ltr'><strong>negaverint</strong></span> <span class='ocrx_word' id='word_1_774' title='bbox 1667 1699 1674 1712; x_wconf 94' lang='lat'><strong>,</strong></span> <span class='ocrx_word' id='word_1_775' title='bbox 1687 1683 1715 1706; x_wconf 87' lang='lat' dir='ltr'><strong>et</strong></span> <span class='ocrx_word' id='word_1_776' title='bbox 1734 1679 1775 1706; x_wconf 91' lang='lat' dir='ltr'><strong>hic</strong></span> <span class='ocrx_word' id='word_1_777' title='bbox 1789 1684 1816 1706; x_wconf 91' lang='lat' dir='ltr'><strong>et</strong></span> 
     </span>
    </p>
   </div>
   <div class='ocr_carea' id='block_1_96' title="bbox 1034 1724 1815 1760">
    <p class='ocr_par' dir='ltr' id='par_1_96' title="bbox 1034 1724 1815 1760">
     <span class='ocr_line' id='line_1_96' title="bbox 1034 1724 1815 1760; baseline -0.003 -8"><span class='ocrx_word' id='word_1_778' title='bbox 1034 1725 1088 1752; x_wconf 92' lang='lat' dir='ltr'><strong>illic</strong></span> <span class='ocrx_word' id='word_1_779' title='bbox 1110 1725 1267 1760; x_wconf 86' lang='lat' dir='ltr'><strong>puniantur;</strong></span> <span class='ocrx_word' id='word_1_780' title='bbox 1284 1724 1326 1752; x_wconf 91' lang='lat' dir='ltr'><strong>hic</strong></span> <span class='ocrx_word' id='word_1_781' title='bbox 1346 1732 1406 1751; x_wconf 92' lang='lat' dir='ltr'><strong>cum</strong></span> <span class='ocrx_word' id='word_1_782' title='bbox 1419 1725 1487 1751; x_wconf 90' lang='lat' dir='ltr'><strong>mala</strong></span> <span class='ocrx_word' id='word_1_783' title='bbox 1500 1724 1662 1751; x_wconf 80' lang='lat' dir='ltr'><strong>conScientia</strong></span> <span class='ocrx_word' id='word_1_784' title='bbox 1676 1724 1797 1751; x_wconf 88' lang='lat' dir='ltr'><strong>viventes</strong></span> <span class='ocrx_word' id='word_1_785' title='bbox 1807 1744 1815 1757; x_wconf 88' lang='lat'><strong>,</strong></span> 
     </span>
    </p>
   </div>
   <div class='ocr_carea' id='block_1_97' title="bbox 1033 1770 1817 1806">
    <p class='ocr_par' dir='ltr' id='par_1_97' title="bbox 1033 1770 1817 1806">
     <span class='ocr_line' id='line_1_97' title="bbox 1033 1770 1817 1806; baseline -0.001 -9"><span class='ocrx_word' id='word_1_786' title='bbox 1033 1771 1077 1806; x_wconf 92' lang='lat' dir='ltr'><strong>qui</strong></span> <span class='ocrx_word' id='word_1_787' title='bbox 1104 1775 1346 1806; x_wconf 88' lang='lat' dir='ltr'><strong>quantumcumque</strong></span> <span class='ocrx_word' id='word_1_788' title='bbox 1372 1775 1486 1797; x_wconf 88' lang='lat' dir='ltr'><strong>mortem</strong></span> <span class='ocrx_word' id='word_1_789' title='bbox 1512 1770 1646 1804; x_wconf 77' lang='lat' dir='ltr'><strong>fugerint,</strong></span> <span class='ocrx_word' id='word_1_790' title='bbox 1670 1770 1817 1798; x_wconf 89' lang='lat' dir='ltr'><strong>morientur</strong></span> 
     </span>
    </p>
   </div>
   <div class='ocr_carea' id='block_1_98' title="bbox 1035 1815 1816 1851">
    <p class='ocr_par' dir='ltr' id='par_1_98' title="bbox 1035 1815 1816 1851">
     <span class='ocr_line' id='line_1_98' title="bbox 1035 1815 1816 1851; baseline -0.001 -7"><span class='ocrx_word' id='word_1_791' title='bbox 1035 1817 1157 1849; x_wconf 83' lang='lat' dir='ltr'><strong>tandem;</strong></span> <span class='ocrx_word' id='word_1_792' title='bbox 1180 1817 1234 1844; x_wconf 89' lang='lat' dir='ltr'><strong>illic</strong></span> <span class='ocrx_word' id='word_1_793' title='bbox 1246 1824 1311 1843; x_wconf 75' lang='lat' dir='ltr'><strong>vero</strong></span> <span class='ocrx_word' id='word_1_794' title='bbox 1325 1821 1458 1843; x_wconf 80' lang='lat' dir='ltr'><strong>extremas</strong></span> <span class='ocrx_word' id='word_1_795' title='bbox 1470 1815 1572 1843; x_wconf 89' lang='lat' dir='ltr'><strong>dabunt</strong></span> <span class='ocrx_word' id='word_1_796' title='bbox 1585 1824 1696 1851; x_wconf 79' lang='lat' dir='ltr'><strong>poenas;</strong></span> <span class='ocrx_word' id='word_1_797' title='bbox 1712 1816 1755 1844; x_wconf 88' lang='lat' dir='ltr'><strong>alii</strong></span> <span class='ocrx_word' id='word_1_798' title='bbox 1769 1824 1816 1843; x_wconf 87' lang='lat' dir='ltr'><strong>au-</strong></span> 
     </span>
    </p>
   </div>
   <div class='ocr_carea' id='block_1_99' title="bbox 1034 1862 1816 1894">
    <p class='ocr_par' dir='ltr' id='par_1_99' title="bbox 1034 1862 1816 1894">
     <span class='ocr_line' id='line_1_99' title="bbox 1034 1862 1816 1894; baseline -0.004 -3"><span class='ocrx_word' id='word_1_799' title='bbox 1034 1868 1086 1891; x_wconf 90' lang='lat' dir='ltr'><strong>tem</strong></span> <span class='ocrx_word' id='word_1_800' title='bbox 1101 1868 1128 1890; x_wconf 90' lang='lat' dir='ltr'><strong>et</strong></span> <span class='ocrx_word' id='word_1_801' title='bbox 1143 1863 1185 1890; x_wconf 91' lang='lat' dir='ltr'><strong>hic</strong></span> <span class='ocrx_word' id='word_1_802' title='bbox 1194 1867 1221 1890; x_wconf 89' lang='lat' dir='ltr'><strong>et</strong></span> <span class='ocrx_word' id='word_1_803' title='bbox 1231 1862 1285 1890; x_wconf 88' lang='lat' dir='ltr'><strong>illic</strong></span> <span class='ocrx_word' id='word_1_804' title='bbox 1296 1863 1430 1889; x_wconf 88' lang='lat' dir='ltr'><strong>lucramur</strong></span> <span class='ocrx_word' id='word_1_805' title='bbox 1443 1870 1450 1894; x_wconf 87' lang='lat'><strong>;</strong></span> <span class='ocrx_word' id='word_1_806' title='bbox 1464 1866 1612 1888; x_wconf 89' lang='lat' dir='ltr'><strong>etntortem</strong></span> <span class='ocrx_word' id='word_1_807' title='bbox 1626 1862 1668 1888; x_wconf 90' lang='lat' dir='ltr'><strong>hic</strong></span> <span class='ocrx_word' id='word_1_808' title='bbox 1679 1863 1703 1889; x_wconf 93' lang='lat' dir='ltr'><strong>in</strong></span> <span class='ocrx_word' id='word_1_809' title='bbox 1715 1862 1816 1889; x_wconf 87' lang='lat' dir='ltr'><strong>lucrtnn</strong></span> 
     </span>
    </p>
   </div>
   <div class='ocr_carea' id='block_1_100' title="bbox 1033 1907 1815 1943">
    <p class='ocr_par' dir='ltr' id='par_1_100' title="bbox 1033 1907 1815 1943">
     <span class='ocr_line' id='line_1_100' title="bbox 1033 1907 1815 1943; baseline -0.003 -7"><span class='ocrx_word' id='word_1_810' title='bbox 1033 1913 1165 1936; x_wconf 84' lang='lat' dir='ltr'><strong>vertentes</strong></span> <span class='ocrx_word' id='word_1_811' title='bbox 1177 1929 1184 1940; x_wconf 93' lang='lat'><strong>,</strong></span> <span class='ocrx_word' id='word_1_812' title='bbox 1198 1916 1249 1943; x_wconf 88' lang='lat' dir='ltr'><strong>qua</strong></span> <span class='ocrx_word' id='word_1_813' title='bbox 1260 1908 1325 1935; x_wconf 85' lang='lat' dir='ltr'><strong>vivis</strong></span> <span class='ocrx_word' id='word_1_814' title='bbox 1339 1907 1532 1942; x_wconf 84' lang='lat' dir='ltr'><strong>splendidiores</strong></span> <span class='ocrx_word' id='word_1_815' title='bbox 1544 1907 1704 1940; x_wconf 85' lang='lat' dir='ltr'><strong>efﬁciuntur,</strong></span> <span class='ocrx_word' id='word_1_816' title='bbox 1720 1913 1746 1935; x_wconf 91' lang='lat' dir='ltr'><strong>et</strong></span> <span class='ocrx_word' id='word_1_817' title='bbox 1762 1908 1815 1935; x_wconf 85' lang='lat' dir='ltr'><strong>illic</strong></span> 
     </span>
    </p>
   </div>
   <div class='ocr_carea' id='block_1_101' title="bbox 1032 1953 1814 1988">
    <p class='ocr_par' dir='ltr' id='par_1_101' title="bbox 1032 1953 1814 1988">
     <span class='ocr_line' id='line_1_101' title="bbox 1032 1953 1814 1988; baseline -0.003 -6"><span class='ocrx_word' id='word_1_818' title='bbox 1032 1954 1210 1982; x_wconf 83' lang='lat' dir='ltr'><strong>inelfahilibus</strong></span> <span class='ocrx_word' id='word_1_819' title='bbox 1223 1953 1343 1981; x_wconf 89' lang='lat' dir='ltr'><strong>fruentes</strong></span> <span class='ocrx_word' id='word_1_820' title='bbox 1353 1954 1440 1980; x_wconf 92' lang='lat' dir='ltr'><strong>bonis.</strong></span> <span class='ocrx_word' id='word_1_821' title='bbox 1454 1953 1511 1980; x_wconf 88' lang='lat' dir='ltr'><strong>Non</strong></span> <span class='ocrx_word' id='word_1_822' title='bbox 1522 1954 1593 1980; x_wconf 90' lang='lat' dir='ltr'><strong>enim</strong></span> <span class='ocrx_word' id='word_1_823' title='bbox 1603 1953 1635 1980; x_wconf 90' lang='lat' dir='ltr'><strong>ad</strong></span> <span class='ocrx_word' id='word_1_824' title='bbox 1654 1954 1814 1988; x_wconf 89' lang='lat' dir='ltr'><strong>puniendum</strong></span> 
     </span>
    </p>
   </div>
   <div class='ocr_carea' id='block_1_102' title="bbox 1034 1999 1816 2034">
    <p class='ocr_par' dir='ltr' id='par_1_102' title="bbox 1034 1999 1816 2034">
     <span class='ocr_line' id='line_1_102' title="bbox 1034 1999 1816 2034; baseline -0.001 -6"><span class='ocrx_word' id='word_1_825' title='bbox 1034 2004 1146 2034; x_wconf 84' lang='lat' dir='ltr'><strong>tantum,</strong></span> <span class='ocrx_word' id='word_1_826' title='bbox 1172 2000 1219 2027; x_wconf 88' lang='lat' dir='ltr'><strong>sed</strong></span> <span class='ocrx_word' id='word_1_827' title='bbox 1241 2000 1321 2027; x_wconf 88' lang='lat' dir='ltr'><strong>etiam</strong></span> <span class='ocrx_word' id='word_1_828' title='bbox 1345 1999 1378 2026; x_wconf 91' lang='lat' dir='ltr'><strong>ad</strong></span> <span class='ocrx_word' id='word_1_829' title='bbox 1401 1999 1470 2026; x_wconf 88' lang='lat' dir='ltr'><strong>bona</strong></span> <span class='ocrx_word' id='word_1_830' title='bbox 1496 2000 1627 2034; x_wconf 73' lang='lat' dir='ltr'><strong>eroganda</strong></span> <span class='ocrx_word' id='word_1_831' title='bbox 1650 2004 1756 2034; x_wconf 88' lang='lat' dir='ltr'><strong>paratus</strong></span> <span class='ocrx_word' id='word_1_832' title='bbox 1775 2005 1816 2027; x_wconf 86' lang='lat' dir='ltr'><strong>est</strong></span> 
     </span>
    </p>
   </div>
   <div class='ocr_carea' id='block_1_103' title="bbox 1034 2044 1816 2079">
    <p class='ocr_par' dir='ltr' id='par_1_103' title="bbox 1034 2044 1816 2079">
     <span class='ocr_line' id='line_1_103' title="bbox 1034 2044 1816 2079; baseline -0.003 -5"><span class='ocrx_word' id='word_1_833' title='bbox 1034 2047 1121 2079; x_wconf 87' lang='lat' dir='ltr'><strong>Deus;</strong></span> <span class='ocrx_word' id='word_1_834' title='bbox 1135 2050 1162 2074; x_wconf 91' lang='lat' dir='ltr'><strong>et</strong></span> <span class='ocrx_word' id='word_1_835' title='bbox 1175 2045 1208 2073; x_wconf 90' lang='lat' dir='ltr'><strong>ad</strong></span> <span class='ocrx_word' id='word_1_836' title='bbox 1223 2045 1274 2073; x_wconf 89' lang='lat' dir='ltr'><strong>hoc</strong></span> <span class='ocrx_word' id='word_1_837' title='bbox 1287 2049 1360 2072; x_wconf 88' lang='lat' dir='ltr'><strong>certe</strong></span> <span class='ocrx_word' id='word_1_838' title='bbox 1374 2045 1458 2079; x_wconf 88' lang='lat' dir='ltr'><strong>magis</strong></span> <span class='ocrx_word' id='word_1_839' title='bbox 1473 2052 1552 2079; x_wconf 90' lang='lat' dir='ltr'><strong>quam</strong></span> <span class='ocrx_word' id='word_1_840' title='bbox 1566 2044 1599 2071; x_wconf 90' lang='lat' dir='ltr'><strong>ad</strong></span> <span class='ocrx_word' id='word_1_841' title='bbox 1614 2044 1688 2072; x_wconf 90' lang='lat' dir='ltr'><strong>illud.</strong></span> <span class='ocrx_word' id='word_1_842' title='bbox 1701 2044 1753 2072; x_wconf 86' lang='lat' dir='ltr'><strong>Sed</strong></span> <span class='ocrx_word' id='word_1_843' title='bbox 1768 2052 1816 2072; x_wconf 89' lang='lat' dir='ltr'><strong>cur</strong></span> 
     </span>
    </p>
   </div>
   <div class='ocr_carea' id='block_1_104' title="bbox 1032 2090 1816 2125">
    <p class='ocr_par' dir='ltr' id='par_1_104' title="bbox 1032 2090 1816 2125">
     <span class='ocr_line' id='line_1_104' title="bbox 1032 2090 1816 2125; baseline -0.005 -5"><span class='ocrx_word' id='word_1_844' title='bbox 1032 2092 1084 2120; x_wconf 86' lang='lat' dir='ltr'><strong>hoc</strong></span> <span class='ocrx_word' id='word_1_845' title='bbox 1098 2091 1193 2125; x_wconf 89' lang='lat' dir='ltr'><strong>semel,</strong></span> <span class='ocrx_word' id='word_1_846' title='bbox 1210 2091 1274 2118; x_wconf 90' lang='lat' dir='ltr'><strong>illud</strong></span> <span class='ocrx_word' id='word_1_847' title='bbox 1291 2090 1332 2118; x_wconf 78' lang='lat' dir='ltr'><strong>bis</strong></span> <span class='ocrx_word' id='word_1_848' title='bbox 1344 2090 1454 2125; x_wconf 77' lang='lat' dir='ltr'><strong>posuit?</strong></span> <span class='ocrx_word' id='word_1_849' title='bbox 1468 2090 1549 2117; x_wconf 86' lang='lat' dir='ltr'><strong>Novit</strong></span> <span class='ocrx_word' id='word_1_850' title='bbox 1563 2094 1637 2117; x_wconf 89' lang='lat' dir='ltr'><strong>certe</strong></span> <span class='ocrx_word' id='word_1_851' title='bbox 1653 2091 1747 2118; x_wconf 88' lang='lat' dir='ltr'><strong>timore</strong></span> <span class='ocrx_word' id='word_1_852' title='bbox 1761 2099 1816 2117; x_wconf 90' lang='lat' dir='ltr'><strong>ma-</strong></span> 
     </span>
    </p>
   </div>
   <div class='ocr_carea' id='block_1_105' title="bbox 1031 2135 1815 2173">
    <p class='ocr_par' dir='ltr' id='par_1_105' title="bbox 1031 2135 1815 2173">
     <span class='ocr_line' id='line_1_105' title="bbox 1031 2135 1815 2173; baseline -0.003 -8"><span class='ocrx_word' id='word_1_853' title='bbox 1031 2138 1073 2173; x_wconf 85' lang='lat' dir='ltr'><strong>gis</strong></span> <span class='ocrx_word' id='word_1_854' title='bbox 1099 2138 1222 2165; x_wconf 88' lang='lat' dir='ltr'><strong>homines</strong></span> <span class='ocrx_word' id='word_1_855' title='bbox 1244 2137 1278 2164; x_wconf 91' lang='lat' dir='ltr'><strong>ad</strong></span> <span class='ocrx_word' id='word_1_856' title='bbox 1293 2136 1506 2171; x_wconf 86' lang='lat' dir='ltr'><strong>resipiscentiam</strong></span> <span class='ocrx_word' id='word_1_857' title='bbox 1521 2135 1626 2163; x_wconf 81' lang='lat' dir='ltr'><strong>adduci.</strong></span> <span class='ocrx_word' id='word_1_858' title='bbox 1642 2136 1742 2163; x_wconf 88' lang='lat' dir='ltr'><strong>Idcirco</strong></span> <span class='ocrx_word' id='word_1_859' title='bbox 1755 2143 1815 2163; x_wconf 90' lang='lat' dir='ltr'><strong>cum</strong></span> 
     </span>
    </p>
   </div>
   <div class='ocr_carea' id='block_1_106' title="bbox 1031 2183 1814 2217">
    <p class='ocr_par' dir='ltr' id='par_1_106' title="bbox 1031 2183 1814 2217">
     <span class='ocr_line' id='line_1_106' title="bbox 1031 2183 1814 2217; baseline -0.005 -5"><span class='ocrx_word' id='word_1_860' title='bbox 1031 2185 1152 2216; x_wconf 77' lang='lat' dir='ltr'><strong>dixisset,</strong></span> <span class='ocrx_word' id='word_1_861' title='bbox 1174 2183 1268 2211; x_wconf 78' lang='lat' dir='ltr'><strong>Timete</strong></span> <span class='ocrx_word' id='word_1_862' title='bbox 1282 2191 1338 2210; x_wconf 82' lang='lat' dir='ltr'><strong>eum</strong></span> <span class='ocrx_word' id='word_1_863' title='bbox 1349 2183 1393 2217; x_wconf 83' lang='lat' dir='ltr'><strong>qui</strong></span> <span class='ocrx_word' id='word_1_864' title='bbox 1407 2187 1488 2217; x_wconf 78' lang='lat' dir='ltr'><strong>potest</strong></span> <span class='ocrx_word' id='word_1_865' title='bbox 1503 2187 1527 2209; x_wconf 85' lang='lat' dir='ltr'><strong>et</strong></span> <span class='ocrx_word' id='word_1_866' title='bbox 1546 2183 1658 2208; x_wconf 81' lang='lat' dir='ltr'><strong>animant</strong></span> <span class='ocrx_word' id='word_1_867' title='bbox 1677 2187 1700 2209; x_wconf 84' lang='lat' dir='ltr'><strong>et</strong></span> <span class='ocrx_word' id='word_1_868' title='bbox 1722 2190 1814 2217; x_wconf 76' lang='lat' dir='ltr'><strong>corpus</strong></span> 
     </span>
    </p>
   </div>
   <div class='ocr_carea' id='block_1_107' title="bbox 1032 2227 1812 2266">
    <p class='ocr_par' dir='ltr' id='par_1_107' title="bbox 1032 2227 1812 2266">
     <span class='ocr_line' id='line_1_107' title="bbox 1032 2227 1812 2266; baseline -0.004 -9"><span class='ocrx_word' id='word_1_869' title='bbox 1032 2231 1135 2266; x_wconf 83' lang='lat' dir='ltr'><strong>perdere</strong></span> <span class='ocrx_word' id='word_1_870' title='bbox 1144 2230 1171 2256; x_wconf 85' lang='lat' dir='ltr'><strong>in</strong></span> <span class='ocrx_word' id='word_1_871' title='bbox 1182 2229 1331 2265; x_wconf 81' lang='lat' dir='ltr'><strong>gehennam,</strong></span> <span class='ocrx_word' id='word_1_872' title='bbox 1344 2236 1449 2255; x_wconf 86' lang='lat' dir='ltr'><strong>rursum</strong></span> <span class='ocrx_word' id='word_1_873' title='bbox 1460 2227 1534 2261; x_wconf 87' lang='lat' dir='ltr'><strong>dicit,</strong></span> <span class='ocrx_word' id='word_1_874' title='bbox 1547 2227 1651 2262; x_wconf 83' lang='lat' dir='ltr'><strong>Negabo</strong></span> <span class='ocrx_word' id='word_1_875' title='bbox 1661 2236 1718 2254; x_wconf 87' lang='lat' dir='ltr'><strong>eum</strong></span> <span class='ocrx_word' id='word_1_876' title='bbox 1727 2232 1749 2254; x_wconf 85' lang='lat' dir='ltr'><strong>et</strong></span> <span class='ocrx_word' id='word_1_877' title='bbox 1757 2236 1812 2263; x_wconf 77' lang='lat' dir='ltr'><strong>ego.</strong></span> 
     </span>
    </p>
   </div>
   <div class='ocr_carea' id='block_1_108' title="bbox 1030 2273 1813 2310">
    <p class='ocr_par' dir='ltr' id='par_1_108' title="bbox 1030 2273 1813 2310">
     <span class='ocr_line' id='line_1_108' title="bbox 1030 2273 1813 2310; baseline -0.005 -6"><span class='ocrx_word' id='word_1_878' title='bbox 1030 2277 1075 2305; x_wconf 89' lang='lat' dir='ltr'><strong>Sic</strong></span> <span class='ocrx_word' id='word_1_879' title='bbox 1088 2281 1115 2303; x_wconf 86' lang='lat' dir='ltr'><strong>et</strong></span> <span class='ocrx_word' id='word_1_880' title='bbox 1126 2275 1223 2304; x_wconf 82' lang='lat' dir='ltr'><strong>Paulus</strong></span> <span class='ocrx_word' id='word_1_881' title='bbox 1240 2274 1364 2308; x_wconf 86' lang='lat' dir='ltr'><strong>faciebat,</strong></span> <span class='ocrx_word' id='word_1_882' title='bbox 1379 2273 1528 2310; x_wconf 74' lang='lat' dir='ltr'><strong>gehennam</strong></span> <span class='ocrx_word' id='word_1_883' title='bbox 1545 2273 1700 2309; x_wconf 85' lang='lat' dir='ltr'><strong>frequenter</strong></span> <span class='ocrx_word' id='word_1_884' title='bbox 1708 2281 1813 2300; x_wconf 85' lang='lat' dir='ltr'><strong>memo-</strong></span> 
     </span>
    </p>
   </div>
   <div class='ocr_carea' id='block_1_109' title="bbox 1030 2330 1102 2349">
    <p class='ocr_par' dir='ltr' id='par_1_109' title="bbox 1030 2330 1102 2349">
     <span class='ocr_line' id='line_1_109' title="bbox 1030 2330 1102 2349; baseline -0.014 0"><span class='ocrx_word' id='word_1_885' title='bbox 1030 2330 1102 2349; x_wconf 74' lang='lat' dir='ltr'><strong>I&#39;IIIIS.</strong></span> 
     </span>
    </p>
   </div>
   <div class='ocr_carea' id='block_1_110' title="bbox 1065 2363 1815 2400">
    <p class='ocr_par' dir='ltr' id='par_1_110' title="bbox 1065 2363 1815 2400">
     <span class='ocr_line' id='line_1_110' title="bbox 1065 2363 1815 2400; baseline -0.005 -5"><span class='ocrx_word' id='word_1_886' title='bbox 1065 2368 1092 2395; x_wconf 77' lang='grc'><strong>4.</strong></span> <span class='ocrx_word' id='word_1_887' title='bbox 1109 2366 1189 2400; x_wconf 73' lang='lat' dir='ltr'><strong>Mors,</strong></span> <span class='ocrx_word' id='word_1_888' title='bbox 1203 2366 1301 2394; x_wconf 69' lang='lat' dir='ltr'><strong>Christo</strong></span> <span class='ocrx_word' id='word_1_889' title='bbox 1312 2370 1438 2399; x_wconf 85' lang='lat' dir='ltr'><strong>monente,</strong></span> <span class='ocrx_word' id='word_1_890' title='bbox 1450 2373 1500 2391; x_wconf 89' lang='lat' dir='ltr'><strong>non</strong></span> <span class='ocrx_word' id='word_1_891' title='bbox 1519 2363 1660 2392; x_wconf 82' lang='lat' dir='ltr'><strong>metuenda.</strong></span> <span class='ocrx_word' id='word_1_892' title='bbox 1681 2364 1815 2397; x_wconf 78' lang='lat' dir='ltr'><strong>Corrttptio</strong></span> 
     </span>
    </p>
   </div>
   <div class='ocr_carea' id='block_1_111' title="bbox 1030 2410 1814 2449">
    <p class='ocr_par' dir='ltr' id='par_1_111' title="bbox 1030 2410 1814 2449">
     <span class='ocr_line' id='line_1_111' title="bbox 1030 2410 1814 2449; baseline -0.006 -8"><span class='ocrx_word' id='word_1_893' title='bbox 1030 2421 1161 2449; x_wconf 81' lang='lat' dir='ltr'><strong>corporum</strong></span> <span class='ocrx_word' id='word_1_894' title='bbox 1176 2412 1253 2439; x_wconf 80' lang='lat' dir='ltr'><strong>utilis.</strong></span> <span class='ocrx_word' id='word_1_895' title='bbox 1270 2411 1336 2445; x_wconf 86' lang='lat' dir='ltr'><strong>Quot</strong></span> <span class='ocrx_word' id='word_1_896' title='bbox 1358 2411 1425 2438; x_wconf 83' lang='lat' dir='ltr'><strong>mala</strong></span> <span class='ocrx_word' id='word_1_897' title='bbox 1447 2410 1580 2442; x_wconf 74' lang='lat' dir='ltr'><strong>euenirent,</strong></span> <span class='ocrx_word' id='word_1_898' title='bbox 1601 2411 1623 2437; x_wconf 74' lang='lat' dir='ltr'><strong>si</strong></span> <span class='ocrx_word' id='word_1_899' title='bbox 1644 2418 1750 2445; x_wconf 80' lang='lat' dir='ltr'><strong>corpora</strong></span> <span class='ocrx_word' id='word_1_900' title='bbox 1765 2419 1814 2437; x_wconf 86' lang='lat' dir='ltr'><strong>non</strong></span> 
     </span>
    </p>
   </div>
   <div class='ocr_carea' id='block_1_112' title="bbox 1010 2456 1813 2494">
    <p class='ocr_par' dir='ltr' id='par_1_112' title="bbox 1010 2456 1813 2494">
     <span class='ocr_line' id='line_1_112' title="bbox 1010 2456 1813 2494; baseline -0.005 -7"><span class='ocrx_word' id='word_1_901' title='bbox 1010 2463 1256 2494; x_wconf 80' lang='lat' dir='ltr'><strong>_corrumperentur.</strong></span> <span class='ocrx_word' id='word_1_902' title='bbox 1271 2473 1306 2478; x_wconf 91' lang='lat'><strong>——</strong></span> <span class='ocrx_word' id='word_1_903' title='bbox 1320 2457 1385 2485; x_wconf 86' lang='lat' dir='ltr'><strong>Cum</strong></span> <span class='ocrx_word' id='word_1_904' title='bbox 1409 2457 1488 2492; x_wconf 85' lang='lat' dir='ltr'><strong>igitur</strong></span> <span class='ocrx_word' id='word_1_905' title='bbox 1512 2457 1659 2484; x_wconf 89' lang='lat' dir='ltr'><strong>auditorem</strong></span> <span class='ocrx_word' id='word_1_906' title='bbox 1681 2456 1751 2484; x_wconf 93' lang='lat' dir='ltr'><strong>omni</strong></span> <span class='ocrx_word' id='word_1_907' title='bbox 1778 2464 1813 2483; x_wconf 79' lang='lat' dir='ltr'><strong>ex</strong></span> 
     </span>
    </p>
   </div>
   <div class='ocr_carea' id='block_1_113' title="bbox 1029 2502 1812 2541">
    <p class='ocr_par' dir='ltr' id='par_1_113' title="bbox 1029 2502 1812 2541">
     <span class='ocr_line' id='line_1_113' title="bbox 1029 2502 1812 2541; baseline -0.005 -8"><span class='ocrx_word' id='word_1_908' title='bbox 1029 2511 1105 2541; x_wconf 85' lang='lat' dir='ltr'><strong>parte</strong></span> <span class='ocrx_word' id='word_1_909' title='bbox 1124 2505 1285 2532; x_wconf 87' lang='lat' dir='ltr'><strong>stitnulasset</strong></span> <span class='ocrx_word' id='word_1_910' title='bbox 1300 2503 1372 2540; x_wconf 87' lang='lat' dir='ltr'><strong>(nam</strong></span> <span class='ocrx_word' id='word_1_911' title='bbox 1388 2508 1414 2531; x_wconf 93' lang='lat' dir='ltr'><strong>et</strong></span> <span class='ocrx_word' id='word_1_912' title='bbox 1427 2503 1507 2530; x_wconf 73' lang='lat' dir='ltr'><strong>czelos</strong></span> <span class='ocrx_word' id='word_1_913' title='bbox 1523 2502 1572 2538; x_wconf 85' lang='lat' dir='ltr'><strong>ipsi</strong></span> <span class='ocrx_word' id='word_1_914' title='bbox 1584 2503 1685 2537; x_wconf 88' lang='lat' dir='ltr'><strong>aperuit</strong></span> <span class='ocrx_word' id='word_1_915' title='bbox 1695 2524 1703 2535; x_wconf 88' lang='lat'><strong>,</strong></span> <span class='ocrx_word' id='word_1_916' title='bbox 1719 2508 1743 2530; x_wconf 85' lang='lat' dir='ltr'><strong>et</strong></span> <span class='ocrx_word' id='word_1_917' title='bbox 1764 2503 1812 2529; x_wconf 87' lang='lat' dir='ltr'><strong>tri-</strong></span> 
     </span>
    </p>
   </div>
   <div class='ocr_carea' id='block_1_114' title="bbox 1029 2549 1812 2585">
    <p class='ocr_par' dir='ltr' id='par_1_114' title="bbox 1029 2549 1812 2585">
     <span class='ocr_line' id='line_1_114' title="bbox 1029 2549 1812 2585; baseline -0.005 -5"><span class='ocrx_word' id='word_1_918' title='bbox 1029 2553 1108 2580; x_wconf 83' lang='lat' dir='ltr'><strong>bunal</strong></span> <span class='ocrx_word' id='word_1_919' title='bbox 1121 2552 1184 2580; x_wconf 91' lang='lat' dir='ltr'><strong>illud</strong></span> <span class='ocrx_word' id='word_1_920' title='bbox 1199 2551 1315 2579; x_wconf 90' lang='lat' dir='ltr'><strong>terribile</strong></span> <span class='ocrx_word' id='word_1_921' title='bbox 1328 2550 1492 2581; x_wconf 87' lang='lat' dir='ltr'><strong>monstravit,</strong></span> <span class='ocrx_word' id='word_1_922' title='bbox 1505 2549 1658 2585; x_wconf 86' lang='lat' dir='ltr'><strong>angelorum</strong></span> <span class='ocrx_word' id='word_1_923' title='bbox 1671 2550 1812 2581; x_wconf 87' lang='lat' dir='ltr'><strong>theatrum,</strong></span> 
     </span>
    </p>
   </div>
   <div class='ocr_carea' id='block_1_115' title="bbox 1029 2595 1812 2632">
    <p class='ocr_par' dir='ltr' id='par_1_115' title="bbox 1029 2595 1812 2632">
     <span class='ocr_line' id='line_1_115' title="bbox 1029 2595 1812 2632; baseline -0.004 -7"><span class='ocrx_word' id='word_1_924' title='bbox 1029 2606 1185 2626; x_wconf 84' lang='lat' dir='ltr'><strong>coronarunt</strong></span> <span class='ocrx_word' id='word_1_925' title='bbox 1209 2597 1428 2632; x_wconf 88' lang='lat' dir='ltr'><strong>proclamatioues</strong></span> <span class='ocrx_word' id='word_1_926' title='bbox 1440 2617 1448 2629; x_wconf 88' lang='lat'><strong>,</strong></span> <span class='ocrx_word' id='word_1_927' title='bbox 1465 2604 1524 2631; x_wconf 68' lang='lat' dir='ltr'><strong>quae</strong></span> <span class='ocrx_word' id='word_1_928' title='bbox 1539 2596 1588 2630; x_wconf 73' lang='lat' dir='ltr'><strong>pia:</strong></span> <span class='ocrx_word' id='word_1_929' title='bbox 1602 2595 1730 2623; x_wconf 76' lang='lat' dir='ltr'><strong>docti-inre</strong></span> <span class='ocrx_word' id='word_1_930' title='bbox 1744 2596 1812 2622; x_wconf 85' lang='lat' dir='ltr'><strong>viam</strong></span> 
     </span>
    </p>
   </div>
   <div class='ocr_carea' id='block_1_116' title="bbox 1028 2641 1814 2678">
    <p class='ocr_par' dir='ltr' id='par_1_116' title="bbox 1028 2641 1814 2678">
     <span class='ocr_line' id='line_1_116' title="bbox 1028 2641 1814 2678; baseline -0.003 -8"><span class='ocrx_word' id='word_1_931' title='bbox 1028 2643 1132 2671; x_wconf 88' lang='lat' dir='ltr'><strong>facilem</strong></span> <span class='ocrx_word' id='word_1_932' title='bbox 1144 2643 1287 2678; x_wconf 86' lang='lat' dir='ltr'><strong>pararent),</strong></span> <span class='ocrx_word' id='word_1_933' title='bbox 1300 2642 1407 2669; x_wconf 92' lang='lat' dir='ltr'><strong>demum</strong></span> <span class='ocrx_word' id='word_1_934' title='bbox 1420 2649 1454 2669; x_wconf 88' lang='lat' dir='ltr'><strong>ne</strong></span> <span class='ocrx_word' id='word_1_935' title='bbox 1467 2648 1513 2676; x_wconf 88' lang='lat' dir='ltr'><strong>per</strong></span> <span class='ocrx_word' id='word_1_936' title='bbox 1528 2641 1647 2669; x_wconf 87' lang='lat' dir='ltr'><strong>timorem</strong></span> <span class='ocrx_word' id='word_1_937' title='bbox 1660 2641 1814 2676; x_wconf 62' lang='lat' dir='ltr'><strong>praedicatio</strong></span> 
     </span>
    </p>
   </div>
   <div class='ocr_carea' id='block_1_117' title="bbox 1028 2687 1812 2724">
    <p class='ocr_par' dir='ltr' id='par_1_117' title="bbox 1028 2687 1812 2724">
     <span class='ocr_line' id='line_1_117' title="bbox 1028 2687 1812 2724; baseline -0.003 -8"><span class='ocrx_word' id='word_1_938' title='bbox 1028 2689 1209 2724; x_wconf 85' lang='lat' dir='ltr'><strong>impediretur,</strong></span> <span class='ocrx_word' id='word_1_939' title='bbox 1225 2689 1258 2715; x_wconf 89' lang='lat' dir='ltr'><strong>ad</strong></span> <span class='ocrx_word' id='word_1_940' title='bbox 1277 2688 1363 2715; x_wconf 74' lang='lat' dir='ltr'><strong>ea:ch</strong></span> <span class='ocrx_word' id='word_1_941' title='bbox 1377 2688 1447 2722; x_wconf 85' lang='lat' dir='ltr'><strong>ipsos</strong></span> <span class='ocrx_word' id='word_1_942' title='bbox 1467 2688 1587 2723; x_wconf 83' lang='lat' dir='ltr'><strong>apparari</strong></span> <span class='ocrx_word' id='word_1_943' title='bbox 1607 2687 1699 2722; x_wconf 88' lang='lat' dir='ltr'><strong>jubet,</strong></span> <span class='ocrx_word' id='word_1_944' title='bbox 1720 2691 1748 2714; x_wconf 94' lang='lat' dir='ltr'><strong>ut</strong></span> <span class='ocrx_word' id='word_1_945' title='bbox 1769 2687 1812 2714; x_wconf 85' lang='lat' dir='ltr'><strong>di-</strong></span> 
     </span>
    </p>
   </div>
   <div class='ocr_carea' id='block_1_118' title="bbox 1028 2732 1811 2768">
    <p class='ocr_par' dir='ltr' id='par_1_118' title="bbox 1028 2732 1811 2768">
     <span class='ocr_line' id='line_1_118' title="bbox 1028 2732 1811 2768; baseline -0.004 -7"><span class='ocrx_word' id='word_1_946' title='bbox 1028 2739 1112 2766; x_wconf 70' lang='lat' dir='ltr'><strong>soant,</strong></span> <span class='ocrx_word' id='word_1_947' title='bbox 1123 2741 1169 2760; x_wconf 85' lang='lat' dir='ltr'><strong>eos</strong></span> <span class='ocrx_word' id='word_1_948' title='bbox 1182 2734 1226 2768; x_wconf 93' lang='lat' dir='ltr'><strong>qui</strong></span> <span class='ocrx_word' id='word_1_949' title='bbox 1249 2734 1273 2760; x_wconf 92' lang='lat' dir='ltr'><strong>in</strong></span> <span class='ocrx_word' id='word_1_950' title='bbox 1289 2733 1472 2760; x_wconf 88' lang='lat' dir='ltr'><strong>incredulitate</strong></span> <span class='ocrx_word' id='word_1_951' title='bbox 1485 2732 1638 2767; x_wconf 87' lang='lat' dir='ltr'><strong>persistunt,</strong></span> <span class='ocrx_word' id='word_1_952' title='bbox 1653 2733 1731 2759; x_wconf 89' lang='lat' dir='ltr'><strong>etiam</strong></span> <span class='ocrx_word' id='word_1_953' title='bbox 1746 2732 1811 2759; x_wconf 72' lang='lat' dir='ltr'><strong>insi-</strong></span> 
     </span>
    </p>
   </div>
   <div class='ocr_carea' id='block_1_119' title="bbox 1023 2777 1806 2812">
    <p class='ocr_par' dir='ltr' id='par_1_119' title="bbox 1023 2777 1806 2812">
     <span class='ocr_line' id='line_1_119' title="bbox 1023 2777 1806 2812; baseline -0.004 -5"><span class='ocrx_word' id='word_1_954' title='bbox 1023 2780 1128 2807; x_wconf 89' lang='lat' dir='ltr'><strong>diarutn</strong></span> <span class='ocrx_word' id='word_1_955' title='bbox 1137 2778 1258 2805; x_wconf 86' lang='lat' dir='ltr'><strong>ﬁdelibus</strong></span> <span class='ocrx_word' id='word_1_956' title='bbox 1266 2782 1429 2804; x_wconf 74' lang='lat' dir='ltr'><strong>stt-ueterum</strong></span> <span class='ocrx_word' id='word_1_957' title='bbox 1440 2785 1534 2812; x_wconf 66' lang='lat' dir='ltr'><strong>poenas</strong></span> <span class='ocrx_word' id='word_1_958' title='bbox 1543 2785 1603 2805; x_wconf 88' lang='lat' dir='ltr'><strong>esse</strong></span> <span class='ocrx_word' id='word_1_959' title='bbox 1612 2777 1806 2805; x_wconf 61' lang='lat' dir='ltr'><strong>daturoleor—</strong></span> 
     </span>
    </p>
   </div>
   <div class='ocr_carea' id='block_1_120' title="bbox 1024 2823 1805 2859">
    <p class='ocr_par' dir='ltr' id='par_1_120' title="bbox 1024 2823 1805 2859">
     <span class='ocr_line' id='line_1_120' title="bbox 1024 2823 1805 2859; baseline -0.004 -5"><span class='ocrx_word' id='word_1_960' title='bbox 1024 2830 1077 2854; x_wconf 92' lang='lat' dir='ltr'><strong>tem</strong></span> <span class='ocrx_word' id='word_1_961' title='bbox 1092 2832 1157 2859; x_wconf 75' lang='lat' dir='ltr'><strong>ergo</strong></span> <span class='ocrx_word' id='word_1_962' title='bbox 1164 2823 1471 2858; x_wconf 84' lang='lat' dir='ltr'><strong>despiciamus,etiamsi</strong></span> <span class='ocrx_word' id='word_1_963' title='bbox 1489 2823 1609 2851; x_wconf 92' lang='lat' dir='ltr'><strong>nondum</strong></span> <span class='ocrx_word' id='word_1_964' title='bbox 1625 2824 1683 2858; x_wconf 85' lang='lat' dir='ltr'><strong>ejus</strong></span> <span class='ocrx_word' id='word_1_965' title='bbox 1698 2828 1805 2858; x_wconf 87' lang='lat' dir='ltr'><strong>tempus</strong></span> 
     </span>
    </p>
   </div>
   <div class='ocr_carea' id='block_1_121' title="bbox 1025 2869 1804 2899">
    <p class='ocr_par' dir='ltr' id='par_1_121' title="bbox 1025 2869 1804 2899">
     <span class='ocr_line' id='line_1_121' title="bbox 1025 2869 1804 2899; baseline -0.004 0"><span class='ocrx_word' id='word_1_966' title='bbox 1025 2871 1236 2899; x_wconf 75' lang='lat' dir='ltr'><strong>adveneritznam</strong></span> <span class='ocrx_word' id='word_1_967' title='bbox 1248 2869 1281 2897; x_wconf 89' lang='lat' dir='ltr'><strong>ad</strong></span> <span class='ocrx_word' id='word_1_968' title='bbox 1290 2869 1376 2898; x_wconf 91' lang='lat' dir='ltr'><strong>multo</strong></span> <span class='ocrx_word' id='word_1_969' title='bbox 1385 2869 1524 2898; x_wconf 84' lang='lat' dir='ltr'><strong>meliorem</strong></span> <span class='ocrx_word' id='word_1_970' title='bbox 1534 2870 1615 2898; x_wconf 84' lang='lat' dir='ltr'><strong>vitam</strong></span> <span class='ocrx_word' id='word_1_971' title='bbox 1625 2870 1804 2899; x_wconf 84' lang='lat' dir='ltr'><strong>resurrecturi</strong></span> 
     </span>
    </p>
   </div>
  </div>
