2067 3134
206 155 259 184 405

208 217 309 239 smnus.
320 210 362 239 At.
372 209 455 240 dices,
462 213 560 241 corpus
567 203 763 239 corrumpitur?
772 202 806 231 Et
815 201 876 229 ideo
884 200 999 228 maxime

209 257 378 291 gaudendum
388 276 396 288 ,
419 254 487 289 quod
504 261 576 279 mors
589 255 791 285 corrtnnpatur,
812 252 839 276 ct
853 246 999 274 mortalitas

210 307 319 339 pereat,
343 309 393 328 non
411 305 499 327 autent
515 297 660 325 substantia
677 295 807 329 corporis.
822 293 913 327 Neque
927 291 999 319 enim

212 336 233 377 si
246 348 354 377 conflari
371 347 474 374 rideres
487 349 610 374 statuant,
626 341 769 377 perniciem
785 339 809 367 id
825 339 938 370 diceres,
954 336 1000 364 sed

211 395 349 422 meliorem
365 392 484 420 materia:
502 397 591 417 usum.
614 389 659 416 Sic
679 392 706 415 et
720 387 753 414 de
768 392 880 420 corpore
894 384 978 418 cogita
991 403 998 415 ,

210 447 238 471 et
252 448 286 468 ne
300 439 464 475 lacrymeris.
485 437 615 465 Flentium
639 441 702 461 sane
723 437 810 463 esset,
834 431 855 458 si
877 431 903 457 in
922 437 999 465 poena

209 486 363 514 mansisset.
378 484 430 512 Sed
444 482 616 518 oportuisset.
632 479 745 514 inquies,
760 478 817 505 sine
830 476 1002 510 corruptione

211 539 352 566 corporum
375 530 401 557 id
425 529 498 560 fieri,
521 532 549 554 et
566 528 622 561 ipsa
643 526 744 559 integra
759 531 876 550 manere.
893 522 926 549 Et
939 521 1002 555 quid

211 577 274 604 inde
297 576 416 604 utilitatis
438 579 483 601 attt
506 573 573 600 vivis
596 576 642 599 aut
663 570 794 598 defunctis
817 568 1002 604 provenisset?

211 623 354 657 Quousque
368 625 500 648 amatores
515 626 655 654 corporum
668 616 759 644 eritis?
773 622 910 650 quousque
925 619 1003 641 terra:

212 668 311 695 addicti
323 667 356 694 ad
371 667 478 694 umbras
490 664 617 692 initiatis?
629 663 698 697 Quid
711 662 773 689 inde
789 661 907 688 utilitatis
920 660 1005 687 obve-

213 713 300 740 niret?
315 713 368 739 imo
390 711 453 746 qttid
473 719 526 738 non
550 709 701 737 nocnmcnti
724 706 882 735 accederet?
900 706 965 733 Nam
980 706 1003 733 si

213 766 323 793 corpora
339 765 392 784 non
405 760 638 791 corrumperentur
647 774 655 787 ,
669 754 767 780 tttalnm
781 753 900 779 otnniuttt
914 752 1003 778 deter-

214 805 310 831 rimtttn
324 824 332 836 ,
355 803 478 838 superbia
494 803 520 829 in
541 801 633 828 multis
646 800 755 834 vigeret.
772 798 873 826 Etenim
888 805 947 825 cum
962 804 1004 824 res

215 851 250 878 ita
267 858 296 878 se
316 850 409 877 habeat
423 869 430 882 ,
453 855 617 883 corporeque
637 846 770 874 vermibus
785 849 913 875 scalente,
929 844 1003 871 multi

216 901 304 922 tatnen
319 903 349 922 sc
363 894 427 922 deos
441 893 588 921 existimari
603 892 771 923 studuerunt,
787 890 849 925 quid
865 898 916 916 tton
932 889 1006 916 futu-

215 949 273 968 rum
290 945 346 968 erat
356 961 363 973 ,
379 941 401 968 si
416 947 514 974 corpus
528 937 688 966 mansisset?
702 935 835 966 Secundo.
852 944 903 962 tton
917 935 1005 962 credi-

215 988 318 1014 dissent
331 994 444 1021 corpora
459 994 491 1013 ex
506 992 576 1012 terra
589 990 678 1012 ortttm
699 983 798 1011 habere
812 992 817 1008 :
834 990 893 1009 nam
912 982 932 1009 si
948 982 1006 1017 ejus

217 1033 268 1060 lino
282 1033 306 1059 id
323 1033 480 1060 testificante
494 1031 582 1062 adhuc
602 1031 709 1066 quidam
729 1030 859 1060 dubitant,
875 1029 936 1064 quid
953 1037 1005 1056 tton

216 1079 435 1112 suspicarentur,
458 1077 509 1104 nisi
533 1076 586 1103 ltoc
608 1075 748 1102 viderent?
769 1074 870 1106 Tertio,
894 1081 1006 1108 corpora

217 1124 301 1158 magis
311 1124 493 1158 diligerentur,
506 1122 664 1157 plurimique
676 1121 760 1155 magis
769 1121 888 1148 carnales
898 1124 1007 1147 etcras-

217 1171 301 1196 siores
316 1169 375 1196 facti
389 1173 497 1196 essent:
510 1175 570 1195 nam
592 1167 614 1194 si
636 1174 706 1194 nunc
719 1166 825 1200 quidatu
841 1166 969 1201 sepulcris
981 1169 1008 1193 et

218 1215 291 1242 urnis
304 1214 417 1246 haerent,
429 1214 508 1241 etiam
521 1213 678 1248 corporibus
688 1213 862 1245 consumptis,
876 1211 939 1247 quid
955 1219 1008 1239 non

218 1262 344 1293 facerent,
368 1261 389 1288 si
405 1261 489 1295 ipsam
508 1260 647 1295 imaginem
671 1259 817 1286 haberent?
832 1259 941 1292 Quarto,
958 1258 1008 1285 lto-

219 1307 305 1334 tnines
320 1308 404 1334 futura
416 1315 469 1333 non
480 1305 686 1334 desiderassent.
697 1305 804 1339 Quinto,
817 1306 853 1332 illi
864 1306 907 1340 qui
918 1305 1009 1333 dicunt

219 1353 346 1380 mundum
358 1360 417 1380 esse
428 1353 614 1384 immortalem,
628 1352 689 1380 hinc
699 1353 725 1379 in
737 1352 861 1387 opinione
872 1352 1009 1379 firmaren-

219 1404 271 1432 tur,
286 1403 315 1426 ut
328 1403 481 1426 assererent
503 1399 585 1426 Deum
601 1407 654 1426 non
667 1406 727 1426 esse
741 1403 900 1426 creatorem.
916 1399 1007 1432 Sexto,

220 1454 272 1473 liOlI
288 1451 495 1479 cognosceretur
507 1446 603 1472 anima:
623 1445 722 1478 Vll‘lllS,
736 1452 787 1473 nec
800 1450 927 1480 quantum
942 1453 1010 1480 pra:-

219 1497 281 1518 sens
300 1490 421 1518 conferat
432 1491 520 1518 anima
534 1491 650 1526 corpori.
664 1490 783 1526 Septimo
792 1511 801 1523 ,
824 1490 899 1518 multi
912 1498 946 1518 ex
960 1490 1010 1518 de-

219 1535 369 1563 functorum
379 1544 485 1564 suorum
495 1543 596 1570 amore,
606 1536 715 1564 urbibus
726 1536 837 1569 relictis,
846 1536 872 1564 in
883 1537 1011 1572 sepulcris

223 1582 366 1609 habitaturi
387 1586 479 1614 erant,
504 1587 531 1609 et
552 1582 704 1610 insanorum
720 1582 803 1609 instar
816 1587 936 1609 mortuos
948 1589 1011 1610 suos

221 1627 374 1663 frequenter
384 1628 542 1663 alloquuturi
556 1638 562 1656 :
574 1637 634 1656 nam
646 1629 667 1656 si
678 1636 748 1656 nunc
762 1628 868 1664 quidam
884 1629 1012 1664 imagines

221 1674 378 1710 cfl'lngentes
389 1695 397 1708 ,
419 1675 480 1709 quia
498 1683 608 1710 corpora
630 1675 744 1702 retinere
758 1682 810 1702 non
827 1679 950 1710 possunt,
964 1675 1012 1702 sed

223 1721 312 1747 invitis
326 1721 389 1755 ipsis
403 1721 446 1748 illa
460 1720 590 1753 defluunt,
605 1720 698 1756 ligneis
712 1720 808 1747 tabulis
822 1720 933 1752 haerent,
949 1720 1011 1755 quid

223 1773 276 1793 non
295 1766 404 1793 ahsurdi
427 1771 490 1793 tunc
512 1766 728 1800 excogitassent?
750 1765 817 1793 Puto
831 1773 904 1794 certe
916 1766 1013 1794 multos

224 1811 406 1846 hujuscemodi
417 1811 574 1846 corporibus
588 1812 685 1845 templa
697 1811 875 1839 :rdificatnros
885 1833 892 1845 ,
909 1817 935 1839 et
950 1819 1012 1846 per—

224 1865 351 1885 suasuros
363 1857 444 1885 fuisse
457 1858 592 1885 d:cmonas
606 1859 632 1884 in
646 1857 697 1884 illis
710 1857 792 1892 loqui,
808 1858 830 1884 si
844 1858 887 1892 qui
900 1858 926 1884 in
941 1857 1013 1885 hisce

225 1903 366 1938 prmstigiis
389 1903 501 1931 sabrtes
523 1904 644 1935 fuissent,
668 1902 882 1938 quandoquidem
905 1903 953 1936 illi,
969 1903 1014 1938 qui

226 1949 432 1976 necromantiatn
447 1948 546 1976 audent
560 1956 696 1981 exemere,
710 1948 791 1975 tnulta
806 1948 846 1975 his
861 1948 1015 1975 absurdiora

226 1999 346 2027 tentant,
371 1995 404 2022 ad
428 1994 485 2022 haec
506 1995 641 2030 pulverem
666 1999 694 2022 et
718 1996 822 2022 citteres
846 1994 1014 2022 adhibentes.

227 2043 330 2075 Quanta
344 2041 406 2068 hinc
419 2041 576 2068 idololatriae
588 2048 685 2075 genera
701 2048 753 2067 tton
766 2039 954 2067 emersissent?
969 2040 1016 2067 His

229 2087 309 2122 igitur
321 2087 447 2114 omnibus
459 2086 569 2114 sublatis
582 2086 660 2118 Deus,
677 2091 767 2120 utpote
781 2085 913 2119 absurdis,
928 2091 956 2113 ut
968 2093 1017 2113 nos

229 2132 349 2160 instituat
371 2132 405 2160 ad
427 2138 532 2160 terrena
554 2133 641 2159 omnia
656 2132 820 2166 abjicicnda,
845 2136 906 2159 ante
926 2132 1019 2159 oculos

231 2182 337 2205 Imstros
349 2185 448 2213 corpus
460 2177 583 2205 destruit.
598 2177 663 2204 Nam
682 2185 825 2211 corporunt
838 2183 940 2204 amator
950 2197 957 2210 ,
973 2177 1018 2212 qni

231 2223 375 2250 formosam
392 2223 504 2257 puellam
517 2223 630 2258 deperit,
644 2223 665 2249 si
680 2223 746 2249 nolit
758 2222 952 2250 deforntitatent
964 2231 1019 2250 nta-

231 2268 306 2295 teriro
329 2269 434 2296 ratione
455 2268 569 2301 discere,
594 2276 652 2295 eam
675 2268 738 2302 ipsis
761 2268 846 2295 oculis
867 2269 1017 2303 perspiciet.

235 2315 340 2343 Etenim
354 2315 444 2342 multa:
458 2320 520 2342 sunt
534 2315 605 2350 paris
617 2315 703 2342 aztatis
717 2315 822 2349 puellae,
837 2322 867 2342 ac
882 2323 952 2350 sa‘pe
966 2315 1021 2342 for-

234 2363 380 2394 ntosiores,
403 2369 462 2396 quas
476 2360 607 2388 defuncta:
619 2365 679 2396 post
699 2368 778 2387 unam
793 2361 937 2388 alterumve
950 2360 1020 2387 diem

234 2409 355 2435 ftrtorem
382 2408 544 2439 emiserunt,
567 2407 679 2440 saniem,
704 2406 882 2442 putredinem,
907 2414 1021 2433 vermes.

235 2453 326 2489 Cogita
340 2453 445 2488 qualem
458 2460 531 2480 ames
543 2453 773 2488 pulchritudinem,
786 2457 813 2479 ct
822 2459 899 2487 quam
913 2452 1023 2479 fortnam

236 2500 374 2534 depereas.
389 2499 417 2527 Si
431 2507 493 2527 vero
505 2506 617 2534 corpora
630 2507 682 2526 non
696 2502 888 2533 ptttrescerent,
904 2498 960 2525 ha-c
971 2506 1024 2525 non

237 2546 322 2582 probe
337 2546 455 2581 dignosci
480 2550 588 2581 possent
600 2554 607 2572 :
619 2544 665 2572 sed
688 2546 758 2572 sicut
771 2544 905 2571 daemones
921 2551 967 2578 per
980 2551 1026 2571 se-

239 2591 331 2626 pulcra
351 2596 477 2624 currttttt,
502 2591 541 2618 sic
563 2591 637 2618 multi
659 2598 692 2618 ex
715 2590 876 2617 amatoribus
897 2589 1026 2624 sepulcris

239 2637 401 2671 assidentes,
422 2637 558 2665 dmmonas
582 2638 608 2664 in
630 2636 718 2663 anima
743 2636 909 2670 reciperent,
933 2639 961 2662 et
979 2635 1029 2662 ltac

241 2683 313 2711 ducti
329 2684 431 2711 insania
444 2690 515 2719 sa-pe
527 2689 704 2711 morerentur.
727 2682 802 2710 Nunc
815 2688 895 2718 porro
909 2685 963 2708 tttm
977 2681 1028 2708 alia

574 148 603 177 S.
624 145 761 176 JOANNIS
779 139 1015 172 CllRYSUSTOill
1035 140 1193 169 ABCIIIEP.
1213 139 1479 168 CONSTANTINOP.

1788 140 1842 168 404

1052 199 1143 228 multa.
1158 203 1212 225 tttnt
1224 198 1274 225 hoc
1282 198 1361 225 etiam
1373 198 1489 226 animum
1500 198 1662 231 consolatur,
1673 197 1742 233 quod
1754 198 1841 234 imago

1057 245 1102 272 illa
1118 253 1170 272 non
1186 250 1319 279 appareat,
1336 245 1425 279 sit-que
1438 245 1515 272 dolor
1528 245 1662 272 oblivione
1674 245 1785 272 diffluat.

1087 291 1114 318 5.
1127 291 1224 317 Anian
1238 291 1397 325 pulchritudo
1413 295 1438 316 et
1457 291 1612 326 prtzstantt'a.
1625 305 1659 310 —
1672 290 1747 324 Quod
1763 291 1784 318 si
1799 299 1842 320 res

1052 344 1105 363 non
1116 336 1150 363 ita
1161 343 1190 363 se
1200 336 1320 368 ltaberet,
1331 336 1452 371 sepulcra
1465 336 1535 363 ttulla
1546 341 1649 369 essent;
1664 336 1710 364 sed
1721 337 1842 365 civitates

1052 383 1158 410 videres
1167 390 1226 417 quae
1236 386 1354 409 mortuos
1365 389 1413 417 pro
1423 383 1516 410 statuis
1527 382 1662 415 haberent,
1672 391 1732 410 cum
1745 384 1841 418 singuli

1053 428 1153 455 vellent
1172 436 1235 456 suos
1256 428 1356 456 videre.
1378 428 1445 455 Hinc
1464 429 1557 463 ingens
1571 429 1692 457 confusio
1707 431 1841 463 oriretur,

1053 482 1132 502 nemo
1142 475 1236 502 anima:
1247 482 1337 502 curam
1349 475 1466 508 haberet,
1477 482 1526 503 nec
1536 475 1569 503 de
1579 477 1637 510 ejus
1645 477 1843 505 immortalitate

1053 521 1182 556 cogitaret
1194 530 1201 548 :
1212 522 1347 557 multaqtte
1359 523 1409 549 alia
1420 522 1575 550 absurdiora
1592 523 1653 550 inde
1665 530 1842 559 emergerem,

1054 575 1112 603 quae
1126 576 1160 596 ne
1173 568 1261 596 dicere
1276 569 1381 603 quidem
1405 569 1444 596 fas
1466 574 1516 596 cst.
1533 569 1676 604 Propterea
1691 571 1779 597 subito
1796 579 1844 605 pu-

1055 614 1156 646 trescit,
1168 619 1197 642 ut
1207 615 1303 642 nudam
1318 616 1413 642 animat
1427 615 1649 650 pulchritudinem
1664 617 1761 644 videas.
1778 617 1842 644 Nam

1055 660 1076 688 si
1087 660 1165 687 talem
1178 660 1288 688 formant
1300 665 1327 689 et
1335 661 1413 688 talem
1425 662 1505 688 vitam
1517 663 1603 689 anima
1614 663 1718 697 corpori
1734 663 1842 697 pra-bet,

1055 711 1154 741 quanto
1173 706 1281 741 majoris
1301 707 1355 741 ipsa
1370 707 1573 741 pulchritudinis
1595 708 1667 734 erit?
1685 709 1706 735 si
1732 716 1787 736 rem
1809 709 1844 736 ita

1055 754 1200 782 deformem
1210 759 1351 786 sustentat,
1362 761 1460 789 quanto
1471 755 1553 790 magis
1564 755 1694 790 seipsam?
1705 756 1762 782 Non
1774 757 1844 783 enim

1056 807 1152 835 corpus
1164 800 1250 834 ipsum
1273 800 1410 835 pulchrum
1426 805 1483 834 est,
1506 801 1552 828 scd
1569 802 1624 835 ipsa
1639 801 1803 835 ell‘orntatio,
1817 807 1845 830 et

1057 845 1106 872 llos
1128 845 1173 872 ille
1192 846 1235 880 qtti
1247 853 1294 879 per
1305 846 1419 872 animum
1434 846 1459 872 in
1472 846 1580 873 materia
1596 846 1755 881 depingitur.
1773 847 1844 874 Illam

1058 890 1135 925 igitur
1147 897 1216 922 ama,
1231 898 1290 925 qua:
1303 892 1407 925 corpori
1423 891 1503 918 talem
1516 893 1631 926 speciem
1645 893 1777 919 conciliat.
1794 893 1846 920 Er-

1057 936 1119 971 quid
1139 936 1173 964 de
1193 941 1278 964 morte
1300 937 1412 972 loquor?
1435 938 1540 965 Etenim
1562 939 1587 965 in
1611 938 1660 966 ltac
1674 947 1780 973 quoque
1793 940 1846 967 vita

1057 983 1196 1010 ostendam
1214 983 1259 1011 tibi
1273 1003 1280 1016 ,
1305 983 1439 1018 quomodo
1453 984 1562 1019 pulchra
1575 985 1662 1012 omnia
1677 985 1711 1012 ab
1725 985 1768 1012 illa
1783 993 1847 1020 pro-

1058 1028 1220 1056 ficiscantur.
1234 1029 1299 1056 Nam
1315 1029 1336 1056 si
1353 1029 1398 1056 illa
1413 1029 1531 1063 lactetur,
1545 1038 1623 1057 roseo
1636 1038 1717 1066 genas
1730 1031 1848 1066 depingit

1058 1073 1165 1106 colore;
1189 1074 1229 1101 sin
1247 1079 1342 1102 maesta
1355 1075 1408 1108 sit,
1432 1074 1482 1102 hac
1495 1074 1613 1103 detracta
1635 1076 1847 1110 pulchritudine,

1058 1125 1117 1147 atro
1130 1120 1219 1147 colore
1232 1121 1319 1148 omnia
1335 1121 1422 1149 vestit.
1445 1121 1473 1149 Si
1494 1122 1600 1150 assidue
1622 1123 1736 1156 laetetur,
1751 1131 1849 1158 corpus

1059 1165 1129 1200 viget
1152 1166 1308 1201 aegritudine
1324 1175 1453 1200 vacuum;
1479 1167 1501 1194 si
1515 1173 1636 1203 angatur,
1656 1176 1753 1196 aranea
1766 1170 1849 1197 maci-

1058 1211 1156 1238 lentius
1170 1216 1196 1238 et
1209 1211 1366 1239 imbecillius
1389 1212 1491 1246 evadit;
1510 1214 1532 1240 si
1548 1214 1694 1247 irascatur,
1717 1215 1849 1250 ingratum

1060 1256 1124 1284 illud
1140 1262 1166 1284 et
1181 1262 1257 1292 turpe
1271 1257 1373 1290 reddit;
1390 1258 1411 1285 si
1425 1265 1549 1286 serenum
1564 1260 1670 1286 oculutn
1686 1260 1849 1292 ostenderit,

1060 1312 1183 1339 magnam
1202 1304 1299 1331 emittit
1323 1305 1560 1339 pulchritudinem;
1585 1306 1607 1332 si
1627 1306 1752 1337 invideat,
1769 1307 1850 1341 pall0<

1060 1358 1116 1377 rem
1138 1351 1251 1377 multttm
1273 1355 1300 1378 et
1322 1351 1410 1378 tabetn
1434 1351 1561 1384 effundit;
1582 1353 1603 1380 si
1617 1358 1698 1385 amet,
1715 1354 1851 1387 pulchram

1061 1395 1128 1423 ittdit
1152 1395 1274 1423 fortnam.
1302 1396 1338 1423 Ita
1360 1398 1431 1424 enim
1453 1397 1553 1430 multat,
1578 1406 1637 1433 qua:
1656 1398 1780 1426 fermosa:
1798 1407 1850 1426 non

1061 1447 1147 1476 erant,
1175 1443 1284 1470 multam
1306 1444 1339 1470 ab
1361 1445 1449 1471 anima
1472 1444 1582 1478 gratiam
1600 1452 1743 1480 accepere;
1760 1450 1851 1473 contra

1061 1496 1126 1516 vero
1140 1489 1199 1516 alia:
1211 1489 1351 1516 admodum
1366 1489 1500 1523 fortnosm,
1514 1491 1575 1526 quia
1587 1491 1715 1526 ingratam
1728 1492 1851 1525 injucun-

1061 1534 1177 1570 damque
1191 1536 1306 1563 animam
1321 1535 1456 1569 habuere,
1480 1536 1591 1564 formant
1611 1544 1685 1564 suam
1708 1537 1851 1565 labi-facta—

1062 1586 1135 1612 runt.
1157 1581 1248 1617 Cogita
1270 1583 1403 1617 quomodo
1425 1583 1536 1611 candida
1560 1583 1639 1611 facies
1657 1584 1811 1618 erubescat,
1826 1589 1854 1611 et

1063 1627 1160 1655 coloris
1182 1628 1309 1655 varietate
1324 1636 1376 1656 non
1401 1636 1509 1663 parvam
1533 1629 1695 1664 voluptatem
1712 1631 1814 1665 pariat,
1829 1631 1852 1658 si

1063 1673 1170 1708 quidem
1185 1673 1254 1700 adsit
1269 1673 1372 1708 pudor:
1385 1681 1445 1701 nam
1470 1674 1492 1701 si
1516 1673 1653 1708 impudens
1669 1674 1711 1701 illa
1727 1675 1777 1708 sit,
1798 1675 1852 1703 fera

1064 1719 1135 1746 omni
1161 1719 1327 1754 injucundior
1339 1719 1390 1746 erit
1409 1724 1436 1746 et
1456 1720 1596 1754 ingratior;
1618 1725 1708 1748 contra
1733 1721 1755 1748 si
1776 1721 1853 1755 pudi-

1065 1764 1153 1792 bunda
1175 1765 1219 1796 sit,
1255 1765 1326 1793 mitis
1348 1771 1375 1793 et
1397 1765 1513 1793 formosa
1536 1766 1738 1794 evadit:anima
1756 1769 1854 1803 quippe

1065 1811 1174 1846 pulchra
1190 1811 1255 1839 nihil
1270 1811 1422 1843 formosius,
1435 1812 1498 1839 nihil
1513 1811 1625 1840 dulcius.
1640 1812 1705 1840 Nam
1721 1813 1746 1840 itt
1759 1822 1854 1848 ροιηρος

1065 1858 1139 1885 ribus
1151 1866 1226 1885 amor
1238 1858 1331 1886 dolore
1347 1866 1398 1885 non
1422 1862 1506 1890 vacat,
1531 1859 1557 1886 in
1579 1859 1674 1886 animis
1689 1867 1751 1894 pura
1765 1865 1792 1886 et
1805 1860 1854 1886 im-

1066 1904 1216 1938 perturbata
1227 1903 1358 1938 voluptas.
1367 1904 1421 1931 Cur
1429 1911 1492 1939 ergo
1502 1911 1563 1939 rege
1573 1904 1692 1937 dimisso,
1704 1912 1854 1939 prtcconctn

1067 1950 1189 1977 miraris?
1201 1957 1249 1977 cur
1263 1949 1421 1985 pltilosoplto
1435 1950 1528 1977 relicto
1539 1970 1546 1982 ,
1570 1950 1602 1977 ad
1627 1951 1796 1986 interpretem
1813 1951 1855 1977 in-

1067 1995 1142 2023 hias?
1156 1996 1248 2023 Vidisti
1265 1996 1404 2031 pttlchrum
1419 1996 1523 2023 oculum
1534 2016 1541 2028 ,
1558 1996 1710 2023 interiorem
1725 1996 1855 2028 observa;

1068 2048 1094 2071 ct
1106 2043 1128 2070 si
1145 2043 1187 2070 hic
1201 2043 1310 2077 pulcher
1324 2050 1375 2069 non
1391 2042 1436 2075 sit,
1452 2043 1558 2077 despice
1580 2042 1663 2069 illuttt.
1679 2042 1771 2077 Neque
1786 2042 1856 2069 rnitn

1069 2089 1092 2116 sl
1113 2088 1202 2116 videas
1222 2087 1368 2115 deformem
1393 2089 1531 2115 mulierem
1555 2087 1674 2123 speciosa
1690 2088 1763 2114 larva
1779 2088 1856 2114 obte-

1069 2139 1138 2161 ctam
1151 2154 1157 2164 .
1181 2134 1268 2168 aliquo
1283 2141 1343 2168 erga
1366 2133 1437 2160 illam
1452 2133 1547 2160 affectu
1563 2134 1710 2165 tnovcaris,
1725 2138 1751 2160 ut
1766 2138 1858 2160 contra

1071 2180 1143 2207 larva
1154 2180 1280 2206 occultari
1294 2179 1436 2206 formosam
1450 2187 1500 2206 non
1511 2180 1593 2211 sinas,
1606 2179 1662 2211 scd,
1675 2183 1762 2205 amota
1775 2178 1857 2211 larva,

1071 2226 1168 2252 nudam
1199 2225 1291 2252 faciem
1314 2225 1405 2252 videre
1427 2232 1548 2259 cuperes.
1576 2224 1631 2251 Hoc
1657 2231 1718 2258 erga
1743 2223 1857 2250 animant

1072 2279 1178 2305 quoque
1193 2272 1281 2303 facito,
1299 2271 1369 2298 illam
1393 2278 1506 2306 agnosce
1522 2270 1654 2305 priorem;
1671 2269 1750 2296 larva:
1764 2270 1860 2304 quippe

1073 2317 1132 2344 loco
1147 2317 1217 2344 illam
1232 2323 1329 2350 corpus
1341 2316 1439 2349 atnbit,
1454 2315 1522 2350 quod
1540 2319 1567 2341 ιιι
1581 2314 1756 2349 compositutn
1771 2319 1811 2340 est
1825 2314 1860 2340 ita

1074 2370 1181 2397 semper
1192 2360 1279 2389 man'et
1291 2371 1296 2389 :
1308 2362 1395 2389 anima
1405 2369 1469 2389 vero
1482 2361 1503 2388 si
1515 2361 1641 2388 deformis
1654 2361 1698 2391 sit.
1712 2360 1764 2387 cito
1776 2363 1861 2394 potest

1075 2408 1191 2436 formosa
1204 2408 1283 2436 efﬁci.
1298 2409 1326 2436 Si
1341 2408 1446 2436 oculum
1461 2407 1557 2434 habeat
1569 2406 1727 2439 deformem,
1742 2410 1861 2436 torvum,

1076 2460 1191 2490 torpent,
1205 2459 1291 2490 potest
1304 2455 1348 2482 ille
1361 2454 1416 2481 fieri
1430 2453 1556 2488 pulcher.
1570 2453 1668 2484 suavis,
1683 2459 1803 2482 set-enus,
1817 2451 1862 2484 ju-

1076 2502 1189 2530 cundus.
1214 2502 1287 2529 llanc
1307 2508 1370 2536 ergo
1385 2501 1496 2527 formam
1511 2505 1670 2534 quaeramus,
1687 2497 1755 2525 hanc
1769 2496 1862 2523 facient

1077 2552 1198 2576 ornatam
1211 2568 1219 2580 ,
1241 2552 1270 2574 ttt
1294 2547 1364 2574 Deus
1386 2550 1503 2573 nostram
1525 2545 1715 2579 concupiscens
1730 2542 1840 2570 formam
1855 2561 1863 2574 ,

1079 2599 1179 2622 :eterna
1195 2593 1271 2621 nobis
1289 2592 1357 2620 bona
1378 2592 1504 2627 largiatur
1515 2611 1522 2624 ,
1544 2591 1627 2626 gratia
1643 2595 1669 2617 ct
1684 2587 1866 2617 misericordia

1080 2640 1185 2668 Domini
1199 2639 1282 2667 nostri
1302 2639 1364 2666 Jesu
1378 2637 1496 2669 Christi,
1517 2637 1560 2665 cui
1574 2636 1656 2672 gloria
1669 2640 1698 2663 et
1711 2633 1865 2670 imperium,

1082 2687 1107 2715 in
1122 2686 1219 2715 sarcula
1234 2685 1403 2714 saeculorum.
1417 2684 1513 2712 Amen.
