2067 3134
184 161 235 189 ιο5

638 161 670 188 ΙΝ
689 161 892 190 MATTH/EUM
913 161 1026 190 HOMlL.
1049 162 1156 191 XXXV.
1176 165 1210 192 al.
1233 164 1353 194 XXXVI.

1762 172 1815 200 406

433 227 1804 245 —————————-.————._____._________

707 268 878 298 HOMILIA
902 267 1037 298 XXXV.
1061 267 1102 297 al.
1126 267 1277 300 XXXVI.

181 337 243 366 Car.
258 338 298 365 10.
317 346 342 365 v.
359 339 402 366 54.
420 338 506 365 Nolite
519 342 607 373 putare
618 339 678 372 quia
691 341 797 366 venerim
811 348 896 374 pacem
909 340 968 366 mit-

218 390 270 412 tere
285 386 310 411 in
325 390 415 412 terram
425 393 434 412 :
443 394 492 412 non
504 385 560 412 veni
570 394 656 420 pacem
668 385 775 416 mittere,
789 386 833 412 sed
846 386 968 421 gladium.

216 431 261 459 35.
281 431 343 458 Veni
361 432 428 459 enim
444 439 562 467 separare
578 431 703 458 hominem
721 439 738 458 α
756 436 826 466 patre
837 439 893 464 suo,
905 437 928 458 et
939 432 970 465 ﬁ-

218 476 279 503 liam
300 484 315 502 a
333 482 413 503 matre
425 485 482 509 sua,
496 482 519 503 et
533 485 625 503 nurum
638 485 654 503 a
667 485 739 504 socru
753 485 799 504 sua
808 484 817 503 :
826 477 870 504 56.
884 482 907 504 et
920 477 971 504 ini-

217 523 276 549 mici
289 522 408 555 hominis,
424 522 554 549 domettici
568 523 633 557 ejus.

218 569 244 595 Ι.
261 568 376 595 Rursum
389 567 541 595 onerosiora
563 567 684 603 profert,
709 567 787 603 idque
800 576 859 595 cum
875 576 970 603 magna

182 614 358 641 auctoritate:
371 613 493 648 quodque
507 613 552 641 alii
566 613 696 648 objecturi
709 618 795 647 erant,
810 614 853 641 ille
870 615 969 650 pracdi-

181 660 229 687 cit.
243 659 307 686 Nam
330 666 363 686 ne
387 659 419 686 iis
442 658 540 686 auditis
554 659 674 686 dicerent
687 668 693 686 :
707 659 804 687 Ideone
817 661 928 693 venisti,
942 665 971 688 ut

184 712 233 732 nos
252 704 394 732 interlicias
408 711 468 731 cum
482 705 514 731 iis
535 703 580 739 qui
603 703 680 731 nobis
694 703 833 739 obsequuti
852 710 928 737 sunt,
943 710 971 733 et

181 749 259 778 bellis
272 753 369 777 terram
382 749 504 784 repleas?
522 750 579 785 ipse
597 749 671 785 prior
683 749 748 777 dicit
760 759 766 778 :
779 748 839 777 Non
853 751 908 777 veni
921 759 969 786 pa-

182 803 236 822 cem
247 795 344 821 mittere
362 795 390 822 in
410 798 512 822 terram.
531 795 584 822 Cur
605 802 669 830 ergo
691 795 817 830 praecepit
831 796 858 823 in
876 796 970 823 domos

183 841 299 876 singulas
314 841 447 876 ingressos
467 848 558 876 pacem
578 841 687 869 dicere?
699 849 747 868 cur
758 845 786 870 et
796 841 883 876 angeli
895 842 969 870 dice-

183 887 256 918 bant,
271 887 359 915 Gloria
370 887 396 914 in
410 887 514 914 excelsis
532 886 605 920 Deo,
627 891 650 914 et
662 887 689 914 in
704 892 771 914 terra
790 895 841 922 pax
853 887 928 923 (Luc.
941 888 967 914 2.

184 933 248 968 lt)?
269 940 316 960 cur
338 933 473 968 prophette
495 940 588 961 omnes
609 932 722 969 idipsum
744 933 971 968 prtenuntiarunt?

183 980 250 1012 Quia
266 979 330 1006 illud
350 981 467 1006 maxime
482 986 533 1014 pax
546 983 604 1011 est,
620 985 682 1006 cum
696 979 721 1006 id
732 999 740 1012 ,
754 979 826 1014 quod
840 985 950 1014 aegrotat
960 1001 969 1014 ,

183 1025 356 1057 abscinditur,
369 1024 475 1060 quando
489 1024 526 1056 id.
540 1024 610 1059 quod
625 1024 752 1058 dissidet,
767 1030 914 1059 separatur.
927 1025 971 1053 Sic

183 1071 255 1098 cnim
271 1074 358 1106 potest
374 1070 468 1098 caelum
489 1077 550 1098 cum
565 1074 635 1098 terra
651 1069 736 1105 jungi.
751 1070 971 1105 Quandoquidem

184 1119 302 1146 medicus
321 1118 360 1146 sic
382 1118 513 1153 reliquum
534 1124 632 1153 corpus
653 1121 753 1151 servat,
776 1125 837 1145 cum
859 1117 885 1145 id
901 1118 970 1153 quod

184 1163 329 1191 insanabile
342 1167 394 1197 est,
410 1167 530 1196 resecat;
547 1168 574 1191 et
587 1163 651 1196 dux,
667 1171 728 1191 cum
742 1171 788 1190 eos
801 1164 845 1198 qui
860 1170 972 1191 concor-

183 1209 255 1236 diam
271 1209 446 1244 perniciosam
461 1209 574 1236 inierant
584 1209 641 1247 ,‘ad
653 1208 845 1236 dissensionem
861 1209 970 1236 inducit.

183 1255 228 1282 Sic
240 1259 267 1283 et
281 1255 306 1282 in
319 1255 361 1281 illa
374 1255 439 1282 turri
450 1254 547 1282 factum
559 1259 599 1281 est
609 1253 736 1290 (GenJl)
749 1263 755 1281 :
767 1254 862 1281 malam
875 1255 971 1289 quippe

183 1301 353 1328 concordiam
367 1301 436 1328 bona
448 1300 579 1328 discordia
591 1300 687 1333 solvit,
699 1304 726 1327 et
742 1307 834 1335 pacem
845 1301 972 1327 concilia-

183 1347 230 1374 vit.
255 1346 301 1374 Sic
319 1351 346 1374 et
366 1346 462 1374 Paulus
474 1353 521 1373 eos
535 1346 578 1381 qui
592 1345 732 1373 adversum
752 1353 782 1373 se
801 1345 971 1372 concordiam

184 1392 306 1424 inierant,
320 1392 410 1419 divisit
424 1393 491 1428 (Act.
505 1391 551 1419 25.
563 1391 590 1418 6.
604 1391 642 1426 7).
657 1391 685 1418 ln
699 1390 819 1418 Nabuthe
831 1398 895 1419 vero
909 1399 972 1418 con-

184 1439 272 1466 cordia
290 1438 332 1465 illa
344 1438 472 1465 fuitomni
484 1438 553 1465 bello
564 1437 681 1464 deterior
690 1438 727 1472 (5.
739 1437 803 1473 Reg.
815 1436 872 1472 21).
882 1437 972 1471 Neque

184 1485 254 1512 enim
269 1484 409 1512 concordia
433 1491 540 1518 semper
560 1483 693 1511 laudanda
707 1493 713 1511 :
726 1491 786 1510 nam
808 1488 836 1511 et
857 1483 972 1511 latrones

185 1532 254 1557 tuter
266 1537 296 1557 se
309 1529 455 1556 concordes
469 1534 541 1556 sunt.
554 1529 610 1556 Non
625 1528 704 1563 igitur
715 1536 747 1556 ex
762 1528 860 1556 Christi
875 1536 972 1563 propo-

185 1576 244 1607 sito,
260 1575 307 1603 sed
321 1583 353 1602 ex
366 1574 471 1602 illorum
484 1574 620 1602 voluntate
633 1574 729 1602 bellum
740 1574 904 1601 movebatur.
914 1574 972 1609 Ipse

185 1621 280 1656 quippe
293 1621 399 1648 volebat
408 1628 502 1648 omnes
515 1621 539 1648 in
552 1621 592 1655 pia
603 1621 730 1656 religione
741 1621 885 1648 concordes
895 1629 970 1649 esse:

185 1667 231 1694 sed
243 1667 303 1702 quia
318 1667 353 1694 illi
367 1667 540 1699 dissidebant,
564 1666 625 1694 hinc
648 1667 745 1694 bellum
759 1667 903 1695 oriebatur.
919 1667 972 1695 Sed

186 1720 237 1740 non
252 1713 290 1740 sic
304 1712 351 1739 ille
364 1712 490 1747 loquutus
501 1716 542 1739 est
554 1722 560 1738 :
572 1712 636 1747 quid
657 1720 721 1740 vero
735 1712 819 1740 dicit?
844 1713 904 1740 Non
918 1714 972 1741 ueni

186 1766 272 1792 pacem
285 1758 397 1791 mittere,
421 1762 450 1784 ut
465 1757 525 1784 illos
539 1757 731 1785 consolaretur.
747 1757 786 1785 Ne
799 1759 895 1792 putetis
905 1779 913 1791 ,
931 1759 972 1786 in-

186 1803 251 1838 quit,
267 1803 371 1830 illorum
385 1810 432 1830 vos
443 1810 550 1830 causam
563 1809 633 1835 esse,
645 1810 694 1837 ego
708 1803 765 1830 hmc
775 1803 897 1838 dispono,
912 1804 971 1838 quia

187 1850 224 1877 illi
244 1851 283 1877 sic
303 1850 389 1877 allecti
413 1854 485 1877 sunt.
504 1849 542 1877 Ne
558 1849 700 1877 turbemini
723 1850 812 1885 igitur,
835 1851 908 1886 quasi
930 1859 973 1879 res

187 1900 282 1931 praeter
293 1896 518 1931 exspectationem
533 1895 666 1923 eveniant.
680 1895 743 1923 ldeo
753 1897 822 1928 veni,
835 1901 863 1923 ut
876 1896 972 1924 bellum

187 1949 307 1969 moveam
320 1951 326 1968 :
339 1941 396 1969 haec
409 1941 506 1976 quippe
516 1948 575 1968 mea
587 1946 627 1968 est
637 1940 769 1968 voluntas.
781 1940 819 1968 Ne
830 1941 973 1968 turbemini

187 1988 268 2023 igitur
293 1995 352 2015 cum
382 1991 452 2014 terra
479 1987 554 2022 quasi
579 1986 682 2014 insidiis
707 1988 825 2022 appetita
850 1988 876 2014 in
905 1987 973 2015 bella

188 2038 318 2068 erumpet.
333 2033 398 2060 Cum
412 2033 484 2060 enim
506 2032 532 2060 id
554 2032 624 2067 quod
639 2032 757 2060 deterius
769 2037 810 2060 est
823 2037 973 2068 separatmn

188 2080 274 2112 fuerit,
288 2083 350 2106 tunc
363 2079 470 2106 demum
485 2079 587 2106 meliori
602 2078 668 2113 parti
682 2079 855 2113 conjungetur
869 2079 973 2106 caelum.

188 2126 250 2154 llaec
263 2130 353 2153 autem
364 2125 437 2156 dicit,
452 2129 480 2152 ut
490 2129 583 2152 contra
594 2125 689 2152 malam
702 2124 861 2151 multorum‘
873 2125 975 2158 opinio-

187 2180 248 2200 nem
271 2172 331 2199 illos
353 2171 464 2198 muniat.
489 2170 580 2206 Neque
602 2170 681 2204 dixit,
704 2170 816 2202 Bellum,
838 2170 885 2197 sed
905 2170 975 2204 quod

188 2218 272 2245 multo
283 2217 401 2244 deterius
414 2221 472 2250 est,
492 2215 623 2243 Gladium.
637 2215 666 2243 Si
680 2223 744 2243 vero
757 2215 826 2243 dicta
841 2215 899 2243 hzec
911 2223 977 2243 one-

188 2271 250 2291 rosa
262 2263 317 2290 sint
326 2267 353 2291 et
362 2263 435 2290 dictu
447 2262 561 2297 ingrata,
571 2269 604 2290 ne
614 2261 728 2289 mireris.
737 2261 804 2289 Cum
816 2261 887 2289 enim
898 2261 978 2289 vellet

187 2316 235 2337 eos
249 2309 300 2336 hac
312 2308 455 2336 verborum
469 2307 612 2343 asperitate
633 2314 760 2335 exercere
769 2327 776 2338 ,
800 2315 833 2334 ne
848 2307 874 2333 in
888 2314 977 2334 rerum

187 2356 371 2384 difﬁcultatem
388 2356 498 2391 ingressi
513 2355 647 2383 resilirent
657 2374 665 2387 ,
680 2355 720 2383 sic
734 2355 813 2382 verba
829 2354 975 2389 disposuit:

188 2409 220 2429 ac
233 2409 267 2429 ne
279 2401 339 2437 quis
353 2401 464 2435 diceret,
478 2409 540 2429 eum
555 2408 589 2428 ex
601 2400 745 2434 lenocinio,
760 2404 788 2428 et
801 2400 916 2427 difﬁcilia
930 2407 978 2427 oc—

188 2448 324 2481 cultando,
347 2455 407 2483 quze
427 2448 535 2475 volebat
555 2448 682 2480 suasisse,
709 2447 770 2475 ideo
793 2447 837 2474 illa
851 2454 910 2482 qua:
924 2447 978 2474 alio

190 2495 270 2523 modo
293 2495 404 2522 dicenda
428 2494 595 2525 videbantur,
618 2494 751 2522 acerbiori
773 2497 801 2521 et
826 2493 978 2522 terribiliori

192 2541 270 2568 modo
282 2540 433 2575 explicavit.
447 2540 541 2567 Melius
552 2540 622 2567 enim
637 2544 679 2567 est
690 2547 778 2567 rerum
791 2547 870 2574 quam
884 2539 979 2567 verbo-

190 2594 248 2614 rum
262 2586 398 2613 lenitatem
412 2585 512 2613 videre.
526 2585 640 2620 Ideoque
654 2592 740 2620 neque
755 2584 812 2612 hare
826 2585 925 2613 dixisse
937 2592 980 2612 sa-

192 2632 226 2659 tis
242 2631 343 2663 habuit,
357 2630 405 2658 sed
418 2630 480 2659 belli
494 2631 611 2665 speciem
623 2630 768 2665 explicans,
784 2629 900 2657 ostendit
915 2629 979 2657 illud

191 2678 261 2705 civili
277 2677 346 2705 bello
359 2676 444 2704 multo
457 2677 564 2711 gravius
579 2683 649 2708 esse,
662 2676 753 2710 aitque
766 2684 771 2702 :
788 2675 850 2702 Veni
864 2683 981 2711 separare

193 2723 318 2750 hominem
327 2731 343 2749 a
355 2728 426 2758 patre
439 2730 494 2753 suo,
509 2726 531 2748 et
543 2722 624 2754 ﬁliam
638 2729 655 2748 ιι
669 2726 748 2748 matre
757 2729 815 2753 sua,
828 2726 851 2748 et
862 2729 952 2747 nurum
965 2728 981 2746 a

193 2777 266 2796 socru
277 2776 333 2794 sua.
348 2767 405 2794 Non
419 2768 490 2794 enim
505 2766 582 2793 amici
598 2772 624 2793 et
636 2766 759 2794 concives
774 2765 870 2797 solmn,
886 2766 980 2800 inquit,

192 2814 239 2842 sed
263 2818 292 2841 et
312 2812 418 2848 cognati
441 2813 509 2840 alter
533 2817 626 2840 contra
647 2811 759 2839 alterum
777 2810 930 2846 iusurgent,
954 2814 982 2838 et

226 2902 235 2918 ι
251 2901 359 2932 Quidam,
370 2899 482 2927 laborum.

1027 345 1120 369 natura
1137 343 1191 377 ipsa
1207 343 1369 372 discindctur
1384 345 1463 373 bello.
1487 346 1547 374 Vem
1561 348 1638 382 enim,
1658 349 1753 385 inquit,
1769 358 1810 377 u-

1024 395 1114 421 parare
1128 387 1253 415 hominem
1267 398 1283 416 a
1305 395 1375 424 patre
1387 399 1447 424 suo,
1462 396 1486 419 et
1499 397 1604 420 matrem
1617 402 1634 421 a
1645 394 1701 429 ﬁlia
1715 404 1776 426 sua,
1792 401 1815 424 ct

1023 440 1114 460 nurum
1124 442 1140 460 a
1150 443 1224 461 socru
1234 444 1290 462 sua.
1303 436 1394 472 Neque
1404 438 1475 465 enim
1489 434 1733 470 inter'domesticos
1748 443 1797 469 sim
1805 458 1813 463 ρ

1023 478 1128 513 pliciter
1141 480 1238 507 bellum
1260 482 1321 515 erit,
1345 483 1392 510 sed
1407 484 1486 511 etiam
1511 485 1581 513 inter
1595 487 1772 515 amicissimos
1785 493 1813 515 et

1023 524 1117 559 majori
1141 527 1336 555 necessitudine
1349 529 1466 564 junctus.
1487 531 1515 558 ld
1536 532 1607 566 quod
1629 534 1744 562 maxime
1757 533 1815 568 ejus

1024 569 1147 597 virtutem
1159 572 1286 604 ostendit,
1299 573 1368 608 quod
1382 574 1417 601 illi
1430 576 1491 602 talia
1502 577 1641 605 audientes
1652 579 1814 613 exciperent,

1024 614 1136 649 aliisque
1150 616 1303 644 suaderent.
1317 618 1482 654 Quamquam
1503 629 1556 648 non
1570 622 1627 657 ipse
1642 623 1698 650 huic
1713 624 1815 652 eflicie~

1023 659 1078 694 hat,
1092 661 1138 688 sed
1153 661 1288 690 hominum
1299 665 1432 700 nequitia;
1448 671 1565 695 attamen
1581 668 1638 702 ipse
1652 676 1681 696 se
1693 669 1756 697 dicit
1770 671 1815 697 illa

1024 705 1121 733 facem.
1142 706 1190 734 llic
1215 708 1312 743 quippe
1329 717 1388 737 mos
1411 716 1452 738 est
1473 712 1617 747 Scriptum
1636 721 1730 742 sacrm.
1745 715 1814 743 Alibi

1023 752 1094 779 enim
1108 752 1172 780 dicit
1185 762 1192 780 :
1206 754 1283 782 Dedit
1298 755 1348 783 illis
1365 757 1433 784 Deus
1449 759 1550 792 oculos,
1566 764 1594 786 ut
1619 768 1671 788 non
1692 761 1814 790 viderent

1023 796 1100 832 (lsat.
1117 798 1144 825 6.
1159 798 1294 832 9;Ezech.
1318 801 1362 830 12.
1383 801 1401 828 2
1415 810 1422 835 ;
1434 802 1512 830 Joan.
1534 804 1577 831 12.
1593 805 1636 832 Η.
1651 806 1696 842 40)
1714 815 1722 834 :
1736 807 1774 835 sic
1786 812 1814 835 et

1023 842 1051 870 in
1074 843 1126 871 hoc
1151 844 1209 872 loco
1230 845 1316 873 dicit:
1332 852 1362 874 ut
1384 848 1464 875 verba
1485 849 1587 882 isthmc,
1607 850 1678 886 quod
1692 853 1815 886 superius

1023 887 1093 922 dixi,
1113 896 1204 916 secum
1217 895 1381 924 reputantes,
1395 900 1429 920 ne
1444 894 1623 928 turbarentur,
1638 903 1698 923 cum
1713 903 1815 932 oppro-

1024 934 1088 962 briis
1108 939 1135 962 et
1156 937 1325 964 contumeliis
1344 938 1544 972 impeterentur.
1560 939 1634 974 Quod
1653 941 1676 969 si
1694 942 1739 977 qui
1759 942 1816 970 hmc

1023 979 1111 1013 gravia
1123 980 1285 1014 existimant,
1298 982 1322 1008 in
1336 987 1453 1010 mentem
1467 990 1591 1012 revocent
1602 990 1720 1014 veterem
1732 986 1816 1015 histo-

1024 1024 1100 1052 riam.
1115 1025 1212 1053 Priscis
1224 1027 1294 1054 enim
1310 1029 1472 1063 temporibus
1490 1029 1541 1057 hoc
1555 1030 1640 1066 ipsum
1654 1033 1775 1068 contigit,
1789 1033 1816 1060 id

1024 1070 1094 1105 quod
1107 1071 1221 1100 maxime
1233 1073 1349 1100 ostendit
1362 1075 1460 1102 veteris
1477 1075 1542 1111 legis
1560 1083 1622 1104 cum
1644 1085 1710 1105 nova
1726 1079 1815 1106 allini-

1026 1121 1118 1148 tatem,
1131 1118 1307 1154 eumdemque
1321 1127 1381 1147 esse
1394 1121 1438 1155 qui
1455 1121 1513 1149 haec
1524 1122 1601 1156 dixit,
1615 1128 1642 1151 et
1655 1124 1697 1151 illa
1713 1133 1814 1160 prmce-

1025 1163 1074 1197 pit.
1095 1163 1161 1191 Nam
1181 1168 1210 1191 et
1229 1165 1299 1199 apud
1322 1166 1428 1194 Judmos
1451 1175 1510 1195 cum
1530 1169 1643 1204 quisque
1665 1171 1814 1205 proximum

1024 1216 1101 1236 suum
1112 1209 1224 1243 occidit,
1238 1215 1301 1238 tunc
1311 1211 1355 1239 ille
1367 1213 1485 1246 placatus
1496 1218 1537 1241 est
1549 1214 1644 1251 (Exod.
1658 1216 1702 1243 52.
1713 1216 1760 1251 27)
1771 1225 1777 1244 :
1788 1221 1816 1244 et

1024 1254 1131 1288 quando
1145 1255 1255 1282 vitulum
1276 1256 1440 1290 conﬂarunt,
1468 1263 1495 1286 et
1515 1259 1622 1294 quando
1641 1260 1814 1296 Beclphegori

1025 1299 1119 1326 initiati
1132 1304 1194 1327 sunt
1207 1300 1299 1335 (Num.
1315 1301 1360 1329 25.
1373 1302 1412 1337 5).
1430 1303 1478 1331 Ubi
1494 1309 1556 1331 sunt
1566 1312 1630 1339 ergo
1644 1306 1689 1340 qui
1703 1306 1814 1340 dicunt,

1026 1343 1098 1371 illum
1112 1344 1194 1372 Deum
1209 1345 1318 1378 malum,
1331 1346 1402 1374 hunc
1416 1348 1514 1375 bonum
1526 1350 1605 1377 esse?
1617 1350 1687 1378 Ecce
1701 1357 1816 1386 namque

1026 1396 1199 1426 cognatorum
1213 1394 1341 1429 sanguine
1356 1394 1448 1423 orbem
1463 1396 1586 1431 replevit.
1601 1397 1726 1426 Altamen
1740 1399 1816 1426 beni-

1026 1437 1134 1471 gnitatis
1148 1438 1237 1466 multa:
1250 1439 1301 1467 hoc
1318 1447 1386 1475 opus
1405 1449 1465 1468 esse
1483 1442 1605 1470 dicimus.
1628 1443 1772 1478 Propterea
1787 1449 1817 1472 ut

1025 1483 1148 1510 ostendat
1161 1490 1190 1510 se
1203 1484 1246 1511 illa
1261 1485 1342 1512 etiam
1356 1486 1513 1521 approbare,
1529 1488 1696 1523 prophetiam
1712 1497 1813 1517 memo-

1026 1532 1078 1561 rat,
1091 1536 1150 1562 quaa
1160 1536 1213 1556 non
1228 1529 1324 1557 factum
1338 1531 1401 1557 illud
1417 1532 1534 1566 respicit,
1545 1533 1592 1560 sed
1605 1533 1716 1569 idipsum
1725 1539 1813 1562 tamen

1025 1573 1153 1600 declarat.
1168 1574 1295 1608 Quanam
1315 1576 1358 1602 illa
1373 1577 1434 1604 est?
1448 1576 1551 1605 Inimici
1567 1578 1674 1606 hominis
1687 1579 1816 1607 domestici

1026 1619 1090 1653 ejus.
1105 1618 1169 1646 Nam
1189 1624 1216 1647 et
1235 1620 1303 1655 apud
1317 1620 1425 1648 Iudaeos
1438 1622 1573 1657 quidpiam
1595 1623 1683 1651 simile
1695 1625 1815 1660 contigit.

1026 1664 1111 1692 Erant
1122 1665 1193 1692 cnim
1207 1667 1343 1701 propheta:
1356 1671 1383 1694 et
1398 1668 1648 1705 pseudoprophetaa,
1660 1678 1692 1698 ac
1704 1671 1817 1706 populus

1026 1710 1172 1738 dissidebat
1184 1711 1333 1747 domusque
1345 1712 1548 1747 dividebantur;
1569 1719 1596 1742 et
1611 1715 1654 1742 alii
1669 1715 1709 1743 his
1721 1717 1817 1743 crede-

1027 1754 1090 1782 bant
1101 1776 1108 1787 ,
1130 1756 1175 1783 alii
1198 1756 1268 1784 aliis.
1283 1757 1346 1785 Ideo
1360 1763 1452 1786 monet
1467 1759 1595 1793 propheta
1609 1760 1701 1788 dicens
1712 1770 1718 1788 :
1730 1761 1817 1793 Nolite

1026 1801 1126 1829 credere
1135 1803 1231 1834 amicis,
1245 1811 1290 1830 nec
1304 1812 1405 1839 sperare
1418 1805 1444 1831 in
1459 1805 1563 1832 ducibus
1574 1813 1584 1833 :
1593 1806 1637 1833 sed
1649 1811 1671 1833 et
1685 1815 1701 1833 a
1712 1808 1819 1842 conjuge

1027 1852 1071 1874 tua
1083 1855 1151 1880 cave,
1164 1856 1242 1883 neque
1253 1849 1292 1876 illi
1302 1850 1457 1884 ualentioris,
1469 1851 1529 1886 quia
1538 1851 1632 1878 inimici
1643 1852 1751 1879 hominis
1761 1859 1819 1880 sunt

1028 1893 1076 1927 ipsi
1088 1893 1135 1920 viri
1148 1894 1174 1920 in
1188 1894 1243 1928 eius
1258 1894 1397 1923 habitantes
1414 1896 1489 1923 domo
1505 1896 1597 1932 (Mich.
1616 1898 1646 1927 7.
1659 1898 1686 1925 5.
1702 1897 1741 1933 6).
1757 1898 1819 1926 Haec

1028 1943 1117 1966 autem
1131 1939 1253 1972 dicebat,
1275 1945 1304 1967 ut
1324 1948 1384 1968 eum
1403 1941 1447 1976 qui
1467 1941 1518 1969 hoc
1531 1938 1819 1980 verbum‘excepturus

1027 1987 1115 2018 esset,
1138 1984 1262 2012 omnibus
1286 1986 1451 2020 superiorem
1479 1986 1612 2015 redderet.
1636 1987 1728 2022 Neque
1747 1989 1820 2016 enim

1029 2029 1096 2057 Inori
1110 2030 1208 2056 malum
1221 2035 1272 2064 est,
1288 2031 1334 2058 sed
1347 2032 1416 2059 male
1431 2032 1509 2059 mori.
1524 2031 1625 2060 Idcirco
1637 2033 1719 2060 dixit:
1730 2033 1820 2069 Ignem

1028 2075 1083 2102 veni
1092 2077 1187 2102 mittere
1194 2076 1221 2102 in
1231 2081 1332 2103 terram.
1344 2076 1406 2104 llaec
1415 2085 1494 2112 porro
1506 2077 1620 2110 dicebat,
1632 2083 1661 2105 ut
1671 2078 1728 2113 ejus
1738 2087 1818 2114 quem

1029 2120 1150 2155 exigebat
1162 2122 1261 2149 amoris
1275 2121 1406 2150 fervorem
1426 2130 1457 2150 ac
1474 2124 1668 2151 vehementiam
1683 2124 1819 2159 signiﬁca-

1029 2171 1079 2194 ret.
1102 2166 1169 2199 Quia
1189 2167 1259 2194 enim
1283 2169 1318 2194 ita
1341 2175 1390 2195 nos
1413 2168 1587 2196 vehementer
1605 2169 1719 2200 amavit.
1746 2169 1786 2197 sic
1804 2177 1819 2196 a

1029 2213 1106 2241 nobis
1126 2214 1181 2240 vult
1199 2214 1293 2241 amari.
1308 2214 1370 2242 Haec
1385 2222 1465 2250 porro
1482 2215 1560 2243 verba
1580 2216 1716 2250 apostolos
1734 2216 1821 2251 erige-

1029 2258 1104 2290 bant,
1120 2259 1342 2295 subliutioresque
1354 2259 1511 2288 reddebant.
1528 2260 1593 2288 Nam
1606 2261 1628 2288 si
1642 2261 1690 2294 illi,
1702 2261 1819 2294 aiebant,

1029 2310 1171 2340 cognatos,
1198 2305 1283 2337 filios,
1309 2311 1434 2341 parentes
1457 2307 1610 2342 despecturi
1635 2312 1707 2340 sunt,
1733 2307 1818 2342 cogita

1030 2351 1122 2385 quales
1136 2355 1258 2386 oporteat
1270 2359 1319 2378 nos
1333 2359 1403 2384 esse,
1417 2352 1461 2387 qui
1476 2352 1599 2380 doctores
1612 2360 1714 2381 sumus.
1729 2352 1820 2387 Neque

1031 2396 1101 2423 enim
1116 2395 1182 2423 dura
1197 2400 1224 2423 et
1236 2396 1354 2424 difficilia
1369 2397 1415 2424 illa
1431 2398 1457 2424 in
1472 2398 1547 2425 vobis
1567 2399 1646 2426 linem
1667 2397 1820 2430 habebunt,

1031 2442 1077 2469 sed
1089 2445 1116 2468 et
1128 2441 1161 2468 ad
1174 2441 1241 2468 alios
1252 2442 1413 2469 transibunt.
1427 2442 1492 2469 Nam
1506 2442 1566 2477 quia
1580 2449 1674 2477 magna
1690 2442 1758 2469 bona
1769 2442 1822 2469 huc

1031 2487 1118 2521 attuli,
1131 2495 1252 2522 magnam
1265 2487 1342 2523 exigo
1354 2492 1381 2516 et
1394 2488 1573 2516 obedientiam
1588 2493 1615 2517 et
1627 2488 1761 2516 affectum.
1776 2489 1822 2516 57.

1033 2533 1083 2565 Qui
1096 2537 1165 2560 autat
1180 2537 1276 2568 patrem
1289 2538 1313 2560 et
1326 2539 1430 2561 matrem
1445 2534 1502 2570 plus
1513 2543 1589 2570 quam
1605 2542 1655 2567 me,
1674 2542 1726 2561 non
1735 2539 1771 2562 eu
1784 2542 1822 2561 me

1032 2579 1123 2613 dignus
1133 2583 1173 2605 :et
1187 2578 1231 2614 qui
1240 2583 1309 2605 amat
1319 2579 1400 2612 ﬁlium
1412 2584 1455 2606 aut
1465 2579 1545 2614 [ilium
1556 2579 1613 2614 plus
1624 2587 1759 2613 quemme,
1772 2587 1823 2606 non

1033 2629 1067 2651 est
1081 2631 1120 2650 nte
1134 2624 1235 2659 dignus.
1252 2624 1296 2652 58.
1321 2623 1354 2651 Et
1373 2625 1416 2659 qui
1437 2633 1488 2651 non
1510 2625 1575 2651 tollit
1587 2633 1686 2652 crucem
1698 2633 1769 2652 suam
1779 2645 1787 2658 ,
1799 2629 1823 2651 et

1033 2670 1144 2704 sequitur
1163 2678 1212 2702 me,
1231 2678 1281 2697 non
1300 2675 1335 2697 est
1354 2678 1393 2696 me
1410 2670 1510 2706 dignus.
1525 2669 1620 2698 Vidisti
1639 2671 1822 2698 auctoritatem

1034 2715 1167 2742 dot-toris?
1186 2715 1273 2742 vidisti
1294 2716 1428 2751 quomodo
1451 2716 1575 2744 ostendat
1598 2715 1716 2751 seipsum
1730 2717 1824 2751 genui-

1034 2768 1096 2787 nntn
1114 2760 1198 2786 Patris
1213 2760 1321 2793 Filium,
1339 2761 1427 2788 omnia
1440 2761 1535 2796 iubens
1550 2761 1618 2789 infra
1632 2762 1783 2797 relinquere
1795 2767 1823 2789 et

1033 2805 1170 2831 caritatem
1183 2805 1241 2839 ejus
1253 2805 1403 2833 anteferre?
1417 2806 1450 2833 Et
1460 2806 1521 2841 quid
1534 2806 1604 2840 dico,
1618 2807 1711 2843 inquit,
1724 2807 1823 2835 amicos

1035 2854 1063 2877 et
1083 2852 1225 2886 cognatos?
1238 2851 1266 2880 Si
1280 2851 1395 2879 animam
1409 2857 1480 2880 tuam
1493 2853 1627 2880 dilectioni
1643 2861 1709 2881 mere
1728 2853 1822 2889 praefe-

1037 2902 1091 2929 ras,
1107 2898 1197 2932 procul
1213 2905 1242 2925 cs
1256 2905 1271 2925 a
1286 2897 1352 2926 meis
1373 2897 1518 2933 discipulis.
1535 2897 1603 2932 Quid
1620 2895 1717 2935 igitur?
1733 2905 1821 2925 annon
