2067 3134
257 137 308 164 μη

257 195 312 222 iIu-c
327 194 460 222 contraria
475 194 557 221 veteri
581 193 629 228 lrgi
644 194 722 220 sum?
744 194 835 226 Absit;
852 194 904 220 imo
918 193 955 220 illi
971 193 1049 220 valde

255 245 413 268 consonant.
429 230 495 267 Nam
516 241 569 268 illic
592 240 744 268 idulolatras
758 248 811 268 nou
825 239 905 267 modo
916 240 989 272 odit,
1003 239 1050 266 sed

246 285 336 313 ‘etiam
360 286 471 320 lapidari
494 286 580 321 jubet.
598 285 629 313 Et
651 287 676 313 in
701 285 907 313 Deuteronomio
931 285 1050 313 veritatis

257 332 373 359 cultores
386 332 521 358 admirans
533 332 587 358 ait:
605 332 654 365 Qui
673 332 734 358 dicit
755 332 821 366 patri
836 331 873 358 vel
889 331 973 362 mam',
989 330 1049 358 A‘on

257 378 307 405 ridi
322 384 355 410 te,
371 383 394 405 et
409 379 500 413 fratres
514 386 572 405 suos
586 386 634 404 non
651 377 774 412 cognovit,
790 382 812 404 et
828 377 896 411 ﬁlios
910 377 1048 412 ignorauit,

256 424 389 450 custodiuit
411 424 508 458 eloquia
530 429 572 450 tua
586 423 674 458 (Dent.
696 423 739 450 55.
763 423 802 452 9).
816 422 891 455 Quod
912 423 933 449 si
954 422 1050 450 Paulus

258 469 339 496 multa
360 469 430 495 circa
456 473 581 503 parentes
595 468 746 503 pra-cipiat,
767 475 793 495 et
814 469 865 495 illis
881 469 907 495 in
926 468 1050 496 omnibus

257 514 368 549 obsequi
388 514 490 549 jubeat,
512 521 545 541 ne
564 514 669 541 mireris
683 522 690 542 :
705 522 765 541 nam
782 513 808 541 in
824 513 875 542 illis
889 514 974 542 solum
988 514 1052 542 obe-

257 562 316 589 dire
336 561 470 596 prmcipit,
496 569 555 595 qua:
578 561 669 594 pietati
694 568 747 588 non
774 560 1049 588 omcinntzsanctum

257 607 355 642 quippe
369 609 412 634 est
434 607 460 632 iu
483 606 589 633 czeteris
603 606 727 633 erunibus
746 606 849 634 honore
862 607 920 633 illos
932 606 1049 634 afﬁcere.

257 654 323 681 Cum
343 658 433 680 autem
449 654 507 687 plus
522 660 602 687 quam
619 661 666 687 par
685 653 720 680 sit
743 653 862 688 exigunt,
879 660 932 680 non
946 657 1052 688 oportet

258 700 310 727 illis
322 699 518 734 obtemperare.
536 698 637 726 Idcirco
650 699 715 726 dicit
738 698 822 726 Lucas
838 708 845 727 :
859 699 889 726 Si
913 700 969 735 quis
986 700 1051 726 venit

256 745 291 771 ad
304 753 353 778 me,
369 750 392 771 et
408 754 457 772 non
471 746 523 772 odit
536 749 632 780 patrem
647 753 722 772 suum
735 750 758 772 et
771 751 886 778 matrem,
900 751 923 773 et
937 754 1049 779 uxorem,

255 795 280 817 et
293 790 360 824 filios
373 795 396 818 at
409 791 515 826 fratres,
536 790 621 817 adhuc
635 795 717 817 autem
731 795 754 817 et
767 791 877 818 animant
890 799 961 818 suam
973 811 980 823 ,
1001 799 1051 818 non

256 842 337 872 potest
350 845 419 864 meus
431 845 485 864 esse
498 837 637 872 discipulus
652 836 727 872 (Luc.
743 837 786 864 Μ.
802 837 849 871 26)
862 846 870 864 :
882 845 935 864 non
951 838 1051 872 simpli-

256 884 324 911 citer
335 883 398 911 odio
411 883 510 911 habere
522 884 628 918 jubens,
646 883 671 911 id
686 883 756 911 enim
773 883 916 910 admodum
931 883 1050 917 iniquum

256 933 348 962 esset;
372 929 418 956 sed
439 930 461 957 si
481 929 543 957 velit
559 934 588 956 ιιι
600 937 674 956 ames
688 930 761 956 illum
782 929 841 963 plus
855 937 934 964 quam
949 937 1001 962 me,
1018 936 1050 956 ea

257 975 290 1002 de
301 982 380 1003 causa
392 974 454 1002 odio
466 974 534 1002 habe
547 975 631 1001 illum.
641 974 667 1002 ld
678 975 749 1002 enim
761 979 914 1002 clamatum
925 979 952 1002 et
961 981 1050 1001 aman-

257 1026 311 1048 tem
325 1020 459 1056 perderet.

291 1067 319 1094 Ξ.
334 1067 390 1094 Hoc
405 1074 484 1100 porro
497 1065 601 1094 dicebat
613 1086 620 1098 ,
635 1070 664 1093 ut
677 1070 704 1093 et
719 1065 788 1093 filios
803 1065 925 1093 fortiores
937 1086 944 1096 ,
958 1071 985 1093 et
1000 1073 1048 1100 pa-

257 1117 322 1146 tres,
333 1112 379 1147 qui
393 1112 583 1146 impedimento
593 1118 653 1138 esse
666 1111 773 1143 vellent,
785 1111 978 1138 mansuetiores
991 1111 1051 1138 red-

256 1158 342 1186 deret.
360 1158 464 1185 Etenim
486 1160 575 1192 patres
594 1156 714 1184 videntes
734 1157 819 1191 ipsum
842 1161 940 1183 tantam
957 1157 1008 1183 vim
1024 1160 1052 1183 et

258 1207 414 1238 potestatem
431 1203 528 1231 habere
540 1223 548 1236 ,
563 1207 592 1230 ut
607 1207 696 1237 posset
710 1202 780 1230 ﬁlios
795 1203 828 1230 ab
847 1203 910 1237 ipsis
924 1203 1049 1236 avellere,

257 1258 290 1277 ne
300 1257 332 1278 ea
343 1254 477 1277 tentarent
485 1257 545 1284 qua:
556 1249 613 1276 ﬁeri
625 1256 677 1276 non
689 1253 820 1284 poterant,
830 1249 950 1277 destituri
964 1253 1050 1277 erant.

259 1297 319 1323 Ideo
334 1295 402 1323 illius
415 1295 502 1322 solum
519 1295 673 1330 alloquitur,
688 1295 776 1322 missis
791 1295 922 1329 patrihus,
937 1303 1004 1330 quos
1018 1295 1052 1322 ab

251 1341 342 1368 inutili
356 1346 453 1368 conatu
466 1345 583 1368 revocat.
600 1341 699 1368 Deinde
713 1348 746 1368 ne
760 1341 796 1368 illi
813 1341 1012 1376 indignarentur
1025 1346 1053 1369 et

257 1394 328 1421 κλει-ε
341 1386 458 1418 ferrent,
473 1387 534 1414 vide
547 1394 601 1422 quo
623 1393 774 1414 sermonem
791 1387 914 1414 deducat.
928 1387 994 1414 Cum
1009 1387 1051 1414 di-

258 1436 342 1460 xisset
352 1433 434 1464 enim,
451 1431 502 1464 Qui
514 1440 565 1459 non
580 1432 634 1459 odit
648 1437 745 1467 patrem
757 1438 780 1460 et
793 1438 908 1466 matrem,
921 1433 1003 1466 addit,
1020 1433 1052 1460 Et

257 1479 369 1505 animam
390 1487 470 1505 mam.
488 1478 556 1512 Quid
577 1478 641 1505 mihi
658 1479 772 1512 allegas,
792 1479 894 1513 inquit,
911 1483 1051 1513 parentes,

258 1523 364 1556 fratres,
381 1532 498 1556 sorores,
516 1525 644 1551 uxorein?
660 1523 728 1551 Nihil
747 1524 870 1559 cuiquam
886 1524 1053 1559 eonjunctius

258 1575 298 1597 est
313 1570 400 1597 anima
411 1590 419 1601 ,
434 1575 461 1597 et
475 1574 564 1597 L‘Illlen
583 1570 631 1596 nisi
652 1577 710 1596 eam
728 1569 789 1597 odio
805 1569 944 1602 habueris,
960 1574 1052 1597 contra

258 1623 337 1650 quam
358 1616 421 1643 velit
440 1623 533 1642 amans
550 1615 638 1642 omnia
660 1615 764 1642 cedent.
786 1615 877 1650 Neque
899 1616 1054 1651 simpliciter

259 1663 331 1689 illam
344 1662 406 1690 odio
420 1662 519 1690 habere
531 1661 620 1696 jussit,
637 1662 683 1689 sed
699 1662 734 1689 ita
749 1666 777 1688 ut
792 1661 824 1689 ad
841 1662 908 1689 bella
924 1662 1052 1695 tradatur,

259 1709 292 1735 ad
312 1716 413 1743 pugnas
423 1729 429 1739 ,
444 1708 531 1736 CtL'dCS
542 1728 550 1740 ,
568 1709 733 1742 sanguinem.
754 1706 824 1734 Nam
838 1709 880 1743 qui
894 1716 944 1734 non
958 1708 1054 1743 bujutat

261 1762 359 1781 crucem
379 1762 452 1780 suum
462 1774 469 1786 ,
484 1758 507 1779 et
521 1754 587 1780 venit
607 1758 662 1788 post
677 1761 716 1780 me
727 1774 735 1786 ,
750 1761 800 1780 non
822 1759 900 1788 potest
920 1762 988 1781 meus
1002 1762 1055 1781 esse

261 1798 411 1834 discipulus.
428 1798 485 1826 Non
501 1798 565 1826 dicit
580 1799 676 1830 solntn,
688 1798 721 1825 ad
737 1804 849 1826 mortem
865 1803 983 1834 paratum
995 1806 1054 1827 esse

261 1848 380 1879 oportet;
401 1844 447 1872 sed
469 1844 502 1871 ad
526 1849 638 1872 mortem
658 1845 820 1878 violentam;
842 1853 892 1872 nec
910 1846 1053 1873 violentam

263 1889 360 1922 modo,
377 1891 423 1918 sed
438 1895 465 1918 et
480 1891 694 1925 ignominiosam.
708 1891 831 1926 Nihilque
845 1892 931 1920 adhuc
945 1892 978 1919 de
993 1900 1054 1927 pas-

264 1953 284 1963 ;.
299 1944 339 1964 .ne
351 1944 398 1964 sua
411 1935 543 1972 loquitur,
559 1941 587 1964 ut
602 1938 627 1964 in
643 1937 683 1964 his
700 1938 804 1965 interim
824 1939 935 1966 instituti
953 1939 1055 1968 facilius

263 1989 296 2009 ac
309 1981 395 2009 lenius
408 1981 441 2009 de
457 1982 500 2009 illa
518 1982 669 2017 loquentem
684 1983 815 2010 audirent.
833 1985 926 2011 Annon
946 1989 1056 2019 stupen-

262 2028 326 2055 dum
336 2032 377 2055 est
388 2028 491 2055 illorum
505 2028 562 2056 hare
571 2029 735 2056 audientium
747 2030 862 2056 animam
875 2037 925 2057 non
937 2032 1056 2059 avolasse

264 2082 279 2100 a
291 2081 404 2108 corpore
414 2094 421 2107 ,
435 2081 495 2101 cum
514 2074 548 2101 de
569 2067 687 2101 tristibus
702 2074 787 2101 solum
803 2080 909 2109 agatur,
926 2076 1055 2103 bonorum

264 2128 330 2147 vero
343 2127 404 2155 spes
417 2125 518 2148 tantum
533 2121 678 2148 offeratur?
691 2121 829 2154 Quomodo
843 2129 906 2156 ergo
924 2130 976 2149 non
995 2131 1057 2149 avo-

266 2166 350 2192 lavit?
364 2165 444 2193 Multa
459 2170 516 2193 erat
530 2166 643 2194 dicentis
658 2167 749 2200 virtus,
765 2172 791 2194 et
805 2168 967 2194 audientium
983 2176 1058 2196 amor

267 2212 376 2239 multus.
394 2212 506 2247 Ideoque
520 2213 597 2248 longe
612 2213 717 2240 duriora
732 2218 759 2240 ct
777 2214 931 2241 onerosiora
946 2215 1057 2242 audien-

266 2264 315 2290 tes,
331 2266 408 2293 qualn
423 2259 509 2293 magni
524 2259 559 2285 illi
577 2260 622 2285 \iri
639 2259 743 2295 Moyses
757 2265 782 2287 et
799 2259 939 2292 Jereuiias,
955 2261 1059 2288 ohtem-

266 2310 401 2338 perutiles,
416 2311 464 2332 nec
479 2312 656 2339 repugnantes
671 2306 823 2333 manebant.
842 2307 885 2335 59.
902 2307 951 2339 Qui
966 2308 1059 2334 invenit

267 2351 378 2377 animant
399 2359 487 2383 suam,
505 2351 590 2386 perdet
605 2360 676 2384 eam,
695 2356 718 2378 et
736 2352 778 2386 qui
795 2353 931 2387 perdiderit
948 2354 1059 2380 animum

266 2405 337 2424 suam
353 2402 455 2432 prapter
468 2406 518 2430 me,
535 2398 640 2424 inveniet
653 2407 717 2424 eam.
732 2398 826 2425 Viden‘
838 2404 961 2434 quantam
974 2400 1060 2433 jactu-

247 2458 250 2459 ν
268 2451 324 2470 ram
341 2442 437 2470 faciant
451 2443 497 2478 qui
514 2444 630 2470 animant
645 2451 718 2471 suam
733 2445 792 2479 plus
805 2452 884 2480 quam
899 2451 1004 2480 oportet
1016 2446 1059 2473 di-

267 2491 370 2526 ligant?
381 2497 560 2528 quantumque
573 2493 672 2520 lucrum
686 2501 778 2520 eorum
791 2494 835 2528 qui
848 2493 980 2521 oderunt?
993 2494 1058 2528 Quia

268 2537 339 2564 enim
353 2543 484 2573 praecepta
497 2546 609 2566 onerosa
623 2543 716 2567 erant:
732 2546 793 2565 nam
806 2544 897 2566 contra
916 2545 1038 2574 parentes
1050 2560 1057 2574 ,

269 2583 348 2616 filios,
364 2589 496 2617 naturam,
511 2585 707 2620 cognationem,
727 2585 829 2617 orbem,
849 2585 985 2620 ipsamque
1000 2586 1058 2612 ani-

269 2637 340 2657 mam
360 2631 443 2657 aciem
464 2631 774 2665 instruerevoportebat:
791 2631 929 2659 utilitatem
951 2631 1056 2665 adjicit,

269 2684 328 2710 qum
344 2677 458 2704 maxima
471 2681 543 2705 certe
556 2682 623 2704 erat.
637 2677 715 2711 Haec,
731 2678 831 2712 inquit,
845 2685 897 2705 non
911 2678 990 2705 modo
1005 2686 1058 2705 non

269 2722 418 2755 nocebunt,
433 2723 482 2750 sed
496 2727 523 2751 ct
540 2723 655 2751 maxime
670 2724 817 2759 juvabunt;
834 2723 875 2751 his
889 2729 976 2752 autem
991 2732 1058 2751 con-

268 2769 348 2795 traria
363 2768 504 2796 nocebunt.
520 2769 548 2796 ld
563 2769 659 2804 ubique
671 2769 733 2797 facit
744 2790 752 2803 ,
766 2769 799 2797 ah
815 2770 846 2797 iis
859 2777 917 2804 qum
931 2769 1058 2805 concupi-

269 2819 357 2847 scunt,
373 2814 550 2842 inductionem
566 2821 650 2850 parat.
666 2815 720 2844 Cur
737 2823 790 2843 non
805 2816 844 2843 vis
856 2817 970 2844 animatn
987 2820 1058 2844 tuam
1081 2819 1087 2828 '

269 2861 424 2896 despicere?
436 2860 502 2895 Quia
513 2868 586 2890 amas
597 2862 687 2890 illam?
698 2862 737 2890 Ob
749 2862 799 2890 hoc
812 2862 897 2898 ipsum
909 2870 972 2899 ergo
987 2862 1056 2890 illam

631 137 657 163 S.
672 136 810 165 JO\N.‘1IS
824 135 1058 164 (ιιιῐιγδοςτοιιι
1079 135 1236 164 ARCIIIEP.
1251 138 1516 168 CONSTANTINOP.

1104 194 1226 227 despice,
1242 201 1269 222 et
1291 201 1354 223 tunc
1378 197 1447 224 illam
1470 198 1584 226 maxime
1600 198 1720 233 juvahis,
1740 205 1818 235 tuque
1836 209 1898 228 vere

1102 245 1236 268 amantem
1251 243 1451 270 monstraveris.
1469 243 1501 270 Et
1515 243 1577 270 vide
1593 244 1655 270 mihi
1672 245 1837 278 prudentiam
1854 247 1896 273 in-

1102 285 1245 313 effabilem.
1275 286 1332 314 Non
1352 287 1421 314 enim
1443 288 1468 315 in
1490 290 1644 323 parentibus
1663 295 1689 316 et
1712 291 1771 317 liliis
1795 297 1896 318 tantum

1102 337 1229 364 moratur,
1243 334 1288 360 seti
1304 334 1328 361 in
1342 335 1429 362 anima
1444 336 1562 362 omniurn
1576 336 1724 370 carissima,
1739 342 1767 364 ut
1778 338 1848 372 qunti
1861 338 1896 365 de

1103 377 1146 404 illa
1163 377 1242 410 dicit,
1260 379 1435 407 iudubitattun
1450 385 1569 414 maneat,
1585 388 1609 408 l'l
1625 383 1701 408 simul
1717 383 1821 410 discant
1835 383 1895 410 illos

1102 423 1182 450 etiam
1197 425 1308 451 multum
1323 426 1386 452 lucri
1402 431 1426 452 et
1444 426 1564 452 utilitatis
1581 426 1641 454 hinc
1654 433 1809 462 accepturos
1823 437 1892 459 esse,

1102 470 1316 505 quandoquidem
1346 472 1408 499 illud
1434 472 1460 499 in
1487 474 1605 500 onmiutn
1633 474 1823 508 pt'etiOsissima
1846 475 1897 501 sibi

1102 517 1190 543 anima
1204 517 1324 552 contigit.

1140 562 1189 594 Qui
1201 564 1329 598 apostolos
1339 564 1486 598 reciperent,
1497 570 1592 599 quanta
1603 571 1809 600 consequerentur
1820 567 1894 594 bona.

1102 622 1137 627 -—
1153 609 1213 635 Ilaec
1228 616 1291 635 vero
1306 614 1429 643 poterant
1443 610 1564 637 homines
1582 610 1706 638 inducere
1721 612 1753 638 ad
1773 612 1832 639 illos
1854 621 1896 639 τος

1102 654 1239 687 cipiendos
1252 655 1297 689 qui
1312 655 1361 681 sibi
1376 655 1454 682 saluti
1469 663 1528 683 esse
1545 656 1678 683 valebant.
1694 657 1758 690 Quis
1773 659 1843 685 enim
1860 659 1894 685 ita

1103 699 1186 726 fortes
1199 704 1374 735 strenuosque
1388 701 1468 734 viros,
1481 702 1524 736 qui
1537 702 1612 736 quasi
1627 702 1717 730 leones
1729 705 1821 731 orbem
1834 713 1895 738 pcr-

1102 745 1260 776 currehaut,
1277 745 1321 779 qui
1336 750 1364 772 ut
1380 746 1447 773 alios
1467 751 1608 774 servarent
1626 755 1672 774 sua
1694 749 1781 775 munia
1801 754 1895 776 contu--

1103 790 1248 823 mnebaut,
1271 798 1324 817 non
1347 790 1438 818 libenti
1459 792 1549 819 animo
1571 793 1751 827 suscepisset?
1772 795 1894 822 Attamen

1102 835 1180 862 aliam
1195 836 1268 870 ponit
1281 836 1432 864 mercedem
1444 857 1452 869 ,
1468 837 1613 864 ostendens
1626 859 1633 871 ,
1647 846 1676 865 se
1696 839 1810 873 hoSpitio
1825 841 1896 867 reci-

1103 881 1219 916 pientem
1231 902 1238 915 ,
1253 890 1331 917 quam
1344 887 1480 918 receptum
1497 883 1546 910 hac
1560 884 1584 910 in
1599 892 1628 911 re
1643 886 1726 919 magis
1743 892 1846 913 curare.
1864 887 1896 914 Et

1102 928 1217 962 prinuun
1233 929 1339 963 quidem
1354 929 1399 956 dat
1418 929 1555 963 praemium
1568 951 1575 963 ,
1591 930 1684 958 dicens
1698 939 1705 958 :
1729 931 1774 959 40.
1790 932 1840 966 Qui
1853 941 1894 959 re-

1102 974 1162 1008 cipit
1177 983 1230 1007 vos,
1245 983 1284 1001 me
1296 975 1383 1010 recipit
1394 983 1404 1008 ;
1418 980 1441 1002 et
1453 975 1496 1010 qui
1515 984 1554 1002 me
1567 977 1666 1010 recipit.
1680 978 1768 1011 recipit
1784 986 1842 1004 eum
1854 979 1897 1013 qui

1102 1028 1141 1046 me
1155 1020 1230 1046 misit.
1245 1019 1295 1047 Cui
1315 1021 1354 1047 rei
1375 1020 1438 1055 quid
1462 1028 1509 1056 par
1528 1029 1652 1056 umquam
1676 1022 1769 1055 fuerit,
1790 1023 1895 1051 Patrem

1102 1073 1198 1101 nempe
1210 1070 1238 1093 et
1253 1066 1348 1094 Filium
1369 1067 1509 1102 recipere?
1525 1068 1610 1094 Aliam
1630 1074 1688 1102 post
1707 1069 1776 1097 hanc
1790 1078 1895 1098 merce-

1102 1112 1162 1139 dem
1183 1113 1337 1147 pollicetur;
1354 1120 1415 1140 nam
1430 1113 1467 1140 ait
1481 1122 1488 1140 :
1502 1113 1548 1141 4i.
1571 1113 1621 1146 Qui
1638 1115 1727 1150 recipit
1749 1116 1898 1150 prophetam

1102 1159 1128 1185 in
1141 1159 1241 1186 nomine
1252 1159 1391 1194 prophetae,
1403 1160 1541 1187 mercedem
1553 1161 1684 1195 prophetat
1695 1162 1810 1197 accipiet,
1822 1167 1845 1189 et
1854 1163 1898 1198 qui

1103 1205 1190 1239 recipit
1201 1205 1299 1240 justum
1313 1205 1339 1232 in
1353 1205 1453 1232 nomine
1467 1206 1542 1240 justi,
1556 1207 1694 1234 mercedem
1704 1208 1769 1242 justi
1780 1209 1897 1243 accipiet.

1103 1251 1188 1286 Supra
1212 1259 1319 1286 poenam
1341 1251 1527 1280 interminatur
1545 1252 1577 1279 iis
1595 1253 1640 1287 qui
1659 1261 1712 1281 non
1727 1254 1896 1289 receperint;

1104 1296 1146 1323 hic
1158 1303 1221 1323 vero
1233 1297 1362 1324 bonorum
1374 1297 1538 1333 largitionem
1548 1298 1650 1326 definit.
1664 1299 1699 1327 Ut
1711 1304 1800 1327 autem
1811 1300 1898 1328 discas

1105 1342 1176 1368 illum
1192 1342 1240 1369 hos
1255 1343 1370 1370 maxime
1383 1350 1495 1377 curare,
1510 1352 1563 1371 non
1579 1343 1646 1372 dixit
1660 1350 1760 1372 tantum
1770 1366 1777 1378 ,
1796 1346 1846 1379 Qui
1859 1355 1900 1373 re-

1103 1389 1162 1422 cipit
1176 1389 1338 1423 prophetam,
1353 1389 1395 1416 vel
1405 1409 1412 1421 ,
1429 1389 1479 1422 Qui
1498 1390 1588 1425 recipit
1596 1391 1696 1424 justum
1707 1412 1714 1424 ,
1729 1391 1775 1419 sed
1789 1391 1897 1426 adjicit,

1104 1434 1137 1460 In
1153 1434 1252 1461 nomine
1271 1435 1416 1470 prop/tem,
1430 1440 1472 1468 et,
1488 1435 1521 1462 In
1535 1437 1635 1464 nomine
1651 1438 1716 1473 justi
1727 1445 1737 1470 ,'
1757 1438 1782 1465 id
1801 1443 1860 1472 Cal.
1875 1441 1896 1466 si

1105 1489 1157 1508 non
1182 1485 1290 1520 propter
1311 1481 1438 1509 saeculare
1459 1483 1653 1517 patrocinium,
1673 1483 1716 1511 vel
1737 1484 1897 1511 caduearnm

1105 1535 1193 1554 rerum
1207 1535 1296 1560 causa,
1313 1528 1475 1563 susceperit;
1492 1529 1538 1556 sed
1551 1529 1612 1564 quia
1627 1529 1765 1564 propheta,
1781 1531 1822 1558 vel
1838 1531 1898 1566 quia

1103 1574 1191 1608 justus
1206 1578 1256 1606 est,
1272 1574 1422 1602 mercedem
1438 1576 1574 1610 propheta:
1586 1575 1629 1604 vel
1641 1576 1706 1611 justi
1721 1577 1843 1612 accipiet,
1858 1578 1899 1605 vel

1106 1629 1183 1653 quam
1198 1628 1246 1656 par
1256 1626 1297 1648 est
1310 1620 1431 1656 accipere
1444 1629 1503 1649 eum
1517 1622 1561 1657 qui
1574 1622 1616 1650 vel
1633 1622 1788 1657 prophetam
1803 1624 1843 1651 rel
1855 1624 1899 1659 ju-

1105 1671 1174 1692 stum
1189 1666 1328 1701 receperit,
1342 1667 1384 1694 vel
1397 1667 1500 1701 qualem
1513 1667 1641 1702 propheta
1651 1668 1693 1695 vel
1706 1669 1794 1703 justus
1805 1676 1900 1696 conse-

1106 1713 1204 1746 quitur.
1217 1713 1293 1745 Quod
1307 1717 1336 1740 et
1349 1713 1445 1740 Paulus
1458 1713 1581 1741 dicebat:
1600 1713 1687 1741 Vestra
1700 1714 1855 1741 abundantia
1867 1716 1900 1741 ad

1106 1759 1208 1785 illorum
1221 1759 1333 1793 inopiam
1343 1779 1349 1790 ,
1365 1763 1393 1785 ut
1411 1759 1514 1786 illorum
1533 1759 1688 1786 abundantia
1701 1762 1732 1787 sit
1747 1760 1780 1786 ad
1793 1766 1899 1787 vestram

1107 1805 1217 1839 inopiam
1232 1805 1269 1841 (2.
1288 1804 1347 1832 Cor.
1363 1805 1389 1832 8.
1406 1806 1461 1837 H).
1479 1806 1578 1833 Deinde
1591 1815 1624 1833 ne
1639 1807 1697 1841 quis
1717 1812 1900 1842 paupertatem

1107 1851 1279 1884 obtenderet,
1295 1852 1331 1878 ait
1345 1861 1351 1878 :
1366 1851 1410 1878 42.
1427 1852 1582 1886 Quicumque
1598 1858 1685 1886 patum
1700 1853 1796 1881 dederit
1811 1854 1855 1880 uni
1870 1862 1901 1881 ea:

1108 1898 1216 1924 minimis
1236 1898 1290 1925 istis
1308 1898 1410 1924 calicem
1430 1906 1503 1933 aqua:
1521 1899 1623 1934 frigida:
1643 1904 1739 1926 tantum
1758 1899 1784 1926 in
1801 1900 1902 1926 nomine

1108 1943 1237 1978 discipuli,
1253 1952 1326 1970 antea
1341 1944 1396 1970 dico
1410 1943 1488 1977 vobis,
1505 1952 1555 1970 non
1569 1944 1654 1978 perdet
1667 1945 1804 1971 mercedem
1817 1954 1899 1972 suam.

1109 1989 1218 2016 Etiamsi
1230 1989 1270 2016 vel
1284 1993 1374 2024 potum
1388 1996 1461 2023 aquae
1476 1988 1578 2023 frigida:
1594 1989 1710 2022 dederis,
1726 1991 1750 2016 in
1765 1998 1817 2024 quo
1831 1990 1900 2016 nulla

1110 2035 1228 2069 impensa
1248 2039 1305 2067 est,
1326 2034 1375 2061 erit
1396 2034 1441 2061 tibi
1464 2035 1580 2068 reposita
1599 2043 1711 2062 merces.
1730 2036 1841 2070 Propter
1854 2044 1902 2063 VOS

1109 2081 1191 2113 enim,
1203 2082 1247 2115 qui
1261 2082 1386 2116 recipitis,
1399 2082 1486 2109 omnia
1501 2081 1581 2109 facio.

1145 2128 1172 2154 5.
1196 2127 1316 2154 Vidistin‘
1340 2127 1497 2162 quibusnam
1521 2127 1553 2154 ad
1581 2127 1795 2162 persuadendum
1818 2135 1900 2160 usus,

1110 2173 1248 2200 universas
1272 2173 1324 2200 illis
1348 2173 1421 2200 orbis
1444 2172 1538 2200 domos
1562 2174 1716 2208 aperuerit?
1739 2174 1790 2201 Per
1813 2175 1901 2200 omnia

1110 2218 1207 2253 quippe
1222 2219 1336 2245 ostendit
1351 2226 1443 2246 onmes
1464 2218 1529 2254 ipsis
1547 2225 1607 2246 esse
1624 2219 1760 2246 debitores
1776 2228 1783 2246 :
1798 2219 1900 2254 primo,

1111 2272 1170 2291 cum
1185 2263 1251 2291 dixit
1265 2273 1271 2291 :
1287 2263 1385 2299 Dignus
1402 2269 1437 2291 est
1456 2265 1587 2300 operarius
1605 2265 1718 2291 mercede
1730 2273 1777 2292 sua
1791 2265 1900 2299 (Matth.

1111 2309 1154 2337 10.
1170 2309 1224 2345 10);
1241 2310 1373 2344 secundo,
1386 2309 1455 2344 quod
1471 2309 1534 2337 nihil
1545 2309 1675 2337 habentes
1689 2315 1715 2338 et
1729 2317 1827 2337 vacuos
1841 2311 1902 2337 mit-

1111 2361 1148 2382 tat
1160 2364 1167 2388 ;
1183 2356 1272 2389 tertio,
1284 2356 1353 2390 quod
1367 2356 1399 2383 ad
1411 2356 1478 2383 bella
1489 2360 1516 2383 et
1526 2363 1627 2391 pugnas
1638 2364 1686 2390 pro
1696 2356 1904 2391 suscipientibus

1111 2402 1213 2434 mittat;
1227 2405 1332 2436 quarto,
1346 2401 1416 2435 quod
1430 2402 1503 2435 signa
1519 2401 1645 2435 operandi
1661 2401 1707 2428 det
1724 2405 1901 2435 potestatem;

1111 2447 1218 2482 quinto,
1230 2447 1300 2482 quod
1314 2454 1422 2481 pacem,
1439 2447 1568 2474 honorum
1584 2447 1702 2473 otnnium
1716 2454 1840 2480 causam,
1857 2455 1903 2481 per

1111 2501 1142 2520 os
1161 2500 1253 2521 eorum
1277 2493 1303 2520 in
1324 2493 1419 2520 domos
1441 2493 1641 2527 suscipientium
1664 2493 1790 2526 inducat;
1811 2499 1902 2527 sexto,

1111 2538 1182 2575 quod
1200 2540 1321 2575 graviora
1344 2539 1513 2567 Sodomiticis
1533 2540 1719 2567 interminetur
1740 2540 1772 2566 iis
1789 2540 1832 2574 qui
1851 2548 1903 2566 non

1112 2587 1184 2621 ipsos
1197 2585 1381 2620 susceperint;
1398 2586 1521 2619 septimo,
1538 2585 1608 2620 quod
1624 2586 1755 2616 ostendat.
1771 2586 1815 2620 qui
1832 2587 1904 2620 ipsos

1111 2632 1275 2666 suscipiunt,
1291 2635 1318 2659 et
1330 2639 1361 2659 se
1377 2636 1404 2658 et
1421 2631 1526 2658 Patrem
1541 2631 1692 2665 suscipere;
1707 2636 1817 2664 octavo,
1832 2631 1902 2665 quod

1112 2679 1248 2713 prophetze
1261 2682 1289 2705 et
1304 2678 1368 2712 justi
1386 2677 1535 2704 mercedem
1555 2677 1710 2712 promittat;
1726 2685 1797 2704 nono
1809 2698 1815 2709 ,
1832 2678 1903 2712 quod

1112 2725 1187 2752 calici
1200 2732 1274 2759 aqua:
1288 2723 1389 2758 frigidae
1404 2731 1525 2758 magnam
1541 2724 1659 2758 assignat
1674 2723 1836 2750 mercedem.
1851 2722 1904 2750 llo~

1112 2778 1170 2797 rum
1185 2768 1390 2804 unumquodque
1404 2773 1508 2802 poterat
1518 2768 1578 2795 illos
1589 2768 1732 2796 attrahere.
1745 2768 1810 2802 Quis
1819 2768 1901 2799 enim,

1113 2823 1220 2849 qua'so,
1236 2815 1329 2843 ducem
1347 2814 1441 2842 videns
1459 2815 1532 2842 mille
1544 2814 1696 2841 vulneribus
1709 2814 1862 2842 confossum
1875 2818 1902 2841 et

1113 2865 1289 2895 cruentatum,
1304 2868 1335 2889 ac
1347 2865 1407 2896 post
1418 2860 1500 2887 multa
1510 2864 1611 2895 tropica
1623 2867 1655 2888 ex
1667 2859 1736 2888 bello
1747 2859 1904 2888 redeuntem

1846 142 1901 170 iiii"

1916 268 1926 297 ι
