2067 3134
216 159 271 189 ΠΗ

211 218 298 253 ianuis
313 217 407 245 domus
420 216 544 244 omnibus
556 215 656 252 apertis
671 223 722 243 non
737 214 887 249 receperit?
901 214 933 242 Et
945 213 1005 249 quis

214 265 257 292 illo
273 264 353 292 talis?
370 264 482 299 inquies.
498 262 559 291 ideo
571 262 685 297 adjecit,
700 261 733 288 In
743 262 843 288 nomine
856 261 985 296 prop/tete:
995 281 1002 292 ,

214 311 254 338 vel
270 311 399 346 discipuli,
415 310 456 337 vel
470 307 547 345 justi,
562 313 591 337 ut
604 308 691 336 discas
706 309 792 343 ipsum
808 315 860 335 non
874 315 907 335 ex
919 307 1006 342 digni-

214 362 267 383 tate
281 356 432 385 aceedeutis
441 377 448 389 ,
465 356 512 384 sed
526 364 559 384 ex
572 355 708 383 voluntate
722 353 891 389 suscipienlis
911 353 1004 388 hospi-

213 403 260 435 tio,
274 402 425 430 mercedem
438 406 565 430 statuere.
580 401 646 429 Nam
658 401 701 428 hic
713 400 746 428 de
761 399 908 436 prophetis,
923 399 956 427 de
969 399 1004 426 di-

211 450 321 483 scipulis
339 453 366 476 et
382 449 416 476 de
432 448 511 483 justis
523 448 593 483 agit;
609 447 672 475 alibi
685 454 748 474 vero
763 446 843 474 etiam
858 445 1001 473 admodm

212 495 331 529 abjeetos
351 495 487 529 suscipere
505 493 594 529 jubet,
611 500 711 528 eosque
728 491 772 526 qui
789 498 841 518 non
856 490 1004 525 suscipiam

210 541 321 576 castigat
333 548 341 568 :
357 547 418 567 nam
432 539 464 566 In
475 544 596 575 quantum
609 547 659 565 non
671 537 765 572 fecistis
777 538 821 563 uni
834 545 865 564 ea:
877 536 916 562 Itis
929 535 1003 562 "ﬁni.

209 586 269 619 mis,
283 594 362 620 neque
373 585 435 612 mihi
448 585 541 620 fecistis
552 584 657 620 (Matth.
671 583 716 611 25.
729 583 793 618 45);
807 586 834 610 et
843 590 859 610 e
869 581 1002 610 contrario

210 639 327 658 rursum.
343 631 455 658 Etiamsi
469 632 538 657 enim
553 630 598 658 ille
612 629 678 657 nihil
691 629 792 664 grande
803 629 904 660 fecerit.
921 628 1002 656 homo

209 683 299 706 tamen
314 682 356 706 est
369 683 397 705 et
412 677 538 705 mttndum
551 676 672 704 eutndem
686 676 796 708 habitat,
810 675 932 704 etmtdem
957 682 1001 702 so-

209 723 261 751 lum
275 723 393 759 respicit,
405 723 526 751 eamdem
541 722 619 750 habet
633 722 760 753 animam,
772 721 896 748 eumdem
911 721 1001 748 Domi-

209 779 284 803 num,
299 770 453 797 eorumdcm
474 774 559 797 tecum
574 769 763 804 mysteriorum
779 775 888 795 consors
901 766 1010 800 est,ad'

208 817 280 845 idem
294 816 387 844 ca‘lum
402 821 524 849 vocatur,
543 815 587 849 jus
605 814 706 850 grande
725 813 825 841 habens
836 834 842 846 ,
858 819 1000 848 pauperta-

208 869 261 890 tem
273 884 281 897 ,
296 868 323 891 et
336 862 407 898 quod
423 861 575 896 necessario
589 861 648 889 cibo
661 865 747 896 egeat.
763 860 837 887 Nunc
850 864 937 887 autem
953 859 997 894 qui

208 914 234 937 te
245 916 305 936 cum
320 908 391 935 tibiis
406 912 434 935 et
453 907 547 934 ﬁstulis
563 906 667 943 hyetnis
685 911 806 940 tempore
823 906 939 933 excitant
950 925 957 937 ,
971 909 999 932 ct

206 955 305 982 frustra
323 959 476 988 temerequc
496 953 541 981 tibi
562 952 710 980 molestiam
724 955 834 983 creant,
850 950 939 978 multis
959 956 998 977 ta-

206 1008 267 1028 men
281 1008 296 1027 a
310 1005 336 1028 te
348 1000 434 1027 ornati
448 999 602 1027 muneribus
621 998 766 1031 recedunt;
780 1002 811 1025 et
819 998 863 1033 qui
878 997 997 1024 hirundi-

206 1053 254 1073 nes
267 1046 472 1079 circumferunt,
488 1044 598 1080 fuligine
612 1043 738 1078 obducti,
751 1043 796 1079 qui
810 1047 954 1071 scommata
970 1047 997 1070 et

204 1091 345 1119 maledicta
365 1093 391 1119 in
411 1098 511 1119 omnes
524 1090 686 1125 conjiciunt,
708 1094 868 1126 portentosa:
883 1096 997 1118 consue-

204 1139 303 1166 tudinis
321 1137 473 1166 mercedem
494 1138 635 1172 accipiunt.
659 1136 687 1164 Si
709 1144 773 1164 vero
793 1144 895 1172 pauper
914 1143 995 1171 egens

205 1192 272 1220 pane
285 1184 404 1217 accedat,
419 1184 492 1212 mille
506 1183 579 1211 illum
595 1182 753 1216 maledictis,
770 1182 929 1218 opprobriis,
943 1183 995 1210 cri-

204 1230 319 1258 minibus
339 1237 452 1263 oneras,
470 1229 630 1257 otiositatem
652 1229 814 1265 exprobras,
831 1235 880 1256 nec
894 1229 994 1264 cogitas

203 1281 230 1304 te
243 1283 349 1311 quoque
362 1276 477 1303 otiosum
490 1283 561 1309 esse,
577 1279 605 1303 et
622 1280 709 1304 tamen
724 1275 806 1303 Deum
822 1275 868 1303 tibi
883 1283 992 1302 munera

202 1326 236 1350 et.
249 1322 318 1350 dona
338 1321 469 1358 priebere.
489 1321 527 1349 Ne
545 1321 611 1349 mihi
630 1322 701 1350 enim
720 1321 836 1355 dixeris,
854 1326 880 1350 te
894 1322 993 1357 aliquid

201 1368 324 1403 operari;
340 1367 386 1396 sed
402 1367 466 1395 mihi
478 1367 641 1401 demonstra,
658 1371 684 1395 te
699 1367 797 1404 aliquid
812 1368 992 1395 necessarimn

201 1414 290 1442 facere
303 1419 330 1442 et
343 1418 468 1442 tractare.
485 1413 531 1442 Sin
552 1413 616 1441 mihi
631 1413 732 1442 dixeris
747 1419 772 1442 te
787 1416 891 1449 negotia
910 1421 991 1449 pecu-

201 1460 284 1487 niaria
297 1465 325 1488 ct
338 1459 525 1494 cauponariam
538 1466 675 1492 exercere,
689 1467 791 1486 necnon
811 1460 928 1487 studium
943 1467 991 1486 cu-

200 1506 292 1534 randae
302 1511 329 1533 et
342 1506 468 1541 augenda:
481 1507 518 1534 rei
533 1505 680 1540 familiaris,
696 1506 862 1542 respondebo
876 1506 921 1534 tibi
935 1506 992 1535 haec

200 1559 254 1580 non
268 1559 328 1579 esse
342 1559 422 1586 Opera
431 1572 438 1584 ,
452 1551 499 1579 sed
513 1559 575 1580 vere
592 1559 672 1587 opera
691 1559 752 1580 esse
774 1552 971 1589 eleemosynam
982 1573 995 1585 ,,

199 1599 347 1626 orationem
358 1619 366 1632 ,
383 1598 506 1625 lassorum
521 1598 696 1633 patrocinium
711 1601 737 1626 et
752 1597 846 1625 similia
856 1619 864 1631 ,
879 1598 904 1625 in
918 1606 993 1633 quo—

199 1653 259 1673 rum
279 1645 378 1672 incuria
393 1645 472 1672 vitam
494 1649 623 1680 perpetuo
640 1644 753 1679 agimus.
771 1644 896 1672 Attamen
912 1653 990 1672 num-

198 1698 279 1726 quam
290 1690 357 1718 dixit
370 1689 446 1718 nobis
460 1690 537 1723 Deus,
550 1690 616 1724 Quia
629 1691 656 1717 in
667 1690 721 1717 otio
733 1689 819 1725 degis,
832 1697 885 1717 non
897 1697 991 1717 accen-

198 1737 260 1764 dam
275 1736 320 1764 tibi
333 1736 432 1769 solem;
448 1736 510 1771 quia
524 1744 559 1763 ex
576 1735 734 1763 necessariis
747 1735 812 1762 nihil
825 1735 988 1770 exsequeris,

199 1784 288 1811 lunam
311 1783 356 1810 tibi
379 1783 562 1817 exstinguam,
577 1787 655 1809 terra:
673 1786 776 1810 uterum
796 1782 912 1809 sterilem
927 1782 990 1810 red-

198 1830 271 1863 dam,
287 1829 406 1856 retinebo
420 1834 522 1864 stagna,
536 1828 634 1862 fontes,
648 1828 766 1862 llutnina,
781 1828 876 1856 delebo
888 1836 988 1862 aerem,

198 1876 302 1911 pluvias
323 1882 424 1902 annuas
447 1875 573 1902 detinebo
594 1882 601 1901 :
622 1882 713 1901 verum
735 1874 824 1901 omnia
847 1874 890 1902 ille
914 1874 990 1902 nobis

197 1921 365 1950 abundanter
383 1920 543 1956 suppeditat.
559 1920 723 1955 Quibusdam
742 1927 807 1948 vero
828 1928 881 1947 non
904 1920 988 1948 solum

198 1967 225 1995 in
239 1967 294 1994 otio
306 1966 475 2002 degentibus,
488 1966 535 1994 sed
553 1966 631 1993 etiam
651 1966 721 1994 male
735 1966 917 2001 operantibus,
933 1966 990 1994 haec

197 2014 297 2041 allatim
313 2013 434 2048 largitur.
452 2013 518 2041 Cum
541 2013 621 2048 igitur.
641 2020 784 2048 pauperem
799 2013 896 2041 videris
914 2013 989 2041 dixe-

197 2060 307 2095 risque,
324 2059 475 2091 [’rtefocor,
492 2066 552 2086 cum
573 2058 651 2086 video
671 2059 741 2086 hunc
757 2059 882 2094 juvenem
894 2079 902 2092 ,
922 2059 990 2087 bene

197 2105 346 2138 valentem,
362 2104 427 2132 nihil
448 2104 606 2138 habentem,
621 2104 689 2132 velle
703 2104 788 2132 otioso
800 2105 851 2132 sibi
863 2105 989 2133 alimenta

196 2151 378 2187 suppeditari;
391 2151 458 2178 forte
467 2158 561 2178 servus
572 2150 695 2185 fugitivus
704 2150 797 2186 estqui
807 2150 900 2178 herum
913 2158 989 2178 suum

197 2197 306 2232 reliquit
320 2206 326 2223 :
341 2196 398 2224 btrc
413 2197 468 2232 ipsa
482 2196 528 2223 tibi
540 2196 620 2223 dicito
632 2217 640 2229 ,
652 2196 706 2223 imo
720 2195 752 2224 da
766 2196 803 2223 illi
816 2195 873 2223 11ωο
885 2196 932 2224 tibi
946 2196 989 2224 di-

195 2244 275 2271 cendi
288 2243 448 2276 libertatem,
456 2243 607 2278 justiusque
618 2242 688 2270 dicet
698 2242 743 2270 tibi
757 2242 914 2275 :Praafocor,
929 2250 989 2270 cum

196 2291 276 2319 video
285 2295 322 2324 te,
333 2298 414 2319 sanus
425 2298 486 2318 cum
498 2290 545 2323 sis,
557 2289 584 2317 in
596 2289 651 2317 otio
662 2289 770 2325 degere,
784 2296 833 2316 nec
847 2289 989 2325 quidquam

196 2346 290 2366 eorum
305 2345 364 2373 quae
378 2337 425 2364 tibi
441 2337 511 2364 Deus
525 2336 651 2372 prmecpit
664 2335 783 2371 exsequi,
797 2336 844 2363 sed
857 2344 872 2363 a
886 2336 1001 2363 Domini.

198 2383 339 2420 pra‘ceptis
357 2383 494 2418 fugitivum
513 2382 654 2410 circumire
672 2381 698 2409 in
719 2381 851 2416 nequitia,
866 2380 941 2417 quasi
962 2382 988 2409 in

198 2430 284 2456 aliena
299 2433 368 2457 terra
381 2429 462 2456 vitam
477 2432 609 2463 agentem,
623 2427 769 2460 ebriosum,
785 2427 901 2462 crapulae
914 2427 990 2455 dedis

197 2480 266 2507 tum,
283 2476 376 2506 finem.
392 2479 535 2509 raptorem,
551 2474 651 2501 alienas
669 2473 868 2501 subvertentem
883 2474 988 2502 domos.

196 2522 238 2550 Tu
257 2529 301 2550 me
313 2521 347 2549 dc
359 2520 414 2548 otio
428 2527 555 2553 accusas,
575 2527 625 2555 ego
644 2524 669 2547 te
688 2519 722 2547 de
738 2520 827 2554 pravis
845 2520 970 2555 operibus
979 2541 999 2554 ,..

198 2567 305 2603 quando
316 2566 460 2600 insidiaris,
469 2566 554 2601 juras,
565 2565 696 2599 mentiris,
705 2565 786 2600 rapis,
797 2565 990 2602 innumeraque

198 2614 381 2650 hujuscemodi
399 2614 529 2649 operaris.

234 2662 261 2688 Δ.
283 2661 449 2695 Eleemoayna
465 2659 605 2696 eroganda.
624 2658 703 2687 Vana;
715 2658 874 2686 causationes
897 2659 988 2686 redar-

199 2707 423 2744 guantur.—lliec
434 2714 523 2734 autem
533 2706 594 2734 dico
603 2713 655 2734 non
664 2705 736 2741 quod
744 2706 843 2733 otiosos
855 2705 914 2741 lege
925 2713 990 2733 con-

199 2755 304 2783 ﬁrmem
317 2763 325 2781 :
339 2753 424 2786 absit;
439 2761 534 2781 omnes
549 2753 647 2788 quippe
661 2752 767 2787 operari
779 2753 874 2787 cupio:
888 2752 990 2779 desidia

200 2801 274 2829 enim
294 2808 375 2828 omne
395 2799 486 2827 vitium
501 2798 676 2831 edocetrsed
691 2805 756 2833 rogo
771 2805 803 2825 ne
819 2797 878 2825 duri
893 2797 936 2825 vel
951 2798 992 2824 in-

200 2847 308 2875 humani
327 2847 396 2875 sitis.
411 2845 628 2880 Quandoquidem
653 2844 749 2872 Paulus
771 2844 853 2871 multa
876 2851 992 2878 conque-

199 2898 275 2926 stus,
293 2900 354 2921 cum
383 2892 515 2927 dixisset,
537 2891 568 2920 Si
586 2891 641 2927 qui:
661 2899 711 2918 non
732 2891 783 2918 vult
805 2890 922 2926 operari,
944 2898 988 2918 nec

675 156 709 184 ΙΝ
727 155 929 184 ΜΑΤΤΙΙΑΞΟΜ
950 155 1064 184 ΙΙΟΜΙῐι.
1087 155 1196 185 XXXV.
1217 158 1253 186 al.
1273 157 1395 187 XXX-Vl.

1801 163 1853 191 Μ.)

1061 214 1196 242 manducet
1220 214 1258 251 (2.
1283 215 1373 243 Thesl.
1393 216 1421 243 ὃς
1441 215 1568 251 1ο)ειιοη
1590 217 1633 245 hic
1654 216 1733 245 ﬂuam
1747 217 1850 246 dicendi

1061 261 1139 294 fecit,
1163 261 1210 289 sed
1233 261 1349 296 adjecit:
1370 261 1420 289 Vos
1440 266 1525 289 autem
1543 271 1594 290 non
1614 264 1737 298 deﬁciatis
1759 263 1849 291 bonum

1059 307 1179 341 facientes
1195 306 1276 342 (Ibid.
1290 316 1315 334 tr.
1333 307 1390 343 15).
1415 308 1494 343 Atqui
1511 308 1568 336 haec
1581 310 1714 336 contraria
1728 314 1800 337 sunt.
1820 309 1850 336 Si

1058 352 1129 379 enim
1144 353 1294 388 praecepisti
1307 361 1340 381 ne
1353 354 1495 381 comedunt
1506 354 1596 387 otiosi,
1610 362 1657 382 cur
1670 362 1720 382 nos
1734 354 1767 382 ad
1780 355 1847 383 dan-

1048 398 1121 433 dum
1142 399 1278 427 hortaris?
1297 399 1403 434 Etiam,
1418 400 1520 436 inquit,
1541 401 1609 436 jussi
1631 401 1692 429 illos
1711 403 1847 434 aversari,

1057 453 1107 473 nec
1120 453 1150 474 se
1163 446 1276 474 miscere
1295 454 1356 474 cum
1378 447 1442 480 illis,
1466 455 1625 483 rursumque
1639 448 1712 480 dixi,
1728 448 1769 475 Ne
1790 449 1849 475 illos

1056 492 1170 519 inimicos
1180 493 1272 528 putetis
1281 514 1289 526 ,
1302 493 1347 520 sed
1358 493 1488 520 admonete
1503 493 1581 528 (Ibid.
1594 502 1618 521 υ.
1630 494 1674 529 15)
1692 502 1698 520 :
1718 502 1769 521 non
1783 501 1847 520 con—

1056 537 1136 565 traria
1151 537 1324 573 praecipiens,
1338 537 1386 565 sed
1399 538 1541 566 admodum
1556 546 1683 566 consona.
1699 539 1765 566 Nam
1781 540 1802 566 si
1818 543 1846 566 tu

1056 584 1089 611 ad
1111 585 1308 620 eleemosynam
1332 586 1493 620 erogandam
1514 586 1551 613 sis
1565 591 1692 621 paratus,
1710 586 1763 613 cito
1779 594 1844 621 pau-

1054 639 1102 666 per
1117 631 1161 658 ille
1172 632 1206 659 ab
1219 633 1275 659 otio
1287 632 1420 665 discedet,
1437 637 1464 660 et
1482 636 1510 660 tu
1527 633 1561 660 ab
1582 633 1785 660 inhumanitate.
1809 634 1846 659 At

1053 677 1190 710 mentitur,
1203 677 1316 712 inquies,
1330 683 1357 705 et
1368 678 1450 705 multa
1462 678 1598 713 conﬁngit.
1608 677 1661 705 Sed
1674 678 1735 706 hinc
1745 678 1841 713 dignus

1053 722 1238 750 misericordia
1257 727 1313 756 ear,
1337 723 1407 758 quod
1420 723 1453 750 ad
1470 727 1568 750 tantam
1583 723 1710 751 redactus
1727 723 1761 751 sit
1780 731 1843 758 ege-

1052 772 1163 801 statem,
1178 773 1207 795 ut
1220 768 1390 803 impudenter
1407 776 1486 804 agere
1507 772 1627 804 cogatur.
1644 769 1698 796 Nos
1710 776 1774 796 vero
1788 777 1841 796 non

1052 813 1132 841 modo
1147 821 1200 841 non
1216 814 1399 842 misericordia
1415 822 1563 848 movemur,
1585 815 1633 843 sed
1650 819 1678 842 et
1697 815 1842 843 inhumana

1052 861 1094 888 illa
1107 860 1187 888 verba
1201 861 1371 896 proferimus,
1385 861 1505 889 dicentes
1517 870 1524 889 :
1540 862 1637 890 Annon
1660 862 1743 890 semel
1758 867 1785 890 et
1799 863 1841 890 bis

1049 907 1196 941 accepisti?
1217 907 1284 941 Quid
1297 907 1393 943 igitur?
1414 915 1502 935 annon
1522 912 1583 943 eget
1604 908 1664 936 cibo
1686 909 1782 937 iterum
1795 911 1841 945 qui
1858 937 1863 942 _

1050 953 1132 980 semel
1157 953 1244 981 cibum
1266 954 1389 989 accepit?
1412 954 1467 981 Cur
1489 962 1542 982 non
1563 955 1648 982 ventri
1672 963 1778 990 quoque
1792 959 1839 982 tuo

1050 999 1130 1026 hasce
1142 1000 1220 1034 ponis
1232 1000 1303 1035 leges
1314 1021 1322 1034 ,
1339 1007 1388 1028 nec
1402 1000 1487 1028 dicis:
1500 1001 1629 1036 Repletus
1644 1001 1714 1029 fuisti
1735 1002 1790 1029 beri
1812 1005 1841 1030 et

1048 1046 1146 1075 nudius
1158 1047 1262 1080 tertius,
1278 1055 1312 1074 ne
1323 1055 1428 1082 quaeras
1443 1048 1574 1083 amplius?
1595 1048 1650 1075 Iino
1668 1049 1742 1077 illum
1758 1056 1838 1084 supra

1048 1100 1200 1120 mensuram
1225 1093 1353 1127 replenda
1377 1093 1521 1128 dirumpis,
1547 1093 1618 1121 hunc
1645 1102 1709 1121 vero
1733 1095 1837 1122 modica

1049 1143 1182 1174 petentem
1200 1140 1342 1173 aversaris,
1362 1147 1422 1167 cum
1439 1147 1486 1174 par
1500 1145 1571 1167 esset
1585 1141 1643 1175 ejus
1657 1141 1698 1167 vel
1714 1140 1764 1168 hoc
1780 1142 1838 1175 ipso

1046 1186 1184 1219 misereri,
1209 1185 1279 1220 quod
1292 1185 1410 1220 quotidie
1430 1190 1456 1213 te
1479 1190 1589 1221 cogatur
1615 1186 1699 1213 adire.
1727 1187 1837 1215 Etiamsi

1047 1240 1099 1260 non
1118 1231 1225 1259 aliunde
1241 1231 1371 1264 ﬂectaris,
1389 1231 1451 1259 ideo
1467 1232 1537 1258 illius
1551 1235 1576 1259 te
1592 1232 1711 1259 misereri
1727 1237 1835 1266 oporte-

1045 1283 1096 1306 ret.
1117 1278 1285 1313 Paupertatis
1305 1278 1377 1305 enim
1399 1277 1547 1305 necessitas
1567 1277 1593 1305 vi
1613 1277 1645 1304 ad
1660 1277 1717 1304 hmo
1732 1277 1834 1312 agenda

1045 1323 1167 1359 impellit.
1190 1323 1441 1358 Neque'miseraris
1463 1323 1550 1357 ipsum
1573 1322 1633 1358 quia
1649 1323 1710 1350 talia
1724 1323 1834 1350 audiens

1045 1377 1098 1396 non
1113 1368 1265 1401 erubescit;
1290 1369 1436 1396 necessitas
1457 1368 1528 1395 enim
1552 1367 1689 1402 pnevalet.
1714 1368 1754 1395 Tit
1770 1376 1834 1395 vero

1044 1421 1097 1441 non
1118 1413 1198 1441 modo
1215 1421 1272 1440 non
1287 1412 1437 1445 miseraris';
1452 1412 1500 1440 sed
1513 1413 1593 1440 etiam
1608 1413 1723 1441 traducis
1738 1414 1810 1440 illum
1825 1423 1832 1440 :

1045 1459 1153 1494 Deoque
1165 1459 1275 1494 jubente
1288 1459 1357 1486 clam
1373 1466 1484 1494 erogare
1505 1459 1611 1495 (Matth.
1626 1460 1652 1487 6.
1666 1460 1704 1493 4),
1720 1464 1776 1487 stas
1788 1468 1832 1487 ac-

1043 1505 1183 1532 cedentem
1208 1505 1315 1540 probris
1338 1505 1444 1540 publice
1469 1505 1614 1540 impetens,
1634 1514 1694 1533 cum
1710 1506 1831 1534 miserari

1043 1551 1119 1578 illum
1134 1554 1279 1585 oporteret.
1292 1550 1358 1578 Nam
1373 1551 1394 1578 si
1408 1550 1472 1578 dare
1487 1558 1539 1578 non
1555 1551 1595 1578 vis
1605 1572 1612 1584 ,
1635 1559 1683 1579 cur
1697 1552 1832 1579 calamito-

1043 1605 1100 1625 sam
1121 1602 1150 1625 et
1168 1598 1294 1625 miseram
1315 1597 1431 1624 animam
1453 1604 1564 1625 accusas
1587 1602 1614 1625 et
1630 1599 1741 1625 alteris?
1757 1598 1833 1626 Venit

1042 1645 1118 1681 quasi
1133 1645 1167 1672 ad
1180 1649 1285 1681 portum
1302 1644 1335 1672 ad
1351 1652 1446 1672 manus
1460 1649 1534 1677 tuas;
1551 1652 1599 1672 cur
1613 1645 1708 1673 fluctus
1719 1645 1831 1677 excitas,

1042 1697 1070 1720 ct
1080 1692 1230 1728 graviorem
1245 1695 1431 1726 tempestatem
1445 1691 1549 1719 efﬁcis?
1564 1698 1612 1718 cur
1625 1691 1840 1718 illiberalitatem

1041 1738 1170 1766 damnas?
1187 1737 1256 1765 Num
1271 1737 1387 1765 venisset
1406 1737 1429 1764 si
1449 1737 1509 1764 talia
1525 1744 1555 1765 se
1567 1737 1719 1765 auditurum
1734 1745 1831 1773 exspe-

1042 1783 1161 1812 ctasset?
1176 1783 1252 1817 Quod
1267 1782 1289 1810 si
1304 1782 1331 1810 id
1342 1782 1494 1818 ‘przevidcns
1507 1783 1636 1816 accessit,
1654 1783 1714 1810 ideo
1729 1791 1776 1818 par
1789 1787 1831 1811 est

1041 1833 1070 1857 ct
1085 1829 1161 1857 illum
1180 1828 1319 1862 miserari,
1335 1832 1362 1856 et
1375 1832 1448 1856 tuam
1463 1828 1573 1856 horrere
1592 1829 1812 1856 inlunnanitatem
1823 1849 1831 1861 ,

1041 1876 1166 1910 quoniam
1182 1883 1216 1903 ne
1228 1875 1335 1910 quidem
1346 1895 1354 1907 ,
1370 1882 1430 1902 cum
1445 1879 1585 1910 urgentem
1600 1874 1673 1902 vides
1687 1875 1833 1902 necessita-

1042 1927 1113 1955 tem,
1129 1920 1408 1948 mansuetiur‘cvadis.
1431 1920 1523 1955 Neque
1542 1921 1613 1948 enim
1634 1921 1756 1948 suflicere
1782 1921 1832 1955 ipsi

1041 1973 1136 2003 putas.
1160 1967 1195 1995 ad
1219 1967 1418 1994 excusationem
1442 1966 1629 2001 impudentia,
1654 1967 1731 1994 famis
1754 1967 1830 1994 timo-

1042 2023 1117 2047 rem,
1133 2014 1182 2042 sed
1194 2013 1387 2049 impudentiam
1405 2014 1512 2049 arguis,
1537 2013 1581 2048 qui
1603 2013 1670 2041 forte
1691 2021 1763 2048 sagpe
1784 2013 1832 2040 im-

1041 2061 1186 2097 pudentius
1200 2061 1276 2097 egisti
1290 2061 1316 2087 in
1332 2060 1412 2088 rebus
1426 2059 1603 2095 gravioribus.
1619 2059 1684 2087 Nam
1699 2059 1742 2087 hic
1757 2064 1831 2086 certe

1041 2107 1205 2143 impudentia
1219 2107 1324 2135 veniam
1345 2105 1422 2133 all'ert
1435 2115 1442 2133 :
1457 2113 1506 2133 llOS
1525 2113 1589 2133 vero
1608 2113 1679 2141 saepe
1702 2105 1832 2140 supplicio

1041 2153 1119 2189 digna
1134 2152 1262 2182 facientes
1277 2151 1445 2187 impudenter
1458 2151 1575 2186 agimus;
1591 2155 1618 2178 et
1631 2158 1702 2183 cum,
1718 2151 1774 2177 haec
1784 2157 1831 2177 co-

1041 2200 1167 2235 gitantes,
1190 2197 1304 2225 humiles
1324 2204 1384 2224 esse
1403 2201 1558 2232 oporteret,
1584 2196 1610 2223 in
1634 2196 1748 2223 miseros
1770 2195 1831 2222 illos

1041 2245 1218 2280 insurgimus,
1239 2251 1271 2271 ac
1289 2243 1406 2271 remedia
1429 2242 1580 2278 petentibus
1601 2242 1713 2269 vulnera
1735 2241 1830 2276 adjici-

1040 2300 1110 2320 mus.
1121 2291 1188 2320 Nam
1202 2291 1223 2318 si
1239 2290 1303 2318 dare
1318 2297 1370 2317 non
1385 2290 1426 2317 vis
1438 2311 1445 2321 ,
1461 2297 1509 2316 cur
1522 2288 1623 2316 cmdis?
1640 2288 1662 2315 si
1676 2288 1765 2322 largiri
1777 2295 1830 2316 non

1041 2338 1081 2366 vis
1091 2358 1098 2371 ,
1117 2345 1166 2365 cur
1187 2336 1286 2372 probro
1307 2335 1410 2363 afﬁcis?
1423 2334 1476 2362 Sed
1492 2335 1536 2361 ille
1549 2341 1602 2361 non
1615 2334 1673 2360 vult
1687 2333 1739 2360 alio
1752 2333 1831 2360 modo

1040 2382 1190 2412 discedere.
1204 2382 1249 2410 Sic
1258 2389 1323 2417 ergo
1334 2381 1375 2408 fac
1385 2385 1414 2408 ut
1423 2380 1468 2408 ille
1478 2381 1585 2415 sapiens
1593 2379 1686 2414 jussit:
1696 2379 1830 2414 Responde

1040 2430 1080 2457 illi
1103 2429 1208 2465 pacifice
1230 2436 1295 2455 cum
1309 2426 1502 2455 mansuetudine
1523 2426 1616 2462 (Eccli.
1633 2431 1659 2452 4.
1677 2425 1721 2461 8).ν
1739 2425 1831 2459 Neque

1041 2475 1113 2504 enim
1125 2475 1220 2502 lubens
1232 2474 1271 2502 sic
1287 2472 1458 2508 impudenter
1470 2472 1535 2507 agit.
1552 2472 1647 2499 Nullus
1661 2472 1758 2506 quippe
1770 2475 1812 2498 est
1821 2492 1829 2504 ,

1040 2522 1131 2549 nullus
1142 2525 1184 2549 est
1197 2520 1293 2554 homo,
1313 2519 1361 2555 qui
1372 2519 1430 2546 sine
1446 2526 1524 2546 causa
1538 2518 1602 2549 velit
1614 2518 1726 2553 turpiter
1739 2525 1829 2553 agere.

1042 2568 1152 2595 Etiamsi
1165 2567 1235 2595 enim
1247 2566 1354 2602 quidam
1367 2565 1464 2593 millies
1475 2564 1671 2598 centradicant,
1686 2571 1830 2599 numquam

1041 2614 1159 2642 adducar
1171 2618 1200 2641 ut
1213 2612 1321 2640 credam
1337 2611 1472 2639 hominem
1494 2611 1520 2637 in
1541 2610 1617 2644 copia
1636 2618 1725 2637 rerum
1740 2610 1831 2637 viven-

1042 2665 1096 2688 tem
1110 2658 1290 2687 emendicare.
1311 2657 1395 2684 Nemo
1415 2657 1504 2690 itaque
1524 2663 1574 2683 nos
1592 2655 1664 2683 falsis
1684 2655 1832 2683 rationibus

1042 2704 1167 2740 decipiat.
1183 2703 1236 2731 Sed
1249 2702 1354 2730 etiamsi
1367 2702 1438 2729 dicat
1457 2701 1574 2728 Paulus:
1590 2700 1621 2729 Si
1642 2701 1698 2735 quis
1717 2700 1832 2728 laborare

1042 2758 1094 2778 non
1107 2749 1165 2777 uelit
1174 2769 1182 2782 ,
1198 2756 1243 2776 nec
1255 2747 1389 2775 manducet
1401 2746 1439 2783 (‘2.
1456 2746 1546 2773 Thess.
1559 2746 1587 2774 5.
1603 2745 1647 2781 10)
1659 2754 1666 2779 ;
1682 2746 1744 2774 illos
1758 2750 1832 2773 certe

1043 2795 1140 2824 Paulus
1161 2794 1311 2829 alloquitur,
1325 2801 1380 2820 non
1394 2800 1462 2824 nos;
1477 2792 1532 2819 imo
1546 2796 1638 2819 contra
1652 2800 1659 2818 :
1674 2791 1776 2818 Bonum
1787 2791 1830 2826 fa—
1865 2799 1867 2802 ·

1042 2846 1133 2869 cientes
1151 2848 1202 2867 non
1215 2838 1358 2874 despiciam
1369 2837 1450 2874 (Ibid.
1467 2846 1493 2865 υ.
1511 2838 1567 2872 15).
1580 2837 1625 2865 Sic
1638 2836 1710 2864 domi
1723 2844 1772 2864 nos
1786 2836 1826 2863 fa-

1043 2888 1148 2917 cimus:
1162 2894 1223 2915 cum
1249 2885 1316 2914 duos
1333 2884 1456 2913 videmus
1475 2884 1626 2920 litigantes,
1645 2882 1755 2911 scorsim
1771 2881 1828 2909 siu-
