2067 3134
220 135 266 162 ili

217 194 292 228 gulos
307 192 468 228 accipientes
487 193 620 220 contraria
642 193 824 220 cohortamur.
839 193 884 220 Sic
898 196 926 220 et
938 193 1009 220 Deus

219 239 281 266 fecit
294 243 321 266 et
335 238 440 274 Moyses
460 246 585 273 quoque:
602 246 662 265 nam
685 239 740 266 Deo
762 238 885 266 dicebat:
902 238 933 266 Si
953 239 1010 274 qui-

218 285 275 311 dem
288 284 392 311 dimittis
407 289 536 319 peccatum
548 284 620 318 ipsis,
632 284 746 317 dimitte;
760 285 799 311 sin
816 284 910 316 miritis,
927 289 951 311 et
970 292 1010 311 me

217 329 274 357 dele
286 329 383 364 (Exod.
397 329 442 357 52.
457 330 501 357 51.
517 329 582 365 52);
599 330 653 357 illis
666 337 731 357 vero
747 330 872 364 praicepit
883 350 890 359 .
906 335 934 357 ut
949 336 1009 357 sese

222 380 315 403 mutuo
324 375 496 409 occiderent,
508 380 589 411 atque
600 381 728 411 cognatos
742 384 846 404 omnes.
869 377 950 412 Atqui
965 377 1008 404 illa

218 422 352 449 contraria
374 426 468 454 erant,
483 427 511 450 et
523 427 611 450 tamen
631 422 663 449 ad
685 423 809 451 eumdem
829 423 907 450 tinem
927 424 1007 451 ambo

220 467 407 502 respiciebant.
430 468 545 495 Rursum
566 468 636 495 Deus
649 468 748 503 Moysi,
763 468 863 497 Judteis
875 469 1007 496 audienti-

219 514 268 540 bus
277 514 398 542 dicebat:
410 514 515 542 Dimitte
525 523 573 548 me,
585 520 608 542 et
621 520 748 542 conteram
759 517 891 550 populum.
904 515 1006 543 Etiam-

218 559 240 585 si
256 560 325 586 enim
347 567 400 587 non
420 559 563 593 adessent,
587 567 648 588 cum
672 560 742 588 Deus
764 560 820 588 haec
843 561 961 593 diceret,
981 565 1007 588 at

220 605 276 632 haec
289 610 380 640 postea
399 606 513 633 audituri
530 611 604 633 erant
616 615 623 638 ;
645 608 756 634 seorsim
769 615 832 635 vero
845 607 886 635 his
898 612 1005 635 contra-

219 650 256 676 ria
276 650 392 678 mandat.
415 651 447 678 Et
468 652 524 678 lucc
539 652 644 687 Moyses
655 657 745 686 postea
762 658 870 681 coactus
883 654 952 680 dixit
965 654 1006 682 his

219 696 306 723 verbis
321 705 328 723 :
345 697 474 731 Numquid
486 706 530 732 ego
544 698 602 724 illos
612 699 637 725 in
653 704 723 726 utero
737 700 858 734 concepi,
872 700 931 734 quia
943 700 1005 726 dicis

219 742 299 774 mihi,
315 742 390 769 Gesta
411 751 451 770 eos
471 744 536 770 sicut
551 750 630 778 gestat
645 745 731 771 nutrix
751 745 884 772 lactentem
903 746 930 772 in
948 746 1004 772 sinu

217 795 263 813 suo
279 787 370 822 (Nunt.
392 789 435 815 11.
450 788 515 820 12)?
538 789 599 816 lltec
623 790 648 816 in
673 789 795 817 domibus
819 798 924 825 quoque
947 791 1003 818 fieri

217 834 314 861 solent.
337 834 442 862 Etenim
464 842 534 869 sa-pe
548 841 622 870 pater
638 836 808 871 pa‘dagogum
822 857 830 869 ,
852 837 896 872 qui
920 837 1004 864 tiliutn

216 880 361 914 corripuit,
376 887 497 907 seorsum
512 881 632 916 increpat
644 881 685 909 his
698 882 786 909 verbis
796 903 804 917 ,
819 882 856 910 Ne
871 883 908 910 sis
922 883 1005 910 durus

216 930 243 956 α
257 932 350 959 asper;
367 934 448 960 puero
458 931 547 954 autem
561 928 693 954 contraria
704 928 768 955 dicit
781 937 787 955 :
800 929 910 956 Etiamsi
924 933 949 957 te
961 929 1003 956 in-

214 970 285 1004 juste
302 973 430 1006 corrigat,
448 972 472 998 id
488 972 587 1005 tolera;
602 981 636 1000 ex
650 974 792 1001 contrariis
807 982 888 1001 unum
903 978 929 1002 et
946 975 1004 1009 qni-

219 1016 279 1044 dem
294 1017 359 1044 utile
375 1024 480 1051 parans.
509 1018 547 1046 Ita
572 1026 677 1054 quoque
699 1019 797 1046 Paulus
819 1020 887 1048 bene
911 1022 1003 1048 valen—

215 1061 285 1089 tibus
310 1062 439 1090 mendicis
466 1063 571 1091 dicebat
594 1073 600 1090 :
626 1065 656 1091 Si
687 1065 743 1100 quis
769 1073 819 1091 non
849 1065 899 1092 vult
929 1066 1003 1094 tubo-

215 1116 289 1141 ναι-ε,
313 1117 358 1135 nec
381 1109 514 1137 manducet
539 1111 577 1145 (2.
599 1110 688 1138 Thess.
701 1111 726 1138 5.
743 1111 805 1147 40);
831 1117 859 1139 ut
880 1112 913 1139 ad
936 1120 1002 1147 opus

216 1154 277 1182 illos
298 1156 440 1188 excitaret;
464 1156 496 1183 iis
519 1164 583 1183 vero
605 1158 650 1192 qui
673 1157 868 1193 eleemosynam
892 1166 1003 1193 erogare

215 1205 342 1234 possent:
376 1201 424 1228 Vo:
449 1207 531 1230 autem
555 1202 736 1237 benefacientes
761 1212 791 1231 ne
812 1205 953 1239 deﬁciatis;
975 1211 1003 1233 ut

215 1247 276 1274 illos
289 1247 322 1274 ad
335 1247 533 1283 eleemosynam
548 1248 707 1283 impelleret.
722 1249 766 1277 Sic
778 1258 838 1277 cum
852 1258 899 1278 eos
911 1251 955 1286 qui
969 1259 1001 1278 ex

214 1292 355 1327 gentilibus
369 1293 402 1320 ad
418 1293 495 1320 fidem
510 1299 695 1326 accesserant,
718 1295 745 1322 in
764 1295 882 1330 Epistola
898 1296 931 1324 ad
946 1297 1001 1324 Ro-

216 1346 307 1366 manos
321 1338 396 1374 (Cap.
409 1340 452 1366 11.
465 1348 489 1366 υ.
502 1340 547 1375 17)
559 1340 726 1374 hortabatur,
743 1349 776 1369 ne
789 1347 881 1370 contra
894 1342 1001 1371 Iudaeos

214 1385 295 1412 altum
309 1391 443 1420 saperent.
460 1386 603 1414 oleastrum
626 1387 652 1414 in
677 1388 792 1415 medium
806 1388 934 1423 adducit,
950 1390 1000 1417 alia

215 1429 266 1463 his,
281 1430 331 1457 alia
351 1431 402 1458 iiiis
416 1432 506 1459 dicere
520 1432 634 1460 videtur.
657 1432 695 1460 Ne
714 1433 802 1468 itaque
817 1435 842 1462 in
856 1435 1000 1462 crudelita-

214 1480 267 1503 tem
292 1476 458 1510 incidamus;
474 1478 521 1505 sed
544 1478 683 1506 audiamus
707 1479 818 1506 Paulum
846 1480 998 1508 dicentem:

213 1521 311 1548 Bonum
323 1523 443 1557 facientes
461 1532 492 1550 ne
515 1524 648 1558 deﬁciatis.
671 1524 817 1553 Audiamus
830 1526 999 1554 Servatorem

212 1568 365 1596 dicentem:
382 1569 458 1596 Omni
481 1571 573 1604 petenti
600 1575 623 1598 te
644 1571 678 1598 da
699 1571 806 1606 (Matth.
822 1572 848 1600 5.
867 1572 916 1607 4‘2)
930 1581 937 1605 ;
952 1577 978 1600 ct
990 1593 999 1607 ,

215 1613 299 1641 littote
318 1615 508 1649 misericordes,
532 1616 596 1643 sicut
619 1616 696 1644 Pater
710 1623 789 1644 uester
809 1617 882 1654 (Luc.
897 1618 923 1646 6.
940 1619 996 1653 56).

212 1659 270 1686 Etsi
286 1660 367 1687 multa
380 1660 494 1692 dixerit,
510 1669 640 1696 nusquam
654 1667 741 1690 tamen
761 1663 812 1690 hoc
826 1664 929 1698 posuit,
948 1664 997 1691 nisi

211 1713 272 1732 cum
294 1705 328 1733 de
352 1706 569 1734 misericordibus
589 1707 698 1736 diceret.
723 1708 793 1735 Nihil
812 1709 886 1737 enim
900 1710 934 1736 ita
949 1717 998 1737 nos

211 1751 327 1786 aquales
343 1752 396 1779 Deo
411 1751 490 1787 facit,
505 1757 534 1780 ut
548 1753 570 1780 si
585 1753 714 1781 beneficia
728 1758 894 1789 praestemus.

245 1796 271 1823 5.
290 1796 417 1831 Pauperes
428 1805 444 1823 a
454 1798 556 1825 crimine
568 1798 731 1832 impudentia:
741 1799 909 1828 vindicantur.
926 1800 995 1834 Quo-

209 1842 285 1868 modo
296 1842 346 1868 sint
357 1842 550 1876 excipiendi.—
560 1843 595 1870 At
604 1842 669 1870 nihil
680 1843 869 1878 impudentius,
880 1844 992 1880 inquies,

209 1894 335 1921 paupere.
361 1886 432 1916 Cur?
453 1895 611 1922 quaeso:an
635 1888 696 1924 quia
721 1896 864 1916 accurrens
879 1890 995 1918 clatnat?

209 1933 254 1959 Vis
268 1933 405 1960 ostendam
419 1940 469 1969 nos
484 1933 535 1961 illis
550 1933 634 1962 multo
646 1942 705 1962 esse
721 1935 950 1970 impudentiores?
965 1937 992 1964 ln

207 1984 322 2006 tuentem
351 1987 462 2013 revoca,
486 1980 591 2015 quoties
613 1980 705 2016 jejunii
732 1985 874 2016 tempore,
902 1990 992 2010 mensa

206 2033 318 2059 vespere
331 2026 452 2060 apposita
461 2046 468 2058 ,
481 2031 629 2061 vocatoque
641 2027 781 2060 ministro,
802 2027 825 2054 si
840 2027 939 2055 tardius
954 2028 993 2055 in-

205 2071 328 2102 cederet,
343 2071 432 2098 omnia
446 2071 580 2105 evertisti,
601 2071 720 2099 calcibus
732 2072 889 2107 obstrepens
899 2094 907 2106 ,
927 2081 991 2101 con-

205 2118 271 2145 vicia
285 2123 311 2145 ct
324 2118 420 2152 probra
432 2118 545 2146 efferens
559 2125 609 2153 pro
621 2126 700 2153 parva
713 2126 804 2152 mora;
820 2120 870 2147 etsi
882 2121 955 2147 noris
966 2126 991 2148 te

204 2164 326 2197 quamvis
341 2172 394 2191 non
409 2165 499 2192 statim
509 2185 518 2197 ,
533 2169 594 2200 post
607 2165 739 2192 tantillum
753 2169 842 2193 tamen
863 2168 990 2201 temporis

202 2209 273 2244 large
287 2215 465 2238 comesturum
490 2218 561 2238 esse.
582 2211 662 2245 Atqui
687 2215 712 2238 te
732 2211 829 2246 ipsum,
843 2211 887 2246 qui
902 2220 950 2247 pro
960 2221 989 2240 re

202 2255 310 2282 minima
333 2255 448 2288 ferocis,
464 2263 516 2283 non
532 2256 713 2291 impudentem
729 2264 826 2289 vocas,
845 2265 987 2292 pauperem

202 2308 266 2327 vero
276 2321 284 2333 ,
297 2301 343 2336 qui
353 2300 387 2328 de
403 2308 432 2329 re
447 2301 543 2336 majori
567 2302 662 2338 metuit
685 2307 712 2329 et
735 2303 825 2330 tremit
838 2302 902 2338 (non
915 2303 986 2331 enim

201 2355 300 2375 moram
313 2368 320 2379 .
343 2347 391 2376 sed
406 2347 502 2375 famem
518 2348 612 2385 timet),
628 2356 706 2376 vocas
721 2349 883 2383 petulantem
897 2353 924 2376 et
938 2350 987 2376 im-

198 2393 359 2428 pudentem,
383 2400 415 2421 ac
435 2393 588 2428 turpissima
609 2393 634 2420 in
655 2394 728 2422 illum
741 2394 831 2421 omnia
844 2395 987 2430 congeris?

197 2440 293 2466 Annon
308 2439 334 2466 id
347 2444 474 2468 extremae
488 2443 529 2467 est
543 2440 734 2475 impudentiae?
748 2440 846 2468 Verum
859 2440 917 2468 htec
931 2449 984 2468 non

196 2484 223 2511 in
238 2489 327 2512 mente
341 2492 496 2518 versamus,
512 2485 625 2520 ideoque
637 2485 698 2513 illos
710 2486 838 2513 molestos
849 2486 982 2514 dicimus:

195 2531 266 2565 quod
280 2531 301 2558 si
313 2539 371 2566 qua:
382 2536 473 2559 nostra
486 2536 548 2559 sunt
558 2532 758 2566 exploraremus
767 2552 775 2565 ,
788 2531 983 2560 conferremus-

195 2583 246 2611 que
260 2583 320 2604 cum
333 2576 408 2604 factis
420 2585 512 2604 eorutn
524 2598 531 2608 .
546 2585 598 2605 non
617 2577 678 2605 illos
693 2578 821 2605 molestos
839 2577 983 2606 arbitrare-

194 2629 254 2649 mur
266 2629 336 2649 esse.
350 2622 408 2649 Noli
422 2623 500 2657 igitur
511 2630 571 2651 esse
578 2622 658 2657 judex
670 2623 791 2651 acerbus.
804 2623 870 2650 Nam
882 2623 978 2651 etiam-

194 2668 216 2694 si
229 2667 352 2695 omnibus
364 2668 480 2702 peccatis
492 2676 590 2696 vacuus
604 2676 678 2696 esses
689 2690 698 2703 ,
714 2669 757 2697 lex
771 2673 859 2696 tamen
872 2670 917 2697 Dei
929 2677 981 2697 non

195 2711 242 2739 tibi
261 2712 379 2746 permisit
397 2713 510 2740 aliorum
526 2714 592 2741 facta
608 2714 646 2741 sic
660 2719 784 2741 accurate
799 2715 899 2742 rimari.
914 2715 981 2742 Nam

168 2776 172 2779 .
196 2757 219 2784 si
241 2757 393 2785 Pharisaeus
414 2758 459 2786 ille
486 2758 546 2786 ideo
568 2759 644 2794 periit
656 2758 729 2794 (Luc.
756 2759 810 2795 l8),
826 2767 905 2795 quam
931 2768 980 2789 nos

195 2802 396 2830 excusationem
427 2803 602 2830 habebimus?
626 2803 654 2831 Si
674 2804 705 2832 iis
731 2804 776 2838 qui
796 2805 878 2839 probe
898 2806 979 2840 gestis

194 2853 322 2875 ornantur
335 2855 387 2876 non
403 2849 529 2884 permittit
551 2849 663 2878 aliorum
685 2850 752 2878 facta
773 2851 868 2879 acerbe
882 2851 975 2886 explo-

591 135 619 163 S.
631 134 770 163 JOANNIS
789 133 1023 171 CllRYSOSTOMl
1043 134 1199 162 AltClllEP.
1215 135 1481 165 CONSTANTINOP.

1803 137 1856 167 412

1065 199 1141 225 rare,
1157 193 1240 219 multo
1256 194 1343 221 minus
1357 193 1552 229 peccatoribus.
1566 192 1605 222 Ne
1615 193 1705 230 itaque
1719 192 1855 223 inhumani

1064 238 1163 269 simus,
1180 246 1213 265 ne
1225 239 1420 272 inexorabiles,
1444 247 1478 267 ne
1500 239 1632 274 Immites,
1656 249 1690 268 ne
1703 240 1768 268 feris
1782 243 1856 277 pejo-

1064 290 1116 310 res.
1130 283 1225 311 Multos
1239 284 1337 319 quippe
1352 285 1412 311 novi
1429 285 1455 311 in
1472 289 1572 312 tantam
1587 286 1752 320 processisse
1766 285 1854 314 ferita—

1064 333 1135 363 tcm,
1151 334 1180 357 ut
1194 338 1227 357 ex
1245 329 1347 358 desidia
1369 331 1507 358 famelicas
1521 336 1648 366 spernant
1662 352 1670 364 ,
1695 332 1753 359 lucc
1769 334 1855 366 profc-

1064 379 1154 403 rentes
1169 375 1266 408 verba,
1282 375 1339 403 Non
1354 376 1431 403 adest
1441 383 1533 404 servus
1543 398 1550 409 ,
1569 377 1660 411 procul
1683 378 1788 405 aedibus
1807 386 1854 405 su-

1062 429 1122 449 mus
1134 431 1140 449 :
1156 422 1244 450 nullus
1255 422 1382 458 trapezita
1393 422 1458 449 mihi
1470 427 1548 449 notus
1559 427 1608 450 est.
1618 423 1640 450 0
1653 423 1852 451 crudelitatem!

1061 467 1138 501 Quod
1160 468 1247 502 majus
1266 473 1324 495 erat
1345 467 1474 500 effecisti,
1497 473 1524 496 et
1545 468 1615 504 quod
1638 469 1727 496 minus
1740 474 1782 496 est
1800 477 1853 496 non

1061 513 1183 548 perficis?
1197 521 1230 541 ne
1244 518 1270 540 tu
1285 514 1432 548 plusculum
1448 514 1555 541 incedas
1566 534 1572 545 ,
1590 514 1633 541 ille
1646 513 1716 541 fame
1732 515 1818 549 perit?
1831 514 1853 542 Ο

1060 559 1266 587 contumeliam!
1291 567 1307 587 ο
1321 560 1491 594 superbiam!
1514 559 1580 586 Nam
1604 560 1627 587 si
1647 560 1738 588 decem
1761 560 1852 588 stadiis

1060 605 1193 638 cundum,
1217 613 1250 632 an
1269 606 1372 641 pigrum
1395 613 1454 633 esse
1474 605 1608 640 oportuit?
1624 614 1676 633 non
1690 607 1790 641 cogitas
1810 607 1846 634 ita

1061 651 1188 685 majorem
1203 651 1249 679 tibi
1265 651 1414 679 mercedem
1435 651 1542 685 parari?
1562 651 1627 679 Nam
1649 659 1709 679 cum
1730 652 1851 686 largiris,

1060 696 1123 724 doni
1140 701 1240 724 tantum
1256 697 1407 724 mercedem
1420 697 1535 731 accipis;
1551 702 1577 724 et
1591 705 1650 725 cum
1663 698 1713 724 iter
1727 698 1850 732 suscipis,

1059 742 1137 778 hujus
1151 750 1258 778 quoque
1271 744 1308 770 rei
1323 743 1460 777 praemium
1476 743 1621 778 repositum
1636 748 1686 771 est.
1708 743 1773 770 Nam
1790 743 1849 771 ideo

1059 789 1234 823 patriarcham
1256 790 1394 823 miramur,
1415 790 1475 824 quia
1491 798 1551 817 cum
1568 794 1700 818 trecentos
1712 790 1804 818 decem
1817 794 1844 817 ct

1057 840 1119 862 octo
1133 843 1229 862 vernas
1243 835 1369 868 haberet,
1385 835 1417 862 ad
1434 835 1514 862 boves
1529 836 1674 869 contendit,
1692 843 1722 862 ac
1737 836 1847 862 vitulum

1057 880 1173 914 abripuit
1190 880 1267 915 (Gen.
1281 881 1324 908 18.
1337 879 1375 916 7).
1390 881 1465 908 Nunc
1480 888 1544 908 vero
1565 881 1672 916 quidam
1695 885 1768 909 lauto
1787 886 1848 908 sunt

1058 925 1126 952 fastu
1137 925 1248 960 repleti,
1263 930 1292 952 ut
1306 933 1358 952 non
1373 931 1515 953 vereantur
1528 925 1585 953 haec
1596 926 1755 954 famulorum
1768 933 1848 961 opera

1057 971 1154 999 facere.
1169 972 1210 998 An
1226 978 1284 997 mea
1302 972 1357 1006 ipsa
1373 979 1454 1006 opera
1469 971 1495 999 id
1510 971 1597 999 facere
1614 972 1710 1006 jubes,
1725 972 1848 1007 inquies,

1057 1025 1144 1045 annon
1159 1017 1269 1045 videbor
1280 1018 1385 1045 inanem
1398 1018 1509 1053 gloriam
1525 1019 1671 1053 aucupari?
1684 1019 1764 1054 Atqui
1777 1027 1849 1047 nunc

1058 1072 1104 1098 per
1118 1063 1190 1092 aliud
1205 1071 1281 1091 vanae
1293 1064 1385 1100 gloriae
1399 1072 1483 1099 genus
1496 1064 1522 1092 id
1537 1063 1602 1092 facis
1612 1086 1620 1098 ,
1643 1066 1703 1100 quia
1724 1070 1749 1092 te
1768 1066 1848 1100 pudet

1056 1117 1116 1137 cum
1132 1117 1248 1144 paupere
1264 1109 1416 1145 loquentem
1432 1110 1525 1137 videri.
1552 1109 1648 1138 Verum
1669 1111 1736 1138 nihil
1752 1111 1801 1138 hac
1814 1112 1849 1139 de

1056 1162 1085 1182 re
1097 1154 1251 1190 diligentius
1264 1155 1434 1190 perquiram;
1450 1155 1482 1182 da
1498 1155 1607 1188 saltem,
1625 1156 1666 1183 vel
1680 1164 1727 1190 per
1741 1161 1784 1190 te,
1803 1157 1847 1184 vel

1055 1208 1104 1235 per
1113 1201 1194 1228 alium
1204 1222 1212 1234 ,
1227 1208 1260 1228 ne
1274 1208 1383 1228 accuses
1398 1209 1542 1236 pauperem
1552 1222 1560 1234 ,
1573 1210 1607 1229 ne
1621 1203 1709 1230 czedas
1718 1224 1725 1236 ,
1740 1211 1772 1230 ne
1783 1211 1847 1231 con-

1055 1246 1178 1279 vicieris;
1192 1246 1317 1274 remediis
1330 1247 1414 1279 enim,
1429 1255 1481 1274 non
1495 1247 1666 1280 vulneribus,
1688 1255 1754 1283 Opus
1763 1248 1847 1276 habet

1055 1291 1078 1319 is
1094 1292 1139 1327 qui
1155 1292 1277 1325 accedit;
1298 1293 1499 1326 misericordia,
1522 1301 1575 1320 non
1599 1293 1698 1328 gladio.
1719 1294 1748 1321 Si
1767 1295 1844 1329 quis,

1054 1344 1155 1372 quaeso,
1169 1337 1255 1372 lapide
1265 1344 1408 1372 percussus
1419 1343 1446 1365 et
1456 1338 1482 1364 in
1494 1338 1581 1373 capite
1593 1338 1757 1372 vulneratus,
1769 1344 1846 1367 mete-

1057 1383 1094 1410 ris
1106 1384 1209 1411 relictis
1223 1384 1256 1411 ad
1270 1388 1296 1412 te
1309 1389 1461 1412 accurreret
1480 1386 1608 1420 sanguine
1622 1386 1744 1420 perfusus
1754 1408 1761 1420 ,
1777 1394 1844 1414 num

1053 1429 1139 1456 altero
1152 1429 1226 1456 illum
1241 1429 1328 1464 lapide
1339 1430 1470 1466 impetens
1485 1431 1556 1458 aliud
1572 1432 1628 1467 ipse
1641 1432 1771 1467 adjiceres
1784 1433 1844 1460 vul-

1053 1475 1123 1502 nus?
1142 1475 1199 1502 Non
1220 1476 1299 1503 credo
1321 1476 1429 1511 utique,
1451 1476 1499 1504 sed
1513 1481 1630 1505 tentares
1644 1478 1681 1505 illi
1695 1478 1844 1506 remedium

1052 1521 1160 1549 afferre.
1182 1521 1236 1549 Cur
1255 1529 1319 1557 ergo
1337 1522 1408 1549 circa
1430 1529 1561 1557 pauperes
1573 1523 1735 1551 contrarium
1757 1523 1845 1552 facis?

1052 1568 1092 1594 An
1108 1567 1194 1595 nescis
1207 1572 1335 1602 quantum
1352 1568 1435 1603 possit
1448 1569 1534 1596 oratio
1554 1569 1595 1596 vel
1615 1569 1704 1598 levare
1717 1570 1759 1598 vel
1773 1570 1843 1605 deji-

1052 1613 1130 1640 cere?
1153 1612 1247 1640 Melior
1260 1614 1331 1641 enim
1347 1619 1400 1647 est,
1425 1614 1529 1650 inquit,
1551 1623 1634 1643 sermo
1653 1624 1728 1651 quam
1748 1617 1843 1644 donum

1053 1659 1147 1694 (Eccli.
1164 1659 1207 1686 18.
1223 1659 1280 1694 16).
1295 1659 1352 1686 Non
1373 1664 1460 1687 tecum
1477 1665 1602 1695 reputas,
1616 1665 1643 1689 te
1658 1661 1704 1689 tibi
1723 1662 1772 1697 ipsi
1787 1662 1843 1698 gla-

1050 1705 1123 1732 dium
1135 1705 1289 1739 admovere,
1305 1711 1383 1740 teque
1396 1705 1493 1734 vulnus
1506 1706 1691 1736 vehementius
1701 1709 1822 1744 accipere
1831 1729 1839 1742 ,

1049 1757 1110 1777 cum
1124 1750 1167 1778 ille
1181 1751 1302 1778 convicio
1317 1750 1428 1778 alTectus
1442 1752 1583 1779 recesserit
1593 1773 1600 1784 ,
1615 1752 1678 1780 dum
1697 1753 1779 1781 silens
1795 1754 1840 1781 in-

1048 1795 1146 1829 gemit,
1171 1799 1198 1822 et
1219 1796 1331 1823 multum
1354 1795 1537 1832 lacrymatur?
1557 1796 1625 1824 Nam
1643 1805 1659 1825 a
1682 1798 1738 1826 Deo
1759 1798 1791 1826 ad
1812 1802 1839 1826 te

1048 1841 1172 1868 mittitur.
1185 1840 1277 1876 Cogita
1293 1849 1357 1877 ergo
1367 1863 1375 1875 ,
1397 1842 1459 1869 dum
1476 1842 1512 1869 illi
1525 1843 1694 1877 conviciaris,
1711 1843 1743 1871 ad
1758 1851 1837 1879 quem

1048 1887 1194 1915 transferas
1216 1887 1382 1922 convicium,
1407 1897 1468 1916 cum
1491 1889 1561 1916 Deus
1584 1889 1618 1916 ad
1641 1894 1668 1917 te
1689 1891 1791 1923 mittat,
1810 1896 1838 1918 et

1046 1941 1157 1969 erogare
1175 1934 1286 1969 jubeat,
1302 1939 1327 1961 tu
1343 1943 1405 1962 vero
1419 1943 1472 1962 non
1486 1935 1565 1962 modo
1587 1943 1641 1963 non
1660 1936 1717 1968 des,
1738 1936 1785 1964 sed
1809 1941 1837 1964 et

1046 1979 1216 2008 accedentem
1233 1981 1362 2008 conviciis
1377 1981 1508 2015 impetas?
1522 1980 1549 2009 Si
1569 1988 1649 2016 porro
1663 1981 1836 2010 absurditatis

1045 2025 1256 2060 magnitudinem
1280 2025 1404 2060 ignoras,
1428 2026 1454 2052 in
1469 2025 1622 2054 hominibus
1635 2026 1661 2054 id
1676 2027 1832 2060 considera,

1043 2076 1072 2099 et
1084 2077 1146 2099 tunc
1160 2072 1261 2106 peccati
1274 2072 1433 2107 gravitatem
1453 2080 1592 2107 agnosces.
1612 2073 1639 2101 Si
1653 2074 1724 2101 enim
1740 2081 1834 2102 servus

1043 2121 1106 2143 tuus
1119 2121 1174 2144 ate
1189 2116 1221 2144 ad
1237 2117 1318 2144 alium
1337 2124 1444 2144 servum
1465 2118 1579 2151 tnissus,
1605 2117 1640 2145 de
1659 2126 1739 2145 manu
1761 2119 1834 2146 illius

1042 2167 1180 2197 argentum
1196 2167 1269 2190 litum
1284 2167 1457 2198 accepturus,
1478 2171 1530 2190 non
1547 2163 1626 2191 modo
1638 2165 1729 2191 vacuis
1745 2156 1842 2192 mani:

1041 2207 1091 2234 bus
1104 2207 1218 2239 rediret,
1240 2208 1287 2235 sed
1306 2209 1385 2235 etiam
1402 2208 1506 2242 injuriis
1524 2209 1681 2241 lacessitus,
1697 2209 1760 2244 quid
1777 2217 1831 2237 non

1040 2258 1132 2281 contra
1147 2255 1338 2282 conviciantem
1355 2254 1472 2282 faceres?
1492 2263 1558 2289 quas
1572 2263 1624 2282 non
1639 2257 1759 2291 exigeres
1774 2265 1831 2290 pm-

1039 2307 1097 2330 nas.
1112 2307 1172 2327 cum
1187 2305 1213 2328 tu
1229 2301 1285 2335 ipse
1306 2300 1465 2327 contumelia
1486 2299 1597 2328 allectus
1619 2302 1713 2328 esses?
1734 2301 1780 2329 Sic
1794 2302 1829 2329 de

1039 2345 1094 2373 Deo
1104 2346 1188 2381 cogita
1203 2355 1209 2372 :
1222 2345 1279 2380 ipse
1291 2353 1405 2381 namque
1418 2350 1459 2373 est
1473 2346 1516 2381 qui
1532 2345 1566 2373 ad
1586 2353 1635 2373 nos
1658 2347 1739 2374 mittit
1760 2354 1828 2381 pau-

1038 2399 1132 2426 peres,
1146 2396 1173 2419 et
1185 2399 1242 2426 qure
1259 2392 1342 2427 ipsius
1356 2395 1420 2418 sunt
1437 2392 1574 2426 largimur,
1592 2392 1614 2419 si
1629 2392 1735 2420 damus.
1750 2392 1828 2426 Quod

1036 2437 1058 2464 si
1075 2442 1170 2472 negato
1180 2437 1250 2465 dono
1259 2437 1338 2465 etiam
1352 2438 1512 2465 contumelia
1526 2437 1635 2465 affectos
1647 2439 1824 2471 remittamus,

1036 2485 1123 2517 cogita
1144 2483 1238 2518 quibus
1252 2483 1406 2510 fulminibus
1419 2483 1528 2518 dignum
1546 2491 1613 2518 opus
1628 2483 1743 2512 edimus.
1759 2483 1826 2512 Hm:

1035 2528 1124 2563 itaque
1135 2529 1222 2555 omnia
1234 2528 1392 2563 cogitantes,
1407 2532 1435 2555 et
1448 2529 1563 2563 linguam
1578 2527 1726 2562 frenemus,
1741 2533 1768 2556 et
1782 2529 1825 2556 in-

1035 2574 1226 2601 humanitatom
1250 2575 1396 2609 pellamus,
1413 2578 1440 2601 et
1454 2581 1549 2601 manus
1568 2573 1601 2601 ad
1625 2574 1823 2610 eleemosynam

1034 2621 1226 2649 extendamus:
1242 2629 1328 2655 neque
1341 2621 1460 2656 pecuniis
1470 2621 1567 2654 solum,
1579 2619 1627 2648 sed
1640 2620 1722 2648 etiam
1734 2621 1824 2648 verbis

1032 2675 1132 2702 egenos
1145 2667 1315 2695 consolemur
1325 2687 1332 2700 ,
1344 2672 1372 2694 ut
1387 2672 1414 2695 et
1428 2667 1651 2694 contumeliarum
1665 2674 1770 2701 poenam
1786 2666 1823 2692 fu-

1032 2713 1151 2748 giamus,
1173 2718 1200 2741 et
1217 2722 1250 2741 ex
1273 2714 1458 2742 benedictione
1479 2718 1506 2741 et
1526 2714 1695 2749 eleemosyna
1710 2720 1822 2748 regnum

1032 2759 1210 2793 obtineamus,
1221 2760 1306 2794 gratia
1322 2764 1348 2787 et
1358 2759 1521 2794 benignitate
1533 2759 1638 2786 Domini
1655 2759 1740 2786 nostri
1756 2758 1821 2786 Jesn

1031 2804 1142 2837 Christi,
1156 2805 1197 2834 cui
1212 2806 1295 2842 gloria
1311 2811 1337 2834 et
1350 2806 1526 2842 imperiumin
1541 2805 1637 2832 saecula
1649 2805 1820 2832 stcculorutn.

1033 2853 1128 2878 Anien.
