2067 3134
217 139 269 168 ιιδ

658 143 691 171 lN
710 142 911 172 MATTllXEUM
932 144 1045 173 llOMIL.
1061 145 1181 175 XXXVI.
1201 148 1236 176 al.
1259 148 1389 179 XXXV".

1801 159 1852 188 ιη

1087 215 1850 235 Ἣ

720 246 893 278 HOMILIA
921 247 1072 280 XXXVI.
1096 251 1139 282 al.
1162 253 1325 285 XXXVII.

213 317 278 345 CAP.
294 318 337 345 Η.
355 325 382 344 v.
397 318 423 345 Ι.
442 317 473 344 Et
486 317 580 353 factum
594 321 640 350 est,
655 325 712 344 cum
727 322 920 344 consummasset
934 316 1009 344 Jesus

251 364 399 398 prccipians
412 363 544 390 duodecim
556 363 688 398 discipulis
701 363 752 390 suis
762 384 770 397 ,
782 363 881 390 transiit
891 363 950 390 inde
961 383 968 396 ,
980 367 1008 390 ut

250 409 349 436 doceret
360 414 384 436 et
397 410 544 444 prtedicaret
558 409 584 436 in
596 409 736 436 civitatibus
750 417 845 436 eorum.

250 455 276 482 l.
297 455 364 489 Quia
379 455 449 482 enim
465 455 525 482 illos
539 455 664 487 miserat,
681 462 740 482 sese
755 454 903 488 subtraxit,
919 453 1007 482 locum

213 500 282 528 dans
301 501 354 528 illis
369 506 396 529 et
417 506 521 536 temptts
540 501 653 528 faciendi
673 508 732 536 quae
756 501 812 536 ipse
834 505 1006 536 praeceperat.

213 546 307 582 Neque
321 547 392 574 enim
409 547 454 574 illo
467 553 598 582 praesente
609 551 636 574 et
648 554 734 582 aegros
746 551 865 578 curante,
881 547 1008 574 voluisset

213 593 346 627 quispiam
365 592 399 620 ad
421 593 480 620 illos
505 593 644 620 accedere.
664 593 691 619 2.
715 592 777 620 Cum
796 593 906 620 audisset
925 598 1008 619 autent

213 639 327 668 Joannes
341 640 367 667 in
379 648 479 667 carcere
493 648 569 675 opera
583 640 686 673 Christi,
701 640 800 667 mittens
813 640 876 667 duos
890 648 921 667 ex
933 640 1008 667 disci-

213 685 283 719 pulis
297 685 360 719 suis,
372 685 399 713 5.
414 685 584 721 interrogabat
597 694 653 712 eum
667 686 753 713 dicens
769 693 779 713 :
794 686 832 712 Tu
851 695 876 713 es
889 686 932 721 qui
946 694 1007 713 ven-

189 750 194 755 .
214 736 287 758 turus
297 740 334 765 es,
348 740 381 759 an
396 732 474 758 otium
487 732 676 767 exspectantis?
687 732 771 759 Lucas
783 732 791 766 (
805 731 868 767 Cap.
883 733 911 759 7.
922 739 947 759 υ.
961 732 1005 760 18.

215 778 268 813 19)
297 786 361 806 vero
382 778 448 806 dicit
468 778 540 813 ipsos
562 778 659 806 Joanni
680 779 754 814 signa
775 777 832 813 ejus
855 779 1004 810 nuntiasse,

215 824 466 860 tuncqueJoannem
479 825 538 852 illos
550 824 665 852 misisse.
679 823 776 851 Verum
788 824 813 851 id
827 832 859 851 ne
870 824 1006 851 minimam

216 870 324 905 quidem
340 870 410 905 parit
421 869 620 903 difﬁcultatem,
635 869 683 897 sed
705 869 757 897 hoc
776 869 861 897 solum
882 869 1007 897 conside-

213 916 326 944 randum
341 917 430 948 tradit,
448 924 544 951 nempe
557 917 630 951 ipsos
646 916 744 943 invidia
759 920 853 943 contra
868 916 942 943 illum
957 915 1006 943 ila—

213 970 315 998 grasse.
325 963 401 996 Quod
412 963 530 998 seqttitur
536 968 623 990 autem
632 970 802 997 summopere
809 963 1006 998 inquirendum.

213 1008 344 1042 Quidnam
360 1008 425 1035 illud
438 1009 497 1036 est?
519 1008 575 1035 Hoc
596 1008 706 1041 dictum,
723 1007 761 1035 Tu
782 1016 808 1035 es
826 1008 869 1043 qui
888 1012 1007 1036 uenturus

212 1062 296 1087 es,tm
310 1055 389 1081 alium
406 1056 601 1090 exspectamus?
623 1055 689 1082 Nam
713 1055 758 1090 qui
781 1055 822 1083 vel
848 1060 910 1082 ante
931 1056 1006 1091 signa

214 1100 288 1128 illum
304 1105 429 1140 noverat,
450 1102 494 1136 qui
514 1109 529 1128 a
545 1101 646 1136 Spiritu
664 1101 802 1133 didicerat,
828 1102 872 1136 qui
892 1109 907 1128 a
929 1101 1006 1130 Patre

212 1146 344 1180 audierat,
370 1147 414 1182 qui
442 1154 532 1174 coram
555 1147 679 1174 omnibus
697 1147 769 1174 illum
793 1147 1004 1182 praedicaverat:

212 1199 285 1219 nunc
306 1192 386 1219 mittit
405 1192 439 1219 ad
454 1192 528 1219 illum
554 1192 679 1220 tttdiscat
701 1192 724 1220 si
748 1192 806 1228 ipse
822 1193 874 1225 sit,
900 1194 1006 1221 necne?

211 1237 292 1273 Atqui
305 1238 328 1265 si
336 1239 408 1265 clare
430 1246 483 1266 non
498 1239 568 1266 nosti
593 1238 717 1266 eumdem
736 1239 822 1274 ipsum
844 1247 904 1268 esse
916 1261 924 1274 ,
940 1248 1006 1275 quo-

212 1284 295 1311 modo
309 1284 423 1319 teipsum
438 1284 490 1312 lide
510 1284 619 1320 dignum
634 1290 713 1321 putas
724 1306 732 1319 ,
746 1286 791 1321 qui
808 1286 842 1314 de
863 1287 943 1314 rebus
959 1287 1004 1314 tibi

212 1330 311 1365 ignotis
334 1331 389 1359 fers
403 1332 584 1359 sententiam?
603 1331 670 1360 Nam
685 1332 730 1367 qui
752 1333 810 1360 aliis
835 1333 1002 1366 testiﬁcatur,

212 1377 287 1412 prior
297 1378 354 1413 ipse
366 1378 448 1405 debet
465 1378 516 1406 lide
529 1379 624 1414 dignus
639 1386 709 1406 esse.
730 1379 823 1407 Nonne
839 1385 865 1406 tu
879 1379 986 1407 dicebas
996 1401 1003 1414 ,

213 1422 276 1450 Non
295 1432 351 1451 sum
373 1423 465 1459 dignus
483 1425 580 1451 solvere
603 1425 737 1460 corrigiam
764 1426 926 1453 calceamenti
950 1427 1006 1461 ejus

212 1469 223 1504 (
238 1468 300 1496 Luc.
317 1470 344 1497 5.
360 1470 392 1497 l6
409 1471 437 1505 )?
450 1469 543 1497 Nonne
555 1470 674 1504 dicebas,
690 1470 750 1498 Non
770 1480 888 1498 noueram
909 1472 1004 1507 ipsum,

213 1515 257 1542 sed
269 1515 312 1550 qui
325 1516 394 1542 misit
421 1524 461 1542 me
481 1516 609 1551 baptizare
629 1516 657 1543 in
676 1524 752 1552 aqua,
773 1516 817 1544 ille
835 1517 897 1544 mihi
918 1518 982 1544 dixit
994 1526 1006 1546 :

213 1561 299 1596 Super
311 1570 384 1595 quem
398 1563 490 1589 uiderit
504 1562 630 1598 Spiritum
644 1562 834 1591 descendentem
843 1585 850 1596 ,
865 1569 888 1591 et
901 1573 1005 1591 manen-

212 1612 262 1635 tem
274 1616 350 1643 super
364 1616 430 1641 eum,
455 1608 499 1635 ille
512 1614 547 1635 est
565 1609 609 1643 qui
628 1609 739 1644 baptizat
758 1610 785 1636 in
806 1610 906 1645 Spiritu
918 1615 1006 1637 sancto

213 1653 316 1688 (Joan.
338 1654 363 1681 l.
380 1653 460 1690 33)?
483 1657 579 1681 Annon
600 1655 688 1682 vidisti
711 1654 837 1690 Spiritum
866 1656 894 1683 in
917 1657 1005 1691 specie

212 1699 363 1726 columbas?
373 1700 468 1726 Annon
482 1700 578 1727 attdisti
602 1700 714 1728 vocem?
728 1700 822 1728 Nonne
838 1705 863 1728 ttt
878 1702 1005 1737 prohibe-

213 1746 261 1773 bas
276 1746 349 1774 illum
363 1746 465 1779 dicens,
480 1746 534 1782 Ego
547 1756 612 1782 opus
624 1747 704 1775 habeo
716 1757 732 1775 a
752 1753 775 1775 te
788 1748 927 1783 baptizari,
942 1754 966 1776 et
978 1757 1006 1777 tu

212 1794 281 1821 senis
293 1794 327 1821 ad
339 1802 377 1821 me
394 1794 499 1830 (Matth.
509 1795 536 1822 5.
553 1795 618 1831 M)?
631 1795 726 1823 Nonne
739 1795 876 1831 discipulis
886 1797 1004 1831 dicebas,

213 1840 294 1868 Illum
308 1846 406 1874 oportet
418 1849 537 1874 crescere,
551 1849 590 1868 me
599 1846 682 1868 autem
697 1842 777 1868 minui
790 1841 886 1878 (Joan.
898 1843 924 1870 5.
939 1842 1005 1878 30)?

213 1887 307 1915 Nonne
318 1887 443 1922 populum
458 1895 564 1915 omnem
577 1887 702 1921 docebas,
718 1888 804 1923 ipsum
814 1889 1005 1923 baptizaturum

213 1933 274 1960 illos
288 1941 348 1960 esse
368 1933 395 1960 in
416 1933 518 1968 Spiritu
544 1937 637 1961 sancto
654 1938 682 1960 et
704 1934 764 1969 igne
779 1933 854 1968 (Luc.
867 1935 963 1970 5.16),
979 1939 1005 1963 et

214 1979 302 2014 ipsum
323 1987 383 2007 esse
407 1987 503 2015 agnum
519 1979 574 2007 .Dei
595 1980 639 2015 qui
661 1979 730 2007 tollit
753 1986 889 2016 peccatum
913 1982 1005 2010 mundi

215 2025 306 2060 (Joan.
321 2025 423 2060 L29)?
437 2025 531 2053 Nonne
548 2031 610 2053 ante
627 2025 685 2053 haec
697 2027 786 2054 omnia
798 2027 872 2061 signa
887 2033 914 2055 et
926 2028 1007 2055 mira-

214 2071 273 2097 cuia
296 2070 370 2098 illum
395 2071 566 2106 prtedicasti?
591 2071 730 2105 Quomodo
753 2079 817 2107 ergo
838 2081 922 2108 nunc,
944 2081 1006 2102 cum

215 2121 295 2144 notus
314 2122 356 2145 est
379 2118 513 2151 omnibus,
529 2118 640 2154 ejusque
660 2118 730 2146 fama
756 2119 873 2155 undique
895 2121 1004 2155 volavit,
1020 2141 1025 2146 .

215 2167 355 2198 postquam
371 2163 468 2191 mortui
483 2169 672 2197 surrexerunt,
687 2165 823 2193 dtemones
833 2165 913 2202 fugati
925 2171 986 2194 sunt
996 2188 1004 2200 ,

215 2213 242 2237 et
258 2214 330 2237 tanta
343 2210 478 2245 signorum
492 2211 532 2238 vis
544 2211 653 2244 effulsit,
665 2212 748 2239 mittis
762 2216 791 2239 ut
805 2212 830 2240 id
844 2213 879 2241 ab
890 2213 935 2240 illo
947 2213 1006 2241 edi-

215 2255 295 2283 scas?
309 2256 377 2290 Quid
396 2264 475 2291 porro
489 2256 586 2284 factum
599 2257 661 2285 est?
676 2265 740 2285 num
756 2257 846 2286 omnia
869 2259 950 2286 verba
962 2259 1007 2286 illa

217 2348 274 2376 haec
289 2348 409 2376 diceret?
424 2356 477 2376 non
499 2349 559 2377 dico
572 2350 605 2377 de
628 2349 748 2384 Joanne,
768 2351 813 2386 qui
833 2351 860 2378 in
872 2356 948 2379 utero
961 2359 1008 2380 ex-

216 2395 322 2422 sultavit
333 2395 409 2431 (Luc.
418 2396 429 2422 1
438 2414 444 2422 .
458 2395 514 2431 41),
531 2396 576 2431 qui
590 2400 652 2423 ante
662 2402 766 2432 partum
779 2397 866 2432 ipsum
880 2398 1008 2434 praedica-

216 2441 271 2472 vit,
284 2441 382 2468 deserti
405 2441 503 2475 incola,
517 2442 561 2478 qui
583 2443 731 2477 angelicam
754 2443 830 2471 duxit
843 2444 943 2478 vitam;
959 2445 1008 2473 sed

216 2487 319 2515 etiamsi
330 2487 390 2522 quis
404 2493 519 2516 essetex
532 2489 665 2517 vilissimis
680 2491 798 2518 omnium
809 2511 817 2523 ,
838 2496 898 2526 post
917 2496 957 2520 tot
969 2497 1009 2520 te-

217 2534 352 2567 stimonia,
371 2539 399 2562 et
413 2542 459 2562 sua
474 2540 501 2563 et
523 2535 636 2563 aliorum
649 2557 656 2570 ,
679 2545 845 2573 nequaqttam
864 2538 1006 2567 dubitaret.

219 2579 294 2608 Unde
305 2581 392 2615 palam
404 2585 446 2608 est
459 2589 521 2608 eum
536 2589 588 2609 non
603 2582 768 2610 dubitantem
783 2584 906 2618 misisse,
921 2592 1008 2620 neque

218 2627 383 2664 ignorantem
397 2628 584 2662 interrogasse.
601 2627 693 2664 Neque
703 2637 767 2657 vero
775 2630 905 2665 quispiam
917 2630 1008 2658 dicere

220 2673 318 2708 possit,
335 2673 422 2708 ipsum
438 2673 464 2700 id
479 2674 551 2701 clare
565 2674 722 2708 cognovisse
735 2695 743 2708 ,
766 2675 812 2702 sed
825 2676 859 2704 ob
872 2683 1008 2704 carcerem

218 2719 380 2747 timidiorem
392 2719 510 2747 evasisse
525 2729 532 2748 ;
549 2727 635 2756 neque
644 2720 715 2748 enim
726 2727 755 2748 se
766 2728 800 2748 ex
813 2729 920 2750 carcere
939 2723 1008 2750 libe-

218 2766 329 2794 randum
342 2766 524 2801 exspectabat,
540 2774 626 2802 neque
640 2767 663 2795 si
676 2771 867 2802 exspectasset,
878 2769 1008 2804 prodidis-

218 2816 258 2839 set
268 2811 420 2845 veritatem,
432 2813 477 2847 qui
492 2812 526 2840 ad
546 2817 646 2840 mortes
660 2812 788 2848 plurimas
813 2819 921 2849 paratus
939 2819 1007 2843 erat.

221 2857 275 2886 Nisi
291 2858 364 2886 enim
383 2857 418 2885 ad
443 2865 535 2886 necem
551 2862 659 2893 paratus
683 2857 787 2892 fuisset,
807 2864 869 2888 ante
883 2861 1008 2896 populutn

1061 325 1145 368 certe,
1160 323 1203 357 qui
1228 324 1412 359 prepheticum
1437 334 1545 363 semper
1564 329 1676 359 fundere
1695 334 1852 368 satiguinem

1060 367 1249 404 meditabatur,
1261 375 1360 399 tantam
1375 373 1456 401 animi
1478 375 1601 403 virtutem
1623 367 1853 415 demonstrasset;

1060 418 1112 439 non
1128 414 1263 442 crudelem
1275 416 1348 444 illum
1365 423 1506 454 tyrannum
1519 428 1580 448 cutn
1600 426 1671 450 tanta
1687 424 1809 453 libertate
1827 427 1853 454 in

1059 457 1146 485 media
1161 459 1226 487 urbe
1237 465 1264 488 et
1288 461 1347 490 foro
1375 464 1570 501 redarguisset,
1593 475 1654 495 cum
1678 470 1848 499 audientibus

1059 504 1182 532 omnibus
1204 506 1278 535 illum
1302 510 1377 544 quasi
1397 513 1537 545 puerulum
1560 514 1720 549 increparet.
1744 516 1771 544 Si
1788 526 1853 545 vero

1060 550 1177 579 timidior
1201 553 1312 583 eli‘ectus
1331 562 1409 590 erat,
1425 566 1472 585 cur
1492 559 1637 595 discipulos
1661 570 1724 590 suos
1745 564 1853 592 mittcro

1059 604 1112 644 non
1127 599 1242 633 erubuit,
1257 601 1283 628 in
1296 610 1408 637 quorum
1421 607 1563 639 przeseulia
1580 611 1618 634 tot
1633 613 1760 644 tantaque
1775 611 1852 637 testi-

1059 641 1154 671 ﬁcatus
1168 650 1235 679 erat,
1261 647 1308 674 sed
1322 656 1369 682 per
1383 649 1443 677 illos
1468 651 1615 688 interrogat
1637 662 1697 681 cum
1724 664 1771 690 per
1785 657 1852 684 alios

1059 691 1395 729 oporteret?Quamquam
1420 696 1492 725 clare
1516 704 1645 734 noverat,
1662 701 1734 735 ipsos
1754 703 1851 731 invidia

1060 735 1086 762 in
1101 735 1237 765 Christum
1257 747 1318 767 esse
1342 747 1486 776 permotos,
1510 749 1538 771 et
1552 745 1707 774 occasiones
1731 753 1850 783 captare.

1059 781 1199 815 Quomodo
1213 793 1266 812 non
1279 786 1314 814 ob
1335 787 1471 816 Judaicam
1492 791 1597 825 plebem
1619 793 1720 827 pudore
1740 781 1852 823 alit-ctus

1059 827 1164 877 fuisset,
1178 831 1223 866 qui
1244 836 1316 860 tanta
1338 835 1549 870 prmdicaverat?
1562 838 1630 872 Quid
1650 848 1714 868 vero
1725 842 1788 869 hinc
1801 843 1850 877 ipsi

1059 873 1212 904 adminiculi
1235 877 1350 906 futurum
1372 885 1430 908 erat
1452 887 1481 908 ut
1500 890 1515 909 a
1538 883 1650 912 vinculis
1674 873 1851 915 liberaretur?

1058 920 1150 957 Neque
1164 923 1235 950 enint
1249 930 1358 960 propter
1370 925 1505 954 Christum
1526 929 1571 956 illo
1593 930 1729 965 conjectus
1744 932 1826 960 fuerat
1840 954 1848 966 ,

1059 974 1146 1002 neque
1168 969 1238 1003 quod
1251 969 1310 1004 ejus
1320 971 1444 999 virtutem
1466 974 1653 1009 prmdicassct,
1669 977 1716 1004 sed
1736 978 1806 1012 quod
1817 979 1851 1006 de

1059 1013 1150 1049 iniquo
1164 1015 1289 1050 conjugio
1305 1017 1494 1052 redurguisset.
1519 1021 1615 1048 Annon
1636 1022 1762 1050 ittScnsati
1784 1032 1850 1058 puc-

1058 1059 1167 1092 ruli,vel
1184 1062 1297 1089 amentis
1311 1063 1457 1098 cujuspiam
1474 1065 1589 1094 hominis
1608 1068 1657 1095 sibi
1673 1068 1769 1096 famam
1784 1078 1850 1097 con—

1057 1104 1193 1133 ciliasset?
1208 1106 1276 1139 Quid
1288 1115 1352 1144 ergo
1361 1109 1404 1137 hic
1415 1111 1520 1145 agitur?
1533 1111 1609 1146 Quod
1618 1113 1688 1140 enitn
1698 1113 1849 1149 hujusntotli

1057 1150 1186 1179 dubitatio
1200 1160 1252 1180 tton
1272 1154 1306 1181 sit
1325 1154 1453 1189 Joannis,
1471 1156 1526 1183 itno
1539 1165 1573 1184 nc
1592 1158 1709 1193 cujusvis
1734 1160 1850 1189 hominis

1057 1197 1137 1224 etiam
1146 1198 1241 1232 insani,
1255 1207 1289 1227 ex
1305 1200 1382 1228 dictis
1392 1202 1446 1236 jam
1458 1202 1549 1238 liquet.
1561 1204 1619 1231 Jam
1636 1210 1719 1234 restat
1733 1211 1762 1234 ut
1775 1208 1850 1235 solu-

1058 1243 1157 1272 tionem
1170 1245 1322 1274 ali'cramus.
1337 1247 1390 1275 Cur
1399 1256 1464 1284 ergo
1476 1250 1667 1286 interrogatum
1674 1253 1746 1280 misit
1759 1253 1771 1280 7
1784 1253 1849 1282 Jesu

1057 1289 1164 1317 Christo
1178 1291 1388 1321 adversabantur
1402 1293 1523 1330 discipuli
1532 1295 1652 1329 J0annis,
1667 1297 1746 1332 idque
1759 1299 1848 1326 omni-

1056 1335 1107 1363 bus
1122 1337 1228 1372 planum
1242 1343 1293 1371 est,
1306 1346 1338 1367 ac
1349 1344 1440 1367 contra
1456 1341 1529 1368 illum
1544 1341 1642 1370 invidia
1654 1350 1761 1378 semper
1773 1352 1832 1372 com
1841 1360 1849 1365 -

1057 1382 1122 1409 moti
1136 1388 1223 1416 erant,
1240 1384 1310 1419 quod
1325 1385 1493 1414 manifestum
1504 1391 1546 1415 est
1560 1396 1592 1415 ex
1608 1388 1641 1416 iis
1649 1397 1709 1424 qua.-
1720 1390 1848 1426 magistro

1057 1434 1107 1455 suo
1120 1428 1243 1456 dicebant
1257 1439 1264 1457 :
1279 1438 1384 1466 nempe,
1396 1433 1445 1464 Qui
1458 1436 1538 1459 tecum
1549 1438 1603 1460 erat
1613 1438 1684 1461 trans
1696 1434 1848 1470 Iordanem,

1057 1474 1099 1501 cui
1111 1479 1138 1501 tu
1149 1476 1295 1510 testiﬁcatus
1307 1485 1344 1511 es,
1359 1486 1415 1505 ecce
1426 1478 1467 1505 hic
1477 1479 1599 1515 baptizat,
1616 1485 1638 1508 et
1651 1490 1737 1509 omnes
1746 1483 1849 1511 veniunt

1056 1520 1090 1547 ad
1103 1520 1175 1548 illum
1190 1522 1278 1557 (Joan.
1294 1523 1320 1551 5.
1334 1523 1390 1559 26).
1406 1525 1444 1552 Ac
1456 1533 1561 1552 rursum
1573 1527 1684 1561 qutestio
1698 1528 1765 1555 facta
1781 1534 1822 1556 est
1835 1538 1850 1557 ει

1056 1565 1156 1594 Ιυάωίε
1166 1572 1193 1594 et
1207 1575 1259 1595 una
1280 1575 1295 1595 a
1314 1568 1423 1597 Joannis
1436 1570 1574 1606 discipulis
1597 1572 1667 1600 circa
1687 1575 1850 1608 puriﬁcatio-

1057 1620 1129 1646 nem,
1145 1617 1224 1649 atque
1237 1614 1270 1641 ad
1282 1615 1354 1642 illum
1366 1623 1458 1643 rursus
1472 1617 1629 1646 accedentes
1639 1619 1762 1648 dicebant
1775 1631 1782 1648 :
1799 1621 1851 1649 Cur

1057 1666 1104 1685 nos
1118 1663 1140 1686 et
1153 1658 1280 1687 Pltaristci
1290 1661 1439 1696 jejunamus
1461 1663 1618 1699 frequenter,
1633 1665 1754 1701 discipuli
1766 1672 1850 1696 autent

1057 1706 1094 1731 tui
1107 1713 1157 1732 non
1167 1706 1286 1741 jejunant
1303 1706 1410 1742 (Matth.
1425 1708 1452 1736 9.
1465 1709 1530 1744 14)?

1092 1750 1120 1777 2.
1139 1751 1263 1779 Nondum
1279 1753 1349 1780 enim
1361 1753 1491 1788 sciebant,
1506 1755 1565 1790 quis
1578 1761 1651 1784 esset
1659 1757 1790 1792 Christus,
1803 1759 1852 1787 sed

1057 1797 1148 1825 Jesum
1161 1805 1264 1825 merum
1282 1798 1417 1827 hominem
1433 1801 1601 1835 suspicantes
1623 1809 1684 1830 esse
1694 1823 1703 1836 ,
1718 1804 1850 1832 Joannem

1057 1850 1121 1871 vero
1135 1843 1193 1878 plus
1204 1851 1284 1879 quam
1298 1844 1433 1873 hominem
1444 1866 1453 1878 ,
1475 1854 1547 1881 aegre
1570 1847 1692 1875 ferebant
1714 1850 1849 1878 celebrem

1058 1888 1133 1916 illum
1148 1888 1270 1917 videntes
1295 1897 1365 1924 esse,
1379 1890 1510 1919 Joannem
1525 1900 1589 1921 vero
1601 1894 1696 1928 minui,
1712 1896 1780 1923 sicut
1793 1897 1850 1931 ipso

1057 1933 1227 1969 praedixerat.
1242 1935 1276 1962 Et
1287 1935 1339 1963 hoc
1352 1936 1512 1971 impediebat
1523 1939 1666 1973 quominus
1679 1941 1849 1975 accederent,

1057 1980 1156 2008 invidia
1168 1980 1269 2009 aditum
1282 1981 1435 2010 dirimente.
1456 1983 1545 2012 Donec
1557 1990 1647 2013 autem
1659 1986 1776 2015 Joannes
1788 1995 1849 2016 cum

1034 2065 1037 2068 Α
1057 2026 1110 2054 illis
1135 2031 1211 2060 erat,
1237 2026 1393 2055 hortabatur
1416 2028 1475 2056 illos
1497 2030 1649 2065 frequenter
1669 2037 1696 2059 et
1719 2032 1849 2067 docebat,

1059 2079 1145 2107 neque
1159 2072 1186 2100 id
1201 2073 1253 2100 illis
1265 2073 1426 2108 persuadere
1439 2079 1543 2109 poterat
1559 2085 1567 2103 :
1582 2084 1642 2103 cutn
1658 2085 1722 2105 vero
1738 2081 1850 2106 moritu-

1059 2125 1106 2145 rus
1117 2122 1198 2151 esset,
1213 2119 1298 2154 majus
1326 2119 1360 2146 ad
1380 2119 1445 2147 illud
1459 2120 1568 2148 adhibet
1582 2122 1699 2150 studium
1717 2132 1723 2150 :
1740 2125 1851 2153 timebat

1059 2164 1131 2191 enim
1141 2171 1175 2191 ne
1188 2165 1261 2199 pravi
1275 2164 1407 2200 dogmatis
1419 2168 1586 2195 occasionem
1605 2169 1785 2205 relinqueret,
1799 2171 1849 2199 illi-

1027 2212 1036 2243 ζ
1059 2217 1111 2245 que
1124 2215 1263 2238 manerent
1276 2218 1291 2238 a
1304 2210 1411 2239 Christo
1425 2212 1560 2247 disjuncti.
1574 2212 1603 2241 id
1623 2213 1667 2242 ille
1688 2216 1809 2250 curabat,
1824 2222 1851 2245 ct

1022 2258 1035 2291 ᾗ
1059 2255 1135 2284 initio
1149 2257 1200 2292 ipsi
1210 2264 1274 2285 sttos
1288 2264 1381 2285 omnes
1392 2257 1548 2287 adducebat.
1563 2259 1629 2288 Cant
1642 2265 1730 2289 autem
1745 2261 1784 2290 illi
1797 2270 1851 2290 non

217 2302 289 2330 fraus
303 2307 390 2336 erant,
403 2310 482 2331 scena
500 2308 528 2331 et
545 2303 652 2331 fabula?
664 2304 699 2331 Et
712 2304 772 2339 quis
786 2305 883 2332 mentis
897 2313 1007 2341 compos

1060 2303 1289 2337 obtemperarent,
1304 2304 1450 2332 moriturus
1460 2304 1568 2332 demum
1591 2307 1686 2341 majori
1707 2312 1748 2335 est
1760 2309 1848 2337 studio

1037 2347 1043 2376 ἶ
1061 2347 1204 2376 usus.Nam
1218 2349 1240 2376 si
1252 2349 1372 2382 dixisset,
1385 2349 1460 2377 illum
1472 2350 1610 2386 adite,qui
1623 2352 1718 2380 melior
1729 2361 1773 2381 me
1788 2359 1829 2381 est
1841 2362 1849 2382 :

1060 2402 1114 2422 non
1129 2394 1378 2430 obtemperassent,
1402 2395 1474 2431 quod
1499 2396 1538 2424 sic
1562 2397 1600 2424 illi
1622 2403 1713 2425 essent
1731 2398 1850 2427 addicti:

1045 2445 1200 2476 -putassent
1212 2441 1284 2468 enim
1310 2441 1383 2468 illum
1409 2449 1458 2477 per
1476 2441 1637 2470 modestiam
1654 2443 1691 2471 ita
1711 2444 1803 2480 loqui.
1824 2451 1852 2473 et

1042 2496 1045 2500 ν
1061 2487 1146 2522 magis
1159 2487 1196 2514 illi
1207 2487 1349 2515 haesissent
1363 2495 1370 2514 :
1386 2487 1410 2515 si
1426 2495 1488 2516 vero
1503 2489 1638 2522 tacuisset,
1655 2497 1698 2517 res
1710 2490 1806 2520 eodem
1825 2492 1852 2519 in

1061 2538 1131 2562 statu
1140 2541 1264 2561 mansura
1280 2538 1347 2562 erat.
1357 2534 1425 2567 Quid
1438 2534 1602 2569 igiturfacit?
1610 2535 1754 2571 Exspectat
1766 2537 1852 2566 donec

1060 2580 1095 2607 ab
1110 2580 1161 2607 illis
1182 2580 1273 2607 audiat
1298 2580 1386 2615 ipsum
1411 2579 1538 2607 miracula
1562 2580 1658 2614 edere;
1683 2589 1769 2618 nequc
1789 2588 1853 2611 tunc

1062 2626 1122 2653 illos
1136 2625 1268 2659 hortatur,
1290 2633 1377 2660 neque
1389 2633 1484 2653 omnes
1509 2626 1601 2659 mittit,
1621 2627 1669 2655 sed
1693 2627 1761 2656 duos
1784 2637 1852 2664 quos

1061 2672 1130 2700 forte
1139 2672 1265 2700 credebat
1277 2679 1337 2700 esse
1351 2671 1384 2699 ad
1396 2671 1557 2700 credendum
1571 2673 1758 2708 promptiores,
1770 2680 1797 2702 ut
1812 2675 1854 2702 in-

1062 2719 1207 2754 terrogatio
1228 2719 1293 2746 nulli
1317 2722 1390 2747 esset
1409 2719 1554 2754 suspicioni
1576 2718 1701 2753 obnoxia,
1720 2725 1800 2756 atque
1819 2729 1853 2749 ex

1063 2765 1128 2800 ipsis
1137 2765 1217 2793 rebus
1229 2765 1389 2798 ediscerent,
1405 2771 1532 2800 quantum
1542 2764 1683 2793 interesset
1690 2765 1852 2794 discriminis

1062 2811 1154 2840 Jesum
1169 2811 1244 2845 inter
1264 2815 1290 2838 et
1312 2810 1442 2838 Joannem
1458 2810 1568 2846 :aitque
1586 2819 1594 2838 :
1614 2811 1692 2839 Abite
1710 2815 1738 2838 et
1753 2810 1851 2839 dicite:

1063 2860 1103 2889 Tu
1117 2869 1143 2889 es
1163 2860 1206 2896 qui
1223 2864 1342 2888 venturus
1358 2867 1400 2894 es,
1413 2867 1447 2887 aa
1465 2859 1545 2887 alium
1566 2859 1763 2896 exspectatam?
1775 2857 1856 2887 Chri—
