2067 3134
202 155 256 184 “5
595 151 623 179 S.
644 148 784 179 JOANNIS
803 145 1038 175 CllltYSOSTOMI
1057 146 1214 174 ARCHIEP.
1234 145 1498 176 CONSTANTINOP.
1786 147 1844 175 liti

205 217 261 239 stus
277 219 340 238 vero
351 210 460 238 Joannis
471 213 586 236 mentem
599 207 750 241 intelligens
759 225 766 237 ,
781 212 833 232 non
847 203 930 234 dixit,
943 203 998 237 Ego

205 265 265 284 sum
279 266 285 284 :
300 264 360 284 nam
388 255 413 282 id
438 255 576 282 auditores
598 252 764 283 oll‘cudisset,
789 256 948 284 quamquam
971 247 998 275 id

206 306 401 336 consequenter
415 300 466 328 dici
479 303 600 335 poterat;
614 297 660 325 sed
671 297 696 324 id
714 305 746 324 ex
761 296 825 331 ipsis
845 295 924 322 rebus
938 293 997 321 edi-

207 355 281 375 scere
293 347 365 374 sinit.
382 347 480 373 Dicitur
490 345 561 372 enim
576 344 621 376 ibi,
642 344 727 378 ipsum
739 341 929 369 accedentibus
943 339 994 366 illis

209 393 306 419 inultos
319 399 436 420 curasse.
461 391 494 417 At
516 390 587 417 enim
608 396 666 421 qua:
679 387 773 414 luisset
794 385 996 420 consequentia,

208 439 400 473 interrogatum
410 445 472 464 num
485 437 541 471 ipse
553 439 633 467 esset,
644 433 708 461 nihil
719 433 752 460 ad
762 433 811 459 hoc
824 431 996 466 respondere,

207 485 253 512 sed
269 485 358 511 statim
372 491 458 517 aegros
472 489 581 514 curare,
601 480 652 507 nisi
671 480 722 506 hoc
742 478 830 506 facere
851 477 995 510 voluisset,

206 530 276 565 quod
287 529 361 557 dixi?
372 529 409 556 Ex
424 528 503 554 rebus
517 526 589 554 enim
605 525 668 559 ipsis
685 523 863 551 testimonium
880 522 996 549 credibi-

208 578 270 609 lius,
298 577 437 610 minusque
464 572 606 607 suspicioni
632 570 774 598 obnoxium
797 570 904 604 putabat
925 576 996 601 esse,

207 630 284 657 quam
297 622 386 649 verba.
402 619 466 648 Cum
481 620 560 646 sciret
571 626 644 653 ergo,
659 621 750 650 utpote
758 617 838 649 Deus,
848 623 898 650 qua
908 619 997 642 mente

208 669 267 695 illos
283 668 399 694 misisset
411 666 536 696 Joannes,
552 665 641 691 statim
655 663 860 695 sanavitca-cos,
876 661 995 694 claudos,

208 715 328 748 alinSque
344 712 450 744 multos,
475 719 528 737 non
553 715 581 737 ut
602 711 675 737 illum
696 709 820 740 doceret,
842 708 911 743 (cur
925 707 996 734 euitn

207 760 343 786 docuisset
357 765 428 790 eum,
443 757 487 792 qui
496 757 549 791 jam
564 756 689 783 credebat
709 759 736 782 et
757 752 995 788 obtemperabat?)

207 805 255 832 scd
277 810 304 832 ut
327 803 471 838 discipulos
491 803 548 837 ejus
576 801 727 829 dubitantes
753 800 901 827 institueret
917 808 923 825 ε
938 799 996 825 ideo

207 857 267 886 post
289 851 430 878 multorum
445 849 607 877 curationem
628 849 664 874 ait
680 847 725 874 τι.
747 846 840 872 Εαηιιιε
858 845 998 872 renuntiate

206 897 302 923 Joanni
321 903 378 931 qutz
396 896 490 922 auditis
506 899 530 921 et
550 894 646 921 uidetis.
667 893 694 920 5.
713 891 777 919 (Σανσί
796 891 887 923 rident,
912 889 997 916 claudi

207 942 347 974 ambulant,
372 941 465 976 leprosi
484 940 647 970 mundantur,
668 937 738 965 surdi
763 937 878 969 audiunt,
905 937 997 962 mortui

207 990 376 1021 suscitantur,
393 995 514 1023 pauperes
524 985 726 1021 euangelizantur
739 992 748 1011 :
761 988 787 1012 et
802 983 891 1018 adjicit
906 991 912 1009 :
925 982 950 1009 6‘.
964 980 996 1008 Et

207 1037 294 1062 beatus
307 1035 350 1070 qui
361 1043 411 1062 non
421 1035 496 1069 fuerit
507 1032 691 1060 scandalizatus
704 1031 730 1057 in
746 1038 784 1057 me
795 1038 804 1056 :
815 1029 958 1056 ostendens
968 1035 996 1054 se

208 1082 295 1109 cordis
309 1089 401 1108 eorum
422 1083 523 1107 secreta
541 1086 628 1106 nosse.
647 1077 676 1105 Si
695 1076 766 1104 enim
789 1076 918 1106 dixisset,
942 1074 996 1108 Ego

207 1135 276 1158 sum,
286 1127 310 1153 id
325 1127 394 1158 illos,
411 1129 440 1152 ut
450 1125 504 1159 jam
511 1124 575 1155 dixi,
585 1122 750 1154 oll'endisset,
771 1121 995 1155 cogitassentque,

207 1174 257 1201 etsi
271 1182 323 1200 non
338 1173 484 1203 dixissent,
499 1171 524 1198 id
537 1169 608 1205 quod
631 1168 715 1196 Judaei
739 1167 775 1194 illi
799 1166 922 1193 dicebant
936 1174 944 1193 ι
959 1164 997 1191 Tu

208 1221 238 1246 de
253 1225 275 1246 te
290 1220 346 1254 ipso
359 1217 526 1245 testimonium
544 1217 589 1243 das
603 1215 613 1250 (
626 1214 704 1241 Joan.
717 1213 744 1240 8.
760 1212 795 1240 15
844 1211 957 1245 Ideoque
971 1210 996 1238 id

208 1266 252 1292 ille
268 1272 319 1291 non
334 1263 416 1295 dicit,
432 1262 478 1290 sed
502 1269 536 1289 ex
555 1259 690 1287 miraculis
708 1262 783 1286 curat
803 1262 830 1283 ιιι
853 1256 889 1283 illi
907 1255 995 1283 omnia

207 1311 336 1343 ediscant,
361 1308 509 1336 doctrinam
533 1306 639 1334 tradens
667 1309 695 1332 et
720 1304 859 1331 clariorem
879 1306 906 1329 et
932 1301 996 1328 nulli

207 1356 353 1392 suspicioni
375 1354 527 1383 obnoxiam.
544 1353 644 1380 idcirco
663 1351 733 1379 clam
754 1351 813 1378 illos
833 1349 996 1384 redarguens

208 1404 273 1431 illud
297 1402 402 1438 adjecit.
427 1401 492 1435 Quia
518 1402 588 1431 enim
609 1398 635 1426 iu
657 1398 716 1432 ipso
737 1396 994 1427 scandalizabautur,

207 1451 311 1478 illorum
325 1448 445 1476 morbum
461 1446 571 1479 detexit,
585 1449 613 1473 et
631 1444 693 1471 illud
707 1443 876 1471 conscientiae
893 1446 995 1468 tantum

208 1498 325 1531 ipsorum
341 1494 456 1530 reliquit,
471 1493 578 1521 nemine
597 1491 726 1519 advocato
748 1489 900 1518 maledicti'
917 1493 993 1520 teste,

208 1544 326 1578 ipsisque
348 1541 413 1570 solis
434 1541 460 1568 id
480 1540 647 1568 scientibus:
665 1539 758 1573 sicque
780 1537 873 1564 melius
889 1535 996 1563 attraxit

208 1590 279 1622 illos,
302 1588 411 1615 dicens:
427 1585 521 1613 Beatus
540 1585 582 1619 qui
601 1593 651 1612 non
670 1585 746 1619 fuerit
763 1582 949 1611 scandalizatus
970 1581 996 1608 in

208 1643 254 1661 tttc.
271 1635 335 1661 Nam
347 1633 404 1660 haec
416 1632 491 1665 dixit,
507 1632 565 1659 illos
579 1631 650 1666 ipsos
662 1629 840 1657 subindicans.
854 1628 892 1656 Ne
908 1633 995 1655 autem

210 1685 299 1707 nostra
316 1683 416 1706 tantum
428 1678 585 1708 referamus,
599 1675 645 1703 sed
659 1680 688 1702 ut
701 1675 739 1703 rei
751 1674 887 1702 ﬁrmanda:
901 1674 932 1701 iis
945 1673 993 1700 ad-

209 1726 306 1758 ductis,
321 1733 380 1760 qua:
393 1724 427 1751 ab
444 1723 503 1750 aliis
524 1723 595 1750 dicta
614 1726 694 1755 sunt,
707 1721 847 1748 clariorem
869 1720 946 1748 vobis
963 1727 994 1748 ex

209 1772 340 1798 dictorum
367 1768 565 1804 comparatione
600 1768 740 1795 veritatem
770 1766 924 1799 tradamus,
951 1765 994 1793 illa

211 1818 290 1843 t-liam
305 1815 348 1843 hic
369 1814 488 1850 proferre
515 1820 624 1840 necesse
648 1817 699 1840 est.
724 1811 792 1846 Quid
818 1819 881 1845 ergo
905 1811 996 1838 dicunt

211 1860 352 1889 nonnulli?
369 1860 432 1887 Eam
446 1866 524 1894 quam
538 1858 687 1889 retulimus,
696 1864 750 1885 non
762 1864 852 1884 veram
864 1863 923 1884 esse
933 1864 995 1884 cau-

209 1916 265 1935 sam
282 1906 346 1934 :sed
359 1913 420 1933 vere
434 1906 569 1940 ignorasse
585 1903 726 1936 Joannem,
739 1910 790 1931 nec
807 1907 890 1929 totum
906 1906 994 1929 tamen

209 1954 346 1987 ignorasse
362 1960 368 1978 :
383 1956 409 1978 et
422 1950 496 1977 illum
521 1949 627 1984 quidem
649 1955 709 1976 esse
728 1946 863 1976 Christum
877 1948 993 1981 novisse,

207 1999 278 2035 quod
289 2002 376 2026 autem
389 2004 436 2032 pro
447 1990 602 2023 'hominibus
612 1994 756 2022 moriturus
766 1998 836 2021 esset
844 1994 993 2028 ignorasse:

208 2045 308 2073 idcirco
320 2043 430 2074 dixisse,
444 2041 485 2069 Tu
498 2050 524 2069 es
537 2041 579 2076 qui
593 2046 711 2067 venturus
730 2040 775 2068 es?
790 2040 815 2068 id
830 2045 887 2073 est,
903 2040 952 2073 Qui
968 2040 994 2067 in

208 2090 339 2119 internum
355 2096 384 2115 es
397 2088 584 2115 descensurus.
594 2086 691 2114 Verum
703 2086 729 2113 id
738 2093 797 2113 cum
808 2090 880 2113 recta
891 2086 994 2114 ratione

210 2139 338 2172 pugnaret
355 2134 490 2162 :Joannes
511 2134 607 2168 quippe
625 2140 678 2160 nou
700 2133 749 2160 hoc
769 2132 915 2168 ignorabat.
938 2131 994 2160 Hoc

207 2183 278 2209 enim
291 2187 353 2208 ante
366 2181 417 2208 alia
435 2179 594 2214 prredicabat
606 2187 666 2207 cum
689 2179 807 2212 dicuret,
823 2178 889 2206 Ecce
914 2187 994 2214 agnus

208 2229 266 2259 Dei,
281 2228 322 2263 qui
337 2227 402 2254 tollit
423 2231 524 2261 peccata
543 2225 631 2252 mundi
651 2224 749 2260 (Joun.
765 2224 791 2252 1.
807 2224 842 2252 29
854 2224 874 2260 ).
891 2225 994 2260 Agnum

208 2282 272 2301 vero
285 2274 389 2300 vocarit
400 2292 407 2304 .
422 2279 528 2299 crucem
544 2272 708 2306 prtedicaus;
724 2279 754 2298 ac
768 2278 828 2298 cum
852 2271 926 2303 dicit,
943 2271 993 2304 Qui

209 2320 274 2347 tollit
299 2323 400 2354 peccata
420 2317 525 2350 mundi,
543 2317 656 2351 idipsum
669 2317 835 2351 signiﬁcavit.
863 2317 919 2344 Non
940 2318 993 2344 alio

208 2365 278 2393 enirn
292 2372 370 2399 quam
384 2371 430 2399 per
442 2370 548 2390 crucem
568 2362 647 2388 modo
661 2362 686 2389 id
700 2367 824 2396 operatus
844 2367 886 2389 est
899 2369 905 2388 :
921 2362 992 2397 quod

207 2412 287 2439 etiam
303 2410 398 2437 Paulus
412 2408 533 2436 dicebat:
550 2405 582 2434 Et
596 2407 790 2442 chirographum
800 2428 806 2439 ,
820 2407 887 2442 quod
906 2407 995 2434 adver-

207 2465 262 2485 sum
276 2464 322 2483 nos
345 2459 408 2487 erat,
431 2455 461 2482 de
486 2454 567 2481 medio
589 2455 699 2487 sustulit,
713 2455 813 2490 aﬁigens
838 2455 902 2481 illud
925 2455 994 2481 cruri

207 2501 314 2538 (Calou.
328 2501 356 2529 2.
371 2501 426 2535 Η).
437 2501 503 2528 Cum
517 2507 605 2527 autem
618 2500 740 2533 dicebat,
756 2500 788 2527 In
801 2501 899 2536 Spiritu
912 2501 993 2536 bapti-

205 2547 271 2574 zubit
286 2555 327 2572 vos
342 2547 351 2562 ¹
368 2546 442 2581 (Luc.
459 2547 485 2574 ὃ.
503 2546 557 2581 16),
574 2554 603 2572 ea
618 2553 676 2580 qua:
693 2551 753 2580 post
771 2547 991 2574 resurrectionem

210 2594 297 2619 l'utura
312 2596 388 2619 erant
404 2592 610 2626 prmnuutiabat.
631 2593 664 2618 At
679 2597 810 2626 reponunt
829 2592 866 2619 illi
881 2601 887 2618 :
905 2592 991 2627 Ipsum

208 2641 429 2670 resurrecturum,
454 2642 481 2664 et
501 2637 628 2672 Spiritum
650 2642 770 2665 sanctum
789 2638 913 2665 daturum
933 2647 993 2666 esse

205 2684 305 2710 sciebat
321 2691 328 2709 :
344 2683 413 2718 quod
427 2688 513 2710 autem
524 2684 596 2711 croci
609 2683 757 2719 afﬁgendus
770 2689 837 2712 esset
846 2686 991 2720 ignorabat.

206 2729 257 2756 Sed
271 2729 403 2763 quomodo
417 2735 614 2757 resurrecturus
629 2735 696 2763 erat,
713 2731 756 2765 qui
772 2738 820 2757 nec
836 2739 928 2766 passus
944 2739 992 2759 nec

237 2808 246 2824 ι
262 2808 332 2831 ﬁavd.
347 2811 371 2831 et
382 2806 430 2835 alii,
448 2807 604 2832 tu‘rusationis
618 2814 625 2831 :
637 2813 765 2834 utrumque
776 2810 883 2839 quadrat.

238 2839 247 2854 ¹
265 2844 328 2872 Quae,
343 2839 365 2861 in
377 2842 546 2872 tt-xttrortcco,
564 2839 711 2872 respondent
723 2841 759 2872 μὴ»
770 2841 875 2872 uicinus,
887 2841 992 2872 baptiza-

205 2868 238 2894 btt
251 2876 296 2898 ros,
310 2869 339 2899 Ιίη
347 2876 375 2892 sn
386 2875 438 2900 Βῑιιι
448 2869 508 2895 hicu.
521 2869 658 2893 exciderant
671 2870 731 2900 apud
742 2870 823 2894 stoici.

1052 202 1195 230 cruciﬁxus
1221 202 1335 232 fuisset?
1357 204 1496 238 Qucmodo
1514 205 1577 233 item
1609 206 1693 240 majtir
1704 209 1779 243 propl
1790 209 1849 238 etis

1051 253 1119 280 erat,
1133 249 1179 283 qui
1192 256 1223 276 ea
1238 257 1297 284 quae
1312 251 1448 285 prophetae
1463 251 1583 279 sciebant
1597 253 1756 286 ignorabat?

1086 295 1112 322 5.
1122 294 1259 330 Propheta:
1268 297 1388 330 sciebant,
1397 297 1524 324 Christum
1534 307 1586 325 esse
1596 300 1800 334 cruciﬁgendum.
1807 318 1840 323 —-

1050 340 1125 373 Quod
1136 341 1207 368 enirn
1221 341 1278 376 plus
1290 350 1368 377 quam
1383 343 1510 378 propheta
1524 349 1613 379 esset,
1631 345 1752 373 Christus
1763 347 1840 374 testi-

1051 388 1142 414 ticatus
1155 392 1197 414 est
1210 388 1218 421 (
1231 387 1294 415 Luc.
1307 388 1333 415 7.
1346 388 1416 424 28);
1432 389 1503 424 quod
1516 395 1604 418 autem
1620 393 1756 426 prophetia
1776 399 1839 426 pas—

1050 433 1151 460 sionetn
1167 431 1263 460 Christi
1279 435 1421 468 noverint,
1437 435 1501 462 nulli
1514 444 1567 464 non
1587 442 1678 464 notum
1693 442 1746 465 est.
1771 439 1838 466 Nam

1050 476 1132 504 lsaias
1144 478 1206 505 dicit
1220 487 1227 506 :
1243 478 1317 506 Sicut
1339 479 1391 507 avis
1415 480 1448 506 ad
1462 481 1610 509 occisionem
1632 482 1723 510 ductus
1745 488 1781 510 est
1791 505 1800 517 ,
1812 490 1836 513 et

1048 523 1113 550 sicut
1124 531 1204 558 agnus
1215 532 1301 551 coram
1322 525 1439 552 tondente
1456 534 1483 553 se
1500 527 1554 554 sine
1567 535 1625 554 voce
1638 527 1717 563 (lsai.
1732 529 1776 557 55.
1792 530 1836 564 7).

1049 569 1190 605 Etiamque
1204 575 1265 598 ante
1280 571 1331 598 hoc
1347 572 1525 600 testimonium
1541 573 1632 601 dixit:
1652 574 1687 601 Et
1705 577 1750 602 erit
1762 577 1837 603 radis:

1048 615 1138 647 Iesse,
1163 621 1184 642 et
1203 616 1247 651 qui
1275 623 1390 652 exsurget
1422 618 1546 653 imperare
1577 620 1708 654 gentibus,
1732 621 1759 648 in
1780 622 1835 656 ipso

1048 668 1132 698 gentes
1146 663 1281 697 sperabunt
1300 663 1382 699 (lsai.
1399 665 1440 691 ll.
1463 664 1525 700 l0).
1540 665 1640 694 Deinde
1666 667 1834 702 passionem,

1048 715 1076 737 et
1086 718 1167 745 quam
1179 710 1239 737 inde
1250 710 1362 745 gloriam
1377 716 1556 747 consequutus
1569 712 1605 740 sit
1619 720 1769 747 exponens,
1786 715 1834 741 ad-
1868 743 1871 746 ,

1046 755 1120 789 jicit,
1138 755 1171 782 Et
1191 756 1237 782 erit
1252 756 1348 789 requies
1371 757 1425 792 ejus
1444 757 1623 793 ltonor(lbid.
1635 759 1654 793 ).
1681 759 1737 787 Nec
1749 761 1834 787 solum

1048 801 1118 836 quod
1132 802 1203 828 cruci
1219 801 1366 836 afﬁgendus
1390 808 1479 834 esset,
1500 803 1546 830 sed
1568 805 1723 839 quibuscum
1741 813 1833 840 passu-

1049 855 1094 874 rus
1108 850 1177 874 esset
1191 847 1257 874 dixit
1274 855 1281 874 :
1295 846 1328 874 Et
1348 855 1403 874 cum
1418 849 1544 876 sceleratis
1557 855 1687 884 reputatus
1699 856 1733 878 est
1747 852 1832 886 (lsai.

1048 892 1164 928 55.12).
1176 892 1266 932 Neque
1280 893 1330 919 hoc
1342 898 1452 926 tantum,
1467 894 1513 921 sed
1528 902 1579 922 non
1591 903 1651 923 sese
1664 896 1834 924 defensurum

1048 946 1107 965 e~se
1122 939 1242 973 put-dixit
1259 948 1265 966 :
1282 938 1332 965 Hic
1356 941 1420 966 attint
1434 947 1485 966 non
1507 941 1600 975 aperiet
1621 950 1647 968 os
1661 950 1734 968 suum
1747 943 1833 978 (lbid.

1048 993 1073 1011 v.
1089 984 1122 1019 't')
1137 993 1144 1018 ;
1173 993 1283 1020 esseque
1308 986 1404 1020 injuste
1425 986 1603 1015 damuandunt
1618 996 1624 1014 :
1640 987 1674 1015 In
1695 989 1837 1018 humilitate

1044 1030 1170 1066 judicium
1192 1031 1247 1066 ejus
1269 1031 1396 1058 sublatum
1414 1037 1450 1058 est
1466 1031 1552 1068 (Ibid.
1567 1041 1592 1060 ν.
1604 1034 1649 1067 8).
1671 1034 1740 1061 Aule
1761 1035 1835 1062 illtttu

1047 1084 1152 1111 quoque
1167 1076 1280 1111 idipsutn
1292 1077 1358 1104 dicit
1374 1078 1470 1110 David,
1487 1083 1514 1106 et
1533 1079 1663 1113 judicium
1683 1080 1810 1108 describit
1826 1090 1833 1108 :

1049 1122 1146 1155 Quare,
1165 1122 1264 1157 inquit.
1289 1125 1441 1158 fremuerunt
1462 1130 1564 1160 gentes,
1578 1131 1601 1153 et
1623 1128 1709 1162 populi
1724 1129 1836 1155 meditati

1047 1173 1104 1195 sunt
1119 1169 1225 1195 inania?
1237 1169 1392 1196 Adstiterunt
1404 1178 1472 1206 reges
1487 1175 1569 1204 terret,
1586 1177 1609 1198 et
1629 1173 1754 1208 principes
1776 1182 1836 1200 con-

1047 1220 1166 1241 venerunt
1191 1215 1216 1242 in
1246 1223 1325 1242 unum
1355 1216 1473 1244 adversus
1497 1217 1634 1246 Dominum
1664 1224 1689 1247 et
1717 1220 1836 1247 adversus

1047 1260 1174 1288 Christum
1193 1263 1247 1298 ejus
1271 1261 1364 1298 (Psat.
1379 1263 1406 1290 2.
1422 1264 1448 1291 1.
1469 1263 1514 1299 2).
1530 1264 1600 1292 Alibi
1621 1273 1726 1300 quoque
1749 1266 1835 1301 ipsum

1047 1308 1134 1334 crucis
1147 1308 1253 1335 modum
1267 1308 1333 1335 dixit
1350 1317 1355 1335 :
1370 1308 1502 1336 Fuderunt
1527 1318 1617 1338 manus
1635 1319 1702 1338 meas
1714 1316 1736 1338 et
1760 1313 1836 1346 pedes

1047 1361 1114 1380 meos
1129 1353 1220 1388 (Psal.
1236 1353 1280 1381 21.
1297 1355 1346 1389 l7)
1362 1363 1369 1387 ;
1385 1359 1412 1383 et
1425 1361 1547 1383 accurate
1569 1358 1677 1384 omnino
1690 1366 1749 1392 qua:
1762 1359 1834 1385 mili-

1047 1403 1088 1426 tes
1108 1400 1166 1426 ausi
1189 1406 1250 1427 sunt
1263 1401 1353 1436 adjicit
1366 1411 1373 1428 :
1387 1401 1530 1429 Diviserttut
1543 1403 1589 1430 sibi
1602 1404 1746 1431 uestimenta
1760 1413 1814 1431 mea
1825 1425 1834 1438 ,

1047 1451 1070 1472 et
1080 1454 1157 1480 super
1179 1451 1270 1474 vestem
1286 1456 1366 1475 meam
1381 1449 1501 1476 miserunt
1513 1456 1605 1478 sortem
1624 1449 1710 1485 (Ibid.
1727 1458 1752 1478 ν.
1768 1451 1801 1479 l9
1812 1452 1833 1486 ).

1047 1493 1116 1520 Alibi
1131 1499 1218 1521 autem
1237 1495 1354 1522 oblatum
1370 1501 1474 1523 acetum
1487 1496 1526 1523 sic
1535 1502 1666 1524 memorat
1681 1506 1687 1524 :
1704 1497 1835 1524 θρόει-ωτι

1046 1539 1073 1566 in
1092 1547 1174 1566 escam
1187 1548 1266 1567 meatu
1279 1541 1329 1576 fel,
1344 1545 1367 1568 at
1381 1541 1407 1568 in
1423 1542 1466 1568 siti
1479 1551 1533 1569 mea
1547 1548 1696 1578 potaverunt
1715 1552 1753 1571 me
1765 1549 1835 1571 aceto

1049 1584 1142 1621 (Psal.
1157 1586 1200 1614 68.
1216 1586 1280 1622 22).
1296 1586 1435 1622 Propheta:
1449 1587 1529 1623 igitur
1543 1593 1605 1616 ante
1619 1594 1656 1616 tot
1669 1597 1753 1617 attnos
1765 1589 1835 1624 judi-

1047 1631 1116 1658 cium
1130 1652 1137 1663 ,
1153 1632 1401 1660 condemnationem
1412 1654 1419 1665 ,
1435 1635 1523 1661 erucis
1542 1635 1642 1667 secius,
1660 1635 1834 1663 vestimento-

1046 1685 1105 1704 rum
1121 1678 1295 1712 divisionem,
1312 1679 1420 1707 missam
1433 1685 1531 1708 sortem
1541 1701 1548 1713 ,
1565 1685 1592 1708 et
1601 1681 1678 1717 longe
1693 1681 1766 1716 plura
1782 1682 1833 1709 alia

1047 1729 1196 1752 memorant
1210 1733 1216 1751 :
1233 1733 1319 1760 neque
1342 1728 1412 1753 enim
1435 1734 1544 1754 necesse
1557 1731 1599 1754 est
1610 1727 1699 1754 omnia
1718 1727 1813 1755 elierre
1825 1749 1832 1759 ,

1047 1778 1081 1798 ne
1095 1771 1198 1807 longius
1216 1776 1343 1799 excurrat
1365 1773 1469 1806 oratio;
1494 1773 1537 1801 hic
1562 1781 1625 1802 vero
1639 1774 1691 1801 illis
1711 1775 1834 1801 omnibus

1046 1817 1148 1852 major,
1171 1816 1227 1844 haec
1241 1818 1330 1845 omnia
1353 1812 1509 1853 ignorabat?
1534 1820 1590 1853 Qua
1607 1820 1708 1847 ratione
1722 1820 1747 1848 id
1761 1825 1834 1848 stare

1047 1863 1152 1897 possit?
1164 1863 1219 1891 Cur
1233 1871 1296 1891 vero
1307 1872 1359 1891 non
1375 1865 1457 1898 dixit,
1472 1865 1511 1892 Tu
1522 1873 1551 1893 es
1570 1866 1613 1900 qui
1628 1871 1753 1893 venturus
1763 1873 1793 1893 es
1807 1867 1832 1893 in

1048 1909 1201 1936 infernum?
1224 1909 1270 1936 sed
1298 1910 1473 1944 simpliciter,
1501 1910 1552 1944 Qui
1571 1916 1689 1939 uenturus
1711 1913 1760 1939 es?
1780 1911 1831 1939 Sed

1046 1955 1117 1990 quod
1128 1956 1211 1991 magis
1221 1955 1277 1983 risu
1289 1955 1397 1991 dignum
1409 1961 1491 1987 esset.
1503 1957 1594 1984 dicunt
1604 1957 1654 1985 hoc
1666 1957 1725 1985 ideo
1735 1958 1832 1986 dixisse

1047 2001 1175 2028 Joannem
1186 2021 1193 2034 ,
1209 2005 1237 2028 ut
1260 2002 1286 2028 in
1309 2001 1408 2029 inferos
1423 2003 1531 2029 veniens
1554 2003 1718 2037 prtedicaret.
1733 2003 1833 2037 Quibus

1047 2053 1194 2082 opportune
1208 2048 1311 2075 dicatur
1326 2057 1332 2075 :
1348 2048 1469 2080 Fratres,
1485 2051 1561 2077 nolite
1574 2051 1645 2084 pueri
1659 2050 1720 2086 efﬁci
1733 2057 1813 2078 mente
1823 2071 1832 2084 ,

1046 2095 1090 2120 sed
1104 2095 1199 2122 malitia
1212 2096 1311 2131 parvuli
1324 2097 1421 2132 estote(
1435 2097 1460 2124 l.
1474 2097 1532 2124 Cor.
1546 2098 1588 2125 Μ.
1602 2097 1667 2134 20),
1681 2098 1747 2126 Nam
1762 2106 1832 2134 pm:-

1046 2146 1108 2167 sens
1123 2141 1174 2168 vita
1190 2141 1256 2169 bene
1271 2142 1364 2177 agendi
1379 2147 1483 2177 tempus
1497 2148 1552 2175 est;
1569 2147 1631 2178 post
1641 2149 1754 2172 mortem
1768 2152 1834 2172 vero

1046 2187 1132 2214 aderit
1155 2187 1282 2222 judicium
1297 2193 1325 2216 et
1336 2189 1503 2224 supplicium.
1521 2189 1585 2216 Nam
1606 2190 1643 2217 ait
1667 2199 1673 2217 :
1690 2189 1832 2218 litint'erno

1046 2234 1101 2268 quis
1124 2234 1280 2268 confitebitur
1304 2234 1346 2261 tibi
1368 2235 1460 2268 (Psal.
1477 2236 1504 2263 6.
1521 2235 1572 2270 6)?
1589 2236 1727 2270 Quomodo
1754 2237 1833 2271 igitur

1046 2279 1168 2306 Cottlriltn
1188 2284 1250 2306 sunt
1264 2284 1348 2315 porta:
1363 2288 1450 2314 mrem,
1466 2286 1492 2308 et
1507 2286 1595 2308 vectes
1610 2281 1690 2309 ferrei
1703 2282 1830 2310 contracti

1046 2325 1126 2351 sunt?
1141 2325 1190 2352 l’er
1209 2332 1305 2360 corpus
1328 2325 1395 2360 ejus.
1412 2326 1485 2354 Tunc
1507 2326 1577 2354 enim
1601 2327 1687 2361 primo
1712 2329 1833 2362 apparuit

1046 2377 1142 2404 corpus
1159 2370 1317 2404 immortale,
1333 2371 1402 2406 quod
1416 2373 1508 2398 mortis
1525 2373 1689 2407 tyrannidem
1705 2373 1830 2400 solveret.

1046 2417 1170 2452 Alioquin
1187 2425 1250 2445 vero
1264 2418 1288 2444 id
1304 2418 1419 2445 ostendit
1434 2419 1527 2445 mortis
1540 2419 1592 2445 vim
1605 2426 1664 2446 esse
1682 2419 1830 2451 sublatam,

1046 2471 1097 2490 non
1114 2469 1200 2490 autem
1212 2471 1304 2491 eorum
1312 2464 1356 2499 qui
1370 2469 1430 2491 ante
1441 2464 1582 2491 adventum
1594 2465 1651 2499 ejus
1666 2465 1761 2492 mortui
1774 2464 1831 2492 fue-

1045 2517 1105 2536 rant
1117 2529 1124 2540 ,
1137 2509 1221 2536 soluta
1243 2515 1350 2544 peccata
1361 2510 1369 2525 ¹
1393 2510 1484 2537 fuisse.
1500 2509 1576 2543 Quod
1589 2510 1610 2537 si
1627 2518 1670 2538 res
1684 2518 1737 2537 non
1753 2511 1786 2537 ita
1801 2519 1830 2538 se

1045 2554 1158 2588 habeat,
1175 2560 1201 2582 et
1226 2556 1248 2582 si
1270 2563 1363 2583 omnes
1375 2561 1451 2583 antea
1465 2561 1584 2584 mortuos
1598 2564 1613 2583 a
1627 2557 1746 2592 gehenua
1763 2557 1829 2584 libe-

1046 2601 1129 2634 ravit,
1143 2601 1276 2634 quomodo
1289 2602 1325 2628 ait
1341 2611 1347 2628 :
1362 2601 1527 2629 Tolerabilius
1551 2603 1597 2629 erit
1618 2608 1691 2629 terra:
1706 2603 1829 2630 Sodomo-

1045 2655 1102 2673 rum
1123 2651 1147 2673 et
1163 2646 1308 2674 Cantorrhw
1335 2647 1419 2683 (Luc.
1446 2648 1577 2684 10.12)?
1597 2649 1662 2676 illud
1689 2650 1758 2676 enim
1783 2658 1829 2677 eos

1046 2693 1192 2727 puniendos
1207 2702 1265 2720 esse
1275 2694 1407 2728 declarat,
1421 2694 1556 2730 remissius
1571 2695 1692 2729 quidem,
1708 2695 1753 2721 sed
1779 2704 1829 2729 pu-

1046 2737 1156 2766 niendos
1171 2743 1268 2765 tamen.
1295 2739 1402 2766 Etiamsi
1425 2739 1467 2766 hic
1490 2744 1622 2766 extremas
1634 2739 1753 2766 dederint
1772 2749 1828 2773 pm.

1046 2791 1093 2810 nas
1109 2792 1114 2808 :
1129 2789 1243 2811 attamen
1256 2792 1308 2811 nou
1323 2784 1372 2810 hoc
1392 2784 1450 2811 illos
1472 2784 1602 2812 liberabit.
1628 2786 1654 2812 Si
1669 2793 1757 2813 autem
1780 2787 1830 2815 hos

1078 2876 1084 2888 ²
1106 2874 1194 2902 Latii,
1206 2874 1280 2898 subit..-
1293 2875 1401 2904 summa;
