2067 3134
167 143 217 172 ιΠ
606 140 641 169 ῙΝ
661 141 864 170 ΜΑΤΤΗιΕυΜ
883 139 996 168 "0M"...

165 209 218 230 non
232 205 319 234 eruet.
335 200 419 228 multo
432 199 520 227 minus
534 206 582 227 eos
594 199 641 234 qui
655 199 721 227 nihil
742 199 785 226 hic
801 198 870 233 passi
885 202 957 225 sunt.

165 247 234 281 Quid
256 254 337 282 ergo,
358 246 498 282 inquiunt,
526 245 658 280 injustene
680 245 767 281 agitur
789 253 849 272 cum
873 244 904 270 iis
915 243 960 278 qui

167 299 229 321 ante
242 294 385 321 adventum
397 293 456 327 ejus
466 292 611 319 vixerunt?
625 292 796 327 Nequaquam
813 300 820 318 :
837 294 959 325 poterunt

164 340 236 367 enim
253 347 303 366 nec
323 339 459 366 Christum
479 337 594 365 confessi
615 337 728 364 salutem
744 335 882 370 consequi.
902 334 961 362 Non

164 386 236 413 cnim
252 385 304 413 hoc
315 385 349 412 ab
364 384 416 412 illis
436 384 606 419 exigebatur,
621 382 668 410 sed
683 390 717 410 ne
729 382 799 410 idola
818 382 960 414 colerent,

165 436 194 458 et
213 436 243 458 ut
257 438 350 458 verum
366 430 448 457 Deum
464 433 582 456 nossent.
608 428 731 455 Dominus
753 427 819 454 enim
833 447 841 461 ,
856 426 960 462 inquit,

164 475 237 504 Deus
260 481 318 503 tuus
330 496 338 510 ,
354 475 480 502 Dominus
495 483 560 502 unus
573 479 608 502 est
623 473 719 510 (Deut.
741 473 767 501 6.
779 473 825 508 ι).
847 472 962 506 Ideoque

165 521 307 549 Maccabaei
327 520 497 549 admirationi
512 521 635 553 luerunt,
651 520 712 555 quia
728 526 777 554 pro
790 517 856 554 legis
869 517 963 545 obser-

165 569 274 595 vatione
289 568 359 603 passi
379 571 451 599 sunt,
467 574 499 594 ac
513 571 566 594 tres
589 566 679 601 pueri,
695 565 823 600 multique
835 564 880 592 alii
892 564 962 599 apud

168 614 275 642 Judaeos
285 634 292 645 ,
307 613 351 648 qui
362 613 444 640 vitam
458 611 558 647 optime
571 615 721 646 gesserunt,
736 615 763 638 et
776 610 854 645 hujus
866 610 962 644 cogni~

164 661 248 688 tionis
263 659 372 687 modum
387 662 543 691 servarunt,
559 657 626 685 nihil
649 656 721 684 aliud
742 656 888 684 observare
915 655 963 683 de-

168 707 294 732 buerunt.
306 705 382 732 Tunc
399 704 472 732 enim
484 703 518 731 ad
535 703 648 730 salutem
664 701 828 734 sulliciebat,
843 705 872 728 ut
883 701 941 728 dixi
953 721 962 734 ,

166 752 252 779 Deum
265 755 366 778 tantum
381 757 563 786 cognoscere;
587 756 657 777 nunc
676 756 740 776 vero
764 748 789 776 id
816 749 880 775 satis
907 755 962 774 non

163 803 210 826 est
223 818 230 829 .
244 798 291 825 sed
304 798 438 828 Christum
454 803 532 823 nosse
547 800 662 831 oportet.
678 795 779 823 ldcirco
792 795 898 822 dicebat
911 803 916 820 :
933 794 963 821 Si

167 853 220 871 non
246 847 368 871 uenissem
392 848 416 870 et
441 843 558 877 loquutus
571 842 676 878 fuissem
699 841 734 868 eis
746 861 753 873 ,
768 845 898 877 peccatum
913 848 963 867 non

169 890 308 923 haberent;
332 898 400 916 nunc
427 894 510 916 autent
536 889 721 916 accusationem
746 896 797 915 non
824 886 913 914 habent
933 886 964 913 de

167 941 273 971 peccato
293 944 338 962 suo
351 934 445 970 (Joan.
461 935 504 962 l5.
520 933 581 970 22).
605 933 649 962 Sic
672 938 700 961 et
720 933 754 961 de
768 933 829 960 vita:
844 933 964 960 instituto

169 982 327 1017 putandum.
347 981 422 1008 Tunc
435 981 523 1008 catdes
549 980 710 1008 homicidam
726 980 870 1015 perdebat,
895 987 965 1007 nunc

169 1028 211 1055 vel
223 1028 300 1054 irasci
317 1027 426 1054 vetitum
451 1030 503 1053 est.
518 1026 593 1053 Tunc
615 1026 742 1053 mtechari
765 1030 864 1053 etcum
878 1025 964 1052 aliena

170 1073 282 1100 muliere
303 1072 471 1099 connnisceri
493 1071 650 1107 supplicium
670 1070 817 1103 alferebat;
835 1079 905 1098 nunc
918 1079 965 1098 au-

169 1123 223 1145 tem
239 1118 379 1152 impudicis
400 1117 485 1144 oculis
507 1117 657 1152 respicere,
684 1116 752 1144 idetn
774 1116 861 1144 alfert.
890 1116 966 1144 Sicut

165 1164 304 1200 εοςιιίιίυ,
321 1164 360 1191 sic
374 1168 402 1191 et
414 1163 467 1190 vita
490 1171 561 1190 nunc
587 1163 726 1190 sublimior
745 1162 899 1197 requiritur.
915 1161 967 1189 Ita-

169 1219 222 1246 que
237 1210 301 1237 nihil
316 1210 462 1238 l’rodromo
473 1217 541 1245 opus
554 1214 620 1236 erat.
633 1209 768 1243 Alioquin,
782 1209 804 1236 si
817 1209 834 1236 ii
845 1209 888 1244 qui
905 1213 966 1243 post

171 1263 284 1284 mortem
306 1256 433 1288 credent,
450 1255 562 1283 salutem
585 1255 773 1290 conseqnutnri
787 1259 863 1288 sunt,
878 1254 967 1283 nullus

167 1310 296 1338 umquam
306 1302 413 1337 peribit.
421 1302 519 1329 Omnes
527 1302 598 1329 enim
609 1306 671 1328 tunc
681 1301 864 1336 pteniteuliam
875 1306 966 1336 agent,

165 1354 197 1376 et
209 1348 343 1375 Christum
357 1348 515 1375 adorabunt.
528 1347 605 1381 Quod
619 1352 708 1375 autent
722 1347 785 1374 illud
798 1348 832 1375 sit
848 1356 942 1375 verum
956 1367 965 1381 ,

168 1394 232 1421 audi
246 1394 355 1421 Paulum
370 1393 505 1421 dicentem
521 1402 528 1421 :
545 1393 635 1421 Omnis
649 1394 736 1429 lingua
749 1393 967 1427 confitebitur,‘et

167 1449 244 1467 omne
266 1449 332 1476 genu
346 1441 459 1475 ﬂectetur
474 1439 610 1467 caelestium
620 1460 628 1472 ,
643 1439 798 1467 terrestrium
812 1444 835 1466 et
855 1440 968 1474 inferno-

169 1495 227 1514 runt
242 1489 251 1520 (
265 1487 380 1522 Philipp.
400 1487 428 1514 2.
444 1487 474 1514 Η
488 1486 514 1521 );
539 1490 576 1519 et,
595 1486 690 1514 Ultima
708 1487 812 1513 inimica
826 1487 967 1514 destruetur

169 1541 238 1560 mors
252 1532 297 1569 (l.
313 1532 373 1560 Cor.
389 1533 433 1560 l5.
445 1533 510 1568 26).
524 1532 578 1560 Sed
599 1531 698 1559 nullam
717 1532 855 1560 utilitatem
870 1540 901 1560 ex
918 1533 967 1560 hac

169 1579 334 1614 subjectione
347 1582 557 1614 consequentur;
583 1585 636 1605 non
662 1578 734 1606 enim
752 1585 788 1605 ex
804 1578 872 1604 bona
893 1578 968 1605 volu-

170 1631 244 1661 ptate
260 1625 446 1660 proﬁciscitur,
464 1625 511 1653 sed
524 1633 557 1653 ex
580 1625 635 1660 ipsa
659 1632 760 1657 rerum,
776 1625 850 1653 utila
870 1625 966 1658 dicam,

171 1672 342 1700 neces~itate.

205 1719 233 1745 4.
253 1717 292 1745 Ne
307 1718 361 1750 illa,
379 1725 485 1752 quasso,
502 1717 658 1745 inducamus
678 1717 758 1744 anilia
771 1716 895 1752 dogmata
908 1737 916 1750 ,
939 1720 967 1743 et

169 1763 294 1792 Judaicas
313 1764 426 1791 fabulas.
442 1763 510 1791 Audi
526 1763 597 1791 enim
611 1763 673 1799 quid
689 1763 722 1790 de
739 1763 781 1790 his
804 1763 876 1790 dicat
898 1763 967 1790 Pau-

170 1809 233 1837 lus:
256 1809 411 1844 Quicumque
423 1809 489 1836 enim
509 1809 562 1836 sine
586 1809 639 1844 lege
662 1814 815 1844 peccaram,
838 1809 892 1836 sine
913 1809 967 1844 lege

171 1856 286 1892 peribunt
297 1865 305 1887 ,-
318 1856 429 1891 loquens
439 1855 474 1883 de
485 1855 516 1882 iis
528 1855 573 1890 qui
588 1860 649 1882 ante
662 1856 745 1890 legem
754 1859 830 1882 erant
841 1863 848 1888 ;
865 1855 896 1881 Et
908 1855 964 1890 qui-

171 1909 276 1936 cumque
287 1901 313 1928 in
324 1901 378 1936 lege
388 1905 534 1935 pecearunt,
544 1908 588 1935 per
596 1900 675 1936 legem
683 1900 866 1936 judicabantur
875 1900 964 1935 (Rom.

171 1947 197 1973 Ξ.
216 1946 287 1981 l2);
311 1946 344 1974 de
367 1946 399 1974 iis
424 1946 548 1973 onmibus
574 1946 686 1981 loquens
709 1946 754 1981 qui
773 1951 834 1981 post
846 1946 964 1982 Moysem

172 1994 292 2025 fuerunt;
310 1997 347 2026 et,
363 1993 490 2027 Quoniam
501 1992 626 2020 revelatur
638 1993 678 2019 ira
691 1992 738 2019 Dei
757 1992 789 2020 de
799 1993 862 2020 ειειο
875 1993 900 2020 in
911 2001 965 2020 om-

172 2047 226 2066 nem
238 2040 391 2075 impietatem
400 2044 424 2067 et
436 2040 587 2075 injustitiant
600 2039 728 2066 hominum
739 2039 749 2076 (
760 2039 836 2067 Rom.
849 2040 875 2067 1.
890 2039 924 2068 18
935 2040 944 2075 )
955 2048 964 2073 ;

171 2091 208 2119 et,
225 2087 320 2119 Furor,
334 2087 383 2119 ira,
399 2086 525 2113 tribulatio
537 2106 545 2120 ,
564 2086 682 2121 angustia
701 2086 728 2113 in
742 2094 841 2112 onmem
854 2086 966 2113 animam

171 2132 279 2159 hominis
305 2132 432 2166 opereulis
453 2131 568 2164 malum,
595 2131 681 2159 λιιάωὶ
704 2132 813 2166 primum
839 2136 862 2159 et
883 2131 966 2159 (ἔνωεί

171 2178 266 2209 illam.
282 2178 308 2205 2.
332 2178 359 2206 8.
375 2178 420 2214 9).
445 2178 477 2205 Et
490 2183 563 2205 certe
575 2178 644 2205 mala
659 2179 798 2205 innumera
812 2178 881 2212 passi
904 2183 966 2206 sunt

171 2224 298 2259 gentiles;
323 2224 394 2258 quod
416 2228 444 2251 et
465 2228 623 2251 exterorum
652 2223 770 2251 historia:
793 2224 963 2259 significant,

172 2277 276 2296 necnon
299 2268 444 2304 Scriptura).
466 2273 575 2296 nostrae.
590 2269 654 2302 Quis
668 2269 740 2296 enim
759 2269 964 2305 Babyloniorum

171 2321 198 2344 et
211 2316 397 2352 Egyptiorum
414 2317 558 2352 tragtedias
577 2316 741 2344 enarraverit
751 2316 762 2343 ?
774 2316 850 2350 Quod
865 2317 935 2344 enim
947 2318 965 2345 ii

170 2363 215 2398 qui
228 2362 365 2390 Christum
380 2371 434 2391 non
448 2367 580 2391 noverunt
593 2368 655 2390 ante
664 2363 798 2390 carnalem
809 2363 963 2397 adventum,

169 2415 197 2438 et
218 2411 262 2445 qui
278 2410 311 2437 ab
334 2409 483 2437 idololatria
499 2409 650 2438 resilientes
669 2409 753 2437 Deum
774 2418 854 2437 unum
869 2410 965 2438 adora-

170 2461 242 2489 runt,
256 2461 283 2484 et
298 2457 407 2492 probam
430 2456 531 2485 duxere
545 2457 625 2484 vitam
637 2477 645 2490 ,
666 2457 756 2484 omnia
778 2456 847 2484 bona
869 2464 965 2485 conse-

169 2502 278 2538 qnuluri
304 2503 376 2536 sint,
401 2502 462 2530 audi
479 2501 612 2538 quomodo
638 2501 732 2530 dicat:
755 2502 843 2529 Gloria
856 2507 961 2537 autent,

169 2549 251 2575 honor
263 2553 286 2575 et
299 2556 350 2583 pas:
363 2549 432 2575 omni
450 2548 565 2582 aperanti
587 2548 678 2574 bonum
690 2568 697 2580 ,
711 2547 804 2575 Judteo
818 2548 927 2583 primum
939 2552 964 2575 et

169 2594 256 2630 gentili
270 2594 366 2629 (Rom.
379 2593 406 2620 2.
421 2594 482 2629 l0).
501 2593 595 2621 Viden'
606 2593 737 2620 bonorum
757 2593 864 2628 praania
879 2593 962 2620 multa

170 2639 222 2666 illis
235 2646 296 2667 esse
306 2659 314 2671 .
329 2643 356 2666 et
369 2643 461 2666 contra
477 2637 635 2667 facientibus
658 2637 787 2672 supplicia
804 2641 831 2665 et
846 2645 938 2673 pinnas
951 2638 963 2663 ἲ

170 2685 220 2713 Ubi
233 2693 305 2713 nunc
319 2689 381 2712 sunt
396 2685 413 2712 ii
428 2684 472 2719 qui
483 2684 634 2720 gehennam
647 2691 699 2711 non
714 2683 848 2711 credunt?
860 2682 926 2711 Nam
939 2691 962 2712 ει

167 2734 187 2758 tl
202 2732 246 2766 qui
261 2735 323 2759 ante
334 2731 435 2759 Christi
449 2731 591 2758 adventum
615 2730 725 2758 fuerunt
736 2750 744 2763 ,
759 2730 803 2765 qui
817 2737 851 2758 ne
864 2737 962 2758 nomen

170 2777 275 2812 quidem
299 2777 428 2813 gehennre
452 2777 610 2810 audierunt,
624 2784 711 2811 tneque
737 2776 961 2811 resurrectionis.

171 2830 309 2860 postquam
324 2825 367 2852 hic
379 2831 471 2860 pinnas
484 2823 633 2857 dederunt,
649 2823 702 2851 illic
715 2830 822 2860 quoque
847 2823 961 2859 punien-

1014 142 1133 171 XXXVI.
1154 143 1192 171 al.
1208 141 1343 171 XXXVII.
1745 145 1799 174 418

1019 201 1063 223 tur
1071 203 1172 231 quanto
1178 199 1264 234 magis
1273 207 1322 226 nos
1329 199 1408 233 quiin
1421 205 1494 227 mnta
1502 201 1681 236 philosophite
1689 202 1696 218 ¹
1705 204 1802 230 doctri-

1014 252 1047 271 na
1063 244 1167 273 educati
1181 247 1295 274 sumus?
1322 247 1356 274 Et
1369 255 1420 282 qua
1430 247 1536 274 ratione
1548 268 1555 279 ,
1567 247 1673 282 inquies
1683 267 1690 281 ,
1710 248 1748 275 illi
1761 249 1806 280 qui

1013 289 1079 317 nihil
1092 298 1219 326 umquam
1231 291 1264 319 de
1278 292 1399 327 gehenna
1419 292 1580 325 audierunt,
1607 293 1633 320 in
1656 293 1805 328 gehennam

1014 336 1152 364 incident?
1165 338 1257 365 Dicent
1269 339 1350 371 enim,
1365 337 1391 366 Si
1405 339 1554 373 gehennam
1569 339 1744 366 comminatus
1764 348 1807 367 es-

1016 387 1078 412 ses,
1095 388 1149 416 prat
1167 385 1239 408 metu
1254 386 1434 416 temperanter
1448 383 1621 412 vixissemus.
1641 382 1724 411 Plane
1736 383 1800 419 qui-

1016 425 1078 453 dem
1102 426 1384 461 (nonne?)vixissent
1403 432 1432 454 ut
1446 435 1497 456 nos
1523 429 1606 456 vitam
1626 431 1731 464 agimus
1753 428 1800 465 qui

1014 474 1133 508 quotidie
1144 482 1283 502 sermones
1294 475 1327 502 de
1339 475 1458 510 geltenna
1471 475 1604 507 audimus,
1619 483 1704 509 neque
1720 482 1807 503 tamen

1015 519 1047 547 iis
1057 520 1175 547 animum
1191 520 1358 548 adhibemus.
1371 521 1471 548 Praner
1483 521 1540 548 htec
1554 526 1642 549 autem
1658 521 1721 548 illud
1741 529 1808 555 quo-

1014 573 1066 600 que
1082 565 1224 593 dicendum
1239 572 1298 600 est,
1319 575 1381 595 eum
1404 567 1448 603 qui
1477 568 1651 602 prazsentibus
1670 567 1810 603 suppliciis

1015 620 1068 639 non
1084 613 1222 645 retinetur,
1238 614 1321 641 nmlto
1333 615 1420 641 minus
1438 614 1488 641 illis
1508 615 1682 642 coercebitur.
1707 615 1809 642 Rudio-

1015 665 1059 685 res
1071 658 1141 684 enim
1169 659 1368 694 crassioresquc
1383 659 1505 687 homines
1526 660 1703 695 praesentibus
1725 661 1810 695 magis

1015 709 1042 731 et
1053 704 1214 731 instantibus
1227 705 1315 732 solent
1325 705 1358 732 ad
1374 705 1586 740 resipiscentiam
1603 706 1703 738 vocari,
1729 713 1808 741 quam

1016 750 1048 777 iis
1063 758 1123 785 quae
1139 750 1222 777 multo
1236 756 1295 785 post
1314 755 1433 785 tempore
1457 755 1519 778 sunt
1541 757 1683 779 eventura.
1701 751 1808 784 Verum,

1016 796 1133 831 inquies,
1148 797 1225 824 nobis
1249 797 1335 832 major
1360 797 1481 824 imminet
1504 802 1601 831 terror,
1616 797 1728 833 ideoque
1749 806 1810 825 cum

1016 843 1068 870 illis
1081 850 1133 869 non
1158 842 1256 877 injuste
1276 847 1365 870 actum
1383 843 1447 870 est?
1473 842 1645 878 Nequaquam
1666 852 1695 871 se
1717 851 1761 871 res
1775 844 1809 871 ita

1018 889 1107 916 habet.
1122 889 1213 917 Primo
1238 889 1310 916 enim
1331 896 1385 916 non
1401 888 1480 916 iidem
1500 889 1605 916 labores
1623 889 1701 916 nobis
1714 894 1741 916 et
1760 890 1810 916 illis

1017 935 1146 970 propositi
1159 939 1240 968 sunt;
1255 935 1302 963 sed
1317 935 1402 962 multo
1416 934 1533 970 majores
1547 935 1633 962 nobis.
1649 936 1710 962 Illos
1721 942 1810 963 autem

1017 980 1062 1015 qui
1076 980 1192 1015 majores
1206 980 1356 1016 suscipiunt
1367 980 1489 1013 labores,
1506 981 1601 1015 majori
1619 986 1724 1016 oportet
1735 982 1809 1009 ausi-

1018 1027 1054 1054 lio
1074 1026 1137 1054 lrui.
1161 1026 1297 1054 Auxilium
1320 1031 1410 1054 autem
1435 1034 1488 1054 non
1513 1027 1647 1055 modicum
1672 1027 1737 1055 illud
1751 1032 1811 1063 est,

1017 1079 1078 1100 cum
1092 1073 1171 1100 timor
1183 1076 1304 1108 augetur.
1313 1072 1341 1101 Si
1355 1078 1444 1100 autem
1458 1073 1484 1100 id
1497 1073 1557 1108 plus
1568 1081 1649 1108 quam
1665 1074 1700 1101 illi
1715 1074 1812 1102 habea-

1018 1125 1087 1150 mus,
1102 1118 1172 1153 quod
1184 1118 1270 1146 futura
1284 1125 1437 1152 noscamus,
1451 1119 1488 1146 illi
1503 1127 1609 1154 quoque
1624 1119 1648 1146 id
1660 1120 1718 1154 plus
1733 1128 1812 1155 quam

1019 1171 1068 1191 nos
1090 1164 1198 1198 habent,
1215 1164 1286 1200 quod
1300 1172 1386 1200 plena:
1408 1164 1529 1200 ingentes
1544 1165 1595 1192 illis
1612 1166 1751 1193 confestim
1768 1166 1810 1193 in-

1018 1210 1149 1238 ferantur.

1053 1256 1160 1284 Iustitia
1171 1256 1228 1290 Dei,
1239 1261 1263 1283 et
1276 1256 1398 1292 puniendi
1412 1256 1526 1284 ratio.—
1540 1256 1638 1297 verum
1650 1256 1721 1285 aliud
1736 1257 1812 1293 quid-

1020 1304 1090 1340 piam
1105 1304 1198 1332 dicunt
1212 1303 1329 1338 plurimi.
1342 1303 1393 1331 Ubi
1404 1307 1462 1336 est,
1475 1303 1615 1338 inquiunt,
1628 1303 1728 1337 justitia
1747 1304 1810 1337 Dei,

1019 1349 1141 1384 quando,
1155 1350 1177 1376 si
1191 1349 1249 1384 quis
1264 1348 1308 1376 hic
1320 1353 1428 1384 peccet,
1443 1354 1470 1376 et
1484 1348 1527 1376 hic
1540 1354 1566 1377 et
1577 1349 1632 1376 illic
1644 1357 1736 1384 pinnas
1748 1350 1813 1378 dei?

1020 1395 1107 1423 Vultis
1123 1395 1202 1430 igitur
1221 1399 1249 1421 ut
1261 1394 1332 1422 dicta
1348 1399 1436 1422 vestra
1451 1395 1477 1422 in
1493 1395 1651 1422 memoriam
1673 1396 1747 1423 vobis
1767 1403 1812 1423 re-

1020 1449 1122 1475 vocem,
1139 1448 1173 1468 ne
1187 1441 1256 1468 ultra
1271 1441 1389 1468 laborem
1404 1440 1480 1468 nobis
1492 1441 1620 1474 all‘eralis,
1634 1441 1680 1468 sed
1692 1448 1724 1469 ex
1736 1441 1813 1469 vobis

1020 1488 1085 1523 ipsis
1104 1487 1263 1515 solutionem
1287 1487 1376 1515 detis?
1388 1487 1484 1515 Multos
1499 1495 1532 1514 ex
1546 1487 1645 1515 nostris
1658 1488 1763 1521 audivi,
1777 1488 1813 1516 si-

1020 1533 1125 1569 quando
1139 1533 1290 1561 ediscerent
1303 1533 1462 1561 homicidam
1476 1533 1591 1568 aliquem
1606 1533 1633 1561 in
1643 1533 1744 1569 judicio
1755 1535 1813 1570 ple-

1019 1588 1083 1608 xum
1098 1580 1196 1613 fuisse,
1208 1587 1267 1607 cum
1283 1579 1464 1614 indignatione
1478 1579 1598 1607 dicentes
1614 1588 1620 1607 :
1637 1579 1753 1614 Triginta
1769 1581 1810 1608 vel

1019 1626 1140 1661 pluribus
1152 1625 1270 1653 caedibus
1280 1645 1287 1657 ,
1302 1625 1448 1652 sceleratus
1462 1625 1524 1658 ille,
1539 1625 1667 1660 patratis,
1683 1633 1734 1653 una
1752 1631 1812 1653 tan-

1020 1677 1075 1700 tum
1090 1673 1149 1700 vice
1163 1677 1276 1699 mortem
1290 1671 1371 1699 subit.
1388 1671 1421 1699 Et
1439 1671 1547 1699 ubinam
1564 1671 1666 1705 justitia
1682 1671 1745 1699 est?
1761 1672 1812 1700 Vos

1019 1728 1082 1755 ergo
1095 1719 1214 1747 fatemini
1228 1723 1340 1746 mortem
1355 1726 1434 1746 unam
1448 1726 1502 1745 non
1513 1718 1578 1746 satis
1589 1726 1696 1753 semper
1707 1726 1767 1746 esse
1779 1718 1813 1747 ad

1018 1766 1175 1801 supplicium
1198 1765 1369 1799 condignum.
1384 1764 1438 1792 (Zur
1451 1771 1515 1800 ergo
1531 1772 1601 1791 nunc
1618 1765 1750 1791 contraria
1764 1764 1813 1792 de-

1018 1812 1148 1839 cernitis?
1161 1811 1228 1844 Quia
1243 1818 1296 1838 non
1312 1811 1345 1837 de
1365 1810 1442 1843 aliis,
1463 1809 1510 1837 sed
1523 1809 1556 1836 de
1570 1809 1644 1837 vobis
1658 1809 1723 1845 ipsis
1739 1809 1813 1844 judi-

1018 1859 1088 1885 cium
1103 1857 1186 1885 fertis.
1211 1856 1255 1884 Sic
1275 1856 1384 1891 proprio
1403 1862 1495 1882 amore
1508 1854 1667 1889 impedimur
1678 1875 1686 1887 ,
1702 1863 1736 1882 ne
1750 1854 1812 1890 quid

1016 1903 1117 1939 justum
1130 1902 1166 1930 sit
1179 1902 1326 1929 videamus.
1343 1900 1445 1928 Idcirco
1458 1907 1518 1928 cum
1533 1900 1567 1928 de
1580 1900 1639 1927 aliis
1651 1899 1812 1934 iudicamus,

1018 1950 1217 1978 accuratissime
1243 1956 1300 1976 rem
1322 1948 1498 1982 indagamus;
1523 1954 1584 1974 cum
1602 1953 1667 1974 vero
1681 1946 1714 1973 de
1735 1947 1813 1974 nobis

1019 1996 1084 2031 ipsis
1095 2016 1103 2029 ,
1120 1994 1238 2023 tenebris
1251 1994 1432 2021 involvimur:
1448 1993 1493 2027 qui
1507 1993 1529 2020 si
1548 1999 1655 2020 causam
1670 1996 1787 2019 nostram
1801 2012 1810 2025 ,

1018 2047 1047 2069 ut
1058 2042 1171 2069 alienam
1185 2041 1388 2075 exploraremus
1399 2060 1406 2072 ,
1422 2039 1526 2066 sincere
1545 2043 1573 2065 et
1591 2038 1648 2065 sine
1668 2038 1719 2064 ulla
1735 2046 1813 2066 accc-

1017 2087 1108 2123 ptione
1119 2086 1249 2114 calculum
1261 2085 1402 2113 ferremus.
1415 2084 1525 2111 Peccata
1539 2085 1636 2118 quippe
1651 2089 1740 2110 nostra
1759 2091 1811 2111 non

1017 2134 1119 2161 duabus
1131 2133 1172 2160 vel
1182 2132 1275 2163 tribus,
1287 2130 1334 2158 sed
1345 2130 1417 2157 mille
1428 2129 1558 2156 mortibus
1570 2129 1648 2164 digna
1658 2133 1728 2156 sunt.
1741 2129 1773 2156 Et
1784 2133 1812 2157 ut

1018 2181 1068 2207 alia
1082 2179 1214 2210 omittam,
1229 2176 1403 2205 recordemur
1410 2180 1476 2210 quot
1489 2179 1516 2202 et
1528 2175 1619 2210 quanti
1632 2174 1756 2209 mysteria
1772 2175 1812 2201 in-

1017 2227 1096 2262 digne
1107 2225 1297 2260 partieipamus
1313 2231 1320 2250 :
1337 2223 1374 2250 illi
1390 2229 1455 2250 vero
1469 2222 1513 2256 qui
1527 2221 1566 2248 sic
1582 2221 1757 2256 participant,
1771 2220 1811 2248 rei

1018 2278 1081 2301 sunt
1094 2271 1215 2307 corporis
1229 2275 1255 2298 et
1266 2269 1405 2304 sanguinis
1414 2267 1524 2296 Christi.
1539 2268 1628 2302 ltaque
1641 2275 1701 2294 cum
1715 2267 1748 2294 de
1763 2267 1811 2294 bo.

1017 2318 1112 2347 micida
1122 2317 1239 2353 loqueris
1249 2336 1256 2347 ,
1272 2315 1357 2350 cogita
1370 2314 1483 2349 teipsum
1499 2313 1660 2340 homicidam
1675 2320 1745 2339 esse.
1763 2313 1809 2340 llle

1017 2371 1132 2398 namque
1154 2364 1288 2390 hominem
1304 2361 1424 2394 occidit,
1452 2365 1480 2387 tu
1502 2368 1567 2387 vero
1590 2360 1682 2387 mortis
1705 2360 1810 2388 Domini

1016 2418 1078 2439 reus
1087 2417 1116 2438 es
1129 2418 1135 2437 :
1149 2409 1194 2436 ille
1207 2416 1259 2435 non
1275 2407 1463 2443 mysteriorum
1475 2406 1607 2441 particeps
1619 2405 1673 2437 fuit,
1686 2413 1735 2433 nos
1745 2413 1810 2433 Vero

1015 2463 1091 2484 sacra
1104 2461 1196 2482 mensa
1211 2453 1334 2481 fruimur.
1349 2452 1418 2486 Quid
1438 2451 1473 2480 de
1486 2451 1519 2479 iis
1536 2451 1621 2479 dicam
1631 2472 1639 2485 ,
1653 2452 1696 2487 qui
1713 2451 1809 2479 fratres

1015 2508 1080 2529 suos
1098 2499 1237 2531 mordent,
1253 2499 1398 2531 devorant,
1422 2497 1588 2532 multumque
1610 2497 1705 2524 veneni
1725 2497 1810 2524 cll'un-

1009 2547 1101 2587 :\dunt?
1113 2545 1177 2582 quid
1187 2544 1220 2572 de
1229 2545 1275 2572 illo
1288 2545 1333 2579 qui
1345 2544 1434 2571 cibum
1447 2543 1607 2578 pauperibus
1619 2542 1733 2577 abripit?
1744 2542 1808 2570 Nam

1015 2595 1036 2622 si
1051 2594 1073 2621 is
1084 2613 1092 2627 ,
1109 2593 1154 2629 qui
1174 2592 1371 2628 eleemosynam
1387 2598 1440 2618 non
1460 2595 1570 2626 erogat.
1586 2591 1611 2618 id
1627 2590 1687 2618 facit
1701 2611 1708 2623 ,
1723 2591 1808 2618 multo

1015 2639 1100 2675 magis
1115 2638 1159 2666 ille
1173 2638 1218 2674 qui
1233 2638 1318 2665 aliena
1331 2636 1437 2671 abripit.
1454 2636 1524 2670 Quot
1546 2635 1648 2663 furibus
1662 2636 1810 2664 deteriores

1015 2688 1077 2712 sunt
1090 2684 1184 2712 avari?
1198 2687 1263 2719 quot
1278 2682 1419 2710 homicidis
1432 2686 1461 2710 et
1473 2681 1657 2716 sepulcrorum
1673 2681 1810 2710 etfossori-

1015 2731 1065 2759 bus
1078 2730 1184 2766 pejores
1205 2735 1268 2757 sunt
1292 2729 1437 2764 raptores?
1459 2733 1525 2764 quot
1547 2729 1718 2764 reperiuntur
1741 2729 1786 2763 qui
1799 2748 1808 2762 ,

1015 2782 1154 2813 postquam
1167 2776 1324 2811 spoliarunt,
1334 2775 1368 2803 ad
1378 2775 1551 2810 spoliatorum
1563 2775 1642 2802 etiam
1653 2775 1808 2810 sanguinem

1015 2823 1142 2852 inhiant?
1154 2822 1243 2856 Absit,
1260 2822 1375 2858 inquies.
1389 2821 1465 2850 Nunc
1478 2821 1556 2855 dicis,
1571 2821 1647 2849 Absit
1661 2829 1669 2856 ;
1683 2828 1744 2849 cum
1758 2821 1808 2849 ini-

1048 2880 1057 2896 ι
1074 2877 1128 2911 Alli,
1149 2877 1280 2910 rapientur.
