2067 3134
280 159 330 187 ΜΞ)

278 219 377 244 Illictllll
390 215 500 242 habebis
510 235 519 246 ,
533 219 588 241 tum
599 213 652 245 dic,
670 212 747 239 Absit
757 233 763 242 .
784 219 816 237 ac
831 210 963 237 dictorum
979 215 1071 234 recor-

278 265 345 290 dare
357 284 364 293 ,
379 267 407 289 et
418 261 497 288 vitam
511 265 582 288 tuam
596 267 657 286 cum
678 264 772 292 magna
786 256 895 283 institue
916 253 1052 288 diligentia
1063 273 1071 286 ,

279 319 312 337 ue
337 309 515 336 Sodomorum
537 306 606 333 mala
632 312 681 332 nos
701 303 853 338 excipiant,
869 309 903 328 ne
915 298 1072 328 ϐοιιιοιτιτεε

282 355 350 381 mala
365 355 513 389 patiamur,
529 360 563 380 ne
576 351 718 386 Tyriorum
737 353 764 376 et
785 347 954 375 Sidoniorum
979 351 1072 381 poenas

278 401 393 433 demus;
418 401 472 427 imo
493 399 582 434 potius
604 405 638 425 ne
649 396 785 424 Christum
797 393 965 422 oll‘eudamus
978 413 985 424 ,
1001 390 1072 426 quod

280 447 399 474 omnium
414 451 455 473 t-st
475 444 660 480 gravissimum
674 447 701 469 ct
716 439 953 469 terribilissimum.
968 437 1035 465 Nam
1049 437 1071 463 si

281 493 372 519 multis
382 491 502 526 gehenna
521 490 626 516 videtur
640 487 767 515 terribilis
779 494 854 519 csse,
875 492 929 511 non
947 484 1026 510 ﬁnem
1043 484 1081 508 la-

651 154 678 180 8.
696 151 835 181 JOANNIS
852 147 1088 179 CIIRYSOSTOIII
1117 148 1276 177 ARCIIIEP.
1296 149 1567 178 CONSTANTINOP.

1864 145 1918 173 420

1125 207 1195 235 ciam
1209 207 1341 235 clamandi
1357 207 1408 234 hoc
1425 214 1486 234 esse
1499 207 1620 241 gehenna
1641 206 1749 241 gravius
1767 214 1799 234 ac
1810 207 1920 234 terribi-

1125 254 1186 282 lius.
1203 255 1236 282 Et
1254 261 1302 282 vos
1322 254 1358 281 ita
1373 253 1483 281 ati‘ectos
1498 261 1558 281 esse
1570 261 1654 288 rogo:
1668 254 1708 281 sic
1720 254 1791 281 enim
1805 259 1832 280 et
1845 262 1860 280 a
1874 262 1920 288 ge-

1125 301 1212 328 henna
1227 299 1399 328 liberabimur
1409 320 1417 334 ,
1434 304 1462 326 et
1473 299 1572 327 Christi
1586 299 1670 334 gloria
1684 299 1804 326 lrucmur
1819 309 1825 326 :
1837 308 1917 335 quam
1927 319 1933 327 ι

1125 354 1175 374 nos
1188 353 1282 373 omnes
1296 346 1402 380 assequi
1417 346 1569 381 contingat,
1585 347 1669 381 gratia
1693 351 1720 373 et
1736 347 1919 374 misericordia

1125 392 1230 420 Domini
1249 392 1333 419 nostri
1351 392 1414 420 Jesu
1428 391 1526 419 Christi
1538 413 1545 425 ,
1560 393 1602 419 cui
1619 393 1702 427 gloria
1718 397 1745 420 et
1758 393 1918 428 imperium,

1124 439 1151 466 in
1165 439 1262 466 saecula
1276 438 1444 466 saeculorum.
1456 438 1550 465 Amen.

283 546 1294 565 _______________’______

777 587 951 620 HOMILIA
984 583 1150 616 XXXVII.
1174 583 1217 614 al.
1242 583 1422 614 XXXVIII.

279 667 344 696 Car.
359 668 404 696 Η.
417 675 444 694 v.
458 667 486 693 7.
505 665 564 692 Illis
579 670 662 691 aulem
677 663 839 694 abeuntibus,
855 660 928 695 coepit
942 659 1018 686 Jesu:
1032 657 1073 684 di-

316 722 371 741 cere
391 713 424 739 ad
447 713 532 739 turbas
551 712 582 738 de
593 710 715 738 Joanne:
732 709 800 743 Quid
814 707 899 735 existis
909 707 935 733 in
949 706 1074 732 desertum

314 758 419 786 videre?
439 757 590 784 arundinem
613 764 628 782 (ι
647 760 719 782 vento
739 753 882 789 agitatam?
904 752 930 779 4.
948 750 1000 778 Sed
1013 748 1075 784 quid

316 805 403 832 existis
427 804 533 831 uidere?
554 803 681 829 honiinem
705 801 823 827 mollibus
843 799 958 826 vestitum
975 798 987 825 .9
1010 797 1076 824 Ecce

316 851 359 886 qui
385 850 504 877 mollibus
529 849 677 879 vestiuntur,
704 848 730 874 in
754 846 869 874 dantibus
892 852 980 880 regum
1005 848 1074 871 sunt.

317 897 346 925 9.
361 897 414 924 Sed
425 896 486 932 quid
501 895 586 922 existis
600 895 684 922 videre
693 894 706 920 ἲ
720 892 892 928 prophetam?
905 890 1003 924 Etiam,
1019 889 1076 916 dico

317 942 396 974 vobis,
411 947 435 969 et
446 942 503 976 plus
517 949 594 976 quam
608 939 768 975 prophetam.

318 990 332 1017 1
339 1009 345 1016 .
356 988 471 1017 Christus
479 987 603 1023 quomodo
614 987 709 1022 famam
719 985 827 1012 Joannis
842 983 964 1019 Baptista
975 981 1078 1009 adstru-

282 1036 347 1062 xerit
356 1040 379 1062 et
390 1032 641 1071 defenderit.—Qua:
649 1033 682 1060 ad
691 1031 837 1067 discipulos
849 1030 959 1058 Joannis
973 1033 1078 1064 specta-

286 1083 349 1110 bant
361 1087 434 1110 recte
444 1081 566 1109 ordinata
576 1084 638 1108 sunt
649 1088 657 1112 ;
667 1079 759 1114 illique
769 1078 958 1107 discesserunt,
967 1083 982 1102 a
995 1075 1077 1110 signis

282 1137 342 1164 quae
354 1128 444 1156 statim
459 1128 528 1154 facta
543 1133 606 1154 sunt
625 1124 775 1153 conﬁrmati
792 1132 798 1150 :
814 1122 932 1151 restabat
946 1122 1054 1149 demum
1067 1140 1076 1154 ,

286 1179 314 1202 ut
329 1182 388 1210 qua:
402 1173 435 1201 ad
450 1173 540 1209 populi
553 1172 707 1208 Opinionem
723 1170 891 1206 pertinebant
905 1171 1075 1196 curarentur.

286 1222 324 1248 Illi
337 1221 434 1256 quippe
447 1221 481 1247 de
495 1219 623 1254 magistro
637 1225 687 1246 suo
699 1217 764 1244 nihil
779 1223 859 1250 supra
879 1215 1011 1242 dictorum
1030 1220 1077 1240 su-

283 1266 472 1301 Spicahantur;
489 1265 564 1292 turba
577 1271 640 1291 vero
656 1262 755 1298 populi,
769 1269 803 1289 ex
819 1260 1026 1295 interrogatione
1039 1258 1079 1286 di-

288 1313 451 1348 scipulorum
473 1311 602 1343 Joannis,
618 1309 733 1338 absurda
756 1308 839 1336 multa
861 1307 994 1342 suspicata
1019 1310 1077 1338 est,

284 1358 356 1394 quod
382 1358 498 1385 nesciret
522 1364 573 1392 qua
599 1359 690 1383 mente
713 1354 758 1382 ille
780 1352 925 1388 discipulos
941 1351 1077 1379 misisset:

285 1404 483 1439 verisimileque
497 1407 539 1430 est
559 1402 619 1429 illos
632 1401 671 1428 sic
685 1401 754 1428 intra
769 1407 799 1427 se
811 1398 984 1426 ratiocinatos
996 1403 1057 1424 esse
1070 1404 1078 1423 :

285 1452 336 1486 Qui
360 1455 399 1479 tot
423 1455 549 1485 tantaque
563 1447 719 1476 testiﬁcatus
731 1451 799 1478 erat,
813 1452 885 1473 nunc
899 1448 1016 1472 mutatus
1028 1443 1080 1470 du-

287 1498 362 1529 bitat,
375 1503 438 1524 num
454 1496 507 1528 hic,
524 1502 586 1522 num
600 1494 667 1521 alius
683 1497 812 1520 venturus
825 1491 875 1518 sit?
887 1490 954 1517 Num
968 1489 1012 1525 qui
1022 1488 1079 1516 haec

286 1543 351 1571 dicit
364 1542 473 1570 dissidia
484 1549 544 1569 cum
562 1540 625 1568 Jesu
638 1538 747 1567 movet?
761 1545 824 1565 num
839 1536 957 1564 timidior
970 1543 1001 1562 ex
1017 1542 1079 1562 car-

286 1596 348 1616 cere
363 1588 466 1615 factus?
482 1595 544 1614 num
559 1592 659 1613 temere
672 1585 763 1620 priora
777 1582 902 1611 dixerat?
917 1581 983 1616 Quia
999 1581 1079 1616 igitur

289 1635 435 1664 verisimile
445 1638 502 1661 erat
517 1634 587 1668 ipsos
599 1632 659 1659 talia
680 1631 763 1659 multa
776 1630 905 1664 suspicari
917 1649 924 1662 ,
939 1628 999 1656 vide
1011 1635 1079 1662 quo-

288 1682 369 1709 modo
389 1681 495 1708 illorum
519 1679 700 1706 inﬁrmitatem
715 1676 842 1711 corrigat,
859 1679 887 1702 et
897 1674 946 1701 has
958 1677 1081 1701 amoveat

287 1726 465 1762 suspiciones.
488 1724 611 1751 Euntibus
635 1723 701 1750 enim
723 1722 790 1754 illis,
808 1721 881 1756 ctepit
893 1720 976 1746 dicere
990 1718 1078 1745 turbis.

287 1773 341 1800 Cur
356 1771 481 1799 Euntibus
495 1770 568 1798 illis?
581 1769 620 1797 Ne
632 1768 769 1796 videretur
786 1766 888 1794 adulari
900 1765 997 1792 virum.
1013 1764 1080 1791 Dum

289 1822 377 1845 :mtem
393 1817 482 1852 populi
497 1816 651 1852 opinionem
665 1813 800 1845 emendat,
815 1812 886 1839 illius
899 1810 1079 1845 suspicionem

288 1872 342 1892 non
355 1863 464 1891 adducit
479 1863 505 1890 in
519 1861 647 1893 medium,
659 1859 706 1888 sed
719 1859 877 1886 solutionem
889 1861 991 1884 tantum
1005 1855 1081 1882 all'crt

289 1909 500 1941 ratiociniorum,
513 1916 572 1942 qua:
583 1907 688 1934 illorum
698 1909 814 1932 mentem
826 1903 977 1935 turbabant,
992 1906 1082 1929 osten-

290 1957 357 1984 dens
381 1963 411 1984 se
432 1955 551 1991 omnium
577 1957 681 1980 secreta
705 1957 880 1985 cognoscere.
904 1949 996 1983 Neque
1009 1948 1081 1975 enim

266 2027 268 2029 .
287 2003 352 2029 dicit
361 2002 430 2029 sicut
439 1999 539 2028 Judznis
547 1998 652 2026 dicebat
665 2006 672 2024 :
689 1996 757 2030 Quid
767 1996 881 2031 cogitatis
894 1995 961 2021 mala
973 1993 1080 2028 (Matth.

289 2048 315 2075 9.
331 2047 383 2082 ιν
405 2045 515 2073 Etiamsi
534 2045 605 2072 enim
628 2043 789 2078 cogitarent,
805 2048 857 2068 non
872 2048 904 2068 ex
918 2040 1082 2074 malignitate

289 2093 456 2128 cogitabant,
473 2091 520 2118 sed
536 2089 606 2125 quod
621 2097 651 2116 ea
668 2096 727 2123 qua:
747 2087 903 2115 dicebantur
918 2087 1081 2121 ignorarent.

292 2139 354 2166 Ideo
364 2146 416 2165 non
433 2137 530 2164 acriter
543 2135 687 2170 alloquitur
700 2134 770 2166 illos,
785 2132 832 2160 sed
847 2133 952 2159 illorum
965 2135 1081 2159 mentem

290 2189 392 2212 tantum
413 2183 542 2218 corrigit,
566 2182 753 2215 Joannemque
774 2178 911 2211 defendit,
937 2178 1083 2212 probatque

289 2231 364 2258 illum
378 2238 430 2257 non
449 2237 462 2256 a
475 2230 565 2264 priore
577 2227 709 2255 sententia
723 2224 875 2257 deﬂexisse,
891 2231 941 2251 nec
954 2227 1083 2250 mutatum

290 2277 382 2303 fuisse.
400 2275 491 2309 Neque
503 2274 574 2301 enim
588 2277 640 2305 est,
655 2271 751 2306 inquit,
766 2270 846 2297 homo
857 2269 924 2297 levis
946 2269 986 2296 vel
1007 2268 1083 2296 volu-

292 2321 364 2352 bilis,
388 2321 434 2348 sed
454 2321 557 2351 ﬁrmus,
573 2322 717 2349 constans;
733 2323 783 2344 nec
797 2315 867 2348 talis,
880 2316 925 2350 qui
942 2314 1038 2349 prodat
1053 2321 1084 2342 ca

291 2375 352 2402 qum
365 2366 416 2394 sibi
431 2364 584 2393 concredita
600 2367 672 2391 sunt.
691 2362 751 2389 Hazc
765 2366 852 2389 autem
868 2361 904 2389 ita
924 2360 1083 2393 concinnat,

290 2419 320 2440 nt
345 2421 398 2440 non
421 2412 510 2439 statim
534 2418 567 2438 ex
592 2409 699 2445 propria
715 2409 858 2440 sententia,
873 2407 920 2435 sed
933 2415 966 2434 ex
979 2407 1085 2434 illorum

293 2458 446 2486 testimonio
460 2456 586 2492 procedat
600 2465 606 2482 :
620 2462 673 2482 non
687 2462 719 2482 ex
735 2453 814 2481 dictis
827 2457 929 2480 tantum
947 2453 1065 2487 ipsorum
1077 2471 1085 2484 ,

292 2503 341 2531 sed
356 2508 383 2530 et
396 2511 430 2530 ex
446 2502 574 2537 operibus
587 2499 732 2528 ostendens
746 2499 819 2534 ipsos
831 2498 892 2533 ejus
909 2497 1086 2525 constantiam

294 2550 452 2577 testiﬁcatus
460 2556 529 2576 esse.
545 2548 690 2583 Propterea
701 2546 776 2579 dicit,
790 2545 857 2579 Quid
868 2545 956 2572 existis
967 2545 994 2571 in
1007 2544 1088 2572 deser-

296 2601 348 2622 tum
361 2595 465 2623 videre?
480 2602 511 2621 ac
526 2594 549 2621 si
562 2593 683 2626 diceret,
698 2591 753 2619 Cur
766 2591 867 2619 relictis
880 2591 1007 2624 urbibus,
1022 2590 1088 2618 tedi-

297 2641 410 2675 buSqne,
425 2641 450 2668 in
463 2641 600 2668 desertum
613 2638 776 2666 convenistis
789 2637 902 2665 omnes?
922 2641 952 2665 ut
962 2637 1088 2665 miserum

297 2686 439 2722 quemdam
453 2692 481 2715 et
492 2687 576 2714 levem
590 2685 725 2713 hominem
737 2684 863 2712 videretis
873 2683 884 2711 7
894 2683 947 2711 Sed
958 2683 984 2711 id
997 2687 1090 2711 contra

297 2736 396 2761 rectam
413 2732 543 2760 rationem
564 2736 647 2759 esset.
671 2731 762 2765 Neque
776 2730 847 2757 enim
867 2730 902 2757 ita
921 2729 1040 2765 arguitur
1057 2736 1090 2756 ex

297 2780 342 2808 ilio
355 2784 429 2808 tanto
455 2777 544 2805 studio
555 2798 563 2810 ,
584 2783 638 2812 quo
659 2776 687 2803 in
700 2775 836 2803 desertum
847 2775 1001 2802 accurristis
1020 2783 1026 2800 :
1041 2781 1092 2802 nec

297 2830 388 2854 tantus
401 2823 515 2860 populus
526 2844 533 2856 ,
548 2827 588 2850 tot
600 2821 722 2850 civitates
740 2828 801 2849 cum
816 2824 893 2848 tanto
905 2820 995 2848 studio
1005 2818 1031 2847 in
1043 2819 1090 2847 de-

298 2876 400 2899 sertum
413 2873 440 2898 et
456 2869 489 2896 ad
503 2867 647 2897 Jordanem
662 2867 766 2896 dimissa
776 2869 885 2901 essent,
904 2865 955 2895 nisi
969 2871 1094 2901 magnum

1130 655 1287 690 quemdam,
1310 657 1495 685 admirandum
1515 663 1542 685 et
1563 659 1807 687 constantissimum
1833 660 1918 686 virum

1128 710 1177 729 vos
1191 703 1296 730 visuros
1310 704 1479 738 spcrassctis.
1494 704 1584 740 Neque
1599 706 1669 733 enim
1686 705 1816 733 calamum
1827 706 1920 733 existis

1129 749 1215 776 visum
1228 769 1236 782 ,
1252 757 1267 776 τι
1281 755 1360 776 vento
1378 751 1521 784 agitatum;
1541 759 1602 778 nam
1626 751 1698 779 leves
1712 751 1834 778 homines
1845 773 1851 784 ,
1875 760 1918 786 qui

1129 794 1181 822 huc
1193 795 1256 822 illuc
1276 795 1520 828 circumferuntur,
1537 801 1564 824 et
1577 796 1658 824 modo
1680 796 1754 828 hinc,
1776 798 1854 824 modo
1876 798 1918 823 illa

1129 840 1232 874 dicunt,
1258 841 1284 868 in
1308 841 1434 876 nullaque
1457 849 1485 869 re
1507 842 1668 876 consistunt,
1683 843 1786 870 calamo
1800 847 1862 870 sunt
1881 843 1919 869 si-

1129 886 1216 914 miles.
1232 887 1271 914 Ac
1284 887 1418 922 perpende
1434 887 1569 922 quomodo
1583 889 1655 915 omni
1677 888 1786 915 dimissa
1809 888 1919 918 malitia.

1129 931 1164 960 de
1179 931 1229 960 hac
1241 932 1297 959 sola
1313 940 1383 960 nunc
1393 937 1463 968 agat,
1473 941 1532 968 quae
1558 934 1631 969 ipsos
1647 933 1778 966 subierat,
1806 934 1920 960 levitatis

1130 977 1299 1012 suspicione,
1315 986 1394 1013 quam
1408 985 1533 1006 amovere
1547 984 1668 1007 conatur.
1686 979 1739 1007 Sed
1758 979 1819 1013 quid
1836 980 1921 1006 existis

1130 1024 1233 1051 videre?
1247 1024 1373 1051 hominem
1385 1025 1501 1052 mollibus
1515 1026 1629 1052 vestitum
1639 1027 1653 1053 .9
1667 1026 1732 1053 Ecce
1750 1027 1792 1060 qui
1806 1027 1921 1053 incilibus

1131 1071 1268 1098 vestiuntur
1280 1091 1287 1103 ,
1311 1071 1336 1097 in
1349 1071 1463 1098 dantibus
1485 1080 1572 1106 regum
1584 1076 1652 1099 sunt.
1667 1072 1743 1105 Quod
1758 1080 1822 1100 vero
1836 1072 1900 1099 dicit
1912 1093 1920 1105 ,

1130 1121 1172 1144 est
1186 1116 1338 1151 hujusmodi
1355 1125 1361 1143 :
1376 1118 1397 1144 Α
1409 1117 1498 1151 seipse
1509 1118 1552 1144 ille
1567 1125 1619 1145 non
1636 1118 1761 1146 volubilis
1770 1123 1812 1146 est
1824 1127 1830 1144 :
1842 1118 1921 1153 idque

1131 1169 1179 1190 vos
1198 1162 1356 1190 declarastis
1377 1170 1410 1190 ex
1432 1168 1524 1190 vestro
1536 1171 1599 1198 erga
1622 1164 1696 1191 illum
1716 1164 1816 1191 studio.
1831 1163 1922 1199 Neque

1131 1208 1194 1235 illud
1205 1208 1257 1235 dici
1268 1208 1361 1242 possit,
1374 1208 1447 1236 illum
1455 1209 1518 1235 olim
1530 1214 1696 1237 conelanlem
1706 1211 1819 1244 primum
1831 1210 1920 1241 fuisse,

1131 1253 1179 1280 sed
1201 1262 1233 1281 ex
1258 1253 1360 1281 deliciis
1385 1258 1477 1289 postea
1503 1254 1609 1282 mollem
1632 1254 1755 1282 ell'eetum
1770 1261 1840 1283 eSse.
1856 1255 1921 1282 Nam

1131 1299 1201 1334 apud
1217 1299 1339 1326 homines
1351 1299 1458 1334 quidam
1474 1300 1512 1327 sic
1524 1305 1679 1332 nascuntur,
1694 1301 1739 1328 alii
1755 1301 1820 1328 tales
1831 1306 1922 1335 postea

1132 1345 1218 1372 liunt:
1234 1345 1350 1379 exempli
1364 1353 1455 1378 causa,
1467 1346 1534 1373 alius
1548 1351 1642 1373 natura
1656 1354 1702 1373 sua
1719 1346 1860 1374 iracundus
1870 1351 1921 1380 est,

1131 1391 1200 1418 alius
1221 1398 1254 1418 ex
1280 1391 1358 1426 longa
1381 1392 1538 1426 a'gritudine
1561 1393 1588 1419 in
1611 1392 1680 1420 hunc
1703 1393 1785 1420 animi
1800 1393 1921 1420 morbum

1131 1437 1235 1466 incidit.
1247 1438 1290 1465 Sic
1304 1438 1347 1465 alii
1362 1439 1545 1467 inconstantes
1559 1444 1585 1467 et
1597 1439 1669 1467 leves
1684 1445 1778 1467 natura
1791 1448 1838 1468 sua
1849 1445 1921 1472 sunt,

1131 1483 1175 1510 alii
1195 1483 1266 1518 quod
1285 1483 1388 1511 deliciis
1407 1489 1434 1511 et
1453 1484 1581 1519 voluptati
1595 1485 1767 1518 indulserint,
1783 1485 1850 1514 tales
1862 1490 1923 1513 sunt

1131 1529 1228 1557 etl‘ecti.
1241 1530 1275 1557 At
1287 1530 1415 1562 Joannes,
1430 1530 1525 1566 inquit,
1541 1539 1594 1558 non
1611 1537 1706 1559 natura
1719 1533 1780 1559 talis
1798 1537 1840 1560 est
1854 1541 1860 1559 :
1876 1540 1924 1560 ne-

1133 1583 1186 1610 que
1207 1576 1277 1603 enim
1299 1576 1429 1603 calamum
1455 1577 1548 1604 existis
1562 1577 1664 1610 videre,
1684 1585 1771 1613 neque
1795 1578 1923 1613 voluptati

1131 1621 1237 1648 deditus
1253 1629 1311 1648 eam
1326 1629 1405 1655 quam
1421 1621 1622 1649 habebatanimi
1632 1622 1722 1650 dotem
1733 1624 1834 1651 amisit.
1847 1624 1923 1656 Quod

1131 1667 1203 1694 euim
1216 1667 1344 1701 voluptati
1360 1675 1413 1694 non
1427 1667 1537 1699 serviat,
1554 1668 1578 1694 id
1593 1673 1707 1703 arguunt
1719 1669 1832 1696 vestitus
1844 1669 1901 1704 ejus
1914 1690 1922 1702 ,

1131 1712 1267 1740 desertum
1280 1733 1288 1745 ,
1301 1721 1405 1741 carcer.
1420 1713 1485 1741 Nam
1499 1713 1521 1741 si
1534 1715 1659 1742 mollibus
1673 1715 1765 1742 vestiri
1776 1715 1902 1743 voluisset
1914 1737 1923 1749 ,

1133 1767 1185 1785 non
1199 1759 1332 1786 desertum
1348 1759 1494 1792 coluisset,
1510 1768 1562 1787 non
1581 1767 1714 1787 carcerem
1727 1781 1735 1794 ,
1751 1761 1799 1788 sed
1812 1762 1922 1796 regiam.

1132 1803 1239 1831 Licebat
1255 1804 1326 1832 enim
1340 1804 1397 1837 illi,
1413 1805 1434 1831 si
1452 1806 1596 1837 tacuisset,
1612 1805 1710 1840 iungenti
1735 1806 1783 1833 l'rui
1810 1806 1923 1836 honore.

1133 1849 1238 1877 Etenim
1263 1857 1342 1884 quem
1367 1849 1486 1878 Ilerodes
1501 1851 1543 1878 vel
1558 1852 1759 1886 redargueutem
1782 1860 1811 1879 se
1825 1858 1852 1879 et
1866 1853 1924 1880 \in-

1134 1901 1206 1923 ctum
1216 1897 1253 1923 ita
1269 1897 1532 1930 reverebatur,certe
1545 1897 1566 1923 si
1581 1897 1709 1925 tacuisset
1724 1902 1782 1924 erat
1792 1897 1918 1924 adulatu-

1133 1949 1192 1969 rus.
1207 1942 1275 1970 Cum
1296 1951 1361 1978 ergo
1377 1943 1462 1978 gestis
1477 1944 1534 1971 suis
1546 1943 1683 1970 ﬁrmitatis
1704 1944 1918 1978 constantiaeque

1133 1996 1188 2015 sua:
1203 1988 1415 2023 experimentum
1432 1988 1550 2022 dederit,
1567 1988 1700 2023 quomodo
1714 1989 1740 2016 in
1757 1989 1823 2016 tales
1835 1989 1923 2023 suspi-

1133 2035 1225 2062 ci0ues
1235 2035 1295 2070 jure
1310 2035 1408 2062 cadat?

1169 2080 1196 2107 Ξ.
1209 2080 1320 2107 Joannes
1332 2079 1447 2115 Baptista
1458 2079 1514 2114 plus
1524 2088 1598 2114 quam
1610 2080 1732 2114 propheta
1743 2088 1757 2106 a
1765 2079 1865 2107 Christo
1877 2089 1924 2115 αρν

1135 2127 1253 2161 peltatas,
1262 2128 1288 2153 in
1298 2135 1347 2162 quo
1358 2127 1452 2153 caueri:
1465 2131 1563 2160 prteatet
1575 2127 1713 2160 prophetis.
1721 2126 1836 2154 Christus
1848 2136 1926 2162 neque

1135 2182 1192 2200 cum
1208 2173 1308 2200 Joanne
1329 2181 1407 2207 neque
1431 2179 1489 2199 cum
1500 2173 1551 2199 alio
1568 2173 1668 2199 [tantine
1682 2174 1825 2207 contparari
1836 2179 1924 2208 potest.

1135 2234 1171 2239 —
1184 2219 1326 2253 Postquam
1337 2226 1401 2254 ergo
1412 2223 1438 2246 et
1450 2226 1465 2245 a
1481 2218 1540 2245 loco
1550 2239 1556 2249 ,
1572 2225 1597 2246 et
1613 2227 1626 2245 a
1642 2219 1761 2246 vestibus
1772 2240 1779 2253 ,
1793 2225 1819 2246 et
1832 2228 1846 2246 a
1860 2227 1925 2247 con-

1136 2273 1220 2294 cursu
1241 2266 1332 2301 populi
1356 2273 1445 2292 inores
1464 2266 1523 2299 ejus
1539 2265 1694 2300 descripsit,
1715 2265 1821 2292 induxit
1838 2270 1928 2299 postea

1139 2313 1308 2347 prophetam.
1321 2311 1390 2339 Cum
1405 2312 1521 2339 dixisset
1532 2311 1615 2343 cuitu,
1629 2312 1700 2345 Quid
1715 2312 1807 2338 existis
1825 2309 1930 2337 uidere?

1140 2355 1403 2391 Prophetam?Etiam
1414 2355 1469 2382 dico
1482 2356 1559 2387 vobis,
1572 2360 1594 2381 et
1607 2356 1664 2389 plus
1676 2363 1750 2389 quam
1762 2356 1909 2389 prop/telam
1918 2363 1928 2382 :

1138 2403 1211 2430 addit
1226 2412 1232 2429 :
1249 2403 1293 2430 10.
1316 2401 1365 2428 Hic
1380 2407 1415 2429 est
1429 2402 1493 2429 enim
1507 2421 1514 2433 ,
1536 2401 1566 2428 de
1585 2409 1634 2436 quo
1656 2402 1778 2436 scriptum
1791 2407 1826 2428 est
1841 2410 1850 2428 :
1866 2402 1930 2429 Eros

1137 2450 1208 2476 mitto
1223 2449 1339 2484 angelum
1352 2456 1433 2475 meum
1446 2452 1504 2474 ante
1517 2448 1609 2483 [aciem
1621 2452 1689 2474 tuom
1701 2467 1708 2480 ,
1722 2448 1763 2483 qui
1779 2448 1930 2483 pravparabit

1140 2495 1205 2521 viam
1216 2500 1284 2520 tuam
1292 2499 1351 2520 ante
1362 2498 1385 2520 te
1395 2492 1436 2526 (Μ
1439 2493 1522 2519 alach.
1533 2492 1559 2520 ὅ.
1570 2491 1607 2528 l).
1619 2492 1684 2519 Cum
1695 2493 1767 2527 prius
1777 2493 1930 2520 Judzmrum

1143 2539 1322 2568 testimonium
1333 2538 1500 2572 adduxisset,
1514 2542 1576 2566 tunc
1588 2539 1741 2573 prophetam
1753 2539 1838 2566 aﬂ‘ert.
1851 2539 1932 2573 Quin~

1142 2587 1194 2614 imo
1206 2586 1346 2613 Iudaicum
1361 2584 1492 2612 calculum
1506 2584 1590 2619 primo
1606 2584 1687 2619 ponit,
1701 2585 1771 2619 quod
1787 2586 1932 2612 maximum

1142 2639 1183 2661 est
1203 2637 1406 2668 argumentum,
1428 2630 1535 2666 quando
1554 2631 1723 2658 inimicorum
1751 2632 1932 2658 testimonium

1143 2680 1251 2707 affertur
1265 2689 1271 2706 :
1295 2679 1412 2706 secundo
1422 2699 1430 2711 ,
1450 2677 1561 2706 Joannis
1576 2678 1675 2711 vitam;
1690 2679 1768 2706 tertio
1778 2699 1784 2711 ,
1804 2679 1933 2714 judicium

1143 2735 1236 2758 suum;
1261 2730 1367 2761 quarto,
1403 2724 1580 2759 prophetam,
1605 2724 1722 2760 undique
1749 2725 1855 2752 illorum
1872 2733 1934 2752 .ora

1143 2772 1280 2800 claudens.
1297 2771 1397 2798 Deinde
1409 2778 1441 2798 ne
1451 2770 1570 2797 dicereut
1585 2779 1592 2796 :
1608 2770 1675 2804 Quid
1687 2779 1751 2806 ergo
1765 2771 1787 2798 si
1803 2771 1863 2799 talis
1876 2779 1935 2798 cum

1144 2823 1217 2845 esset
1234 2818 1288 2851 jalu
1303 2821 1421 2844 mutatus
1439 2815 1489 2843 sit?
1503 2820 1599 2842 extera
1625 2815 1742 2850 adjecit,
1756 2817 1915 2844 vestimenta
1929 2836 1937 2847 ,

1146 2871 1293 2898 carcerem,
1303 2867 1331 2891 et
1343 2867 1432 2898 postea
1445 2860 1623 2896 prophetiam.
1631 2862 1727 2890 Postea
1742 2868 1806 2889 vero
1819 2869 1881 2890 cum
1896 2861 1936 2889 di-
