2067 3134
219 137 270 165 ιει

219 195 302 223 xisset
314 194 386 222 illum
401 194 528 230 propheta
542 196 669 231 majorem
683 204 742 224 esse
751 219 759 231 ,
773 198 890 225 ostendit
908 198 934 225 in
957 206 1009 233 quo

217 241 254 267 sit
277 239 371 275 major.
398 240 427 267 In
453 248 505 275 quo
524 248 587 276 ergo
610 242 695 276 major
709 243 772 270 est?
786 243 862 276 Quod
877 244 912 271 sit
927 251 1010 279 prope

217 294 278 313 eum
300 286 344 321 qui
366 285 482 314 advenit.
510 286 576 314 Nam
599 288 636 314 ait
652 296 659 313 :
675 287 776 315 Mittunt
795 289 914 324 angelum
928 297 1010 316 meum

216 337 276 359 ante
296 332 388 367 faciem
410 337 499 365 tuam;
514 333 538 360 id
555 338 595 361 est
606 353 614 366 ,
630 341 712 369 prope
731 339 766 362 te.
781 335 1009 369 Quemadmodum

216 380 288 407 enim
310 379 379 414 apud
399 387 492 415 reges,
508 380 552 415 qui
568 388 650 415 prope
665 389 772 408 currum
793 382 933 416 incedunt,
950 383 1009 410 aliis

215 427 345 462 dignitate
365 430 480 464 majores
495 435 558 457 sunt
572 439 578 456 :
595 431 633 458 sic
647 430 764 459 Joannes
777 438 860 466 prope
873 430 1007 458 Christum

214 473 399 501 advenientem
421 475 545 503 incedere
567 477 697 503 cernitur.
710 476 778 504 Vide
792 477 925 512 quomodo
946 477 1008 504 hinc

216 518 274 552 ejus
289 519 475 548 excellentiam
488 520 620 554 declarat;
636 528 721 556 neque
735 521 780 549 hic
794 521 904 556 gradum
918 522 988 549 sistit
997 541 1005 554 .

215 564 263 591 sed
278 572 353 592 suam
368 571 460 601 postea
474 566 550 593 etfert
566 567 724 594 sententiam
743 567 834 606 dicens
848 576 855 594 :
870 567 913 595 11.
927 567 1007 595 Amen

215 611 272 637 dico
295 612 362 639 vobis
374 633 381 644 ,
407 621 458 639 non
477 614 585 640 surrexit
605 614 670 641 inter
692 618 763 641 natos
776 614 910 641 mulierum
925 615 1008 650 major

213 657 316 685 Joanne
329 658 454 694 Baptista.
469 659 498 687 ld
508 665 558 693 est,
573 667 625 687 non
640 661 743 696 peperit
756 660 851 688 mulier
865 661 909 688 illo
924 661 1007 695 majo-

215 711 284 731 rem.
300 703 403 732 Suiﬁcit
415 704 472 732 haec
491 706 636 739 sententia;
654 706 704 734 sed
720 706 742 733 si
753 706 792 733 vis
806 713 839 733 ex
852 706 931 733 rebus
942 706 1006 741 ipsis

214 750 336 779 ediscere
346 772 353 784 ,
376 752 514 780 considera
530 752 599 780 illius
613 760 731 781 mensam
742 773 750 785 ,
770 753 868 780 victum
881 773 889 786 ,
909 753 1006 781 utentis

214 796 416 825 snblimitatern.
432 797 496 825 Nam
511 798 550 826 sic
563 798 680 831 vivebat,
693 806 725 826 ac
737 799 760 826 si
775 798 802 825 in
816 798 882 826 crelo
894 798 1003 831 luisset,

213 848 294 877 atque
309 844 472 871 naturalibus
485 843 607 878 superior
619 844 822 872 necessitatibus
831 864 839 877 ,
854 843 1004 870 mirabilem

214 889 356 923 quamdam
380 890 507 925 carpebat
527 891 596 918 viam
609 911 616 924 ,
640 890 668 918 in
680 890 786 926 hymnis
801 895 828 918 et
840 889 1004 918 orationibus

214 938 299 962 totum
317 940 421 972 tempus
443 936 590 972 transigens
603 957 612 970 ,
627 944 688 964 cum
707 937 858 964 mortalium
878 937 1002 970 nemine,

213 980 261 1008 sed
274 989 333 1009 cum
348 982 406 1009 solo
418 982 472 1010 Deo
482 981 612 1017 colloquia
622 982 747 1010 miscens.
759 981 895 1010 Neminem
907 982 1004 1017 quippe

211 1036 402 1056 conservorum
411 1032 529 1061 noverat,
539 1035 590 1056 non
597 1035 626 1056 se
633 1028 848 1063 con5piciendum
857 1028 1002 1064 prmbebat,

214 1081 267 1101 non
281 1074 349 1102 lacte
363 1073 499 1107 alebatur,
516 1081 570 1101 non
584 1074 670 1108 lecto,
686 1081 739 1101 non
755 1078 842 1107 tecto,
859 1081 911 1101 non
930 1073 1002 1106 toro,

212 1127 266 1146 non
289 1119 340 1146 alia
363 1119 486 1154 quapiam
510 1119 625 1146 humana
646 1127 675 1147 re
693 1119 845 1152 fruebatur;
865 1122 893 1146 et
914 1123 1002 1146 tamen

213 1172 367 1193 mansuetus
387 1170 444 1193 erat
465 1165 544 1193 simul
563 1170 642 1201 atque
661 1165 815 1193 vehemens.
835 1164 905 1192 Audi
924 1165 1003 1200 igitur

210 1221 272 1240 eum
293 1216 391 1247 quanta
407 1212 588 1240 moderatione
610 1211 752 1247 discipulos
766 1212 926 1247 alloquatur,
940 1219 1001 1239 cum

210 1263 308 1293 quanta
321 1259 345 1285 vi
360 1258 475 1291 luds-os,
491 1266 551 1286 cum
564 1262 662 1293 quanta
677 1257 798 1286 libertate
811 1264 911 1292 regem.
924 1257 1000 1284 Ideo-

210 1313 263 1339 que
275 1305 378 1332 dicebat
394 1304 515 1332 Christus
524 1325 531 1337 ,
547 1304 608 1331 Non
620 1304 728 1332 surrein
747 1304 812 1331 inter
823 1307 894 1330 natos
908 1303 998 1330 mulie-

210 1359 266 1385 rum
288 1351 370 1385 major
380 1349 480 1377 Joanne
490 1350 615 1386 Baptista.
631 1349 683 1378 Sed
696 1357 730 1378 ne
744 1349 851 1377 laudum
868 1349 998 1384 magnitu-

209 1398 245 1425 do
259 1397 356 1433 aliquid
373 1397 471 1425 erroris
487 1401 609 1432 pareret,
624 1404 690 1425 neve
704 1396 788 1424 Judaei
807 1396 881 1424 illum
895 1396 1000 1423 Christo

209 1444 384 1479 pr:rferrent,
408 1444 468 1471 vide
487 1443 621 1479 quomodo
644 1443 694 1471 hoc
716 1443 910 1471 accommodet.
934 1443 998 1470 Nam

209 1491 279 1519 sicut
293 1499 324 1518 ex
345 1491 440 1525 quibus
453 1490 575 1525 discipuli
590 1489 779 1522 ﬁrmabantur,
805 1489 890 1516 turbae
914 1488 998 1516 detri-

209 1541 328 1564 mentum
343 1535 525 1570 accipiebant,
540 1535 624 1562 levem
638 1535 713 1562 illum
731 1541 792 1562 esse
807 1538 929 1569 putantes
943 1543 948 1560 :
960 1534 999 1562 sic

208 1589 243 1609 ex
255 1582 350 1617 quibus
363 1581 447 1609 turba:
458 1580 676 1614 emendabantur,
687 1580 773 1614 majus
783 1579 909 1607 damnum
923 1587 999 1606 acce-

208 1627 299 1660 debat,
314 1635 374 1655 cum
385 1635 416 1655 ex
430 1626 507 1654 dictis
521 1626 649 1661 majorem
659 1626 692 1654 de
705 1626 750 1653 illo
761 1634 839 1661 quam
850 1625 883 1653 de
892 1625 999 1653 Christo

208 1674 349 1703 sumebant
369 1673 530 1709 opinionem.
548 1673 612 1700 Illud
627 1680 691 1708 ergo
704 1694 712 1706 ,
732 1673 830 1700 nullam
845 1672 999 1707 relinquens

209 1720 396 1756 suspicionem,
423 1719 531 1754 corrigit
552 1719 594 1746 his
619 1719 707 1747 verbis
728 1727 736 1747 ί
759 1719 808 1752 Qui
821 1723 904 1745 autem
917 1718 999 1744 minor

208 1771 245 1794 est
257 1768 284 1794 in
295 1774 373 1802 regna
385 1766 514 1798 calorum.
527 1767 609 1801 major
619 1770 654 1793 est
668 1765 722 1802 illo.
741 1764 836 1797 Minor,
852 1763 998 1792 secundum

209 1817 333 1847 aztatem,
355 1817 383 1841 et
404 1813 549 1841 secundum
571 1812 714 1840 multorum
738 1811 915 1846 opinionem:
937 1818 997 1838 nam

209 1860 330 1888 dicebant
358 1860 445 1895 ipsum
472 1858 581 1886 edacem
614 1865 674 1885 esse
698 1862 726 1885 et
761 1857 816 1884 vini
849 1862 998 1892 putatorem

211 1905 316 1941 (Matth.
328 1905 370 1932 11.
380 1905 434 1939 19);
442 1910 480 1938 et,
490 1904 582 1931 Nonne
592 1904 632 1930 hic
644 1903 709 1940 fabri
719 1903 787 1938 ﬁlius
795 1907 829 1930 est
839 1902 943 1938 (Matth.
953 1903 996 1930 15.

208 1951 271 1980 55)?
286 1955 365 1985 atque
386 1950 482 1985 ubique
498 1950 584 1984 ipsum
601 1949 791 1984 despiciebant.
809 1948 877 1982 Quid
899 1947 996 1983 igitur,

208 1997 328 2032 inquies,
343 2000 512 2031 comparatus
532 2003 592 2023 cum
606 1994 708 2025 Joanne
723 1995 808 2029 major
820 1993 896 2022 erat?
909 1994 996 2022 Absit.

208 2043 300 2078 Neque
324 2043 394 2069 enim
418 2042 534 2070 Joannes
556 2041 662 2076 quando
682 2041 766 2072 dicit.
792 2039 895 2067 Fortior
909 2048 948 2067 me
962 2044 998 2067 est

209 2089 316 2124 (Matth.
332 2089 358 2116 5.
381 2088 444 2123 11),
458 2088 484 2115 id
497 2087 675 2122 comparando
688 2087 771 2119 dicit;
785 2094 871 2122 neque
886 2086 996 2120 Paulus,

207 2142 268 2162 cum
282 2136 400 2170 Moysem
423 2134 463 2162 sic
477 2138 626 2166 memorat,
642 2133 767 2167 Ampliori
784 2132 849 2160 enim
865 2132 948 2168 gloria
958 2132 998 2159 hic

206 2189 284 2216 quant
294 2180 393 2215 Moyses
403 2180 521 2216 dignatus
530 2184 565 2206 est
578 2178 668 2215 (Hebr.
681 2179 707 2206 5.
723 2179 761 2213 5),
776 2178 833 2205 han:
846 2183 998 2213 comparate

207 2227 280 2255 dicit.
299 2227 332 2254 Et
344 2227 399 2261 ipse
413 2234 472 2254 cum
488 2227 538 2259 ait,
554 2225 619 2252 Ecce
637 2226 694 2261 plus
717 2234 793 2259 quant
813 2225 937 2253 Salomon
957 2225 998 2251 hic

207 2274 314 2310 (Matth.
331 2273 375 2301 12.
391 2273 451 2309 24),
463 2273 521 2300 haec
534 2280 587 2300 non
600 2272 781 2307 comparando
793 2272 866 2300 dicit.
883 2271 960 2306 Quod
973 2271 996 2299 si

206 2319 485 2349 concedamusdllum
506 2319 564 2347 haec
576 2327 625 2354 per
637 2319 864 2354 comparationem
878 2318 978 2346 dixisse
987 2338 995 2350 ,

205 2373 252 2393 res
276 2366 312 2392 ita
340 2365 372 2392 ad
396 2365 559 2392 audientium
583 2364 764 2392 inﬁrmitatem
796 2364 994 2392 accommodata

206 2410 298 2438 fuerit.
326 2410 354 2438 In
378 2419 473 2446 magna
500 2411 571 2438 enim
604 2410 799 2437 existimatione
830 2409 995 2442 habebatur,

207 2457 335 2492 illumque
353 2464 445 2484 carcer
460 2456 630 2492 insigniorem
654 2456 827 2489 reddiderat,
846 2463 949 2484 necnon
963 2456 995 2483 li—

206 2508 299 2532 Dertas
320 2504 346 2531 in
370 2503 506 2538 arguendo
521 2511 582 2539 rege
595 2523 603 2536 ,
617 2508 696 2539 atque
711 2503 737 2530 id
750 2503 864 2530 libenter
876 2510 891 2529 a
906 2503 997 2529 multis

205 2552 246 2579 sic
271 2551 459 2586 accipiebatur.
484 2551 590 2578 Etenim
616 2551 698 2578 Vetus
722 2558 828 2585 quoque
859 2549 996 2584 Scriptura

206 2598 276 2626 solet
296 2597 441 2625 errantium
464 2597 568 2624 animos
591 2596 738 2624 emendare
750 2617 758 2629 ,
772 2595 952 2631 comparando
965 2602 995 2622 ea

209 2652 266 2678 qua:
282 2643 431 2678 comparari
442 2651 495 2670 non
507 2646 635 2677 possunt;
645 2647 674 2669 ut
686 2642 792 2676 quando
804 2642 901 2669 dicitur
914 2650 920 2668 :
936 2640 996 2668 Non

209 2695 242 2717 ρει
257 2690 347 2717 simiﬁs
369 2689 405 2716 tui
424 2690 451 2716 in
470 2689 529 2721 diis,
551 2688 661 2716 Domine
673 2688 758 2724 (Psal.
772 2689 817 2716 85.
831 2689 877 2722 8),
893 2692 920 2716 et
933 2696 995 2715 rur-

207 2744 264 2763 sttm
275 2756 284 2769 ,
308 2735 370 2763 Non
390 2740 426 2762 est
445 2735 505 2762 deus
518 2736 582 2762 sicut
600 2735 668 2762 Deus
680 2740 763 2762 noster
776 2734 862 2770 (Psal.
877 2734 921 2762 76.
937 2734 994 2770 M).

209 2781 306 2810 Volunt
327 2785 416 2809 autem
435 2781 542 2816 quidam
558 2780 584 2807 id
604 2780 637 2807 de
657 2779 785 2814 apostolis
797 2779 898 2808 dixisse
916 2779 995 2807 Chri-

207 2833 279 2856 stum
311 2826 356 2854 alii
374 2825 408 2854 de
425 2826 544 2862 angelis;
564 2825 612 2853 sed
645 2825 724 2853 male.
748 2825 815 2853 Nam
838 2833 898 2852 cum
911 2825 995 2853 semel

207 2874 314 2910 quidam
328 2882 345 2903 a
355 2875 466 2903 veritate
480 2873 637 2908 aberratint,
649 2872 735 2901 solent
748 2872 773 2900 in
789 2871 886 2900 multos
897 2871 992 2900 deduci

664 138 696 166 IN
715 138 918 167 MATTHIEUM
939 138 1054 167 IIOMIL.
1070 139 1200 169 XXXVII.
1222 143 1256 169 al.
1278 143 1419 171 XXXVIII.

1800 148 1852 177 4‘22

1065 204 1181 226 errores.
1197 199 1253 233 Qua
1268 201 1338 228 enim
1353 204 1542 237 consequentia
1558 204 1582 231 id
1596 205 1636 231 vel
1652 206 1685 233 de
1704 207 1831 240 apostolis
1843 229 1850 242 ,

1063 244 1104 271 vel
1119 244 1151 272 de
1163 246 1264 281 angelis
1278 247 1410 275 dixisset?
1422 249 1546 284 Alioquin
1557 259 1630 284 vero,
1644 253 1666 278 si
1678 252 1712 280 de
1722 255 1852 288 apostolis

1061 288 1188 324 dixisset,
1212 293 1275 328 quid
1296 294 1403 322 vetabat
1426 297 1568 330 quominus
1590 299 1760 326 nominaret?
1785 300 1851 328 Cum

1061 340 1149 363 autem
1171 336 1205 364 de
1228 339 1316 373 seipse
1331 339 1414 373 dicit,
1427 340 1487 375 jure
1505 349 1645 376 personam
1660 344 1730 371 celat
1744 344 1778 372 ob
1791 353 1851 373 eam

1061 389 1120 415 quae
1132 382 1268 411 obtinebat
1287 385 1438 420 opinionem
1452 395 1459 420 ;
1481 395 1512 415 ac
1529 395 1562 415 ne
1577 389 1713 417 videretur
1725 398 1852 426 magnum

1061 427 1195 462 quidpiam
1206 429 1240 457 de
1253 438 1282 457 se
1296 431 1385 459 dicere
1402 441 1408 460 :
1423 433 1449 460 id
1464 433 1533 468 quod
1548 441 1620 469 saape
1632 435 1766 464 observat.
1782 437 1850 471 Quid

1061 478 1149 501 autem
1165 474 1229 502 illud
1244 481 1295 510 est,
1311 476 1343 504 In
1359 486 1435 513 regno
1447 479 1565 506 cwlorum
1576 480 1589 507 ἱ)
1604 480 1631 507 In
1647 481 1846 516 spiritualibns,

1059 524 1086 547 et
1106 521 1132 548 irt
1154 522 1304 551 ctelestibus
1327 525 1460 553 omnibus.
1481 527 1546 554 Cum
1570 532 1658 555 autem
1683 529 1765 563 dicit,
1789 529 1853 557 Non

1059 563 1168 595 surrexit
1183 567 1253 594 inter
1270 575 1343 598 natos
1361 573 1494 599 mulierum
1513 574 1595 608 major
1620 575 1737 609 Joanne,
1753 576 1850 603 distin-

1059 612 1156 646 guebat
1168 620 1198 641 se
1209 621 1225 641 a
1236 615 1349 649 Joanne,
1361 622 1388 644 et
1401 625 1430 645 se
1443 619 1616 646 subtrahebat
1626 622 1815 655 comparationi
1828 623 1847 648 '.

1093 658 1120 685 5.
1140 659 1205 687 Nam
1221 660 1243 688 si
1257 661 1314 696 ipse
1327 663 1396 691 inter
1410 668 1486 692 natos
1499 665 1640 694 mulierum
1655 672 1728 702 erat,
1751 673 1777 696 at
1797 677 1849 698 non

1058 704 1127 732 sicut
1140 706 1256 735 Joannes
1272 718 1278 735 :
1293 717 1379 745 neque
1393 711 1464 740 enim
1486 712 1567 741 homo
1587 719 1687 742 tantum
1705 721 1777 748 erat,
1800 724 1850 744 nec

1057 751 1126 778 sicut
1146 751 1227 780 homo
1246 753 1333 782 editus
1352 756 1452 788 fuerat,
1477 758 1524 786 sed
1545 760 1674 794 stupendo
1693 762 1807 796 quodam
1822 767 1849 790 et

1057 797 1171 843 mirabili
1185 805 1272 833 partu.
1290 801 1332 828 I2.
1353 802 1375 829 A
1394 802 1481 830 diebus
1494 810 1575 832 autem
1589 805 1696 834 Joannis
1709 807 1847 843 Baptism,

1057 841 1156 878 inquit,
1173 852 1250 880 usque
1266 854 1349 880 nunc,
1371 856 1476 884 regnum
1495 851 1614 877 castorum
1630 853 1679 878 vim
1699 853 1803 888 patitur,
1825 858 1849 881 et

1056 888 1158 934 violenti
1171 891 1272 925 rapiunt
1282 892 1356 922 illud.
1368 894 1401 921 Et
1411 902 1463 929 quo
1477 900 1567 930 pacto,
1582 897 1684 932 inquies
1694 919 1701 932 ,
1714 899 1770 927 haec
1781 907 1848 934 pra:-

1056 933 1212 963 cedentibus
1222 937 1376 966 cohaerent?
1390 939 1495 974 Optime
1505 946 1578 970 certe
1590 947 1617 970 et
1629 943 1770 972 admodum
1781 933 1848 972 eon-

1057 986 1199 1015 sequenter
1211 991 1217 1009 :
1229 984 1326 1011 etenim
1338 985 1399 1013 hinc
1410 986 1468 1014 illos
1480 987 1512 1014 ad
1523 989 1684 1017 credendum
1695 991 1719 1017 in
1733 999 1761 1018 se
1771 999 1846 1020 com-

1056 1026 1130 1060 pellit
1144 1032 1170 1055 et
1183 1028 1292 1062 incitat,
1308 1030 1440 1067 simulque
1460 1033 1504 1060 illa
1526 1042 1585 1069 quae
1606 1043 1686 1070 supra
1701 1036 1769 1064 dicta
1785 1042 1846 1065 sunt

1055 1078 1070 1098 a
1084 1071 1187 1101 Joanne
1200 1076 1366 1110 comprobat.
1380 1077 1446 1104 Nam
1459 1079 1481 1106 si
1499 1087 1582 1115 usque
1596 1081 1629 1108 ad
1643 1081 1772 1110 Joannem
1786 1091 1845 1110 om.

1055 1117 1098 1145 nia
1113 1120 1245 1155 completa
1259 1127 1329 1155 sunt,
1344 1123 1402 1159 Ego
1414 1131 1471 1152 sum
1485 1127 1531 1160 qui
1546 1127 1641 1154 venio:
1657 1136 1717 1156 nam
1732 1130 1787 1156 ait:
1800 1131 1844 1157 15.

1057 1163 1149 1191 Omnes
1165 1167 1294 1201 propheta:
1308 1173 1331 1195 et
1350 1170 1391 1196 leJ:
1405 1178 1482 1206 usque
1496 1172 1529 1198 ad
1543 1171 1667 1200 Joannem
1681 1175 1846 1210 prophetave-

1053 1215 1121 1237 runt.
1131 1210 1188 1238 Non
1198 1213 1268 1240 enim
1277 1220 1426 1243 cessassent
1434 1217 1638 1252 prophette,nisi
1646 1227 1696 1254 ego
1703 1221 1843 1250 venissem.

1053 1254 1124 1284 Nihil
1139 1264 1202 1292 ergo
1216 1259 1284 1286 ultra
1298 1262 1468 1296 exspectetis,
1484 1270 1533 1290 nec
1546 1264 1626 1291 alium
1648 1267 1759 1300 speretis
1777 1275 1844 1295 ven-

1054 1304 1151 1330 turum.
1164 1302 1240 1337 Quod
1250 1311 1299 1340 ego
1313 1306 1362 1333 sim
1376 1307 1461 1341 palam
1476 1313 1516 1336 est
1529 1316 1563 1338 ex
1578 1317 1610 1336 eo
1624 1311 1693 1345 quod
1708 1312 1844 1347 propheta:

1052 1349 1191 1383 cessarint,
1201 1355 1229 1377 et
1237 1351 1308 1385 quod
1320 1352 1395 1379 multi
1406 1354 1523 1388 quotidie
1535 1355 1614 1383 ﬁdem
1626 1357 1652 1383 in
1663 1365 1706 1384 me
1716 1358 1820 1393 rapiant
1833 1368 1840 1387 :

1052 1393 1089 1422 ita
1103 1395 1199 1430 quippe
1212 1397 1284 1425 clara
1299 1403 1340 1426 est
1354 1403 1380 1426 et
1394 1400 1545 1434 manifesta,
1562 1407 1589 1429 ut
1609 1410 1667 1430 eam
1683 1405 1757 1432 multi
1770 1406 1845 1433 abri-

1053 1441 1135 1475 piant.
1150 1442 1184 1469 Et
1198 1443 1271 1478 quis,
1286 1452 1386 1479 qureso,
1404 1447 1509 1481 rapuit?
1523 1447 1657 1484 Quotquot
1676 1458 1736 1477 cum
1756 1453 1844 1480 studio

1052 1494 1230 1517 accesserunt.
1259 1491 1337 1518 Aliud
1358 1492 1454 1520 deinde
1477 1493 1601 1522 indicium
1627 1496 1701 1530 ponit
1721 1497 1813 1526 dicens
1833 1509 1841 1527 ε

1052 1534 1096 1561 14.
1112 1535 1143 1562 Si
1156 1536 1231 1564 vultis
1243 1537 1367 1573 recipere,
1382 1539 1436 1573 ipse
1448 1544 1485 1566 est
1496 1540 1601 1574 Helias,
1615 1542 1657 1575 qui
1667 1549 1785 1572 venturus
1795 1551 1841 1573 est.

1051 1580 1152 1609 Mittam
1176 1584 1256 1614 cmim,
1277 1584 1378 1619 inquit,
1403 1585 1471 1612 vobis
1493 1586 1596 1615 Heliam
1618 1588 1776 1623 Thesbitem,
1798 1593 1842 1627 qui

1050 1632 1178 1654 convertat
1191 1627 1267 1655 corda
1282 1630 1361 1662 patris
1377 1630 1404 1657 in
1423 1631 1490 1665 ﬁlios
1509 1632 1593 1668 (Mal.
1609 1634 1635 1661 4.
1658 1635 1702 1670 5).
1720 1635 1767 1663 Hic
1781 1642 1822 1664 est
1833 1658 1841 1670 ,

1050 1672 1103 1705 ait,
1119 1672 1224 1707 Helias,
1239 1674 1261 1701 si
1274 1675 1415 1704 attendatis
1429 1677 1577 1713 diligenter.
1596 1678 1665 1706 Nam
1678 1681 1784 1715 mittam,
1802 1683 1843 1709 in-

1050 1719 1126 1753 quit,
1141 1719 1259 1755 angelum
1273 1729 1355 1748 meum
1369 1727 1427 1750 ante
1445 1724 1535 1758 faciem
1555 1729 1623 1752 tuam
1639 1725 1728 1760 (Ibid.
1746 1727 1772 1755 5.
1798 1728 1841 1764 1).

1051 1764 1134 1793 Recte
1154 1766 1236 1798 dixit,
1259 1766 1290 1794 Si
1309 1768 1383 1795 vultis
1403 1769 1525 1803 recipere.
1547 1770 1690 1799 ostendens
1708 1772 1841 1800 neminem

1051 1812 1183 1839 violenter
1196 1812 1264 1848 cogi.
1280 1813 1338 1840 Non
1357 1821 1438 1849 cogo,
1458 1814 1552 1850 inquit.
1577 1815 1635 1844 [Ioc
1654 1821 1741 1844 autem
1758 1818 1841 1852 dixit,

1050 1862 1151 1892 gratam
1163 1862 1256 1893 petens
1268 1859 1430 1887 voluntatem
1441 1881 1449 1894 ,
1462 1866 1489 1888 et
1507 1861 1650 1890 ostendens
1668 1863 1736 1890 hunc
1749 1864 1821 1891 illum
1833 1886 1840 1898 ,

1050 1908 1077 1931 et
1092 1904 1163 1931 illum
1179 1904 1249 1932 hunc
1263 1912 1332 1933 esse.
1354 1906 1441 1933 Ambo
1453 1907 1523 1934 enim
1538 1915 1619 1937 unum
1633 1915 1774 1943 suscepere
1788 1911 1841 1938 mi-

1050 1950 1188 1978 nisterium
1198 1971 1206 1983 ,
1222 1955 1250 1979 et
1261 1959 1439 1986 praecursores
1453 1953 1531 1980 ambo
1544 1953 1659 1982 fuerunt.
1676 1954 1843 1991 Quapropter

1050 2004 1103 2024 non
1122 1997 1276 2031 simpliciter
1290 1997 1371 2029 dixit,
1388 1997 1438 2025 Hic
1452 2003 1488 2025 est
1508 1998 1613 2033 Helias,
1633 1999 1696 2033 sed,
1719 2000 1750 2028 Si
1767 2002 1842 2028 vultis

1050 2043 1159 2077 recipere
1168 2062 1176 2074 ,
1191 2043 1232 2070 hic
1243 2048 1297 2075 est;
1307 2043 1333 2071 id
1345 2047 1402 2077 est,
1417 2043 1445 2071 Si
1461 2044 1543 2078 proba
1556 2050 1645 2072 mente
1659 2046 1740 2080 gestis
1752 2051 1841 2074 atten-

1050 2088 1127 2116 datis.
1150 2088 1242 2124 Neque
1264 2089 1307 2116 ltic
1326 2091 1415 2122 stetit,
1436 2090 1483 2117 sed
1505 2090 1649 2118 ostendens
1668 2091 1840 2127 intelligentia

1049 2142 1110 2162 esse
1124 2142 1207 2170 opus,
1230 2135 1292 2163 huic
1306 2135 1393 2169 dicto,
1414 2135 1464 2162 Hic
1483 2142 1519 2163 est
1535 2136 1641 2169 Helias,
1660 2138 1703 2173 qui
1725 2144 1842 2167 venturus

1050 2186 1099 2214 est,
1114 2181 1227 2216 adjecit,
1243 2181 1286 2209 15.
1303 2181 1352 2215 Qui
1364 2181 1437 2208 habet
1449 2189 1522 2208 aures
1534 2183 1670 2217 audiendi,
1682 2184 1779 2211 audiat.
1791 2184 1842 2212 Tot

1050 2227 1188 2262 aenigmata
1209 2227 1339 2262 ponebat,
1363 2232 1391 2254 ut
1412 2227 1444 2254 ad
1470 2227 1684 2263 interrogandum
1707 2230 1838 2258 incitaret.

1049 2273 1125 2307 Quod
1146 2273 1168 2301 si
1184 2281 1218 2301 ne
1232 2273 1270 2300 sic
1289 2273 1395 2307 quidem
1410 2273 1586 2308 evigilabant,
1608 2274 1691 2302 multo
1710 2275 1797 2302 minus
1818 2276 1841 2303 si

1049 2320 1121 2348 clara
1136 2324 1163 2347 et
1177 2318 1315 2346 manifesta
1329 2318 1451 2346 fuissent.
1468 2318 1560 2353 Neque
1574 2319 1598 2346 id
1613 2319 1665 2346 dici
1678 2320 1770 2354 possit,
1787 2328 1841 2348 non

1049 2373 1130 2393 ausos
1143 2365 1223 2392 fuisse
1238 2364 1400 2400 interrogare
1411 2385 1418 2398 ,
1433 2365 1475 2392 vel
1491 2364 1562 2391 illum
1579 2364 1658 2393 fuisse
1677 2365 1750 2393 aditu
1769 2365 1841 2393 difﬁ-

1050 2412 1138 2439 cilem.
1153 2411 1218 2438 Nam
1232 2411 1277 2445 qui
1292 2410 1365 2437 illum
1379 2410 1412 2437 de
1427 2410 1524 2437 nullius
1538 2411 1614 2445 pretii
1630 2411 1709 2439 rebus
1724 2412 1840 2439 interro-

1049 2462 1175 2492 gaveram
1199 2461 1430 2490 tentaverantque,
1455 2456 1507 2483 etsi
1531 2457 1682 2484 sexcenties
1709 2458 1840 2492 repulsam

1867 2460 1889 2505 ξε

1051 2505 1188 2536 tulissent,
1211 2511 1298 2538 neque
1312 2506 1465 2536 cessarent,
1485 2502 1619 2537 quomodo
1638 2509 1691 2529 non
1714 2503 1788 2530 illum
1807 2504 1842 2531 de

1049 2550 1207 2579 necessariis
1227 2551 1450 2583 interrogassent,
1468 2548 1489 2575 si
1505 2548 1611 2582 quidem
1630 2548 1750 2576 ediscere
1766 2550 1842 2583 cupi-

1048 2597 1169 2625 vissent?
1187 2596 1214 2624 Si
1231 2596 1265 2623 de
1280 2594 1408 2629 legalibus
1423 2594 1638 2628 interrogabant,
1656 2594 1727 2628 quod
1742 2602 1841 2629 przcce-
1880 2600 1884 2603 '

1050 2649 1122 2680 ptum
1149 2644 1261 2678 primum
1284 2646 1372 2674 esset,
1395 2645 1423 2668 et
1445 2641 1479 2668 de
1500 2640 1647 2673 similibus,
1669 2648 1728 2668 cum
1753 2645 1841 2668 tamen

1050 2691 1120 2718 nulla
1136 2693 1242 2725 urgeret
1255 2688 1415 2722 necessitas,
1429 2687 1564 2723 quomodo
1578 2695 1637 2714 cum
1652 2687 1712 2714 talia
1728 2687 1840 2720 diceret,

1049 2736 1083 2763 de
1105 2735 1201 2770 quibus
1224 2734 1390 2769 respondere
1414 2733 1522 2761 omnino
1544 2732 1677 2765 debebat,
1706 2740 1758 2759 non
1783 2733 1843 2767 ejus

1048 2789 1164 2814 mentem
1184 2781 1385 2818 explorassent?
1407 2787 1467 2808 cum
1491 2779 1605 2806 maxime
1626 2779 1659 2806 ad
1675 2779 1725 2806 hoc
1739 2778 1840 2806 hortari

1080 2843 1088 2859 ί
1108 2841 1149 2866 alii
1159 2840 1258 2867 habent.
1269 2841 1291 2863 rt
1310 2844 1334 2862 se
1346 2835 1497 2861 subtrahebat
1508 2833 1686 2866 comparationi,
1700 2839 1806 2865 quamvis
1815 2835 1840 2857 ει

1049 2875 1100 2908 ipse
1110 2880 1141 2899 cx
1151 2870 1252 2897 muliere
1261 2872 1321 2896 esset
1331 2872 1408 2894 natus.
