2067 3134
229 127 285 156 423

230 189 258 212 et
273 185 379 212 trahere
393 183 546 212 videretur?
559 184 625 213 Nam
638 192 699 213 cum
714 186 835 220 dicebat,
855 187 963 215 Violenti
976 197 1020 216 ra-

231 233 305 266 piunt
318 231 400 265 illud,
416 231 443 258 id
456 231 560 259 illorum
574 232 705 260 excitabat
717 234 851 266 animum;
865 238 892 261 et
903 241 964 262 cum
978 234 1021 262 di-

229 281 320 310 ceret,
336 277 385 310 Qui
399 277 471 305 habet
490 285 563 304 aures
575 279 712 312 audiendi,
727 279 832 313 audiat,
847 279 960 315 idipsum
981 281 1020 308 la-

229 323 323 350 ciebat.
346 323 390 351 Ιϐ.
410 322 458 351 Cui
475 328 557 350 autem
575 325 719 352 assimilabo
732 325 916 360 generationem
934 327 1021 354 hanc?

229 367 322 403 inquit.
339 368 437 396 Similis
451 374 486 396 est
500 369 585 404 pueris
598 369 739 397 sedentibus
759 370 784 398 in
804 371 874 406 foro,
891 375 915 398 et
931 372 1018 399 dican-

227 414 292 441 tibus
302 434 309 447 ,
324 415 370 442 Π.
386 414 457 442 Tibia
470 416 602 442 cecinimus
616 415 683 443 vobis
694 436 702 449 ,
724 420 748 442 et
766 425 817 444 non
831 417 942 445 saltauit
949 425 960 450 ;
977 418 1018 445 la-

226 461 329 488 mentati
347 469 434 489 sumus
448 461 532 494 vobis,
546 466 569 488 et
581 470 632 489 non
644 461 787 497 planxistis.

262 506 355 534 Christi
373 511 397 535 et
415 506 524 535 Joannis
544 507 611 535 idem
624 515 715 543 scopus
729 513 830 535 erat.—
840 507 903 537 litec
925 517 1017 537 rursus

224 552 347 581 videntur
358 561 373 580 a
387 553 599 588 praecedentibus
613 561 665 581 non
680 554 806 589 pendere.
818 555 865 582 sed
876 555 909 583 ad
923 563 1015 584 eorum

225 600 335 627 omnino
358 600 453 628 seriem
476 599 609 635 pertinent
630 608 636 626 :
657 600 755 627 etenim
779 601 813 628 ad
835 601 956 629 eamdem
978 603 1015 631 rei

223 652 355 673 summam
369 649 490 680 spectant
500 665 508 678 ,
523 649 552 673 nt
564 645 720 674 ostendatur
731 645 861 674 Joannem
876 647 925 682 ipsi
946 655 1013 675 con-

222 698 287 718 sona
298 690 400 723 iecisse,
412 690 515 718 etiamsi
525 698 584 726 quia
596 690 695 719 ﬁebant
703 692 836 720 contraria
845 693 1013 721 viderentur:

220 735 292 770 quod
304 736 384 763 etiam
396 736 430 763 de
442 735 647 772 interrogatione
658 737 758 765 dictum
768 742 809 765 est
823 747 830 765 :
845 739 1014 774 ostenditque

220 781 287 809 nihil
298 781 506 816 praetermissum
517 783 598 811 fuisse
607 789 699 811 eorum
707 791 766 819 quae
775 784 809 812 ad
819 785 931 813 salutem
942 785 1015 821 ipso-

220 835 278 856 rum
287 827 410 856 conferre
418 832 538 864 possent;
546 829 617 864 quod
624 829 658 858 de
666 830 741 858 vinea
749 830 854 859 dicebat
863 832 994 867 propheta
1003 841 1011 861 ε

220 873 290 907 Quid
303 874 387 901 adhuc
395 875 489 910 faciam
497 875 576 903 vineit
589 876 658 910 huic,
673 876 740 912 quod
754 885 804 904 non
818 877 920 912 fecerim
935 878 1011 915 (Iani.

219 919 277 955 5.4)
283 919 295 947 7
302 919 348 947 Cui
356 920 433 952 enim,
441 920 488 953 ait,
495 921 640 949 assimilabo
647 923 829 958 generationem
840 924 905 951 hanc
913 925 926 952 ?
934 925 1012 953 Simi—

220 965 251 993 lis
258 970 294 993 est
305 967 388 1001 pueris
394 967 534 994 sedentibus
542 967 569 994 in
577 968 643 1002 foro,
651 974 674 995 et
681 968 829 1003 dicentibus,
840 969 913 997 Tibia
923 972 1012 999 cecini-

217 1019 274 1038 mus
281 1011 384 1044 oobis,et
390 1020 439 1039 non
445 1013 555 1040 saltastis
562 1021 571 1040 :
578 1013 706 1041 (cruentati
713 1023 809 1049 sumus,
818 1020 842 1042 et
850 1024 900 1043 non
907 1017 1010 1052 planxi-

216 1057 270 1084 stis.
287 1057 331 1085 18.
354 1056 427 1085 Venit
447 1058 513 1085 enim
535 1057 647 1086 Joannes
662 1068 740 1095 neque
752 1062 919 1095 manducans,
932 1072 1010 1099 neque

215 1102 310 1137 bibens,
322 1108 345 1130 et
355 1103 623 1139 dicunt:Da:monium
634 1106 716 1134 habet.
730 1107 774 1135 i9.
787 1107 860 1136 Venit
869 1108 892 1135 ι’
894 1109 952 1137 ilius
962 1111 1008 1138 bo-

214 1148 290 1176 minis
312 1149 469 1177 mandamus
488 1155 511 1178 et
530 1151 614 1178 bibens
627 1171 634 1184 ,
657 1157 680 1179 et
699 1152 786 1180 dicunt
809 1161 819 1181 :
843 1153 909 1182 Ecce
933 1155 1008 1184 homo

213 1202 293 1221 vorax
305 1199 328 1221 et
340 1194 390 1222 uini
405 1200 516 1230 potator,
532 1197 722 1232 publicanorum
736 1203 758 1226 et
773 1205 931 1234 peccatorum
942 1202 1007 1229 anti-

212 1248 267 1268 cus.
283 1241 339 1269 Hoc
352 1246 403 1275 est,
415 1241 553 1271 Contraria
568 1251 617 1279 ego
627 1249 654 1272 et
666 1244 782 1273 Joannes
792 1246 834 1274 via
846 1247 1004 1282 incedimus,

213 1291 241 1314 et
255 1285 369 1322 idipsum
383 1287 508 1323 facimus,
521 1296 553 1316 ac
565 1289 588 1317 si
603 1294 753 1324 venatores,
767 1291 849 1320 feram
862 1298 941 1328 captu
953 1293 1006 1322 dif-

213 1331 311 1360 licilem
320 1333 441 1361 videntes
451 1354 458 1368 ,
472 1342 532 1369 quae
544 1342 592 1370 per
602 1335 657 1364 vias
667 1335 734 1364 duas
742 1337 775 1364 ad
790 1345 882 1367 casses
895 1339 1006 1369 tendere

210 1377 309 1412 possit,
325 1382 463 1415 utramque
481 1380 551 1407 viam
565 1381 659 1417 singuli
673 1387 821 1418 occupent,
836 1388 864 1412 et
876 1385 944 1413 alter
957 1393 1006 1421 per

210 1423 370 1452 contrariam
391 1424 469 1453 alteri
490 1425 560 1453 viam
585 1427 718 1462 impellat,
744 1433 773 1457 ut
794 1429 821 1457 in
845 1430 1004 1460 alterutrum

210 1470 319 1497 omnino
330 1469 445 1498 decidat.
461 1470 575 1506 Respice
593 1472 664 1500 enim
683 1474 834 1503 universum
853 1484 937 1512 genus
953 1477 1003 1505 hu-

209 1523 316 1544 manum
327 1537 334 1550 ,
349 1517 484 1553 quomodo
495 1518 625 1553 jejunium
640 1520 726 1548 soleat
739 1521 879 1556 admirari,
898 1531 1003 1552 necnon

209 1563 290 1590 vitam
310 1570 433 1599 asperam
448 1568 476 1592 et
490 1564 712 1600 philosophicam.
729 1566 793 1596 ideo
807 1568 846 1596 sic
859 1570 1002 1598 constituta

209 1616 253 1636 res
275 1609 337 1642 fuit,
359 1614 388 1637 ut
405 1610 522 1638 Joannes
540 1619 555 1638 a
577 1612 661 1647 prima
677 1618 755 1642 tetate
769 1614 821 1643 hoc
839 1616 900 1644 vitae
917 1624 1002 1652 genus

207 1655 336 1689 duceret,
358 1661 387 1684 ut
408 1665 467 1692 quae
481 1658 598 1692 diceret,
614 1659 676 1688 hinc
694 1660 745 1689 llde
758 1661 837 1697 digna
854 1668 954 1691 essent.
968 1665 1002 1692 Et

208 1709 257 1736 qua
276 1701 310 1729 de
325 1710 403 1730 causa
415 1724 422 1736 ,
437 1703 557 1739 inquies,
571 1704 693 1733 Christus
703 1714 755 1734 non
768 1707 888 1736 eamdem
903 1710 1001 1745 ingres-

208 1757 252 1778 sus
273 1749 342 1778 viam
363 1751 423 1778 est?
445 1751 501 1779 lmo
513 1759 578 1780 vero
597 1753 732 1788 ingressus
745 1759 804 1788 est,
823 1756 929 1791 quando
952 1764 1000 1792 per

207 1795 377 1830 quadraginta
391 1797 448 1825 dies
460 1797 588 1833 jejunavit
599 1818 607 1832 ,
628 1804 655 1826 et
667 1799 766 1828 docens
779 1801 924 1835 circuibat,
944 1811 997 1832 non

207 1842 309 1870 habens
325 1843 368 1870 ubi
384 1849 462 1879 caput
478 1845 619 1873 reclinaret
634 1855 640 1872 :
655 1851 780 1874 ceterum
797 1847 841 1876 ille
853 1849 907 1877 alio
921 1850 1000 1878 modo

210 1889 260 1916 hoc
275 1888 352 1921 fecit,
368 1893 397 1916 ut
411 1889 472 1917 inde
494 1889 594 1918 lucrum
616 1890 673 1918 ﬁeri
689 1892 849 1926 provideret.
869 1894 935 1922 Nam
957 1895 999 1923 id-

207 1934 290 1967 ipsuni
305 1939 378 1968 erat,
400 1935 469 1969 quod
484 1936 605 1963 eamdem
625 1940 727 1965 teneret
745 1937 832 1971 viam;
849 1939 903 1967 imo
922 1940 1000 1977 longe

206 1979 292 2014 ntsjus
304 1984 376 2013 erat,
390 1980 462 2015 quod
474 1981 512 2014 is,
527 1981 571 2016 qui
593 1982 636 2010 illa
653 1983 693 2010 via
708 1983 860 2018 incederet,
877 1987 998 2016 testiino-

205 2026 250 2055 nio
262 2034 311 2056 suo
322 2028 409 2063 ipsum
422 2030 579 2058 celebraret.
590 2031 713 2067 Alioquin
727 2040 791 2061 vero
803 2034 920 2063 Joannes
932 2036 997 2064 nihil

203 2073 273 2101 aliud
288 2081 366 2110 quam
381 2075 441 2102 vita!
452 2076 623 2111 asperitatem
636 2077 788 2107 exhibebat.
804 2079 910 2109 Nullum
924 2083 996 2110 enim

202 2119 307 2153 signum
321 2119 385 2147 fecit
405 2130 412 2148 :
433 2121 556 2149 Christus
570 2129 633 2150 vero
645 2128 673 2151 et
690 2124 826 2159 signorum
840 2130 867 2154 et
880 2127 995 2155 miracu-

202 2164 289 2192 lorum
305 2166 487 2194 testimonium
500 2167 592 2195 habuit
604 2168 701 2203 (Joan.
716 2169 761 2198 i0.
777 2171 808 2198 bl
822 2170 842 2206 ).
864 2171 995 2201 Jonnnem

200 2217 265 2244 ergo
279 2211 432 2246 relinquens
446 2220 460 2239 a
478 2212 580 2248 jejunio
599 2214 747 2248 celebrari,
770 2216 814 2244 ille
834 2219 993 2246 contrariam

201 2255 270 2283 viam
292 2257 394 2290 tenuit,
418 2257 451 2285 ad
474 2265 580 2286 mensas
598 2259 749 2295 ingrediens
773 2262 992 2299 publicanorum,

202 2301 364 2329 manducans
379 2307 407 2330 et
419 2303 522 2331 bibens.

235 2347 262 2374 4.
284 2346 479 2383 lnterrogemus
494 2349 584 2385 itaque
597 2350 704 2379 Iudaeos
727 2361 734 2379 :
754 2352 861 2382 Bonane
885 2363 927 2382 res
951 2361 992 2383 est

196 2392 327 2427 jejunium
339 2414 346 2426 ,
366 2398 395 2421 et
415 2393 588 2422 admiranda?
602 2395 673 2431 Ergo
691 2398 808 2432 oportuit
822 2398 916 2427 Joanni
932 2408 992 2428 cre-

199 2440 280 2472 dere,
294 2445 322 2468 et
333 2441 407 2469 illum
421 2442 561 2472 admittere
572 2465 580 2478 ,
597 2445 707 2480 ejusque
721 2446 800 2474 dictis
819 2455 924 2482 parere.
947 2449 991 2476 Sic

198 2486 269 2513 enim
285 2487 328 2515 illa
347 2489 426 2516 Verba
447 2497 495 2516 vos
514 2490 547 2517 ad
566 2490 656 2519 Jesum
677 2491 823 2520 adductura
842 2499 926 2522 erant.
948 2495 989 2522 An

197 2539 311 2560 onerosa
324 2539 349 2561 et
364 2533 430 2562 dura
445 2542 488 2563 res
502 2540 544 2563 est
562 2537 712 2571 jejunium?
727 2538 797 2575 Ergo
807 2539 869 2568 Jesu
882 2541 989 2569 Christo

196 2578 435 2614 obtemperantium
450 2586 524 2614 erat,
539 2582 640 2618 ipsique
652 2583 777 2618 credere,
797 2586 843 2622 qui
856 2590 987 2615 contraria

199 2622 337 2651 incedebat
351 2625 402 2652 via.
416 2625 468 2654 Per
481 2630 619 2662 utramque
633 2629 641 2644 ¹
655 2629 724 2657 viam
738 2629 764 2658 in
779 2638 889 2666 regnum
903 2632 987 2659 intra-

197 2667 248 2695 turi
261 2668 352 2696 eratis.
368 2669 403 2697 At
417 2670 454 2698 illi
468 2672 542 2706 quasi
559 2672 612 2700 fera
627 2673 752 2702 immanis
764 2679 905 2712 utrumque
918 2678 987 2706 male

195 2713 369 2748 accipiebant.
390 2714 465 2742 Nulla
484 2724 547 2751 ergo
558 2718 635 2753 culpa
649 2724 689 2746 est
703 2727 796 2748 eorum
816 2722 914 2756 quibus
933 2731 984 2750 non

194 2758 325 2786 creditum
337 2763 393 2793 est,
405 2760 452 2789 sed
463 2769 556 2790 eorum
570 2768 669 2792 tantum
680 2765 724 2800 qui
738 2773 789 2794 non
804 2767 981 2796 crediderunt.

195 2802 276 2832 Nemo
286 2805 357 2833 enim
366 2807 498 2835 contraria
508 2808 585 2837 simul
596 2809 737 2846 vituperet,
746 2815 775 2840 ut
786 2820 872 2848 neque
883 2814 980 2843 laudet.

223 2860 233 2876 ⁸
249 2860 355 2894 Qum,
367 2869 410 2894 per
421 2863 569 2890 alterutram

595 129 624 157 S.
642 129 780 159 JOANNIS
796 130 1031 160 CHRYSOSTOMI
1050 133 1210 164 ARCHIEP.
1229 136 1494 169 CONSTANTINOP.

1817 146 1866 177 421

1078 189 1157 219 Verbi
1167 194 1252 228 gratia
1261 215 1269 228 ,
1283 196 1328 231 qui
1340 196 1428 225 virum
1441 197 1555 227 hilarem
1568 207 1600 228 ac
1613 201 1756 232 remissum
1770 210 1868 240 appro-

1074 235 1119 263 bat
1128 257 1136 269 ,
1150 245 1273 267 severum
1286 241 1483 285 velbarbarum
1501 251 1555 273 non
1569 247 1726 282 approbabit
1739 258 1746 277 :
1760 235 1813 285 qui
1823 258 1870 279 se-

1074 289 1164 310 verum
1177 283 1283 319 laudat,
1300 284 1390 315 Italum
1406 296 1459 317 non
1473 289 1601 320 laudabit.
1616 292 1677 320 Non
1691 283 1780 329 potest
1796 297 1867 325 enim

1073 331 1100 355 et
1112 327 1170 357 haec
1183 334 1211 357 et
1225 330 1270 359 illa
1290 331 1369 360 simul
1383 335 1524 369 approbari
1539 338 1681 366 sententia.
1691 327 1813 376 videoque
1831 343 1869 370 ait

1072 373 1133 408 ille,
1157 375 1229 404 Tibia
1246 379 1382 408 cecinimus
1393 381 1472 416 vobis,
1491 387 1515 410 et
1533 391 1585 411 non
1599 385 1727 419 sattastis;
1741 373 1793 415 hoc
1806 393 1847 416 est
1858 410 1866 422 ,

1071 421 1220 451 Remissam
1233 424 1341 454 exhibui
1358 427 1457 462 vitam,
1472 433 1501 457 et
1521 437 1575 458 non
1593 431 1813 468 obtemperastis;
1828 421 1866 469 et,

1070 465 1214 496 Lamentati
1233 478 1336 505 sumus,
1355 478 1380 500 et
1398 481 1449 501 non
1464 474 1619 510 planxistis;
1637 477 1663 505 id
1677 465 1734 512 est,
1750 465 1866 509 Joannes

1069 519 1189 542 severam
1203 520 1230 543 et
1238 523 1347 551 gravem
1361 519 1440 547 vitam
1454 521 1592 557 amplexus
1604 528 1656 556 est,
1671 529 1698 552 et
1711 533 1764 553 nou
1778 531 1866 555 atten-

1069 558 1156 588 distis.
1170 560 1228 590 Non
1243 563 1325 598 dixit,
1339 565 1397 601 Ego
1411 567 1483 594 illam
1495 589 1503 602 ,
1518 568 1564 596 ille
1584 569 1653 598 hanc
1666 571 1747 599 vitam
1762 573 1836 601 duxit
1855 583 1863 601 :

1068 606 1115 634 sed
1128 608 1188 643 quia
1202 611 1340 646 utriusque
1350 621 1401 640 una
1414 619 1471 642 erat
1485 617 1627 652 sententia,
1639 619 1689 646 etsi
1700 619 1787 648 studia
1797 629 1863 649 con-

1068 653 1165 686 traria,
1180 654 1240 683 ideo
1265 659 1416 686 communia
1440 666 1514 695 gesta
1539 662 1603 692 dicit
1623 670 1693 694 esse.
1707 665 1772 694 Nam
1792 668 1863 704 quod

1066 700 1227 728 contrariam
1242 701 1320 730 iniret
1333 705 1402 731 viam
1413 725 1421 738 ,
1441 713 1474 734 ex
1494 708 1596 743 majore
1608 712 1749 740 concordia
1764 713 1862 743 factum

1066 748 1125 778 est,
1139 752 1198 780 qua:
1210 748 1333 775 eumdem
1349 752 1486 785 spectabat
1499 752 1589 782 linem.
1609 755 1694 789 Quam
1709 765 1774 794 ergo
1785 759 1862 787 dein-

1066 798 1130 826 ceps
1143 792 1327 822 defensionem
1343 796 1479 825 habeatis?
1495 799 1555 827 ldeo
1569 801 1705 836 subjunxit
1720 813 1728 830 :
1743 792 1776 831 lit
1783 805 1862 840 justi-

1065 837 1142 872 ﬁcata
1154 843 1190 866 est
1204 840 1328 876 sapientia
1341 850 1357 868 a
1371 842 1432 876 filiis
1450 844 1521 878 suis;
1544 846 1594 873 hoc
1607 851 1667 881 est,
1680 837 1791 878 Etiamsi
1812 859 1861 879 vos

1064 891 1117 911 non
1130 884 1388 922 obtemperaveritis,
1397 894 1425 917 It
1434 898 1476 918 me
1488 892 1555 919 ultra
1569 894 1705 922 criminari
1719 904 1772 924 non
1783 903 1860 932 pote-

1064 930 1132 958 ritis.
1146 931 1222 965 Quod
1237 933 1270 961 de
1286 933 1365 963 Patre
1377 935 1441 964 dicit
1454 938 1581 973 propheta
1599 948 1606 967 :
1624 941 1659 968 Ut
1672 930 1819 977 iusti/iceris
1831 946 1858 973 in

1061 979 1217 1006 sermonibus
1229 980 1279 1008 tuis
1287 980 1372 1017 (Psal.
1387 983 1431 1011 50.
1448 984 1485 1018 6).
1501 985 1569 1013 Dcus
1580 987 1650 1015 enim
1664 989 1780 1024 etiamsi,
1793 991 1857 1019 dum

1062 1025 1146 1052 nostri
1159 1033 1249 1054 curam
1264 1028 1349 1062 gerit,
1370 1029 1436 1057 nihil
1451 1032 1571 1066 perliciat
1581 1053 1589 1066 ,
1605 1041 1651 1061 sua
1669 1039 1757 1064 tamen
1769 1039 1858 1067 omnia

1061 1069 1168 1105 implet,
1185 1072 1220 1099 ita
1234 1077 1262 1100 ut
1274 1080 1309 1101 ne
1322 1074 1430 1110 quidem
1444 1077 1564 1105 umbram
1578 1078 1754 1110 dubitationis
1768 1083 1857 1119 impu-

1060 1115 1184 1145 dentibus
1199 1118 1379 1155 improbisque
1394 1122 1535 1158 relinquat.
1549 1124 1577 1152 Si
1592 1132 1656 1153 vero
1675 1129 1797 1164 exempla
1806 1115 1857 1158 illa

1059 1163 1155 1198 quibus
1164 1164 1248 1192 utitur
1257 1166 1317 1194 vilia
1326 1167 1380 1195 sint
1387 1172 1414 1196 et
1423 1169 1608 1205 incomposita.
1620 1179 1653 1200 ne
1661 1163 1764 1203 mireris
1774 1183 1782 1208 ;
1792 1184 1853 1204 nam

1058 1209 1092 1236 ad
1107 1210 1259 1240 auditorum
1274 1213 1455 1243 infirmitatem
1470 1224 1531 1245 sese
1543 1218 1659 1253 aptabat.
1676 1219 1814 1256 Siquidem
1829 1228 1857 1251 et

1060 1254 1184 1284 Ezechiel
1201 1258 1284 1286 multa
1298 1259 1375 1288 all‘ert
1389 1263 1511 1298 exempla
1526 1263 1578 1292 illis
1592 1254 1751 1300 opporiuna,
1763 1273 1791 1295 et
1809 1268 1855 1296 Dei

1058 1300 1199 1336 majestate
1213 1303 1320 1340 indigna
1335 1305 1447 1341 (Eucti.
1468 1307 1486 1335 4
1504 1313 1528 1336 et
1547 1309 1612 1345 ιϐ).
1637 1311 1733 1340 Verum
1755 1318 1782 1341 et
1804 1314 1856 1342 hoc

1057 1347 1138 1376 etiam
1150 1349 1258 1385 dignum
1272 1355 1315 1379 est
1327 1353 1409 1387 ipsius
1423 1355 1598 1389 providentia.
1614 1357 1757 1387 Considera
1774 1368 1855 1395 porro

1057 1393 1117 1422 illos
1129 1395 1208 1423 etiam
1227 1396 1335 1426 aliunde
1356 1398 1382 1426 in
1401 1401 1548 1430 contrarias
1561 1403 1724 1432 circumferri
1740 1411 1853 1434 senten-

1057 1439 1118 1468 tias.
1131 1440 1198 1469 Nam
1208 1449 1268 1470 cum
1278 1443 1406 1473 Joannem
1421 1446 1720 1478 dixissentdzemonium
1741 1452 1850 1487 habere,

1056 1494 1110 1514 non
1125 1487 1169 1515 hic
1182 1492 1314 1518 steterunt
1324 1511 1331 1524 ,
1347 1491 1395 1520 sed
1409 1492 1460 1521 hoc
1474 1493 1560 1529 ipsum
1573 1495 1607 1523 de
1620 1496 1726 1525 Christo
1746 1504 1853 1526 contra-

1055 1533 1097 1561 rio
1111 1533 1191 1562 modo
1203 1535 1308 1564 vivente
1322 1537 1447 1566 dixerunt
1467 1548 1474 1566 :
1494 1541 1533 1568 sic
1545 1549 1652 1577 semper
1665 1544 1690 1570 in
1705 1546 1853 1573 sententias

1055 1585 1146 1606 secum
1159 1585 1307 1615 pugnantes
1326 1582 1525 1612 deferebantur.
1550 1586 1634 1615 Lucas
1654 1596 1718 1616 vero
1734 1596 1794 1617 cum
1811 1591 1852 1619 his

1054 1624 1135 1652 aliam
1149 1633 1255 1662 quoque
1275 1628 1404 1663 majorem
1424 1630 1501 1659 affert
1519 1640 1612 1660 eorum
1636 1637 1850 1671 accusationem,

1053 1669 1168 1700 dicens:
1191 1671 1326 1701 Publiceni
1347 1675 1414 1703 enim
1432 1678 1634 1713 justiﬁcaverunt
1656 1681 1752 1716 Deum,
1768 1686 1850 1712 susci-

1055 1716 1152 1751 pientes
1164 1717 1291 1753 baptisma
1312 1720 1421 1749 Joannis
1436 1723 1517 1758 (Luc.
1534 1725 1559 1751 7.
1574 1725 1609 1753 29
1619 1726 1638 1762 ).
1653 1727 1729 1755 Tunc
1741 1729 1848 1758 domum

1053 1761 1204 1791 civitatibus
1222 1766 1382 1800 exprobrat,
1404 1775 1464 1795 cum
1477 1761 1622 1803 justificata
1635 1772 1682 1800 fuit
1696 1775 1825 1809 sapientia
1840 1797 1847 1809 ,

1052 1808 1159 1842 quando
1169 1810 1256 1837 omnia
1268 1811 1376 1846 impleta
1390 1813 1471 1842 fuisse
1481 1814 1683 1845 demonstravit.
1697 1808 1763 1853 Quia
1776 1821 1848 1849 enim

1052 1853 1078 1881 id
1094 1862 1146 1882 non
1168 1857 1299 1891 persuasit
1318 1858 1386 1892 illis,
1408 1861 1521 1889 miseros
1537 1862 1596 1890 illos
1616 1865 1757 1899 prmdicat;
1778 1867 1847 1902 quod

1052 1900 1129 1935 pejus
1138 1906 1180 1929 est
1189 1910 1269 1937 quam
1278 1904 1299 1931 si
1309 1908 1538 1940 perterrefaceret.
1551 1909 1655 1938 Etenim
1664 1917 1691 1938 et
1701 1900 1847 1941 doctrinam

1050 1946 1172 1975 adhibuit
1191 1953 1219 1976 et
1238 1950 1377 1979 miracula.
1393 1952 1460 1986 Quia
1475 1962 1538 1982 vero
1554 1955 1580 1983 in
1594 1957 1686 1984 eadem
1702 1959 1846 1987 increduli-

1051 1996 1105 2020 tate
1117 1999 1289 2028 manserunt,
1303 1996 1412 2025 demum
1424 2001 1577 2034 exprobrat.
1600 2001 1645 2030 20.
1668 2002 1741 2031 Tum:
1761 2007 1827 2032 enim
1838 2027 1845 2037 ,

1049 2037 1087 2064 ait
1096 2058 1104 2071 ,
1117 2038 1193 2066 Jesus
1207 2042 1281 2076 coepit
1295 2043 1448 2077 exprobrare
1462 2045 1614 2080 civitatibus,
1628 2048 1655 2075 in
1669 2049 1758 2084 quibus
1771 2051 1846 2085 facta:

1050 2085 1150 2120 fuerant
1172 2087 1288 2122 plurimm
1306 2089 1410 2117 virtutes
1424 2091 1497 2127 ejus,
1518 2093 1578 2121 auia
1602 2095 1773 2128 paenitentiam
1794 2105 1845 2124 non

1047 2136 1150 2166 egerant
1162 2152 1169 2164 ,
1186 2133 1271 2160 dicens
1287 2142 1296 2161 :
1309 2134 1354 2162 2i.
1376 2135 1418 2163 Va
1432 2137 1478 2164 tibi
1492 2137 1638 2172 Cborazin;
1652 2149 1688 2168 rte
1701 2142 1744 2168 tibi
1764 2142 1843 2170 Det/i-

1047 2177 1131 2204 saidu.
1154 2178 1254 2206 Deinde
1277 2184 1306 2206 ut
1328 2180 1415 2209 discas
1436 2190 1484 2210 eos
1499 2191 1551 2212 non
1574 2190 1667 2214 natura
1682 2187 1748 2215 tales
1761 2196 1842 2222 esse,

1047 2230 1144 2251 nomen
1161 2225 1233 2252 urbis
1255 2226 1325 2254 illius
1344 2229 1437 2262 ponit,
1462 2231 1532 2258 unde
1550 2232 1668 2268 quinque
1689 2235 1843 2269 prodierant

1045 2269 1168 2303 apostoli.
1181 2269 1245 2298 Nam
1259 2271 1396 2308 Philippus
1409 2279 1436 2302 et
1450 2274 1504 2303 duo
1518 2277 1559 2303 illa
1574 2280 1778 2315 coryphasorum
1794 2290 1842 2318 pa-

1046 2315 1084 2341 ria
1100 2316 1136 2350 (α)
1154 2316 1214 2344 inde
1226 2322 1311 2345 erant.
1329 2319 1396 2351 Quia
1416 2321 1439 2347 si
1456 2321 1483 2348 in
1506 2321 1573 2358 Tyro
1593 2329 1617 2351 et
1639 2325 1737 2353 Sidone
1750 2348 1757 2359 .
1783 2315 1820 2356 ait
1832 2350 1840 2360 ,

1045 2361 1119 2394 factte
1134 2362 1239 2396 fuissent
1253 2364 1366 2395 virtutes.
1382 2374 1438 2398 quae
1447 2367 1473 2393 in
1485 2368 1553 2395 vobis
1566 2369 1641 2404 facta
1654 2378 1722 2406 sunt,
1737 2374 1797 2400 olim
1812 2375 1839 2402 in

1043 2414 1116 2433 sacco
1134 2413 1157 2433 at
1172 2408 1255 2435 cinere
1269 2411 1440 2444 paenitentiam
1453 2414 1571 2448 egissent.
1594 2415 1641 2444 Ὦ.
1661 2416 1841 2449 Verumtamen

1043 2451 1099 2478 dico
1112 2453 1191 2485 vobis,
1206 2452 1274 2489 Tyro
1288 2460 1311 2482 et
1326 2456 1419 2484 Sidoni
1432 2459 1560 2487 remissius
1574 2462 1622 2488 erit
1635 2462 1661 2489 in
1675 2463 1716 2491 die
1732 2465 1837 2500 judicii,

1042 2504 1117 2531 quam
1129 2497 1207 2525 vobis.
1221 2499 1266 2527 2.3.
1278 2499 1313 2527 Et
1326 2506 1352 2528 tu
1363 2502 1536 2539 Capernaum,
1550 2514 1608 2541 qua:
1617 2515 1694 2544 usque
1707 2497 1741 2537 ad
1749 2497 1838 2540 corium

1041 2543 1152 2569 exaltant
1166 2551 1192 2570 es
1201 2564 1209 2577 ,
1231 2553 1309 2581 usque
1325 2547 1361 2574 ad
1379 2549 1507 2583 infernum
1521 2543 1657 2581 descendes
1671 2563 1681 2582 :
1702 2557 1761 2591 quia
1775 2558 1798 2585 si
1810 2559 1837 2586 in

1042 2587 1160 2615 Sodomis
1174 2590 1249 2624 facile
1262 2592 1368 2626 fuissent
1380 2594 1494 2628 virtutes,
1509 2604 1565 2631 quae
1577 2598 1653 2633 facta:
1664 2587 1723 2628 sunt
1744 2602 1771 2629 in
1792 2607 1815 2631 te
1826 2623 1836 2638 ,

1040 2634 1189 2662 mansissent
1204 2636 1290 2672 utique
1303 2638 1337 2664 ad
1351 2638 1416 2666 hanc
1431 2640 1507 2668 diem.
1522 2641 1567 2670 24.
1588 2643 1764 2675 Verumtamen
1779 2634 1834 2677 dico

1040 2679 1107 2706 vobis
1119 2699 1126 2711 .
1147 2681 1207 2716 quia
1227 2687 1300 2710 ten-te
1314 2683 1483 2714 Sodomorum
1501 2689 1629 2717 remissius
1641 2691 1688 2718 erit
1700 2693 1726 2719 in
1741 2694 1781 2721 die
1789 2695 1833 2730 ju-

1039 2724 1100 2750 dicii
1110 2746 1117 2756 ,
1133 2733 1208 2759 quam
1224 2727 1276 2754 tibi.
1291 2728 1348 2756 Non
1363 2731 1421 2757 sine
1431 2738 1510 2759 causa
1525 2733 1639 2762 Sodoma
1653 2739 1772 2772 apponit,
1787 2724 1832 2768 sed

1039 2776 1067 2797 ut
1079 2776 1173 2806 augeat
1183 2774 1389 2804 accusationem.
1406 2776 1528 2812 Magnum
1541 2781 1639 2816 quippe
1653 2785 1775 2818 nequitia:
1787 2793 1834 2813 ard

1070 2841 1111 2888 sal).
1123 2842 1368 2888 Rugfoppheorum
1379 2849 1444 2879 paria
1455 2853 1521 2880 sunt,
1533 2853 1619 2877 Petrus
1629 2856 1654 2878 et
1666 2855 1781 2888 Andreas,
1793 2861 1832 2883 Ju-

1037 2873 1112 2897 cobus
1123 2877 1148 2898 et
1158 2873 1269 2900 Joannes.
