2067 3134
220 174 271 201 ‘25

216 235 372 267 gementum
388 233 439 262 est,
450 236 510 256 cum
522 235 574 255 non
585 227 666 255 modo
677 227 861 262 praesentibus,
872 228 919 256 sed
930 227 1010 255 etiam

217 278 249 305 iis
259 276 303 312 qui
315 276 378 304 olim
389 275 496 303 fuerunt
505 274 642 303 sceleratis
652 274 799 302 deteriores
808 281 867 301 esse
877 274 1009 301 videntur.

191 318 203 361 ξ
217 323 261 351 Sic
272 327 300 350 et
312 322 375 350 alibi
391 323 462 357 ipsos
479 321 639 349 condemnat
658 321 856 355 comparatione
869 320 936 348 facta
949 328 1010 348 cum

218 369 342 396 Ninivitis
353 372 380 396 et
397 375 458 396 cum
476 368 568 402 regina
583 367 672 394 Austri
690 367 794 403 (Manli.
813 367 858 395 12.
874 367 919 394 Μ.
935 366 984 403 42)
1001 376 1008 395 :

216 422 307 442 verum
324 414 377 442 illic
396 414 428 442 iis
447 414 490 449 qui
512 418 585 441 recte
605 413 742 445 fecerunt,
767 413 811 441 hic
831 421 897 441 vero
913 413 945 441 iis
965 413 1009 449 qui

217 460 286 487 tnale
297 464 408 494 egerunt
420 460 493 494 ipsos
505 463 651 494 comparat,
665 459 736 494 quod
750 460 827 494 longe
840 459 946 494 gravius
957 463 1007 487 est.

217 505 293 521 "una
304 512 408 521 ηιιΛηιιΑ
422 504 562 521 Λοιηοιηηηδῖ
577 504 683 521 modum
694 505 765 521 nnuil
777 504 897 521 ΙῖηοηΙνιῖοΙ
907 514 913 519 ι
928 512 1007 521 nino-ﬂ

190 496 203 521 ³
217 505 293 532 Ilnnc
303 512 408 540 quoque
421 504 563 532 damnandi
576 504 683 532 modum
694 505 766 532 novit
777 504 914 538 Ezechiel;
927 512 1009 540 quare

215 550 283 579 dixit
294 550 467 586 Jerosolymre
482 558 489 577 :
509 549 663 583 Justiﬁcasti
676 558 774 578 sorores
784 555 841 577 tuas
855 550 881 577 in
894 549 1009 577 omnibus

216 598 383 632 peccatistut's
397 596 510 632 (Eucti.
533 596 575 623 16.
598 596 663 630 51).
685 596 729 624 Sic
751 596 850 632 ubique
872 597 898 624 in
917 596 1008 625 Veteri

215 643 387 671 Testamento
401 643 427 670 in
443 642 484 670 his
498 642 602 676 versari
611 643 688 670 solet.
704 642 795 678 Neque
810 643 853 670 hic
870 643 949 671 ﬁnem
968 643 1008 671 di-

215 689 292 717 cendi
305 688 378 722 facit,
394 688 442 716 sed
458 688 582 716 timorem
594 692 672 723 auget
684 688 776 715 dicens
787 708 795 721 ,
809 688 929 723 graviora
943 696 1007 724 pas-

215 741 292 762 suros
306 734 366 762 illos
377 741 453 767 esse,
467 741 547 770 quam
559 733 710 762 Sodomitas
723 738 750 761 et
762 734 868 769 Tyrios.
882 734 921 762 lta
934 734 1007 769 ipsos

215 781 331 817 undique
345 781 478 814 concitat,
494 785 522 808 et
534 787 595 809 cum
615 781 729 809 miseros
741 780 886 817 praedicat,
900 785 928 810 et
945 789 1006 809 cum

215 826 410 862 perterrefacit.

251 873 278 900 5.
293 871 463 907 Hospitalitas
475 871 673 899 commendatur.
689 871 782 899 Contra
794 873 934 900 meretricia
946 881 1007 901 can-

213 919 274 945 tica.
295 933 331 938 —
350 917 414 945 Haec
428 925 535 953 quoque
549 925 599 945 nos
613 917 760 945 audiamus.
777 918 868 953 Neque
880 919 951 946 enim
964 919 1006 947 in-

214 963 332 991 credulis
353 966 455 991 tantum
467 984 475 997 ,
494 963 541 991 sed
561 964 640 990 etiam
656 963 732 990 nobis
746 964 851 999 gravius
870 966 1006 993 constituit

213 1009 372 1043 supplicium
382 1029 389 1041 ,
406 1016 485 1044 quam
500 1008 644 1036 Sodomitis
656 1029 663 1042 ,
679 1009 729 1036 nisi
745 1009 898 1044 peregrinos
911 1010 943 1037 ad
957 1018 1006 1038 nos

213 1056 351 1083 venientes
366 1055 529 1090 excipiamus
541 1077 548 1088 ,
561 1062 621 1082 cum
635 1055 714 1083 etiam
728 1055 864 1090 pulverem
878 1061 1005 1084 excutere

211 1101 337 1137 jusserit;
362 1109 394 1130 ac
411 1102 472 1137 jure
486 1102 590 1129 merito.
612 1101 651 1129 Illi
671 1109 804 1137 namque,
819 1103 870 1130 etsi
890 1103 1006 1138 graviter

213 1151 358 1182 peccaruut
369 1169 377 1181 ,
393 1152 420 1175 at
433 1152 495 1175 ante
509 1148 595 1183 legem
608 1153 635 1175 ct
648 1149 760 1183 gratiam
772 1148 839 1183 lapsi
853 1153 933 1182 sunt;
955 1157 1005 1177 nos

212 1201 277 1221 vero
290 1194 334 1229 qui
353 1198 413 1228 post
431 1198 529 1221 tantam
554 1193 629 1221 nobis
644 1194 788 1221 exhibitam
802 1201 893 1221 curam
913 1202 1005 1230 pecca-

212 1247 291 1275 mus,
304 1247 355 1274 qua
370 1239 470 1267 erimus
491 1239 568 1266 venia
583 1238 655 1273 digni
668 1260 676 1273 ,
690 1240 735 1274 qui
754 1243 855 1267 tantum
870 1239 1003 1275 hospitum

211 1285 301 1312 odium
318 1284 474 1312 exhibemus
487 1305 495 1318 ,
516 1284 661 1320 egenisque
677 1290 785 1320 portas,
799 1290 825 1313 et
837 1290 899 1313 ante
915 1291 1005 1320 portas

210 1339 290 1358 aures
311 1331 480 1359 claudimus?
502 1338 552 1359 nec
571 1331 651 1359 modo
670 1332 829 1367 pauperibus
841 1353 848 1365 ,
864 1332 911 1360 sed
924 1332 1004 1359 etiam

211 1377 275 1412 ipsis
289 1378 434 1412 apostolis?
448 1377 510 1405 Ideo
522 1378 593 1405 enim
606 1378 779 1413 pauperibus,
792 1379 853 1413 quia
866 1379 1002 1413 apostolis.

210 1425 277 1451 Cum
287 1424 359 1452 enim
375 1425 471 1460 legitur
485 1425 583 1452 Paulus
593 1445 599 1456 ,
614 1431 662 1451 nec
679 1428 704 1451 tu
718 1424 848 1457 attendis;
863 1432 922 1452 cum
936 1432 1004 1460 prae-

209 1470 281 1497 dicat
293 1470 428 1504 Joannes,
444 1475 470 1498 et
492 1475 519 1498 tu
542 1478 594 1497 non
611 1470 687 1498 audis
702 1479 708 1497 :
722 1470 889 1505 quandonam
906 1478 1004 1505 paupe-

209 1524 266 1544 rem
281 1518 404 1551 recipies,
417 1517 462 1552 qui
475 1517 627 1552 apostolum
641 1525 694 1544 non
707 1517 821 1551 recipis?
833 1516 867 1545 Ut
879 1517 967 1552 itaque
976 1522 1004 1545 et

209 1563 251 1590 his
265 1563 346 1596 aedes,
362 1568 390 1591 et
403 1563 456 1591 illis
468 1571 547 1591 aures
561 1568 689 1598 perpetuo
703 1568 802 1597 apertae
815 1563 878 1596 sint,
895 1563 1002 1591 sordem

208 1617 315 1637 omnem
337 1609 371 1636 ab
391 1609 499 1637 auribus
520 1610 616 1636 anima:
636 1616 822 1644 expurgemus.
843 1608 917 1637 Sicut
930 1609 1001 1637 enim

208 1656 301 1683 sordes
313 1660 340 1683 et
352 1656 432 1683 limus
442 1664 519 1683 aures
532 1656 663 1690 corporis,
675 1656 714 1683 sic
725 1655 875 1684 meretricia
888 1656 1001 1689 cantica,

208 1703 350 1730 saeculares
369 1702 551 1733 narrationes,
566 1702 665 1735 debita,
682 1709 819 1730 sermones
834 1702 868 1730 de
882 1709 961 1729 usura
975 1706 1003 1730 et

207 1753 299 1776 mutuo
311 1769 319 1782 ,
339 1749 423 1784 magis
435 1756 514 1783 quam
530 1748 629 1783 qumvis
643 1748 736 1776 sordes
750 1755 830 1775 aures
843 1748 939 1775 animm
951 1748 1000 1776 oh-

208 1799 315 1826 terant;
332 1795 385 1821 imo
400 1801 452 1821 non
468 1794 594 1821 obturant
608 1794 699 1828 modo,
713 1793 763 1821 sed
775 1794 926 1821 immundas
941 1794 1001 1821 red-

206 1839 282 1867 dunt.
299 1840 363 1867 Nam
379 1840 423 1875 qui
448 1840 498 1867 ista
517 1844 642 1872 narrant,
659 1839 750 1866 fimum
766 1839 793 1866 in
808 1847 885 1867 aures
899 1843 1001 1867 vestras

207 1886 338 1920 injiciunt.
360 1886 398 1913 Ac
408 1885 478 1921 quod
488 1885 615 1913 barbarus
624 1885 669 1912 ille
676 1885 887 1912 comminabatur
893 1884 1001 1913 dicens:

207 1932 347 1959 Catnedelis
359 1936 453 1959 stercus
472 1936 588 1963 vestrum,
604 1936 656 1958 etc.
673 1931 682 1966 (
698 1930 761 1958 Isai.
776 1931 818 1958 56.
833 1931 885 1966 12)
901 1940 908 1959 :
921 1931 960 1958 sic
974 1935 1001 1958 et

206 1978 250 2006 isti
264 1986 317 2005 non
331 1978 422 2011 verbo,
439 1977 485 2005 sed
498 1978 623 2013 operibus
637 1984 669 2004 eo
681 1984 728 2004 vos
740 1977 883 2009 deducunt,
898 1981 927 2003 ut
942 1976 1000 2004 hinc

206 2024 377 2056 sustineatis;
392 2023 446 2050 imo
459 2027 485 2050 et
500 2023 578 2058 longe
591 2022 705 2057 gravius.
720 2022 823 2050 Etenim
839 2022 883 2049 illa
896 2022 998 2049 cantica

207 2069 248 2096 his
269 2069 347 2104 longe
368 2068 479 2096 foediora
495 2072 558 2095 sunt
578 2076 585 2094 :
607 2068 729 2103 quodque
743 2068 860 2095 deterius
872 2071 928 2099 est,
946 2075 998 2095 non

206 2114 286 2142 modo
298 2114 356 2141 haec
369 2113 481 2140 moleste
497 2121 550 2140 non
565 2113 653 2147 fertis,
669 2113 716 2140 sed
729 2113 808 2140 etiam
823 2112 923 2145 ridetis,
939 2120 998 2140 cum

205 2164 343 2196 oporteret
355 2160 488 2188 exsecrari
503 2167 534 2186 ac
551 2159 651 2194 fugere.
666 2159 742 2193 Quod
758 2159 780 2186 si
792 2159 849 2186 haec
862 2158 1000 2185 abomina-

205 2206 269 2234 bilia
283 2213 335 2233 non
348 2209 420 2238 sunt,
433 2204 566 2233 descende
581 2205 606 2231 in
620 2204 793 2237 orchestram,
810 2205 914 2231 imitare
928 2203 999 2239 quod

205 2252 314 2285 laudas;
337 2252 391 2279 imo
403 2251 445 2278 adi
460 2259 520 2278 eum
532 2251 576 2286 qui
591 2251 660 2278 hunc
673 2251 754 2278 risum
768 2251 875 2278 excitat.
900 2250 998 2278 Verum

206 2298 232 2325 id
247 2305 389 2333 numquam
403 2297 490 2325 facere
502 2297 584 2324 ausis.
600 2297 652 2324 Cur
663 2305 727 2332 ergo
740 2297 778 2324 illi
792 2301 892 2324 tantum
907 2297 999 2325 tribuis

207 2345 335 2370 honorem
346 2343 359 2369 ?
370 2342 450 2377 Atqui
464 2342 618 2370 Grzeeorum
635 2342 706 2377 leges
719 2342 868 2377 descriptae,
885 2343 943 2369 illos
956 2343 998 2370 in-

205 2388 289 2416 fames
304 2388 395 2416 haberi
411 2388 504 2415 volunt
519 2398 525 2415 :
540 2392 568 2415 tu
587 2396 651 2415 vero
672 2388 731 2415 illos
747 2396 806 2415 cum
823 2392 877 2416 tota
891 2389 998 2416 civitate

205 2435 302 2469 recipis
312 2454 320 2467 ,
343 2435 418 2469 quasi
432 2434 532 2469 legatos
545 2434 553 2449 ¹
568 2439 595 2461 et
608 2433 690 2461 duces
699 2455 706 2467 ,
722 2441 868 2469 omnesque
881 2441 977 2462 evocas
988 2455 996 2467 ,

206 2486 234 2507 ut
258 2481 348 2506 timum
370 2481 396 2507 in
416 2480 524 2506 auribus
545 2479 685 2514 accipiant.
716 2479 755 2507 Ac
776 2486 869 2507 servus
890 2480 997 2514 quidem

206 2532 276 2560 tuus,
290 2527 312 2554 si
328 2526 391 2561 quid
405 2531 481 2561 turpe
490 2547 498 2559 ,
514 2531 539 2553 te
553 2526 693 2558 audiente,
707 2526 839 2561 loquatur,
854 2526 926 2553 mille
939 2526 996 2561 pla-

205 2580 252 2608 gas
264 2573 378 2607 aceipit;
393 2576 420 2599 ot
432 2573 453 2599 si
470 2572 555 2603 filius,
570 2572 591 2599 si
607 2579 682 2605 uxor,
696 2572 718 2598 si
733 2572 853 2607 quisquis
864 2572 933 2599 alius
946 2571 998 2599 hoc

206 2620 302 2651 faciat,
317 2626 373 2645 rem
393 2618 464 2645 illam
480 2625 558 2644 vocas
573 2617 759 2645 contumeliam
775 2625 781 2643 :
796 2618 818 2644 si
833 2625 896 2644 vero
910 2616 997 2644 homi-

206 2672 252 2691 nes
268 2663 429 2691 verberones
445 2668 470 2690 et
489 2663 584 2697 abiecti
605 2667 629 2689 te
642 2667 756 2695 vocent,
773 2667 801 2689 ut
818 2663 901 2697 turpia
916 2662 996 2689 verba

206 2710 307 2743 audias,
324 2717 377 2736 non
393 2708 472 2736 modo
486 2716 538 2736 non
553 2708 709 2743 indignaris,
724 2708 770 2736 sed
783 2709 862 2735 etiam
876 2708 974 2743 gaudes
986 2729 994 2741 ,

207 2755 306 2782 laudas.
321 2755 423 2789 Ecquid
435 2754 498 2782 huic
511 2754 651 2782 dementire
663 2762 710 2788 par
721 2753 834 2780 fuerit"!
846 2754 898 2781 Sed
910 2753 996 2789 turpia

208 2800 390 2836 hujuscemodi
411 2808 464 2828 non
485 2800 620 2835 loqueris?
643 2799 743 2834 Ecquid
763 2799 824 2826 liinc
839 2799 926 2826 lucri?
940 2799 995 2827 Iino

237 2867 617 2903 ξοιιίίιειηξτριιςιείρονιῆιίανῐιξδι
675 2897 680 2903 .
752 2896 767 2903 ,.
824 2897 829 2900 .
873 2898 882 2903 _
926 2897 930 2901 .

236 2898 248 2912 "
262 2898 371 2926 bonum“
381 2898 474 2923 habent
486 2905 491 2923 :
505 2897 595 2930 Ecquid
607 2897 651 2923 hac
663 2897 781 2922 dementia
788 2897 856 2928 pejus
867 2897 939 2926 fuerit
951 2897 962 2922 ?

628 169 660 197 IN
679 170 882 199 ΜΑΤΤΙ-ΙΛΕΠΜ
902 170 1015 198 HOMIL.
1036 169 1169 198 XXXVII.
1189 172 1224 199 al.
1246 171 1390 200 XXXVIII.

1803 180 1855 206 6⁸26

1064 234 1128 255 vero
1139 227 1208 255 unde
1219 228 1317 263 liqueat
1328 233 1353 257 te
1364 237 1415 256 non
1426 230 1516 265 loqui?
1527 230 1555 259 Si
1566 232 1635 259 enim
1647 232 1704 261 haec
1713 232 1855 270 numquam

1064 271 1216 306 proferres,
1234 281 1285 301 non
1306 274 1409 302 rideres
1430 276 1541 303 audiens
1553 297 1560 310 ,
1577 285 1662 312 neque
1684 284 1757 307 tanto
1769 281 1856 309 studio

1063 324 1186 346 curreres
1198 319 1231 345 ad
1247 327 1339 347 vocem
1353 328 1412 355 quae
1426 325 1452 348 te
1464 321 1596 350 dedecore
1608 323 1698 351 afﬁcit.
1724 326 1769 353 Die
1784 328 1854 354 enim

1063 363 1128 390 mihi
1141 384 1149 396 ,
1162 364 1297 399 gaudesne
1312 366 1422 394 audiens
1442 366 1640 402 blasphemias?
1654 377 1742 397 annon
1756 371 1853 398 exhor-

1062 409 1155 443 reseis,
1167 414 1195 437 et
1206 418 1284 439 aures
1295 411 1434 439 obstruis?
1449 413 1505 448 Ego
1517 418 1590 441 certe
1600 414 1625 441 id
1637 419 1710 449 puto.
1721 415 1775 443 Cur
1787 417 1855 444 hoc?

1061 454 1126 488 Quia
1146 459 1174 483 tu
1194 464 1337 492 numquam
1355 457 1534 492 blasphemas.
1557 459 1672 494 Idipsum
1688 461 1766 489 facito
1783 463 1854 490 circa

1061 502 1147 536 turpia
1162 502 1208 530 illa
1223 503 1315 531 verba.
1339 504 1372 531 Et
1386 505 1409 532 si
1421 505 1460 532 vis
1474 505 1551 533 nobis
1565 506 1636 534 clare
1650 506 1834 537 demonstrare
1844 530 1851 541 ,

1061 551 1087 574 te
1098 555 1150 575 non
1161 549 1279 583 gaudere
1289 550 1351 577 dum
1364 551 1448 586 turpia
1459 551 1592 590 dicuntur,
1603 561 1637 581 ne
1646 554 1737 582 auditu
1747 555 1853 590 quidem

1061 593 1105 620 illa
1117 594 1196 622 feras.
1213 596 1386 628 Quandonam
1399 597 1498 632 probus
1512 589 1552 626 vir
1563 606 1624 627 esse
1638 600 1746 634 poteris,
1758 589 1790 629 in
1804 601 1853 630 hu-

1058 638 1175 673 jusmodi
1189 642 1308 677 turpibus
1322 643 1460 671 audiendis
1471 645 1619 673 enutritus?
1630 648 1798 681 quandonam
1808 656 1853 676 ca-

1059 686 1158 715 stitatis
1173 688 1285 716 sudores
1304 689 1374 717 ferre
1395 691 1494 724 poteris
1505 711 1513 723 ,
1527 691 1567 718 sic
1585 693 1710 727 paulatim
1728 693 1852 722 difﬂuens

1058 739 1092 759 ex
1113 733 1168 760 risu
1180 754 1187 768 ,
1203 734 1324 762 cantibus
1335 756 1343 769 ,
1359 740 1386 762 et
1410 733 1498 764 verbis
1511 737 1664 766 obscenis?
1684 739 1749 767 Nam
1772 741 1794 768 si
1808 741 1850 768 vix

1058 778 1147 806 anima
1158 799 1166 811 ,
1182 787 1241 814 quae
1253 779 1287 807 ab
1301 780 1344 808 his
1356 782 1480 809 omnibus
1491 789 1522 810 se
1537 791 1628 817 puram
1642 791 1730 812 servat
1741 806 1748 818 ,
1764 790 1852 820 potest

1059 831 1119 851 esse
1132 824 1242 852 honesta
1257 830 1283 852 et
1298 830 1380 859 casta,
1394 831 1493 861 quanto
1504 829 1591 856 minus
1604 830 1701 864 poterit
1714 838 1774 865 qua:
1794 831 1851 859 haec

1058 870 1150 897 audire
1162 871 1248 898 solet?
1262 873 1303 898 An
1316 872 1434 905 nescitis,
1449 880 1498 900 nos
1508 873 1541 900 ad
1557 875 1701 909 nequitiam
1712 876 1851 912 proniores

1058 917 1137 945 esse?
1148 917 1215 945 Cum
1228 921 1316 945 autem
1331 918 1388 946 hrec
1401 918 1428 946 in
1441 923 1526 947 artem
1537 924 1564 947 et
1576 927 1642 955 opus
1652 927 1849 955 convertamus,

1058 963 1191 997 quomodo
1213 963 1347 991 fornacem
1371 964 1443 991 illam
1466 965 1582 1000 effugere
1604 967 1770 1000 poterimus?
1792 968 1849 996 Non

1057 1009 1153 1036 audisti
1163 1009 1226 1044 quid
1238 1009 1302 1037 dicit
1312 1009 1419 1044 Paulus,
1435 1009 1550 1038 Gaudete
1561 1012 1586 1038 in
1598 1011 1707 1040 Domino
1720 1013 1847 1049 (Philipp.

1057 1055 1084 1081 4.
1097 1055 1114 1082 4
1124 1055 1133 1090 )
1143 1055 1153 1081 ?
1165 1055 1222 1082 Non
1237 1055 1313 1090 dixit,
1329 1055 1358 1083 ln
1373 1056 1488 1084 diabolo.

1094 1101 1118 1128 6.
1138 1100 1305 1129 Theatrorum
1318 1103 1463 1138 spectacula
1479 1111 1555 1139 quam
1568 1104 1691 1132 damnosa
1709 1111 1734 1133 et
1754 1107 1846 1142 turpia.

1057 1161 1092 1166 ——
1102 1146 1214 1179 Quando
1226 1148 1307 1182 igitur
1317 1148 1409 1176 audire
1424 1149 1533 1176 Paulum
1552 1150 1670 1185 poteris?
1692 1150 1804 1184 Quando
1823 1153 1849 1180 in

1057 1199 1163 1219 sensum
1185 1193 1276 1220 venire
1301 1198 1470 1228 peccatorum
1483 1214 1491 1227 ,
1512 1195 1556 1230 qui
1580 1203 1613 1222 ex
1634 1197 1785 1231 spectaculo
1804 1198 1850 1225 illo

1056 1237 1146 1265 ebrius
1159 1246 1265 1273 semper
1277 1239 1329 1266 es?
1352 1239 1427 1273 Quod
1442 1240 1512 1267 enim
1527 1241 1579 1268 huc
1592 1243 1714 1276 veneris,
1734 1251 1787 1271 non
1801 1244 1850 1270 mi-

1056 1291 1116 1311 rum
1137 1293 1187 1312 nec
1208 1293 1331 1320 magnum
1351 1291 1409 1319 est;
1433 1286 1487 1314 imo
1506 1288 1593 1322 potius
1608 1288 1706 1316 mirum
1719 1293 1769 1317 est.
1791 1290 1849 1317 Huc

1055 1330 1127 1357 enim
1144 1334 1171 1358 et
1191 1332 1308 1366 segniter
1328 1335 1354 1359 et
1372 1332 1553 1367 perfunctorie
1570 1334 1661 1367 venis;
1683 1335 1746 1363 illuc
1758 1341 1847 1364 autem
1879 1331 1883 1334 λ

1055 1383 1153 1411 magno
1171 1377 1260 1404 studio
1275 1382 1302 1405 et
1320 1378 1409 1405 animo
1424 1379 1550 1406 accurris.
1566 1380 1647 1415 quue
1660 1382 1746 1416 palam
1761 1387 1802 1410 est
1815 1391 1847 1410 ex

1055 1421 1087 1448 iis
1102 1429 1161 1457 qua:
1176 1422 1284 1450 domum
1294 1423 1397 1456 refers,
1411 1432 1471 1451 cum
1485 1425 1547 1453 inde
1560 1427 1673 1454 recedis.
1687 1428 1791 1455 Etenim
1805 1429 1847 1456 lu-

1055 1470 1110 1494 tum
1125 1467 1201 1495 vobis
1220 1468 1275 1496 illic
1294 1468 1410 1497 infusum
1426 1477 1474 1504 per
1489 1471 1570 1498 verba
1583 1492 1590 1503 ,
1605 1472 1707 1500 cantica
1720 1494 1727 1506 ,
1742 1474 1823 1501 risum
1838 1495 1845 1506 ,

1055 1513 1150 1548 singuli
1161 1514 1269 1541 domum
1280 1516 1436 1550 reportatis;
1448 1516 1500 1543 imo
1512 1524 1564 1544 non
1579 1518 1605 1545 in
1615 1518 1722 1546 domum
1734 1524 1845 1553 tantum,

1054 1559 1102 1587 sed
1114 1560 1142 1587 in
1156 1565 1272 1588 mentem
1288 1566 1405 1589 vestram
1417 1562 1542 1590 inducitis
1556 1573 1563 1591 :
1578 1569 1604 1591 et
1617 1564 1651 1592 ab
1664 1565 1697 1592 iis
1709 1573 1769 1600 quae
1781 1566 1846 1594 abo-

1054 1606 1200 1633 minatione
1222 1606 1301 1642 digna
1323 1614 1375 1635 non
1397 1612 1477 1642 sunt,
1500 1610 1646 1643 averteris;
1670 1610 1845 1640 abominanda

1053 1659 1118 1678 vero
1131 1659 1184 1679 non
1200 1652 1261 1679 odio
1275 1652 1366 1686 habes,
1383 1654 1437 1681 imo
1447 1653 1545 1690 diligis.
1561 1655 1633 1683 Multi
1644 1661 1716 1684 certe
1730 1664 1745 1684 a
1760 1658 1847 1693 sepul-

1053 1697 1105 1723 cris
1125 1696 1265 1725 redeuntes
1285 1705 1345 1725 sese
1364 1698 1522 1732 abluunt;-a
1538 1700 1648 1729 theatris
1664 1709 1728 1730 vero
1746 1704 1846 1731 reversi

1054 1751 1106 1770 non
1118 1747 1236 1778 gemunt,
1248 1752 1300 1772 non
1311 1744 1490 1780 lacrymarum
1498 1745 1585 1775 fontes
1595 1747 1748 1782 effundunt;
1758 1757 1847 1785 quam-

1043 1789 1132 1825 quam
1156 1794 1278 1818 mortuus
1300 1798 1353 1818 non
1376 1792 1411 1818 sit
1432 1791 1605 1820 immundus:
1625 1799 1762 1829 peccatum
1783 1803 1846 1824 vero

1055 1841 1154 1866 tantam
1169 1837 1301 1864 maculam
1316 1842 1453 1873 aspergat,
1468 1843 1496 1865 ut
1511 1847 1544 1867 ne
1558 1840 1633 1868 mille
1646 1841 1753 1876 quidem
1768 1842 1846 1870 fonti-

1052 1881 1102 1909 bus
1117 1883 1200 1916 possit
1211 1883 1294 1915 ablui,
1309 1883 1356 1911 sed
1369 1884 1433 1911 solis
1448 1884 1572 1920 lacrymis
1584 1890 1610 1913 et
1622 1887 1843 1915 confessionibus.

1052 1927 1104 1955 Sed
1119 1936 1198 1955 nemo
1211 1930 1342 1956 maculam
1356 1929 1539 1964 hujuscemodi
1551 1932 1640 1959 sentit.
1655 1932 1721 1966 Quia
1733 1934 1803 1961 enim
1814 1942 1845 1961 ea

1052 1981 1111 2008 qua:
1128 1974 1243 2002 timenda
1257 1979 1347 2002 essent
1360 1983 1412 2002 non
1430 1975 1554 2003 timemus
1566 1997 1574 2010 ,
1587 1985 1618 2005 ea
1631 1999 1639 2012 ,
1655 1986 1713 2013 qua:
1730 1979 1844 2007 timenda

1038 2030 1040 2032 ·
1052 2028 1105 2048 non
1118 2024 1199 2055 sunt,
1214 2021 1367 2049 metuimus.
1384 2022 1449 2056 Quis
1462 2027 1550 2050 autem
1566 2024 1611 2050 ille
1625 2025 1771 2059 strepitus?
1784 2027 1845 2061 quis

1052 2067 1191 2101 tumultus,
1205 2067 1250 2102 qui
1263 2068 1373 2095 sataniei
1389 2068 1522 2096 clamores
1545 2073 1573 2096 et
1586 2069 1708 2097 diabolici
1722 2070 1845 2099 habitus?

1051 2113 1126 2141 Alius
1136 2113 1241 2148 juvenis
1252 2121 1312 2141 cum
1327 2114 1378 2147 sit,
1395 2121 1498 2141 comam
1512 2119 1584 2142 retro
1595 2115 1731 2143 reductam
1744 2116 1824 2144 habet
1835 2138 1843 2150 ,

1052 2163 1079 2186 et
1100 2163 1221 2186 naturam
1241 2159 1324 2194 ipsam
1343 2159 1479 2187 effeminat
1498 2165 1604 2195 aspectu
1617 2181 1624 2193 ,
1640 2161 1730 2189 habitu
1742 2181 1749 2193 ,
1765 2163 1845 2190 vesti-

1051 2204 1165 2238 mentis,
1181 2204 1288 2232 demum
1302 2205 1424 2232 omnibus
1434 2226 1441 2238 ,
1457 2205 1623 2241 formamque
1636 2211 1735 2234 tenera:
1751 2208 1844 2242 puellae

1051 2251 1167 2279 affectat.
1190 2251 1265 2278 Alius
1282 2259 1346 2279 vero
1360 2251 1489 2287 quispiam
1508 2260 1589 2280 senex
1602 2273 1609 2283 ,
1623 2260 1639 2280 e
1652 2254 1786 2281 contrario
1801 2261 1845 2281 ca-

1051 2297 1121 2332 pillis
1136 2297 1389 2330 novacula-abrasis,
1403 2297 1512 2325 renibus
1529 2298 1687 2332 succinctus,
1702 2303 1842 2334 postquam

1051 2344 1179 2378 pudorem
1201 2348 1262 2371 ante
1283 2344 1393 2379 capillos
1412 2344 1535 2377 succidit,
1552 2349 1604 2371 stat
1618 2345 1651 2372 ad
1671 2345 1760 2380 alapas
1773 2347 1849 2385 acci,‘

1051 2390 1162 2425 piendas
1181 2394 1208 2418 ct
1232 2390 1267 2417 ad
1287 2390 1375 2418 omnia
1394 2390 1503 2418 dicenda
1529 2390 1702 2426 faciendaque
1723 2388 1845 2437 paratus;

1051 2436 1174 2464 Mulieres
1195 2440 1282 2463 autem
1304 2436 1376 2463 nudo
1396 2436 1501 2471 capite,
1522 2437 1595 2463 omni
1619 2437 1704 2464 misso
1721 2436 1820 2464 rubore
1839 2454 1849 2472 χ

1051 2486 1122 2509 stant
1132 2482 1257 2517 populum
1268 2481 1442 2517 alloquentes,
1455 2486 1556 2509 tantum
1567 2482 1690 2510 videlicet
1701 2483 1841 2518 impuden-

1052 2528 1095 2555 tiae
1110 2528 1227 2555 studium
1242 2527 1370 2555 habentes
1380 2547 1388 2560 ,
1402 2535 1560 2563 omnemque
1575 2528 1746 2563 petulantiam
1760 2533 1787 2556 et
1801 2529 1840 2556 Ia-

1051 2573 1162 2600 sciviam
1174 2573 1199 2600 in
1213 2573 1361 2600 auditorum
1375 2573 1477 2600 animos
1489 2573 1666 2601 infundentes.
1681 2573 1747 2601 Illud
1758 2582 1839 2602 unum

1051 2619 1166 2646 studium
1181 2618 1289 2651 habent,
1305 2623 1333 2645 ut
1347 2619 1493 2646 castitatem
1507 2626 1614 2646 omnem
1629 2619 1754 2647 radicitus
1769 2621 1841 2648 evel-

1050 2664 1116 2698 lant,
1132 2670 1253 2692 naturam
1267 2665 1418 2699 deturpent,
1435 2665 1496 2692 mali
1509 2665 1637 2693 daemonis
1651 2667 1842 2701 concupiscen-

1051 2712 1113 2738 tiam
1137 2710 1274 2745 expleant.
1301 2711 1367 2738 Nam
1392 2711 1435 2738 hic
1456 2711 1536 2738 verba
1560 2711 1685 2739 obscaena
1700 2733 1707 2744 ,
1736 2712 1841 2740 habitus

1048 2757 1172 2790 ridiculi,
1193 2761 1300 2784 tonsura
1321 2758 1434 2790 similis,
1455 2758 1593 2791 incessus,
1615 2763 1745 2792 vestitus,
1768 2767 1817 2787 vox
1831 2780 1839 2792 ,

1049 2802 1230 2830 membrorum
1244 2803 1378 2835 mollities,
1393 2803 1530 2830 oculorum
1546 2804 1719 2837 inversiones,
1734 2805 1837 2836 fistulae,

1049 2848 1128 2881 tibiae,
1143 2849 1261 2876 dramata
1271 2869 1279 2882 ,
1295 2854 1460 2884 argumenta,
1477 2850 1618 2885 omniaque
1632 2851 1737 2878 demum
1751 2856 1839 2879 extre-

1050 2902 1099 2921 mae
1114 2894 1226 2922 lasciviw
1240 2895 1314 2931 plena
1331 2900 1400 2923 sunt.
1417 2895 1588 2929 Quandonam
1600 2917 1606 2928 .
1623 2904 1726 2932 quaeso»,
1745 2897 1839 2930 resipi-
