2067 3134
251 142 302 170 ι⁶37

249 208 325 234 sees,
338 208 399 228 cum
415 205 516 228 tantum
533 200 578 228 libi
591 200 772 228 fornicationis
784 200 907 236 poculum
922 198 1043 226 infundat
1057 222 1060 225 .

249 247 371 274 diabolus
380 268 387 280 ,
399 251 490 281 totque
503 246 715 280 intemperantia:
727 247 824 274 calices
837 245 964 273 misceat?
976 244 1041 272 Nam

248 293 303 321 illic
325 293 534 327 fornicationes,
557 292 704 325 adulteria,
726 293 853 320 mulieres
875 292 1039 327 prostitutm,

249 339 299 366 viri
315 339 453 366 muliebria
468 339 600 373 patientes
611 359 618 371 ,
633 339 745 374 juvenes
760 338 855 366 molles
867 357 875 369 ,
891 337 978 364 omnia
992 336 1042 363 ini-

246 386 348 421 quitate
373 386 450 421 plena
463 406 471 418 ,
491 386 653 421 portentosis
675 384 754 412 rebus
773 391 805 411 ac
825 383 960 418 prodigiis.
982 382 1040 410 Non

247 440 312 467 ergo
324 432 358 459 de
374 432 525 466 hujusmodi
545 431 624 459 rebus
641 431 731 458 ridere
749 430 872 458 sedentes
885 434 1038 464 oporteret,

247 479 294 506 sed
309 479 451 514 lacrymari
462 484 489 506 et
505 478 688 512 ingemiscere.
703 477 771 511 Quid
785 477 882 512 igitur?
896 484 930 504 an
942 476 1040 504 orche-

246 531 329 553 stram
342 526 506 557 claudcmus,
520 525 633 559 inquies,
645 528 672 551 et
683 524 758 557 jussu
770 528 817 550 tuo
829 523 917 550 omnia
931 522 1041 550 subver-

246 572 356 600 tentur?
377 570 453 599 Nunc
465 575 539 598 certe
553 570 642 597 omnia
657 569 784 597 subversa
804 572 875 596 sunt.
900 568 1038 596 Undenam

246 618 265 646 ii
286 618 331 652 qui
352 617 450 652 nuptiis
465 617 574 644 insidias
595 615 709 651 parant?
724 623 812 642 nonne
826 615 860 642 ab
874 614 924 642 hac
938 622 1017 642 scena
1027 614 1040 641 7

246 664 322 692 Unde
343 664 361 692 ii
375 663 421 698 qui
440 663 571 691 thalamos
590 661 737 689 eﬁ'odiunt?
753 668 842 688 nonne
855 660 889 688 ab
901 660 1038 688 orchestra

245 712 310 739 illa?
327 717 416 738 nonne
438 710 501 737 hinc
518 709 568 737 viri
587 708 713 736 uxoribus
731 712 793 735 sunt
808 706 935 734 molesti?
950 714 1039 734 nonne

245 757 307 784 hinc
320 764 335 783 a
349 755 414 787 viris
427 763 524 783 uxores
539 753 744 789 despiciuntur?
758 761 846 780 nonne
861 752 922 780 hinc
940 751 1037 779 moechi

244 802 374 839 plurimi?
390 802 482 836 Itaque
501 801 547 836 qui
568 800 657 827 omnia
678 799 824 831 subvertit,
847 798 869 825 is
890 797 988 832 estqui
1004 797 1038 824 ad

244 849 378 876 theatrum
393 847 497 883 pergit,
511 847 609 882 quique
621 852 728 880 gravetn
743 844 910 880 tyrannidem
926 843 1036 870 inducit.

244 895 426 930 Nequaquam,
442 893 556 928 inquies,
570 892 617 920 sed
630 892 656 920 id
669 892 740 920 bono
755 892 842 927 legum
855 890 949 918 ordine
962 890 1036 917 insti-

244 948 330 969 tutum
342 946 392 969 est.
406 940 473 967 Nam
483 939 608 967 mulieres
618 938 750 973 abripere,
764 944 859 972 pueros
869 934 1037 964 contumeliis

244 989 388 1021 adhibere,
404 987 498 1015 domos
512 990 633 1014 evertere
643 1006 651 1018 ,
667 985 726 1012 hinc
739 986 773 1011 ad
786 984 846 1011 illos
859 988 980 1018 spectant
992 982 1037 1017 qui

243 1042 319 1062 arces
339 1037 480 1068 occupant.
505 1032 539 1059 Et
559 1031 619 1066 quis
639 1030 760 1058 mmchus
772 1051 779 1062 ,
796 1030 898 1064 inquies
910 1050 918 1062 ,
938 1037 969 1056 ex
995 1028 1037 1055 his

243 1080 402 1116 spectaculis
424 1079 508 1106 factus
529 1077 590 1105 est?
615 1076 670 1104 lmo
690 1076 747 1111 quis
770 1083 822 1103 non
843 1074 985 1102 mtechus?
1008 1074 1036 1102 Si

243 1127 337 1154 liceret
356 1124 512 1152 nominatim
529 1123 624 1150 eﬁ'crre
635 1142 643 1154 ,
658 1121 748 1149 dicere
772 1121 871 1156 possim
887 1125 952 1155 quot
964 1120 1036 1147 viros

243 1172 301 1205 [nec
317 1171 351 1198 ab
364 1169 490 1199 uxoribus
505 1168 697 1204 sequestrarint
708 1188 716 1202 ,
730 1172 757 1194 et
769 1171 834 1202 quot
847 1167 966 1201 captivos
980 1173 1037 1193 me-

243 1217 354 1245 retrices
369 1216 421 1243 illac
435 1215 571 1250 ceperint,
586 1221 699 1249 quorum
713 1213 779 1241 alias
793 1221 808 1241 a
823 1213 954 1248 coniugali
967 1213 1036 1240 lecto

241 1263 419 1295 abduxerunt,
431 1261 497 1288 alios
509 1267 542 1287 ne
553 1266 650 1287 uxores
661 1259 789 1287 ducerent
800 1258 954 1286 effecerunt.
966 1258 1034 1292 Quid

194 1308 199 1314 ’
242 1310 343 1345 igitur?
364 1316 455 1344 quaeso
469 1317 475 1334 :
492 1308 597 1343 legesne
611 1315 704 1335 onmes
716 1307 889 1335 evertemus?
910 1306 1035 1339 Quinimo

243 1356 353 1387 theatris
361 1355 462 1383 eversis
471 1355 558 1389 legum
568 1353 792 1389 transgressiones
801 1352 956 1380 evertimus.
967 1352 1033 1380 Nam

241 1402 286 1437 qui
305 1402 426 1429 civitates
446 1400 618 1435 pessumdant
629 1419 636 1431 ,
655 1407 688 1427 ex
709 1399 804 1426 horutn
820 1407 933 1427 numero
947 1404 1009 1427 sunt
1024 1408 1032 1426 :

242 1449 306 1478 hinc
318 1449 462 1477 seditiones
476 1452 502 1475 ct
515 1447 739 1482 perturbationes.
759 1447 825 1474 Nam
839 1447 883 1482 qui
899 1447 925 1474 in
939 1447 981 1475 his
993 1447 1033 1475 lu-

241 1495 283 1524 dis
303 1495 425 1528 aluntur,
441 1494 539 1529 quique
560 1501 652 1520 vocem
675 1493 775 1520 ventris
793 1501 872 1520 causa
894 1493 1033 1526 vendunt,

240 1549 354 1576 quorum
362 1548 429 1575 opus
437 1539 606 1574 ofﬁciumque
614 1543 655 1566 est
663 1539 788 1571 clamare,
798 1544 823 1566 et
832 1539 935 1574 quidvis
943 1539 1033 1567 absur-

239 1587 304 1620 dum
318 1587 422 1619 facere;
439 1586 465 1613 hi
480 1586 594 1613 maxime
613 1590 675 1613 sunt
691 1586 735 1621 qui
750 1586 861 1621 populos
875 1586 1009 1613 concitant
1022 1606 1031 1620 ,

239 1633 285 1668 qui
298 1632 425 1659 tumultus
436 1632 461 1659 in
474 1632 581 1659 urbibus
594 1630 703 1659 faciunt.
713 1631 843 1659 Juventus
854 1632 924 1658 enim
935 1632 1030 1665 otiosa,

238 1680 266 1711 in
281 1678 355 1707 hisce
367 1678 444 1708 malis
458 1677 580 1710 educata,
595 1677 650 1704 fera
662 1677 755 1712 quavis
767 1677 855 1704 acrior
868 1677 993 1704 efﬁcitur.

274 1725 301 1752 ’1.
323 1724 461 1752 Undenam
473 1744 481 1755 ,
496 1731 587 1758 qua-so
598 1743 607 1756 ,
619 1723 847 1758 prazstigiatores?
864 1730 953 1750 nonne
969 1723 1031 1751 inde

239 1770 457 1806 proﬁciscuntur,
472 1773 502 1796 ut
515 1769 640 1804 populum
655 1773 793 1796 vacantem
807 1773 908 1797 temere
922 1768 1029 1796 inﬁam-

237 1821 323 1849 ment,
340 1815 418 1851 idque
431 1815 528 1842 faciant
542 1819 572 1841 ut
584 1822 617 1841 ex
633 1814 788 1842 tumultibus
801 1814 941 1843 saltatores
953 1814 1029 1842 bonis

238 1863 369 1895 fruantur,
385 1867 413 1889 et
432 1860 587 1888 meretrices
604 1860 724 1887 honestis
743 1860 899 1887 mulieribus
913 1860 1027 1895 impedi-

237 1913 330 1937 mento
343 1908 415 1935 sint?
430 1907 458 1935 ln
481 1911 583 1934 tantum
596 1906 668 1934 enim
686 1906 810 1934 maleficii
828 1914 913 1942 genus
934 1914 1028 1942 perve-

236 1956 322 1987 niunt,
333 1960 361 1982 ut
372 1958 535 1981 mortuorum
546 1961 605 1981 ossa
615 1960 723 1980 movere
733 1960 785 1980 non
794 1953 924 1981 dubitent.
935 1953 1028 1981 Nonne

237 2010 294 2035 nsec
307 2001 369 2029 inde
384 2001 443 2028 ideo
454 2001 585 2033 oriuntur,
597 1999 667 2035 quod
680 1999 713 2026 ad
725 1999 797 2026 illum
808 2000 905 2027 diaboli
915 2000 1026 2028 chorum

235 2052 357 2082 sumptus
365 2048 518 2075 innumeros
528 2053 685 2074 consumere
695 2046 841 2080 cogantur?
850 2046 969 2074 Lascivia
980 2054 1026 2074 au-

236 2098 290 2120 tem
306 2092 385 2124 unde,
399 2099 503 2122 necnon
518 2091 586 2118 mala
599 2091 757 2118 innumera?
770 2091 863 2118 Viden‘
875 2095 900 2119 te
911 2099 970 2119 esse
980 2092 1025 2127 qui

234 2139 314 2166 vitam
328 2139 469 2169 humanam
484 2137 582 2165 evertis
591 2157 599 2170 ,
612 2137 676 2166 dum
688 2138 721 2164 ad
734 2137 791 2165 hmc
805 2137 955 2173 pertrahis?
970 2138 1026 2173 Ego

233 2192 298 2214 vero
311 2191 368 2214 rem
382 2183 571 2212 destruendam
586 2190 697 2211 censeo.
707 2183 842 2210 Tollamus
854 2191 918 2219 ergo
929 2184 1025 2212 orche-

233 2234 326 2263 stram,
341 2229 452 2265 inquies.
465 2229 571 2257 Utinam
582 2228 639 2256 tolli
650 2233 757 2263 passct;
770 2229 822 2256 imo
838 2237 911 2263 vero,
928 2230 951 2257 si
964 2230 1023 2258 vul-

233 2277 267 2305 tis
279 2297 287 2310 ,
303 2275 373 2311 quod
388 2275 420 2302 ad
436 2280 552 2302 uestram
569 2280 669 2309 partem
684 2276 795 2309 attinet,
812 2276 867 2311 jam
881 2277 983 2304 sublata
996 2282 1023 2305 et

232 2322 360 2350 subversa
373 2325 422 2348 est.
440 2322 562 2348 Altamen
578 2329 630 2347 non
645 2322 694 2348 hoc
707 2321 797 2356 jubeo.
814 2321 933 2350 Stantem
949 2323 1022 2350 illam

232 2375 284 2394 non
306 2367 498 2401 frequentatum
522 2366 642 2398 reddite,
664 2374 723 2401 qua:
746 2367 831 2401 major
851 2367 909 2395 laus
929 2373 1020 2402 esset,

231 2420 309 2447 quam
318 2412 434 2439 diruere.
446 2412 473 2441 Si
485 2418 536 2439 non
545 2412 621 2445 alios,
633 2412 758 2439 barbaros
767 2413 859 2440 saltem
869 2413 1020 2448 imitamini,

641 143 669 170 S.
688 142 827 170 JOANNIS
845 139 1083 170 CHRYSOSTOMI
1103 141 1261 172 ARClllEP.
1282 143 1552 172 CONSTANTINOP.

1837 148 1888 175 428

1096 199 1141 234 qui
1156 199 1307 234 hujusmodi
1320 201 1463 236 spectaculi
1476 200 1637 235 turpitudine
1650 207 1751 229 carent.
1763 203 1828 237 Qum
1837 212 1888 232 no-

1095 244 1137 271 bis
1151 245 1230 280 igitur
1241 245 1366 279 deinceps
1381 246 1582 274 cxcusatin'erit
1593 268 1601 276 .
1615 254 1675 274 cum
1694 255 1743 275 nos
1761 249 1888 277 czelonnn

1095 290 1183 323 cives,
1208 290 1419 318 Cherubinorum
1438 292 1521 318 choro
1542 291 1686 327 adscripti,
1707 295 1862 329 angelorum
1878 299 1889 311 δ

1094 342 1233 365 consortes
1243 358 1250 370 ,
1262 337 1384 366 barbaris
1398 339 1448 366 hac
1463 339 1489 366 in
1503 346 1532 366 re
1546 340 1650 375 pejores
1662 341 1747 368 simus
1756 362 1764 375 ,
1778 349 1838 369 cum
1854 343 1888 370 li-

1093 388 1154 410 ceat
1168 388 1308 410 sescentas
1321 384 1387 411 alias
1402 383 1443 411 his
1457 384 1571 419 majores
1584 385 1732 420 voluptates
1747 387 1887 421 reperire?

1093 429 1121 457 Si
1134 430 1174 456 vis
1186 430 1257 457 enim
1272 430 1389 457 aninnnn
1405 438 1528 458 recreare
1540 452 1547 462 .
1562 432 1629 458 vade
1646 432 1679 459 ad
1697 433 1814 467 pomaria
1827 454 1835 466 ,
1853 434 1886 461 ad

1092 475 1213 509 ﬁuvium,
1226 476 1259 504 ad
1272 483 1381 512 stagna:
1396 477 1487 505 hortos
1499 478 1692 512 contemplare.
1708 479 1813 507 cicadas
1826 480 1887 507 audi

1091 527 1235 556 canentes;
1255 529 1403 559 martyrum
1417 524 1538 559 sepulcra
1554 524 1691 559 frequenta
1705 546 1712 556 ,
1730 526 1772 552 ubi
1788 534 1885 561 corpo-

1091 569 1129 596 ris
1142 568 1265 596 valetudo
1276 589 1284 602 ,
1306 569 1402 597 anima:
1422 570 1538 604 utilitas,
1562 570 1679 606 nihilque
1693 571 1800 605 damni,
1815 573 1886 600 nulla

1093 619 1152 650 post
1166 615 1263 643 factum
1278 615 1444 650 poenitentia,
1459 622 1489 644 ut
1503 622 1563 651 post
1577 617 1622 645 illa
1637 618 1797 652 spectacula.
1811 618 1884 646 Uxo-

1091 668 1148 688 rem
1163 660 1244 689 habes
1254 666 1281 688 et
1290 661 1359 690 ﬁlios
1370 670 1377 688 :
1388 670 1448 697 qua:
1461 662 1582 697 voluptas
1595 663 1655 690 huic
1670 670 1718 697 par
1727 664 1789 691 est?
1799 660 1886 692 Habes

1091 706 1198 734 domum
1213 712 1240 735 et
1253 708 1354 735 amicos
1369 717 1375 734 :
1393 709 1449 735 haec
1460 708 1588 743 jucunda,
1602 714 1698 736 etcum
1710 711 1884 745 temperantia

1090 761 1215 789 magnum
1234 753 1337 780 lucrum
1360 754 1472 788 pariunt.
1499 754 1568 789 Quid
1588 755 1675 787 enim,
1690 763 1782 790 qumso
1795 776 1803 788 .
1823 756 1885 783 ﬁliis

1088 799 1250 834 jucundius?
1262 799 1325 834 quid
1343 807 1426 827 uxore
1440 799 1543 827 dulcius
1561 800 1611 832 iis,
1625 801 1670 835 qui
1685 801 1824 829 continere
1836 810 1884 829 vo-

1091 845 1167 872 lunt?
1178 845 1274 872 Fertur
1287 845 1461 873 barbarorum
1472 845 1571 873 dictum
1586 846 1750 882 philosophia
1764 848 1882 883 plenum.

1090 890 1155 918 Nam
1168 890 1202 918 de
1218 890 1328 918 theatris
1341 891 1393 918 illis
1407 892 1514 926 iniquis,
1526 897 1553 919 et
1565 891 1599 919 de
1614 893 1763 927 importuna
1780 894 1825 921 illa
1838 902 1884 922 vo-

1090 937 1190 970 luptate
1208 937 1348 964 audientes
1367 937 1491 964 dicebant
1509 946 1516 965 :
1534 937 1648 965 Romani
1668 946 1699 966 ac
1721 939 1743 966 si
1767 939 1837 967 ﬁlios
1856 944 1883 969 et

1090 990 1186 1010 uxores
1201 991 1254 1009 non
1276 983 1421 1016 haberent,
1443 983 1490 1010 has
1510 984 1695 1018 excogitavere
1710 985 1858 1019 voluptates
1873 994 1881 1013 :

1089 1028 1184 1063 quibus
1198 1028 1351 1059 ostendunt,
1367 1028 1430 1055 nihil
1445 1028 1548 1056 dulcius
1561 1037 1621 1056 esse
1637 1029 1698 1057 ﬁliis
1712 1034 1739 1057 et
1751 1038 1844 1063 uxore,
1858 1032 1882 1058 si

1088 1075 1147 1109 quis
1161 1075 1271 1102 honeste
1284 1075 1372 1102 vivere
1385 1075 1457 1101 velit.
1471 1075 1540 1108 Quid
1555 1083 1619 1110 ergo
1632 1075 1654 1102 si
1669 1076 1807 1103 ostendam
1818 1097 1826 1108 ,
1839 1077 1882 1104 itt-

1088 1121 1173 1156 quies,
1187 1121 1252 1148 nihil
1262 1121 1351 1148 damni
1362 1129 1396 1147 ex
1412 1120 1462 1148 hac
1475 1121 1622 1156 frequentia
1637 1123 1792 1157 emergere?
1802 1123 1882 1151 Certe

1088 1166 1130 1194 vel
1145 1167 1194 1193 hoc
1209 1166 1294 1201 ipsum
1307 1166 1433 1194 damnum
1443 1172 1494 1200 est,
1506 1167 1564 1195 sine
1576 1176 1656 1196 causa
1665 1176 1698 1195 ac
1706 1173 1804 1196 temere
1815 1173 1882 1196 tem-

1088 1221 1136 1248 pus
1157 1213 1310 1245 insumere,
1333 1217 1361 1240 et
1380 1213 1439 1241 aliis
1458 1213 1617 1241 oﬁ'endiculo
1632 1222 1702 1242 esse.
1723 1213 1789 1241 Nam
1811 1214 1834 1241 si
1854 1219 1880 1241 tu

1087 1260 1212 1288 damnum
1228 1268 1281 1287 non
1296 1260 1416 1295 patiaris,
1432 1260 1512 1287 alium
1528 1260 1607 1294 hujus
1621 1261 1765 1295 spectaculi
1778 1261 1881 1287 studio-

1086 1306 1184 1333 siorem
1197 1305 1296 1333 reddis.
1307 1305 1446 1339 Quomodo
1457 1310 1545 1333 autem
1556 1305 1681 1333 damnum
1692 1314 1743 1332 non
1758 1307 1879 1341 patiaris,

1086 1352 1130 1386 qui
1144 1350 1246 1386 pra:th
1261 1350 1303 1377 his
1316 1350 1475 1385 spectaculis
1489 1350 1679 1379 occasionem?
1694 1350 1760 1378 Nam
1775 1352 1879 1386 praesti-

1086 1397 1181 1431 giator,
1198 1402 1339 1431 corruptus
1355 1404 1437 1431 puer,
1453 1396 1595 1423 fornicaria
1610 1396 1716 1429 mulier,
1731 1404 1879 1431 omnesque

1086 1442 1125 1469 illi
1137 1442 1261 1470 diabolici
1276 1442 1350 1469 chori
1366 1442 1392 1469 in
1405 1446 1485 1477 caput
1499 1447 1571 1469 tuum
1587 1449 1693 1469 causam
1714 1443 1879 1477 spectaculo-

1085 1496 1143 1515 rum
1156 1493 1289 1524 regerunt.
1299 1488 1528 1522 Quemadmodum
1537 1488 1607 1516 enim
1619 1488 1642 1516 si
1652 1493 1816 1523 spectatores
1825 1498 1878 1517 non

1085 1540 1194 1568 essent,
1210 1543 1259 1562 nec
1273 1540 1364 1562 essent
1383 1536 1428 1570 qui
1444 1535 1521 1563 ludos
1533 1535 1685 1570 hujusmodi
1698 1535 1875 1563 exhiberem:

1084 1582 1123 1609 sic
1142 1582 1204 1617 quia
1225 1586 1389 1616 spectatores
1409 1585 1471 1609 sunt
1484 1602 1492 1614 ,
1513 1586 1541 1609 et
1563 1581 1612 1616 ipsi
1634 1587 1770 1617 gestorum
1790 1583 1876 1617 ignem

1083 1630 1243 1664 partiuntur.
1252 1629 1344 1663 Itaque
1352 1628 1413 1655 licet
1424 1628 1482 1655 sine
1491 1629 1620 1655 castitatis
1630 1628 1770 1664 dispendio
1779 1629 1804 1656 id
1813 1637 1876 1664 age-

1083 1682 1137 1707 res,
1152 1674 1178 1702 id
1190 1674 1261 1709 quod
1274 1678 1346 1701 certe
1361 1674 1419 1701 ﬁeri
1434 1673 1543 1708 nequit,
1559 1674 1670 1701 aliorum
1684 1680 1771 1701 tamen
1786 1674 1876 1709 perni.

1082 1720 1132 1747 cici
1146 1726 1241 1755 graves
1255 1719 1330 1747 dabis
1345 1727 1437 1754 poenas
1447 1740 1455 1752 ,
1468 1720 1527 1747 sive
1541 1721 1716 1754 spectantium
1727 1740 1735 1753 ,
1747 1720 1803 1748 sive
1814 1728 1875 1755 spe-

1082 1765 1185 1795 clacrda
1210 1764 1357 1792 edentium.
1379 1765 1467 1800 Atque
1487 1765 1521 1792 ad
1543 1766 1692 1793 castitatem
1717 1765 1874 1793 servandam

1081 1813 1167 1847 majus
1180 1812 1283 1839 lucrum
1301 1812 1429 1846 fecisses,
1446 1812 1469 1840 si
1490 1812 1536 1840 illo
1551 1820 1602 1840 non
1619 1813 1748 1840 venisses.
1762 1813 1790 1842 Si
1803 1813 1872 1840 enim

1080 1864 1170 1887 castus
1186 1866 1257 1886 nunc
1270 1866 1301 1886 es
1313 1879 1321 1891 ,
1336 1859 1420 1886 multo
1431 1859 1530 1886 castior
1542 1866 1616 1887 esses
1629 1859 1651 1886 si
1664 1859 1814 1894 spectacula
1828 1859 1872 1886 illa

1082 1906 1202 1934 vitasses.
1215 1906 1252 1933 Ne
1263 1906 1351 1941 itaque
1361 1906 1489 1934 inutiliter
1499 1907 1701 1941 contendamus,
1715 1916 1800 1943 neque
1811 1908 1871 1936 inu.

1080 1954 1141 1981 tiles
1152 1952 1322 1981 defensiones
1335 1953 1526 1988 excogitemus.
1540 1953 1598 1981 Una
1614 1953 1734 1982 defensio
1748 1960 1775 1982 et
1789 1962 1870 1982 excu-

1079 2000 1147 2028 satio
1160 2004 1211 2032 est,
1225 1999 1247 2026 si
1262 1999 1394 2034 fugiamus
1408 1999 1543 2026 fornacem
1559 1999 1757 2034 Babylonicam,
1772 2000 1794 2027 si
1811 2008 1870 2035 pro-

1079 2046 1122 2073 cul
1140 2046 1174 2073 ab
1192 2045 1315 2081 Egyptia
1334 2046 1475 2073 meretrice
1498 2045 1643 2080 degamus,
1659 2047 1764 2073 etiamsi
1785 2046 1871 2074 nudos

1078 2095 1201 2127 oporteat
1217 2091 1251 2118 ab
1266 2090 1311 2118 illa
1325 2091 1453 2126 effugere.
1475 2090 1511 2118 Ita
1527 2092 1598 2118 enim
1612 2096 1639 2119 et
1655 2092 1736 2119 multa
1751 2093 1869 2119 fruemur

1078 2138 1224 2173 voluptate,
1238 2137 1399 2164 conscientia
1415 2145 1464 2165 nos
1477 2145 1529 2165 non
1544 2142 1695 2175 accusante,
1710 2143 1868 2173 praesentem

1077 2185 1157 2211 vitam
1177 2188 1249 2211 caste
1268 2191 1396 2219 agemus,
1417 2183 1556 2218 futuraque
1575 2183 1643 2211 bona
1663 2191 1866 2219 consequemur,

1076 2231 1162 2265 gratia
1175 2234 1202 2257 et
1216 2229 1379 2264 benignitate
1393 2229 1497 2256 Domini
1517 2230 1599 2256 nostri
1618 2229 1680 2257 Jesu
1692 2230 1808 2263 Christi,
1824 2231 1866 2257 cui

1075 2276 1159 2311 gloria
1174 2280 1200 2303 et
1213 2275 1365 2310 imperium,
1380 2282 1451 2302 nunc
1462 2280 1490 2302 et
1500 2282 1616 2310 semper,
1627 2282 1654 2303 ct
1666 2276 1692 2303 in
1707 2277 1804 2304 saecula
1817 2284 1866 2304 sa)-

1075 2322 1205 2349 culorum.
1221 2322 1314 2349 Amen.

1106 2390 1114 2406 ¹
1132 2388 1240 2414 Nonnulli
1251 2389 1358 2420 habent,
1368 2387 1576 2420 archmtgelorunt,
1587 2394 1639 2418 pro,
1651 2388 1801 2420 angelorum.
1813 2392 1863 2413 Mox

1074 2420 1157 2451 tidem,
1167 2419 1276 2445 barbaris
1287 2419 1333 2444 hac
1343 2419 1369 2444 in
1379 2426 1406 2444 re
1415 2419 1509 2451 pejores
1520 2418 1652 2444 uideantur.

744 2528 915 2560 HOMILIA
935 2530 1113 2561 XXXVIII.
1135 2529 1178 2560 al.
1198 2529 1352 2560 XXXIX.

229 2598 292 2629 Cn.
308 2598 352 2625 Η.
364 2606 389 2626 v.
403 2598 448 2625 25.
463 2598 496 2626 1η
508 2599 553 2626 illo
565 2603 675 2633 tempore
686 2599 839 2634 respondens
848 2600 923 2628 Iesus
935 2602 999 2628 dixit
1007 2610 1017 2629 :

264 2643 391 2677 Conﬁteor
405 2644 458 2676 tibi,
471 2643 557 2677 Pater,
569 2643 676 2671 Domine
686 2645 741 2672 ca'ii
751 2649 774 2672 et
784 2650 871 2679 terrae,
885 2646 945 2680 quia
957 2646 1017 2674 abt-

263 2689 370 2717 condisli
383 2691 435 2717 lucc
445 2699 461 2717 a
473 2690 626 2726 sapientibus
639 2695 662 2717 et
678 2691 850 2725 prudentibus,
866 2697 890 2720 et
902 2693 1017 2720 rerelasti

261 2743 292 2761 ea
308 2735 429 2770 parvulis.
450 2735 496 2764 26.
517 2736 561 2763 Ita
572 2757 580 2770 ,
599 2735 687 2770 Pater,
704 2737 764 2772 quia
781 2737 878 2773 sicfuit
895 2739 1016 2773 placitum

260 2786 319 2809 ante
331 2785 363 2807 te.

261 2827 287 2853 1.
296 2826 363 2854 Vide
376 2831 442 2862 quot
455 2827 613 2862 quantisque
625 2828 712 2855 modis
725 2828 785 2856 il'os
798 2829 830 2856 ad
842 2829 919 2857 ﬁdem
931 2830 1014 2858 dedu-

224 2875 280 2905 cat.
291 2871 380 2905 Primo
392 2892 400 2906 ,
417 2880 462 2907 per
475 2871 583 2900 Joannis
598 2873 698 2906 laudes.
711 2873 778 2902 Nam
792 2882 852 2907 cuin
868 2876 1013 2904 ostenderit

1070 2609 1131 2629 eum
1150 2609 1274 2637 maguum
1292 2601 1494 2638 mirabilemque
1508 2609 1567 2629 esse
1578 2623 1585 2634 ,
1597 2602 1656 2637 ejus
1669 2602 1741 2630 dicta
1753 2608 1781 2631 et
1793 2603 1860 2631 facta

1071 2646 1124 2675 ﬁde
1138 2647 1218 2682 digna
1232 2654 1292 2674 esse
1305 2647 1444 2681 probavit,
1459 2655 1508 2682 per
1522 2655 1581 2682 quze
1596 2647 1654 2675 illos
1666 2648 1698 2675 ad
1714 2648 1756 2675 sui
1768 2649 1859 2684 cogni-

1071 2693 1168 2720 tionem
1176 2692 1294 2720 attraxit.
1306 2692 1439 2726 Secundo,
1452 2693 1522 2729 quod
1535 2693 1641 2727 dixerit,
1656 2693 1771 2729 Regnum
1783 2696 1858 2722 calo-

1068 2746 1125 2765 rum
1138 2738 1187 2766 m'm
1205 2739 1311 2774 patitur,
1326 2744 1350 2766 et
1364 2739 1466 2766 violenti
1482 2740 1584 2774 rapiunt
1603 2740 1668 2767 illud
1680 2740 1794 2776 (Matth.
1815 2741 1857 2768 Η.

1070 2784 1130 2819 12).
1147 2784 1203 2811 Hoc
1224 2785 1294 2812 enim
1314 2785 1448 2812 incitantis
1462 2790 1488 2812 et
1506 2785 1665 2820 impellentis
1684 2790 1736 2812 est.
1752 2785 1857 2819 Tertio,

1068 2830 1138 2865 quod
1151 2830 1374 2858 demonstraverit
1389 2831 1575 2866 prophetarum
1592 2830 1662 2858 dicta
1680 2832 1770 2858 omnia
1784 2838 1856 2858 com-

1067 2877 1137 2913 pleta
1149 2885 1218 2907 esse.
1233 2877 1299 2905 Nam
1314 2876 1376 2906 hinc
1396 2878 1546 2912 declaratur
1559 2878 1645 2913 ipsum
1660 2877 1694 2905 ab
1706 2876 1759 2912 illis
1776 2877 1857 2907 fuisse
