2067 3134
200 187 251 215 4‘29

200 243 415 278 prmnuntiatum.
425 240 534 274 Quarto,
543 238 614 274 quod
622 237 768 265 ostenderit
777 234 905 264 omniaab
913 241 942 261 se
950 232 990 259 fa~

198 296 240 317 era
252 296 310 316 esse
319 295 377 323 qua:
388 289 444 314 ﬁeri
452 285 600 321 oportebat,
610 283 716 319 quando
725 286 753 310 et
763 288 903 317 puerorum
915 287 991 314 para-

199 334 287 362 bolam
298 333 465 361 memoravit.
474 331 581 365 Quinto,
590 338 649 357 cum
658 328 801 356 incredulis
810 325 990 361 exprobravit,

199 381 346 408 terroribus
352 385 431 414 atque
439 378 517 405 minis
525 376 630 403 additis.
639 375 730 406 Sexto,
739 381 798 401 cum
808 381 855 408 pro
862 371 991 400 credentiv

199 425 250 452 bus
260 425 358 460 gratias
367 425 430 459 agit.
442 423 506 451 Nam
516 422 590 454 illud,
599 420 727 454 Conﬁteor
733 419 786 451 tibi,
800 418 842 446 hic
848 417 988 452 signiﬁcat,

199 471 306 499 Gratias
317 478 367 505 ago
381 469 444 498 tibi:
457 468 562 496 Gratias
576 475 636 502 ago,
648 466 742 500 inquit,
758 465 825 499 Quia
839 462 992 490 abscondisti

200 518 275 545 hazca
283 517 435 552 sapientibus
446 521 468 543 et
477 514 649 550 prudentibus.
659 512 726 545 Quid
738 511 836 546 igitur?
844 518 876 537 an
888 509 921 537 de
931 517 991 542 per-

199 563 270 591 nicie
283 562 396 599 gaudet,
412 566 438 589 et
450 560 519 596 quod
535 560 572 587 illi
586 559 643 586 ba-c
658 556 797 586 noverint?
811 556 916 583 Minime
926 565 932 581 :
944 554 991 582 sed

200 610 260 638 haec
269 614 311 638 est
321 609 414 637 salutis
426 609 469 635 via
482 607 592 641 optima,
606 610 634 633 ut
647 605 691 640 qui
705 608 844 640 respuunt,
858 607 886 630 et
900 602 992 629 nolunt

200 664 233 684 ea
240 664 299 692 quae
306 656 428 683 dicuntur
436 655 579 688 suscipere,
588 653 660 680 nullo
667 656 744 686 pacto
749 656 887 686 cogantur,
895 653 923 677 ut
929 649 990 685 quia

200 702 288 730 vocati
299 709 352 729 non
364 701 490 728 meliores
501 700 562 727 facti
581 704 652 730 sunt,
664 698 710 725 sed
722 698 873 725 reciderunt
885 702 912 725 et
925 705 991 724 con-

201 751 378 782 tempserunt,
385 746 457 781 quod
465 753 493 773 se
500 746 614 780 rejectos
621 745 739 777 videant,
749 744 774 770 in
785 744 878 770 horum
888 742 992 770 deside-

200 793 271 820 rium
280 792 454 820 adducantur.
465 791 502 818 Ita
511 792 581 818 enim
595 791 623 824 ii,
635 790 679 826 qui
692 790 809 816 animum
822 789 990 821 adhiberent,

201 838 376 866 studiosiores
391 837 470 864 futuri
485 841 571 864 erant.
586 836 652 864 Nam
666 836 735 870 quod
747 843 778 863 ea
791 835 855 869 ipsis
867 835 990 862 revolen-

201 889 256 917 tur,
268 884 293 912 id
305 885 366 919 jure
378 884 501 919 gaudium
518 882 603 918 pariat
615 892 622 910 :
635 881 706 917 quod
720 889 784 909 vero
797 880 993 908 abscondantur

202 931 265 963 illis,
279 937 332 956 non
343 929 450 965 gaudio,
465 929 512 956 sed
525 928 650 964 lacrymis
665 927 772 962 dignum
786 930 837 953 est.
850 925 915 953 Illud
929 932 992 953 vero

202 976 276 1008 facit,
288 975 350 1003 dum
364 975 526 1011 lacrymatur
540 974 670 1002 miserans
681 974 828 1000 civitatem.
844 972 901 1000 Non
914 971 992 1007 igitur

201 1021 263 1048 ideo
277 1020 392 1056 gaudet,
407 1020 453 1048 sed
472 1019 542 1055 quod
563 1027 594 1046 ea
608 1026 667 1053 qute
682 1018 815 1052 sapientes
836 1025 888 1044 non
906 1024 991 1044 nove-

202 1071 275 1099 runt,
289 1066 338 1101 ipsi
353 1065 487 1097 noverint,
501 1069 530 1092 ut
543 1072 603 1091 cum
619 1064 682 1091 dicit
696 1063 791 1090 Paulus
806 1071 813 1089 :
828 1062 930 1089 Gratias
944 1069 992 1097 ago

202 1111 259 1138 Deo
271 1132 278 1145 ,
293 1111 509 1148 quoniamfuistis
522 1110 585 1137 servi
602 1109 696 1144 peccati
709 1130 716 1142 ,
733 1108 849 1136 obedistis
865 1113 948 1134 autent
963 1115 992 1134 ea:

201 1157 278 1185 corde
292 1157 318 1184 in
332 1165 408 1192 quam
422 1156 508 1183 traditi
521 1156 580 1182 estis
595 1157 704 1190 formam
717 1154 837 1180 doctrina:
850 1152 947 1188 (Rom.
963 1153 990 1180 6.

202 1203 236 1230 I7
246 1203 267 1237 ).
280 1202 339 1230 Non
352 1209 415 1237 ergo
430 1201 526 1229 Paulus
540 1205 679 1235 propterea
694 1199 802 1235 gaudet,
818 1199 889 1234 quod
903 1202 993 1226 essent

203 1249 273 1276 servi
288 1248 408 1283 peccati,
426 1247 474 1275 sed
493 1246 563 1282 quod
581 1246 647 1273 tales
662 1253 721 1272 cum
737 1249 846 1278 essent,
865 1248 904 1271 tot
923 1244 993 1271 bona

203 1293 311 1321 tandem
328 1293 382 1321 sint
399 1293 567 1327 consequuti.
590 1291 729 1326 Sapientes
748 1296 836 1318 autem
858 1290 901 1317 hic
916 1296 990 1318 vocat

203 1339 305 1366 scribas
317 1343 345 1365 et
359 1337 516 1365 Ριιπὶεςιξοε.
532 1337 595 1364 Ilaec
611 1344 690 1372 porro
703 1336 783 1369 dicit,
800 1340 829 1363 ut
846 1335 993 1370 discipulos

203 1383 348 1411 alacriores
358 1383 461 1415 reddat,
477 1387 504 1410 et
514 1383 650 1416 ostendat,
661 1386 758 1418 quanta
770 1381 928 1416 consequuti
940 1381 993 1407 sint

203 1431 362 1465 piscatores,
375 1436 390 1455 a
403 1428 499 1464 quibus
513 1428 548 1455 illi
562 1435 656 1455 omnes
668 1427 833 1455 exciderunt.
848 1426 915 1453 Cum
928 1433 993 1452 vero

203 1475 339 1508 sapientes
353 1478 427 1501 vocat
443 1473 512 1506 illos,
527 1481 579 1500 non
593 1472 627 1500 de
640 1480 701 1500 vera
712 1476 738 1499 ct
751 1471 872 1499 laudabili
888 1471 994 1505 sapien-

204 1520 240 1546 tia
254 1519 380 1554 loquitur,
391 1518 438 1546 sed
452 1518 486 1545 de
499 1518 542 1545 illa
556 1525 633 1553 quam
650 1517 807 1544 videbantur
820 1524 852 1544 ex
863 1516 993 1551 gravitate

204 1566 371 1600 consequuti.
388 1565 488 1593 Idcirco
501 1572 555 1592 non
570 1564 650 1595 dixit,
669 1563 802 1590 Revelasti
816 1562 917 1594 stultis,
934 1561 991 1594 sed,

207 1612 324 1640 Part-alis
334 1620 343 1638 ις
355 1611 466 1639 sinceris
481 1609 582 1638 scilicet
592 1617 623 1637 ac
631 1609 796 1644 simplicibus
807 1618 814 1635 τ
826 1608 993 1643 ostenditque

204 1659 266 1686 illos
275 1665 328 1684 non
342 1657 426 1684 solum
438 1656 508 1691 quod
521 1656 592 1691 digni
607 1664 658 1683 non
673 1659 771 1686 essent,
787 1654 832 1681 sed
842 1655 900 1688 jure
913 1654 992 1681 etiam

204 1705 262 1732 haec
275 1711 328 1731 non
342 1711 401 1731 esse
413 1703 523 1737 adeptos
537 1711 543 1729 :
559 1709 660 1736 nosque,
674 1708 719 1735 per
733 1700 821 1728 omnia
834 1699 920 1731 docet,
937 1703 965 1726 ut
978 1707 993 1726 a

204 1749 328 1784 superbia
343 1748 473 1784 fugiamus
483 1768 490 1780 ,
505 1747 551 1775 sed
566 1747 762 1781 simplicitatem
774 1751 916 1773 sectemur.
932 1745 993 1772 Ideo

205 1795 302 1822 Paulus
316 1795 373 1821 [nec
385 1794 503 1829 pluribus
516 1792 675 1828 ampliﬁcat,
692 1793 727 1819 ita
740 1792 860 1819 scribens
873 1799 880 1816 ε
894 1791 922 1818 Si
937 1791 993 1825 quis

205 1841 232 1867 in
244 1840 312 1868 vobis
323 1840 420 1867 videtur
427 1841 452 1866 in
461 1839 507 1866 hoc
516 1838 609 1866 saeculo
619 1839 719 1874 sapiens
729 1846 791 1871 esse,
802 1839 824 1864 is
837 1838 881 1872 fiat
890 1838 992 1869 stultus,

205 1893 232 1914 ut
252 1887 352 1921 sapiens
369 1886 489 1921 efﬁciatur
505 1884 550 1922 (I.
564 1885 623 1912 Cor.
641 1885 668 1911 5.
684 1885 747 1920 18).
767 1885 810 1912 Sic
825 1885 894 1911 enim
909 1884 993 1919 gratia

206 1933 252 1959 Dei
268 1932 475 1959 demonstratur.
491 1930 545 1958 Cur
557 1935 645 1957 autem
661 1930 732 1957 Patri
745 1930 843 1965 gratias
856 1930 921 1964 agit,
933 1937 993 1956 cum

207 1979 261 2006 hoc
274 1977 331 2012 ipse
347 1977 461 2005 fecerit?
476 1976 508 2004 Ut
524 1976 607 2003 Deum
624 1980 757 2010 precatur,
774 1981 899 2009 magnam
911 1981 989 2000 suam

208 2033 273 2060 erga
299 2032 347 2053 nos
366 2025 504 2052 caritatem
521 2024 673 2056 declarans,
697 2023 736 2050 sic
746 2027 773 2049 et
791 2022 892 2057 gratias
913 2021 988 2056 agit:

209 2079 272 2098 nam
289 2070 355 2098 illud
373 2078 478 2105 magna:
492 2070 614 2097 caritatis
628 2074 669 2096 est
689 2068 835 2101 indicium;
856 2072 883 2094 et
899 2072 991 2094 osten-

207 2118 266 2150 dit,
291 2118 351 2145 illos
374 2126 427 2145 non
449 2125 464 2144 a
482 2117 571 2151 seipse
591 2115 689 2146 solum.
708 2115 753 2142 sed
776 2114 857 2141 etiam
873 2122 888 2141 a
913 2114 991 2140 Patre

206 2163 347 2191 excidisse.
364 2162 429 2190 Nam
448 2161 518 2197 quod
532 2161 600 2190 dixit
612 2161 748 2195 discipulis
758 2181 767 2194 ,
781 2160 868 2187 Nolite
880 2165 996 2192 sanctum

206 2209 269 2235 dare
283 2208 385 2234 canibus
399 2207 510 2243 (Matth.
524 2207 550 2233 7.
566 2206 618 2242 6),
634 2206 660 2233 id
670 2206 725 2241 jam
742 2206 813 2240 prius
828 2205 872 2232 ille
885 2204 994 2232 fecerat.

208 2255 309 2283 Deinde
317 2263 364 2290 per
372 2255 429 2282 Ilth
439 2253 554 2282 ostendit
561 2257 588 2281 et
598 2261 673 2281 suam
684 2257 710 2280 et
722 2252 806 2279 Patris
814 2252 975 2279 voluntatem
986 2258 993 2278 :

207 2311 294 2336 suam,
305 2302 376 2338 quod
386 2302 484 2337 gratias
494 2305 554 2336 agat
565 2305 591 2328 et
602 2300 715 2335 gaudeat
724 2299 758 2327 de
770 2307 799 2326 rc
808 2303 881 2333 gesta
892 2306 898 2331 ;
911 2298 996 2325 Patris

207 2356 282 2381 vero,
297 2352 326 2375 ut
338 2347 470 2379 ostendat,
483 2347 555 2374 illum
569 2353 621 2373 non
636 2350 755 2381 rogatum
769 2344 819 2372 hoc
831 2344 936 2375 fecisse,
949 2343 996 2370 sed

207 2399 302 2429 sponte
321 2401 367 2422 sua
385 2401 418 2421 eo
436 2393 553 2420 animum
570 2392 724 2427 appulisse;
744 2398 805 2418 nam
820 2390 875 2423 ait,
892 2390 936 2417 Sic
949 2390 996 2424 fuit

208 2440 328 2475 placitum
337 2444 394 2466 ante
404 2443 444 2471 te;
458 2439 483 2466 id
492 2443 543 2470 est,
557 2438 591 2466 Ita
604 2438 649 2465 tibi
662 2437 768 2472 placuit.
780 2436 833 2464 Cur
843 2441 932 2463 autem
945 2436 996 2462 illis

208 2486 363 2514 abscondita
379 2484 486 2517 fuerint,
501 2484 562 2511 audi
576 2484 688 2511 Paulum
700 2483 832 2510 dicentem
848 2490 855 2509 :
871 2482 996 2516 Quoniam

207 2538 344 2569 querentes
355 2533 483 2568 propriam
493 2531 618 2566 justitiam
630 2536 746 2563 statuere,
758 2530 865 2565 justitia:
880 2529 925 2556 Dei
938 2529 997 2556 sub-

208 2579 267 2610 iecti
287 2586 336 2607 non
356 2579 457 2614 fuerunt
471 2576 564 2615 (Rom.
581 2576 624 2604 IO.
639 2577 685 2611 5).
703 2575 840 2610 Perpende
856 2575 933 2609 igitur
946 2581 998 2608 quo

209 2624 305 2651 :ill'ectu
320 2623 402 2650 fuisse
421 2622 564 2657 discipulos
583 2621 726 2649 verisimile
740 2625 782 2648 est
793 2642 800 2654 ,
818 2620 876 2647 haec
888 2620 998 2646 audien-

211 2674 270 2702 tcs;
286 2669 357 2704 quod
378 2675 475 2703 nempe
492 2668 534 2694 illa
550 2675 609 2702 qua:
628 2666 763 2701 sapientes
782 2673 833 2693 non
850 2669 996 2697 noverant,

210 2716 260 2751 ipsi
274 2715 407 2747 noverint,
423 2714 598 2748 noverintque
613 2713 714 2748 parvuli
730 2717 876 2744 manentes,
892 2712 999 2746 Deoque

211 2761 358 2789 revelante.
380 2760 465 2788 Lucas
492 2759 565 2796 (Cap.
579 2759 622 2787 10.
639 2767 662 2786 υ.
675 2759 717 2785 I7.
733 2758 780 2793 Ἡ)
793 2765 856 2785 vero
871 2758 949 2790 dicit,
973 2758 999 2785 in

212 2807 256 2834 illa
271 2806 346 2836 hora.
360 2813 411 2840 qua
425 2811 556 2833 venerunt
569 2804 732 2839 septuaginta
747 2805 897 2831 nuntiantes
910 2804 953 2831 illa
967 2804 1000 2832 de

212 2853 378 2880 (immanibus
389 2872 395 2883 ,
410 2857 473 2879 tunc
486 2851 659 2879 exsultavisse
672 2855 698 2877 et
712 2849 756 2876 illa
770 2849 868 2877 dixisse
878 2869 886 2881 ,
902 2857 961 2883 qua:
973 2855 1001 2877 ut

213 2898 387 2925 studiosiores
411 2897 471 2924 illos
494 2896 660 2929 reddebant,
681 2896 714 2923 ita
736 2894 769 2922 ad
790 2894 999 2923 moderationem

655 181 686 210 IN
706 178 909 209 MATTHEUM
928 175 1043 204 HOMIL.
1063 176 1206 204 XXXVIII.
1227 177 1262 205 al.
1282 178 1402 205 XXXIX.

1779 177 1830 205 I730

1045 233 1230 268 disponebant.
1242 235 1308 268 Quia
1321 235 1391 262 cnim
1398 235 1541 262 verisimile
1551 239 1608 262 erat
1619 235 1679 262 illos
1691 235 1771 262 altum
1784 245 1826 262 sa-

1044 287 1108 314 pere
1119 300 1126 312 ,
1142 281 1211 315 quod
1224 281 1359 309 daemonas
1380 281 1526 315 pellerent,
1549 281 1609 308 hinc
1624 281 1684 308 illos
1699 281 1827 315 reprimit.

1045 325 1180 353 Iievelatio
1190 326 1261 354 enim
1270 331 1327 354 erat
1339 326 1403 354 illud
1411 326 1482 361 quod
1495 326 1591 353 factum
1603 327 1698 360 fuerat,
1708 334 1759 353 non
1774 330 1827 352 stu-

1044 371 1080 399 dii
1093 372 1202 400 fructus.

1078 417 1104 444 2.
1120 417 1234 453 Ide0que
1247 419 1340 446 scribae
1354 423 1381 446 et
1395 419 1542 453 sapientes,
1556 419 1601 454 qui
1616 427 1645 446 se
1659 418 1784 454 putabant
1797 425 1828 444 ex

1043 464 1137 498 seipsis
1151 464 1294 498 prudentes
1302 473 1371 497 esse,
1386 465 1420 492 ob
1433 470 1561 492 tumorem
1574 465 1708 500 proprium
1722 464 1827 491 excide-

1043 513 1114 536 runt.
1129 509 1155 537 Si
1170 510 1258 544 itaque
1271 511 1296 538 id
1312 511 1364 538 illis
1376 511 1436 538 ideo
1450 511 1633 538 absconditum
1648 514 1706 543 est,
1721 510 1828 541 timete,

1044 554 1144 589 inquit,
1161 560 1185 582 et
1207 556 1308 590 parvuli
1324 561 1438 584 manete.
1452 556 1480 583 ld
1494 556 1564 583 enim
1579 556 1666 583 effecit
1681 560 1706 582 ut
1725 555 1828 582 revela-

1044 600 1116 628 tioue
1129 600 1280 628 frueremini
1291 622 1297 633 ,
1313 607 1341 628 ut
1354 610 1385 629 ex
1396 602 1532 629 contrario
1543 601 1606 628 vitio
1619 601 1669 628 hac
1684 601 1719 628 illi
1735 600 1829 635 privati

1043 649 1114 672 sunt.
1125 644 1190 672 Nam
1204 654 1263 673 cum
1277 646 1349 679 dicit,
1361 647 1496 679 Revelasti,
1505 655 1557 673 non
1569 651 1651 674 totum
1661 654 1694 674 ex
1705 647 1758 673 Deo
1771 652 1832 672 esse

1043 692 1149 723 asserit,
1165 691 1211 718 sed
1225 692 1295 719 sicut
1306 700 1366 719 cum
1380 692 1475 719 Paulus
1488 691 1561 724 dicit,
1571 691 1688 719 Tradidit
1698 698 1740 718 eos
1753 691 1778 716 in
1792 699 1831 716 re-

1044 737 1150 771 probum
1157 745 1267 770 sensum,
1277 743 1299 764 et
1308 739 1437 765 eactecavit
1446 737 1636 773 intelligentiam
1643 745 1729 763 eorum
1740 735 1828 770 (Rom.

1044 784 1071 811 1.
1086 783 1137 818 28)
1149 803 1157 814 ,
1172 790 1226 810 non
1239 783 1313 810 illum
1330 783 1387 810 haec
1400 783 1488 810 omnia
1509 783 1602 810 fecisse
1619 782 1766 816 signiﬁcat,
1784 780 1831 808 sed

1044 829 1104 856 illos
1118 829 1161 863 qui
1174 835 1281 856 causam
1294 828 1462 863 praebuerunt
1475 837 1481 854 :
1497 827 1531 854 ita
1545 832 1572 855 et
1586 823 1829 856 hicilludait,Abs.

1037 872 1302 906 condisti.Quiaenim
1316 873 1392 906 dixit,
1406 872 1533 907 Confiteor
1544 872 1596 903 tibi.
1608 873 1668 908 quia
1679 871 1831 898 abscondisti

1043 921 1104 954 illis,
1116 926 1137 948 et
1148 921 1262 947 revelain
1272 928 1301 947 ea
1312 919 1432 955 parvulis,
1446 927 1479 947 ne
1492 923 1567 954 putes
1579 918 1664 953 ipsum
1679 918 1729 944 bac
1737 918 1833 944 virtute

1045 965 1175 1003 privatum
1187 987 1195 1000 ,
1211 975 1270 994 cum
1287 965 1351 993 illud
1365 965 1471 993 efﬁcere
1489 973 1542 992 non
1560 968 1668 999 posset,
1682 963 1721 990 sic
1733 963 1832 998 gratias

1044 1021 1133 1048 agerc,
1144 1012 1251 1047 adjicit:
1262 1012 1306 1038 27.
1318 1011 1408 1038 Omnia
1416 1011 1477 1037 milii
1487 1010 1578 1037 tradita
1588 1014 1646 1036 sunt
1656 1017 1671 1035 α
1684 1008 1760 1034 Patre
1767 1015 1832 1033 meo.

1044 1059 1085 1087 Ad
1103 1066 1149 1086 eos
1163 1066 1225 1085 vero
1238 1058 1282 1093 qui
1298 1057 1463 1088 laztabantur,
1477 1056 1548 1090 quod
1566 1055 1702 1082 daemones
1721 1053 1771 1081 sibi
1789 1061 1833 1087 pa-

1044 1109 1150 1137 rerent,
1164 1104 1231 1137 Quid
1248 1103 1390 1136 miramini,
1406 1103 1504 1136 inquit,
1517 1102 1538 1128 si
1551 1101 1686 1128 daemones
1699 1099 1772 1127 vobis
1787 1106 1832 1125 ce~

1044 1151 1126 1179 dant?
1137 1150 1230 1178 Omnia
1245 1157 1303 1177 mea
1318 1154 1388 1181 sunt,
1405 1148 1496 1175 Omnia
1511 1148 1572 1174 mihi
1582 1146 1674 1174 tradita
1685 1151 1751 1173 sunt.
1765 1144 1832 1172 Cum

1044 1203 1133 1225 autem
1149 1197 1285 1228 audieris,
1306 1196 1372 1222 Milli
1392 1195 1484 1222 tradita
1504 1199 1579 1226 sunt,
1603 1193 1666 1220 nihil
1688 1193 1830 1219 humanum

1044 1243 1197 1279 suspiceris.
1213 1243 1251 1269 Ne
1264 1242 1334 1269 enim
1347 1241 1414 1268 duos
1428 1247 1481 1267 non
1496 1239 1599 1275 genitos
1610 1238 1674 1266 deos
1685 1237 1830 1266 existimes.

1045 1291 1113 1317 hanc
1134 1289 1206 1324 ponit
1229 1289 1382 1316 dictionem.
1404 1287 1468 1314 Nam
1490 1286 1562 1322 quod
1581 1284 1660 1312 simul
1680 1285 1785 1320 genitus
1806 1288 1832 1310 et

1043 1337 1163 1364 omnium
1179 1336 1305 1362 Dominus
1318 1334 1362 1366 sit,
1376 1341 1447 1368 smpe
1460 1333 1522 1359 alibi
1537 1331 1677 1366 signiﬁcat.

1083 1383 1163 1410 Filius
1178 1382 1289 1418 ejusdem
1301 1390 1357 1408 cum
1371 1379 1448 1406 Patre
1459 1379 1613 1406 substantitz.
1627 1376 1742 1404 Marcion
1754 1375 1832 1402 obiter

1044 1430 1176 1464 refellitur.
1191 1427 1325 1454 llumilitas
1343 1430 1422 1452 muter
1442 1429 1478 1452 est
1504 1424 1585 1451 omnis
1612 1422 1785 1458 philosophiae.
1797 1436 1832 1441 —-

1045 1475 1128 1509 Majus
1143 1473 1276 1509 quidpiam
1298 1472 1394 1499 deinde
1413 1471 1485 1503 dicit,
1504 1474 1671 1504 mentemque
1687 1467 1830 1496 tuamdiri-

1043 1521 1079 1555 git
1095 1521 1102 1536 ί
1116 1529 1122 1545 :
1139 1520 1170 1546 Et
1179 1528 1250 1546 nemo
1261 1519 1327 1545 novit
1343 1518 1448 1549 Filium,
1466 1516 1514 1543 nisi
1529 1515 1625 1548 Pater;
1639 1523 1715 1548 neque
1730 1513 1833 1540 Patrem

1044 1567 1100 1601 quis
1114 1567 1190 1598 novit,
1201 1566 1250 1592 nisi
1260 1565 1351 1592 Filius.
1362 1564 1472 1591 Videtur
1484 1568 1572 1590 autem
1585 1563 1625 1593 iis,
1636 1562 1678 1596 qui
1694 1569 1748 1588 rem
1761 1560 1833 1595 igno-

1046 1619 1116 1647 rant,
1128 1613 1186 1640 lucc
1205 1620 1257 1640 non
1273 1611 1376 1638 luerere
1390 1610 1589 1646 superioribus:
1605 1613 1631 1636 at
1644 1608 1725 1635 multa
1739 1613 1779 1634 est
1794 1607 1833 1633 in-

1046 1664 1086 1686 ter
1096 1659 1153 1686 haec
1163 1657 1345 1686 consonantia.
1359 1657 1425 1690 Quia
1447 1656 1518 1683 enim
1532 1655 1643 1687 dixerat,
1659 1653 1750 1680 Omnia
1772 1652 1834 1678 mihi

1045 1706 1137 1732 tradita
1157 1709 1214 1732 sunt
1233 1713 1248 1730 α
1268 1703 1345 1730 Patre
1356 1711 1420 1736 meo,
1432 1701 1565 1736 subjungit
1581 1710 1587 1726 :
1605 1699 1705 1734 Ecquid
1725 1698 1832 1730 mirum,

1045 1752 1067 1779 si
1088 1751 1206 1778 omnium
1219 1750 1277 1776 sim
1292 1748 1428 1781 Dominus,
1448 1755 1507 1774 cum
1522 1745 1592 1773 aliud
1608 1745 1693 1780 majus
1709 1743 1832 1775 habeam,

1045 1797 1115 1832 quod
1129 1796 1234 1823 Patrem
1249 1802 1416 1830 cognoscam,
1430 1798 1456 1820 et
1467 1792 1585 1828 ejusdem
1597 1799 1656 1818 cum
1670 1798 1702 1817 eo
1713 1789 1834 1817 substan-

1047 1844 1088 1870 tia:
1104 1842 1175 1870 sim?
1195 1841 1298 1869 Etenim
1315 1840 1364 1867 hoc
1378 1839 1507 1866 occultius
1522 1837 1652 1873 signiﬁcat
1670 1844 1703 1863 ex
1719 1843 1750 1862 eo
1764 1835 1832 1870 quod

1047 1889 1122 1916 solus
1136 1888 1223 1922 ipsum
1247 1890 1398 1921 cognoscat.
1414 1885 1480 1912 Cum
1495 1884 1565 1911 enim
1581 1883 1654 1916 dicit,
1671 1881 1752 1908 Nemo
1767 1881 1833 1907 norit

1047 1935 1152 1962 Patrem
1161 1934 1209 1961 nisi
1218 1933 1311 1966 Filius,
1325 1932 1376 1959 hoc
1388 1931 1528 1966 significat.
1544 1930 1579 1957 Et
1593 1928 1654 1956 vide
1667 1928 1832 1964 quandonam

1046 1981 1104 2008 hac
1116 1980 1196 2007 dicat.
1208 1979 1274 2006 Cum
1289 1985 1385 2012 nempe
1399 1985 1447 2012 per
1458 1983 1538 2011 opera
1552 1975 1609 2010 ejus
1623 1974 1766 2009 potentiam
1779 1973 1832 1999 cla-

1046 2035 1075 2055 re
1088 2027 1293 2054 demonstratam
1308 2024 1445 2055 haberent,
1456 2030 1516 2049 cum
1531 2029 1581 2048 non
1594 2021 1672 2048 modo
1686 2020 1771 2054 ipsum
1785 2018 1833 2045 Ini-

1046 2072 1133 2100 racula
1149 2075 1295 2107 patrantem
1306 2068 1498 2101 vidissent,sed
1512 2068 1559 2102 ipsi
1570 2074 1674 2102 quoque
1687 2066 1712 2093 in
1727 2064 1833 2092 nomine

1047 2120 1130 2154 ipsius
1148 2122 1219 2145 tanta
1240 2116 1320 2144 edere
1338 2115 1494 2150 potuissent.
1509 2113 1624 2144 Deinde,
1641 2112 1701 2147 quia
1719 2111 1831 2142 dixerat,

1047 2164 1173 2192 Revelasti
1185 2171 1215 2190 ea
1231 2161 1352 2198 parvulis,
1367 2160 1483 2188 ostendit
1503 2160 1552 2187 hoc
1564 2159 1643 2186 etiam
1659 2157 1692 2184 ad
1707 2165 1735 2184 se
1750 2157 1833 2191 perti-

1047 2219 1111 2239 nere
1125 2220 1132 2238 :
1149 2218 1209 2238 nam
1224 2210 1271 2241 ait,
1285 2208 1368 2235 Nemo
1381 2207 1448 2234 novit
1463 2206 1572 2239 Patrem,
1593 2205 1641 2232 nisi
1658 2203 1748 2236 Filius,
1762 2208 1783 2230 et
1794 2203 1833 2229 cui

1047 2257 1152 2285 voluerit
1170 2256 1254 2283 Filius
1273 2254 1399 2282 revelare:
1414 2260 1466 2280 non
1482 2252 1523 2280 cui
1539 2250 1706 2286 prmccperit,
1720 2257 1769 2276 nec
1790 2249 1832 2275 cui

1048 2302 1222 2330 mandaverit.
1238 2300 1312 2333 Quod
1325 2301 1347 2327 si
1362 2299 1466 2326 Patrem
1483 2297 1591 2329 revelat,
1603 2301 1629 2323 et
1643 2296 1758 2330 seipsum
1769 2302 1832 2329 quo-

1048 2356 1108 2384 que.
1123 2348 1220 2375 Verum
1237 2346 1301 2373 illud
1315 2345 1420 2381 quidem
1434 2344 1508 2379 quasi
1523 2343 1548 2369 in
1560 2343 1682 2369 confesso
1703 2341 1737 2368 sit
1752 2341 1833 2367 relin-

1048 2395 1113 2429 quit.
1129 2394 1179 2421 hoc
1192 2400 1257 2420 vero
1267 2392 1365 2427 posuit,
1378 2395 1458 2425 atque
1471 2389 1568 2424 ubique
1580 2387 1652 2420 dicit,
1664 2392 1692 2414 ut
1706 2395 1765 2414 cum
1779 2386 1814 2412 ait
1827 2395 1834 2412 :

1050 2440 1132 2466 Nemo
1148 2443 1225 2473 potest
1237 2438 1319 2465 venire
1331 2437 1364 2464 ad
1380 2436 1501 2468 Patrem,
1519 2434 1567 2461 nisi
1585 2443 1629 2469 per
1644 2442 1692 2459 me.
1708 2433 1758 2460 Per
1777 2431 1836 2459 haec

1049 2491 1137 2513 autem
1153 2484 1223 2511 aliud
1234 2490 1339 2518 quoque
1353 2482 1498 2514 constituit,
1513 2480 1581 2515 quod
1595 2479 1713 2514 ejusdem
1720 2484 1781 2503 cum
1791 2478 1837 2505 illo

1050 2533 1084 2559 sit
1101 2530 1242 2558 voluntatis
1260 2537 1291 2556 ac
1304 2527 1452 2556 sententiae.
1467 2527 1580 2554 Tantum
1594 2525 1668 2552 abest
1679 2545 1686 2557 ,
1701 2523 1794 2558 inquit.
1810 2528 1838 2550 ut

1050 2586 1110 2606 cum
1124 2578 1168 2604 illo
1183 2583 1295 2611 pugnem
1305 2595 1313 2608 ,
1326 2579 1355 2601 ut
1366 2581 1418 2601 non
1432 2573 1514 2608 possit
1528 2572 1586 2607 quis
1597 2571 1630 2598 ad
1643 2571 1716 2597 illum
1727 2570 1818 2596 venire
1829 2590 1836 2601 ,
1855 2599 1858 2603 ,

1051 2625 1102 2652 nisi
1124 2632 1171 2659 per
1183 2631 1236 2650 me.
1252 2622 1317 2655 Quia
1333 2621 1404 2648 enim
1428 2619 1454 2646 id
1475 2619 1588 2646 maxime
1611 2617 1661 2644 illis
1678 2616 1837 2644 offendicqu

1051 2675 1118 2703 erat,
1143 2669 1213 2705 quod
1235 2668 1368 2695 videretur
1390 2666 1444 2694 Deo
1467 2663 1633 2692 adversarius
1656 2670 1725 2696 esse,
1741 2662 1766 2689 id
1792 2669 1839 2696 per

1052 2717 1140 2744 omnia
1159 2713 1290 2746 confutat,
1306 2719 1355 2740 nec
1372 2712 1459 2738 minus
1479 2710 1528 2737 hoc
1542 2709 1650 2737 curabat
1671 2716 1748 2743 quam
1764 2708 1838 2741 signa

1053 2762 1142 2795 edere,
1158 2761 1210 2788 imo
1225 2760 1309 2794 majus
1323 2766 1354 2786 ea
1368 2758 1394 2784 in
1410 2764 1439 2784 re
1451 2755 1566 2783 studium
1577 2753 1755 2789 impendebat.
1772 2753 1837 2779 Cum

1054 2815 1132 2842 porro
1150 2806 1224 2839 dicit,
1237 2805 1325 2840 Neque
1338 2804 1439 2831 Patrem
1456 2802 1510 2837 quis
1527 2802 1604 2836 novit,
1615 2801 1663 2828 nisi
1678 2800 1770 2833 Filius,
1787 2806 1839 2825 non

1088 2901 1094 2915 ι
1114 2897 1166 2928 Alii,
1177 2899 1276 2923 mentem
1287 2898 1352 2920 tuum
1366 2893 1485 2926 aperiens.
