2068 3132
238 142 287 169 451

235 198 344 229 indicat,
369 196 443 224 illum
463 205 556 225 omnes
579 197 710 233 ignorare.
725 197 771 224 sed
795 195 926 224 nctninetn
953 194 1023 221 illam

235 243 344 276 habere,
359 251 438 278 qualn
454 243 509 278 ipse
524 243 642 276 ltaberet,
659 243 778 270 notitiam
793 251 799 268 :
812 240 881 276 quod
896 240 975 266 etiam
990 238 1024 266 de

235 289 303 317 F-lio
319 289 471 316 dicettdum.
490 289 580 324 Neque
602 290 672 317 enim
688 289 722 316 «le
744 289 833 322 ignoto
845 291 872 314 et
885 293 900 312 a
917 285 1024 312 nemine

233 335 339 369 cognito
353 334 403 362 dco
418 335 474 362 hsce
490 334 603 367 diccbat,
619 339 647 361 ιιι
665 334 778 361 Marcion
798 332 902 361 asserit.
917 330 963 358 sed
977 338 1023 357 ac—

233 386 352 407 curatam
366 380 409 408 hic
425 381 573 409 subindicat
587 381 764 415 cognitionem
779 387 786 406 :
799 386 859 405 nam
875 385 908 404 ne
926 377 1022 404 Filium

232 425 339 459 quidem
352 426 537 460 cognoscimus
557 430 584 453 ut
599 433 677 453 nosse
691 430 795 459 oportet
809 433 815 450 :
831 429 858 451 et
873 423 923 450 hoc
936 422 1022 457 ipsum

233 471 331 498 Paulus
352 472 390 499 sic
410 472 584 499 declarabat:
600 471 641 498 Ex
659 476 731 506 parte
751 470 933 505 cognoscimus,
948 473 970 496 et
991 476 1023 494 ea:

233 522 304 550 parte
325 518 502 552 prophetamus
516 517 554 551 (Ι.
570 517 628 544 Cor.
647 517 689 544 l5.
709 515 765 550 12).
782 515 881 542 Deinde
895 521 954 541 cum
975 520 1023 548 per

232 571 263 588 ea
278 571 337 596 qua:
356 563 461 589 dixerat
478 563 542 597 ipsis
560 562 720 590 desiderium
734 561 882 594 indidisset,
895 566 1022 594 suamque

232 608 392 635 iuetl'abilem
407 609 551 642 potentiam
567 608 785 640 demonstrasset,
801 611 864 633 tunc
876 605 980 632 vocavit
990 605 1023 632 il-

230 653 272 681 los
292 654 404 681 tliccns:
421 655 465 681 28.
486 654 573 681 Vertite
594 654 628 680 ad
644 662 683 680 me
694 661 779 680 omnes
795 653 838 687 qui
858 651 977 678 laboratis
999 655 1022 677 et

231 701 327 728 onerati
339 701 407 729 estis.
419 705 444 728 et
464 709 508 736 ego
528 701 639 735 reficiant
658 708 711 727 vos.
727 699 783 726 Non
797 698 840 726 hic
855 703 882 726 et
905 697 960 730 ille,
975 696 1022 724 sed

230 754 323 773 omnes
333 746 376 781 qni
386 746 411 773 in
421 745 608 778 sollicitudine,
621 745 646 772 in
657 745 771 777 tristitia,
783 745 809 771 ill
824 743 937 779 peccatis
946 743 1021 770 estis.

233 791 334 824 Venite,
350 799 401 820 non
416 795 445 818 ut
458 798 550 826 pcenas
571 796 704 826 expetam,
719 790 766 817 sed
788 795 816 817 ttt
836 794 943 825 peccata
965 788 1022 816 sol-

229 845 291 864 vattt
303 846 310 870 ;
327 838 425 869 venite,
439 846 490 864 non
504 837 574 873 qttod
585 838 668 873 gloria
680 842 766 864 vestra
780 844 882 872 egeam,
894 836 940 863 sed
951 834 1022 870 quod

228 883 340 910 Salutem
355 888 469 910 vestram
482 883 580 910 sitiant.
589 882 656 918 Ego,
669 883 763 918 inquit,
776 882 886 916 reﬁciant
899 890 951 908 vos.
963 880 1021 908 Non

229 929 277 961 ait,
301 929 394 956 Salvos
415 929 527 961 faciant;
544 929 590 957 sed
613 928 683 963 quod
704 929 788 955 multo
811 928 896 963 magis
918 932 976 959 est,
994 927 1021 954 In

228 975 301 1002 muni
315 975 404 1010 quiete
419 976 589 1002 constituam.
603 975 648 1002 29.
663 975 754 1002 Tollite
770 976 861 1010 jugunt
880 982 962 1001 nteant
976 982 1020 1001 su-

228 1029 273 1055 per
286 1029 337 1052 vos,
350 1025 373 1047 et
386 1021 472 1048 discite
483 1029 499 1047 a
509 1029 556 1053 me,
567 1022 626 1053 quia
638 1021 703 1048 mitis
715 1029 770 1047 sum
781 1024 805 1047 et
817 1019 918 1046 humilis
928 1019 1021 1052 corde;

223 1067 252 1091 ‘et
265 1065 391 1091 invenietis
406 1066 516 1100 requiem
533 1065 664 1092 animabus
676 1065 771 1092 uestris.
786 1065 830 1092 50.
845 1063 942 1100 Iugum
955 1065 1021 1091 enim

228 1118 309 1137 meum
322 1118 396 1137 suave
409 1116 455 1144 est,
466 1115 488 1137 et
501 1119 564 1138 onus
584 1119 664 1137 nteum
673 1110 733 1137 leue.
744 1110 782 1138 Ne
792 1111 916 1142 timcatis,
926 1110 1019 1144 inquit,

226 1164 286 1182 cum
304 1156 395 1190 jngum
416 1156 511 1183 auditis
526 1165 532 1183 :
548 1163 627 1183 suave
640 1156 737 1191 quippe
752 1161 811 1187 est;
828 1163 861 1183 ne
873 1155 1022 1183 fortnidetis

226 1203 287 1237 quia
303 1203 367 1235 dixi,
383 1211 470 1231 onus:
487 1204 544 1231 leve
565 1204 662 1239 quippe
677 1209 727 1231 est.
743 1203 777 1231 Et
792 1203 926 1238 quomoda
941 1211 1020 1238 supra

227 1247 310 1274 dixit:
325 1248 439 1284 Angusta
459 1255 494 1276 est
510 1254 599 1284 porta,
615 1254 638 1276 et
652 1256 723 1276 arcta
742 1249 782 1276 uia
793 1249 898 1282 (Matth.
911 1250 936 1276 7.
953 1249 996 1283 Η)
1009 1249 1021 1275 ?

225 1293 326 1328 Nempe
347 1295 368 1322 si
383 1296 471 1330 segnis
489 1296 526 1322 sis
538 1315 546 1329 ,
562 1295 584 1322 si
600 1295 745 1323 remissus:
769 1295 832 1322 utsi
852 1303 931 1330 supra
951 1295 1019 1322 dicta

227 1340 371 1376 perfeceris
381 1361 388 1374 ,
403 1341 459 1368 lerc
472 1342 523 1369 erit
537 1349 606 1369 onus
618 1350 627 1374 ;
649 1341 748 1369 idcirco
762 1349 833 1368 nunc
852 1341 915 1369 illud
929 1341 1020 1376 hujus-

227 1387 298 1414 mndi
310 1395 368 1414 esse
383 1387 459 1414 dixit.
472 1388 611 1422 Quomodo
624 1393 711 1416 autem
726 1388 750 1416 id
762 1388 919 1424 perﬁcitur?
934 1388 962 1416 Si
976 1388 1022 1415 hu-

226 1434 295 1460 milis
306 1433 397 1467 fueris,
412 1440 566 1462 mansuetus
579 1439 605 1462 ct
619 1434 766 1462 modestus.
782 1434 845 1462 llarc
856 1435 954 1470 quippe
967 1435 1019 1461 vir-

226 1485 268 1507 tus
283 1485 367 1507 mater
387 1484 428 1507 est
448 1481 536 1508 omnis
558 1480 744 1516 philosophiae.
759 1481 926 1515 Quapropter
947 1480 1020 1515 leges

225 1525 329 1553 divinas
349 1526 483 1560 ell'erens,
500 1526 561 1553 hinc
586 1526 689 1560 incipit.
711 1526 759 1554 Hic
783 1534 889 1562 quoque
913 1534 1018 1554 rursum

225 1570 340 1605 ldipsmn
364 1572 445 1604 facit,
471 1580 648 1608 magnamque
672 1573 747 1608 ponit
771 1573 934 1600 mercedem.
960 1572 1018 1600 Non

225 1623 327 1644 tantum
339 1618 421 1652 enitn,
435 1618 529 1653 inquit,
541 1618 618 1645 alteri
630 1618 702 1646 utilis
713 1618 777 1650 eris,
790 1618 837 1646 sed
849 1625 911 1646 ante
925 1626 1019 1645 omnes

226 1664 273 1692 tibi
289 1665 408 1699 requiem
423 1672 510 1700 paras.
533 1664 668 1692 Invenietis
681 1666 751 1693 cnittt
764 1665 874 1700 requiem
886 1665 1019 1693 animabus

224 1711 321 1737 uestris.
336 1711 404 1738 Ante
416 1710 504 1738 futura
516 1711 571 1746 jam
583 1711 626 1739 ltic
640 1711 684 1739 tibi
696 1711 911 1750 datmercedem,
921 1716 948 1739 ct
958 1711 1018 1739 bra.

225 1757 296 1784 \‘ium
313 1765 382 1784 nunc
395 1757 496 1791 prmbet
511 1766 517 1783 :
532 1762 612 1792 atque
633 1757 694 1785 hinc
711 1757 822 1793 etquod
841 1758 957 1793 seipsum
973 1757 1018 1785 det

226 1801 253 1829 in
267 1802 428 1836 exemplum,
442 1809 592 1830 sermonem
608 1803 693 1830 reddit
705 1804 893 1838 acceptiorem.

263 1847 289 1874 5.
302 1847 371 1880 Quid
391 1847 461 1875 enim
478 1848 575 1876 times'.l
587 1849 688 1883 inquit;
704 1856 737 1876 ne
751 1849 838 1877 minor
858 1849 980 1876 habearis
994 1848 1015 1876 si

224 1894 260 1920 sis
274 1893 400 1921 humilis?
423 1893 464 1921 Me
481 1894 582 1929 respice
596 1899 623 1922 et
637 1902 695 1921 mea
711 1894 799 1921 omnia
813 1901 828 1922 a
849 1902 892 1922 me
909 1894 1015 1927 discito,

224 1944 250 1966 et
269 1943 332 1966 tunc
345 1932 416 1966 clare
431 1939 499 1966 scies
515 1944 643 1975 quantum
661 1939 697 1966 sit
716 1939 826 1966 bonum.
840 1939 935 1967 Viden’
947 1947 1016 1974 quo-

224 1983 305 2011 modo
317 1985 388 2011 omni
401 1992 432 2011 ex
448 1989 522 2018 parte
535 1985 606 2019 ipsos
620 1984 726 2012 inducat
740 1984 773 2012 ad
785 1984 981 2012 humilitatem?
994 1985 1016 2012 Α

223 2030 319 2064 quibus
342 2031 397 2065 ipse
421 2030 504 2058 fecit:
523 2030 628 2064 Discite,
652 2031 746 2066 inquit,
762 2040 778 2058 α
799 2039 848 2064 me,
869 2032 928 2066 quia
950 2031 1018 2059 mitis

223 2086 279 2104 sum
291 2086 300 2109 ;
313 2078 346 2105 ab
365 2078 396 2105 iis
410 2086 469 2113 qua:
485 2077 535 2113 ipsi
549 2078 673 2105 lucratnri
687 2082 749 2105 sunt
762 2087 769 2105 :
783 2085 855 2110 nam,
870 2076 1016 2110 Invenietis,

225 2123 320 2158 inquit,
332 2125 442 2158 requiem
457 2124 588 2151 animabus
604 2124 691 2152 vestris
701 2133 709 2157 ,'
721 2123 754 2151 ab
768 2124 800 2151 iis
813 2132 872 2159 qua:
889 2124 952 2158 ipsis
967 2124 1018 2150 lar-

223 2170 296 2204 gitur
308 2179 315 2194 2
333 2169 454 2204 lie/icium
469 2178 523 2203 vos,
539 2171 642 2205 inquit;
656 2170 689 2197 ab
701 2178 734 2197 eo
745 2170 815 2205 quod
830 2177 898 2197 unus
912 2170 969 2197 leve
978 2169 1017 2198 ef-

224 2216 316 2243 fecerit
331 2225 337 2243 :
352 2215 448 2251 Jugum
468 2216 532 2242 enini
548 2224 629 2242 metun
650 2224 726 2243 sttave
739 2221 775 2242 est
786 2237 793 2247 ,
814 2221 835 2242 et
850 2224 913 2243 onus
935 2223 1018 2242 meum

225 2261 287 2288 leve.
304 2261 339 2288 lla
363 2267 389 2288 ct
405 2261 502 2288 Paulus
517 2261 610 2288 suadet
631 2262 722 2288 dicens
744 2270 750 2287 :
773 2261 976 2288 llomentaneum
995 2265 1018 2287 et

223 2307 276 2334 leve
289 2306 467 2340 tribulationis,
482 2307 544 2333 mire
557 2312 580 2334 et
592 2315 669 2342 supra
682 2306 784 2333 modum
794 2312 915 2333 retentum
928 2306 1019 2342 gloria:

225 2354 323 2388 pondus
336 2358 456 2388 operatur
467 2353 474 2386 (
487 2353 513 2379 2.
526 2353 585 2379 Cor.
601 2353 628 2380 Δ.
646 2352 678 2379 l7
688 2352 707 2387 ).
720 2352 753 2379 Et
764 2352 897 2387 quomodo
909 2352 967 2379 leve
977 2356 1019 2379 est

225 2406 303 2431 onus,
319 2398 432 2433 inquies,
444 2406 505 2425 cum
519 2398 591 2425 dicat
604 2407 610 2424 :
628 2397 688 2424 Nisi
702 2398 757 2431 quis
773 2397 831 2424 odio
846 2397 960 2424 [tabuerit
973 2406 1018 2432 pa-

226 2450 288 2471 trem
306 2449 328 2470 et
349 2449 465 2476 matrem;
476 2449 513 2473 cl.
528 2444 577 2478 Qui
591 2453 640 2471 non
653 2444 719 2471 tollit
735 2452 834 2471 crucem
847 2452 929 2475 suam,
944 2448 966 2470 et
979 2452 1018 2470 se—

223 2491 308 2525 quitur
327 2498 376 2522 me,
392 2498 442 2516 non
463 2495 498 2516 est
512 2499 552 2516 me
563 2490 675 2525 dignus;
690 2494 726 2522 et,
743 2489 794 2523 Qui
815 2497 866 2516 non
890 2490 1017 2516 renuntiat

223 2535 339 2562 onmibus
353 2543 410 2569 qua:
429 2535 549 2570 possidet,
565 2543 615 2562 non
635 2540 715 2570 potest
729 2543 798 2562 meus
812 2543 865 2562 esse
879 2534 1017 2569 discipulus

222 2581 310 2616 (Luc.
326 2581 369 2608 l4.
394 2581 438 2609 26.
454 2582 499 2610 27.
514 2581 586 2617 55);
608 2590 669 2609 cum
691 2581 784 2617 jubeat
807 2582 891 2617 ipsam
912 2588 1018 2616 quoque

222 2627 339 2654 animant
354 2626 416 2654 odio
429 2627 548 2655 habere?
559 2628 596 2656 Te
610 2628 708 2656 Paulus
720 2627 816 2655 doceat
828 2627 939 2654 dicens:
955 2627 1018 2658 Quis

225 2682 271 2700 nos
287 2673 412 2708 separabit
433 2682 449 2700 a
464 2674 569 2701 caritate
590 2674 707 2702 Christi?
726 2674 852 2701 tribulatio
863 2674 876 2701 Ρ
888 2682 921 2701 an
935 2682 1017 2709 angu~

222 2719 272 2746 stia
282 2718 295 2746 ?
307 2727 340 2746 an
351 2719 489 2754 persecutio
498 2720 511 2747 2
525 2728 559 2747 an
573 2722 653 2756 [antes
662 2720 675 2747 ?
689 2729 723 2747 an
737 2720 838 2747 nuditas
847 2720 860 2747 ?
874 2728 906 2746 an
917 2719 1017 2755 pericu-

226 2764 278 2791 lum
289 2764 302 2791 .’
317 2773 350 2792 an
362 2764 463 2800 gladius
479 2764 565 2800 (Rom.
577 2766 604 2793 8.
619 2765 686 2801 35)?
701 2770 736 2798 et,
753 2765 813 2792 Non
821 2770 878 2792 sunt
887 2765 1018 2801 condigna

225 2809 354 2844 passiones
375 2809 453 2844 hujus
471 2811 590 2844 temporis
611 2810 645 2837 ad
675 2812 788 2846 futuram
817 2811 940 2846 gloriam,
962 2818 1018 2846 quea

222 2855 370 2884 mutabitur
380 2851 406 2880 in
413 2851 486 2881 nobis
496 2852 728 2890 (lb.l8).Doceant
735 2859 760 2884 te
768 2857 836 2893 quia
844 2859 1018 2888 conscssulu-

627 141 656 167 S.
676 139 814 167 JOANNIS
832 137 1069 167 CllﬂYSOSTUMl
1087 138 1244 166 AllClllliP.
1264 138 1528 167 CONSTANTINOP.

1814 142 1868 169 45?.

1079 193 1196 220 dmnrmn
1213 197 1271 227 post
1295 193 1367 220 mille
1380 194 1488 221 verbera
1503 194 1624 222 redibant
1637 195 1787 228 Gandeutes,
1807 197 1868 230 quia

1077 239 1147 274 digni
1169 239 1248 266 habiti
1274 239 1373 273 fuerant
1397 248 1442 274 pro
1459 241 1558 267 nomine
1580 241 1671 268 Christi
1692 243 1867 269 contumelia»!

1077 285 1129 319 pati
1143 284 1216 320 (Act.
1230 285 1256 312 5.
1272 285 1333 319 41).
1347 285 1422 319 Quod
1438 285 1460 312 si
1482 286 1568 314 adhuc
1583 286 1659 314 limes
1680 292 1707 314 ct
1721 287 1847 315 formidas
1857 309 1866 321 ,

1073 329 1165 364 jngum
1181 334 1284 357 ctonns
1298 330 1417 363 audiens,
1430 338 1482 358 non
1496 338 1511 357 a
1526 336 1619 358 natura
1633 332 1669 360 rei
1682 333 1760 360 timor
1772 334 1866 366 oritur,

1076 376 1123 402 sed
1137 383 1150 402 a
1168 381 1209 402 tua
1233 376 1366 411 segnitie;
1382 377 1417 404 ita
1431 377 1494 404 utsi
1516 378 1553 404 sis
1572 382 1679 412 paratus
1694 383 1720 406 et
1734 378 1866 414 diligens,

1075 429 1164 448 otnnta
1178 421 1224 449 tibi
1240 421 1325 449 facilia
1339 427 1366 449 et
1387 422 1452 450 levia
1467 422 1553 450 futura
1577 424 1639 451 sint.
1655 423 1822 459 Quapropter
1838 429 1866 452 et

1075 465 1195 494 Christus
1207 467 1351 495 ostendens
1366 468 1442 496 nobis
1457 476 1516 496 csse
1530 468 1714 502 laborandum,
1729 478 1783 497 non
1805 478 1868 497 sua-

1076 512 1118 539 via
1134 517 1234 539 tantunt
1251 513 1347 546 posuit,
1359 521 1444 548 neque
1454 521 1566 542 onerosa
1576 515 1672 548 solum,
1683 515 1730 543 sed
1744 521 1865 551 utraque.

1075 558 1140 585 Nam
1157 564 1184 586 et
1196 559 1288 594 jugum
1304 560 1402 594 posuit,
1417 564 1444 588 et
1454 568 1535 588 suave
1549 561 1613 589 illud
1630 562 1786 596 vocavit,et
1798 570 1868 591 onus

1075 605 1411 641 nominavit,‘addiditque
1427 607 1501 639 leve;
1518 615 1551 635 ne
1570 608 1613 635 illa
1627 612 1656 636 ut
1674 608 1805 636 laboriosa
1825 608 1866 637 fu—

1074 651 1141 685 gias,
1153 659 1220 679 neve
1234 657 1262 678 ut
1274 652 1415 680 admodum
1431 653 1515 680 facilia
1524 653 1666 688 despicias.
1681 654 1756 688 Quod
1770 655 1792 682 si
1807 660 1866 690 post

1075 697 1132 724 haec
1152 697 1240 724 omnia
1260 697 1375 725 difficilis
1393 698 1477 726 virtus
1496 706 1558 727 esse
1580 699 1626 727 tibi
1645 700 1759 734 videtur,
1778 701 1865 736 cogita

1074 741 1250 770 difﬁciliorem
1263 750 1323 771 esse
1338 743 1493 778 nequitiam,
1503 744 1573 779 quod
1589 745 1673 780 ipsum
1684 745 1863 778 subindicans,

1074 795 1127 815 non
1141 788 1226 822 primo
1241 788 1317 822 dixit,
1331 788 1425 816 Tollite
1438 789 1532 825 jugum
1554 798 1646 824 rusum,
1660 790 1706 818 sed
1721 791 1865 826 prmmisit,

1079 832 1166 861 Vertite
1174 835 1216 869 qui
1226 835 1346 862 laboratis
1359 840 1383 861 et
1392 836 1490 862 onerati
1502 836 1570 868 estis,
1580 836 1718 864 declamas
1728 843 1864 872 peccatunt

1074 878 1158 906 labori
1180 887 1239 907 CSSI‘.
1259 879 1417 912 obnoxium,
1432 885 1459 908 et
1470 888 1538 909 onus
1550 889 1610 909 esse
1624 889 1704 917 grave
1718 890 1748 909 ac
1761 887 1865 917 gestatu

1074 924 1193 952 difﬁcile.
1218 925 1310 960 Neque
1332 926 1404 953 enim
1432 926 1586 955 laborantes
1612 928 1698 955 solum
1725 928 1802 962 dixit,
1817 929 1864 955 scd

1074 970 1153 998 etiam
1168 976 1302 998 oneratos.
1314 971 1370 999 Hoc
1384 971 1464 999 etiam
1480 972 1607 1007 propheta
1621 972 1735 1005 dicebat,
1752 973 1809 1008 ejus
1819 981 1866 1000 tta-

1075 1021 1159 1043 turam
1175 1017 1329 1045 describens
1344 1026 1351 1045 :
1366 1018 1439 1045 Sicut
1453 1027 1516 1046 onus
1529 1027 1604 1054 grave
1613 1025 1724 1054 gravata:
1741 1025 1799 1046 sunt
1822 1028 1865 1047 su-

1074 1071 1119 1097 per
1133 1072 1171 1091 me
1186 1064 1271 1098 (Psal.
1287 1064 1332 1092 57.
1344 1064 1383 1099 5).
1402 1064 1466 1092 Illud
1481 1073 1587 1100 quoque
1599 1065 1752 1094 describens
1765 1066 1865 1094 Zacha-

1073 1109 1145 1140 rias,
1161 1109 1198 1135 ait
1220 1109 1305 1144 ipsum
1329 1110 1430 1144 plumbi
1453 1110 1579 1138 talentum
1601 1119 1662 1139 esse
1684 1111 1773 1147 (Zach.
1787 1112 1814 1139 5.
1825 1112 1864 1147 7).

1073 1153 1243 1189 ldipsumqne
1253 1155 1417 1189 experientia
1427 1155 1555 1183 declarat.
1564 1156 1635 1183 Nihil
1644 1157 1715 1184 enim
1727 1157 1762 1184 ita
1772 1165 1863 1192 aggra-

1073 1205 1116 1226 vat
1140 1200 1268 1234 animam,
1291 1200 1326 1227 ita
1350 1206 1467 1229 mentem
1493 1207 1610 1229 excmcat
1631 1209 1662 1229 ac
1685 1202 1820 1236 deprimit.
1836 1208 1865 1230 ut

1073 1246 1237 1273 conscientia
1252 1247 1354 1281 peccati
1366 1255 1373 1279 ;
1385 1247 1451 1274 nihil
1466 1247 1537 1275 illam
1551 1248 1714 1276 voluntatem
1731 1249 1766 1276 ita
1780 1249 1863 1276 subli-

1073 1299 1142 1318 mem
1157 1291 1249 1324 efﬁcit,
1260 1296 1288 1319 ut
1296 1291 1406 1327 iustitiae
1417 1300 1448 1320 ac
1459 1293 1563 1320 virtutis
1573 1294 1717 1328 possessio.
1727 1294 1863 1327 Animum,

1072 1345 1173 1372 qnzcso,
1187 1337 1293 1365 adhibe.
1303 1338 1371 1372 Quid
1386 1339 1537 1372 onerosius,
1547 1347 1626 1375 quam
1638 1339 1702 1367 nihil
1715 1340 1863 1375 possidere,

1072 1388 1177 1411 vertere
1191 1384 1270 1411 aliam
1290 1384 1441 1417 maxillam,
1459 1385 1617 1420 percutienti
1635 1393 1689 1413 non
1706 1386 1790 1413 vicem
1803 1386 1863 1413 red~

1071 1429 1136 1457 dere
1147 1450 1154 1462 ,
1169 1430 1237 1457 mori
1257 1430 1372 1458 violenta
1387 1431 1491 1459 morte?
1503 1434 1626 1460 Attamen
1647 1431 1670 1460 si
1691 1432 1862 1468 philosophe-

1071 1484 1142 1509 mur,
1160 1476 1216 1504 haec
1227 1477 1318 1504 omnia
1337 1477 1405 1505 levia
1420 1483 1447 1506 et
1460 1479 1547 1506 facilia
1563 1483 1635 1512 sunt,
1648 1479 1863 1514 voluptatemque

1072 1522 1246 1557 parittnl.Sed
1260 1531 1294 1551 ne
1308 1523 1461 1557 turbemini,
1472 1532 1565 1552 eorum
1578 1525 1680 1560 singula
1694 1524 1865 1560 exploremus

1071 1572 1099 1595 et
1112 1572 1267 1602 tractemus,
1281 1573 1318 1602 et,
1331 1569 1354 1597 si
1366 1569 1456 1602 vultis,
1467 1569 1554 1605 primo
1567 1569 1593 1598 id
1605 1570 1676 1606 quod
1690 1570 1810 1606 plttrimis
1826 1571 1863 1598 la-

1070 1613 1206 1641 boriosum
1221 1621 1281 1642 esse
1296 1614 1413 1642 videtur.
1429 1615 1536 1649 Utrum,
1550 1623 1641 1652 quaso
1654 1621 1689 1648 te,
1699 1624 1780 1652 grave
1792 1621 1820 1644 et
1830 1616 1863 1643 la-

1070 1659 1207 1687 boriosum
1234 1659 1355 1694 videtur,
1373 1669 1454 1689 unum
1474 1667 1594 1690 ventrem
1619 1670 1729 1693 curare.
1743 1670 1775 1690 an
1791 1663 1865 1690 mille

1072 1705 1296 1734 sollicitudinibus
1317 1706 1438 1735 involvi?
1453 1715 1506 1735 uno
1520 1707 1678 1736 vestimento
1692 1708 1764 1736 indui
1776 1709 1863 1736 homi~

1070 1759 1142 1783 nem.
1156 1756 1183 1779 et
1193 1751 1258 1779 nihil
1272 1752 1340 1780 ttltra
1353 1760 1484 1788 qumrcre,
1497 1761 1530 1781 an
1543 1753 1626 1781 multa
1637 1754 1707 1782 intus
1722 1754 1861 1782 habenten.

1069 1797 1113 1825 die
1133 1803 1263 1833 nocteque
1281 1799 1408 1833 cruciari,
1423 1799 1450 1826 in
1464 1807 1557 1827 eorum
1579 1800 1698 1828 custodia
1714 1801 1861 1834 timentem,

1070 1848 1244 1878 trementem,
1258 1846 1366 1873 anxium
1378 1867 1387 1879 ,
1408 1853 1443 1874 ne
1463 1854 1482 1874 a
1502 1847 1581 1875 tineis
1605 1847 1796 1881 corrodanlur,
1812 1856 1865 1875 neu

1069 1898 1164 1918 servus
1177 1898 1238 1918 cum
1252 1891 1305 1918 illis
1322 1891 1458 1927 aufugiat?
1475 1892 1572 1921 Verum
1583 1894 1747 1928 quantalibet
1759 1894 1862 1927 dixero,

1070 1935 1121 1962 tale
1133 1935 1209 1968 nihil,
1223 1936 1300 1971 quale
1310 1944 1398 1964 rerum
1413 1937 1587 1972 experientia,
1599 1939 1742 1975 depingere
1751 1940 1861 1968 valeant.

1070 1981 1157 2015 Quare
1171 1982 1267 2009 vellem
1282 1982 1376 2010 adesse
1387 1984 1531 2018 quemdam
1545 1992 1654 2018 eorunt,
1670 1985 1714 2020 qui
1729 1993 1862 2013 summunt

1071 2026 1248 2062 philosophia:
1262 2027 1366 2062 apicem
1388 2029 1542 2064 attigerunt,
1557 2035 1585 2057 et
1604 2035 1665 2057 tunc
1678 2030 1749 2058 clare
1762 2031 1800 2058 rei
1814 2039 1862 2058 γο-

1069 2072 1196 2106 luptatem
1207 2073 1368 2108 perciperes.
1382 2073 1417 2101 Et
1429 2069 1509 2102 nemo
1518 2082 1610 2102 eorum
1625 2075 1668 2110 qui
1682 2080 1866 2111 paupertatem

1070 2124 1170 2152 amant,
1180 2119 1284 2147 divitias
1297 2120 1376 2147 etiam
1385 2120 1489 2148 oblatas
1503 2121 1646 2156 acciperet.
1654 2121 1688 2148 Et
1699 2122 1735 2154 hi,
1749 2122 1863 2158 inquies,

1069 2172 1103 2191 an
1121 2172 1252 2199 pauperes
1273 2172 1398 2200 umquam
1421 2165 1478 2193 lieri
1502 2166 1611 2199 vellent,
1625 2171 1652 2194 et
1665 2160 1862 2202 posscssionum

1069 2218 1159 2237 curam
1175 2210 1308 2245 obiicere?
1322 2210 1357 2238 Et
1369 2211 1432 2246 quid
1449 2211 1500 2239 hoc
1513 2213 1574 2240 est?
1586 2214 1777 2248 Argumentum
1792 2220 1863 2241 certe

1071 2256 1188 2283 stultitia:
1212 2260 1239 2283 et
1259 2257 1409 2291 gravissimi
1431 2258 1534 2292 morbi,
1546 2266 1596 2286 nec
1612 2259 1651 2287 rei
1671 2259 1863 2294 iucunditatem

1069 2305 1218 2333 declarans.

1105 2351 1132 2378 4.
1146 2350 1228 2385 Cujus
1241 2351 1278 2379 rei
1294 2350 1371 2378 nobis
1386 2355 1467 2378 testes
1488 2351 1586 2379 iuerint
1601 2353 1629 2386 ii,
1645 2353 1689 2388 qui
1701 2353 1818 2388 quotidie
1831 2354 1864 2381 de

1071 2395 1113 2423 bis
1127 2396 1347 2424 sollicitudinibus
1363 2396 1559 2431 lamentantur,
1574 2403 1603 2426 et
1616 2399 1696 2426 vitam
1712 2399 1868 2435 ltujttsmodi.

1070 2449 1122 2469 non
1140 2442 1245 2469 vitalem
1267 2449 1326 2470 esse
1340 2447 1443 2477 putant.
1458 2444 1491 2470 At
1507 2443 1544 2470 illi
1567 2452 1618 2471 tton
1638 2444 1705 2473 tales
1722 2451 1800 2478 sunt,
1816 2446 1864 2473 sed

1070 2488 1169 2521 rident,
1182 2488 1328 2521 exsultant,
1344 2497 1393 2516 nec
1405 2490 1493 2517 minus
1506 2489 1540 2517 de
1550 2496 1716 2526 paupertate,
1729 2500 1807 2527 quant
1822 2501 1862 2519 rc-

1069 2541 1116 2569 ges
1127 2534 1162 2562 de
1175 2534 1325 2562 diademate
1339 2535 1497 2570 gloriantur.
1513 2535 1628 2564 Rursum
1653 2537 1786 2565 maxillam
1801 2546 1869 2572 per-.-

1069 2580 1179 2607 cutienti
1193 2579 1299 2612 oﬂ'erre,
1319 2588 1398 2615 quam
1413 2586 1562 2615 percutere,
1578 2581 1661 2609 levius
1674 2587 1702 2610 et
1720 2583 1863 2618 jucundius

1070 2631 1119 2658 est,
1134 2626 1156 2653 si
1178 2626 1319 2654 attendas:
1334 2634 1395 2653 natn
1418 2627 1490 2654 illinc
1511 2627 1614 2654 inilimn
1635 2627 1708 2661 belli,
1724 2628 1784 2656 ltinc
1804 2629 1862 2663 ejus

1069 2672 1168 2699 solutio
1181 2673 1315 2706 provenit;
1331 2677 1358 2699 et
1369 2672 1414 2700 illo
1428 2672 1533 2708 quidem
1548 2673 1628 2701 tnodo
1640 2674 1752 2702 alterius
1769 2682 1861 2710 rogum

1068 2717 1231 2750 accendisti,
1258 2717 1308 2745 hoc
1332 2723 1420 2745 autem
1448 2718 1582 2746 ﬂammam
1609 2723 1680 2746 tuam
1701 2720 1861 2747 cxstinxisti.

1069 2763 1144 2797 Quod
1164 2767 1253 2791 autem
1278 2771 1329 2790 non
1352 2764 1392 2790 ttri
1411 2764 1513 2792 dulcius
1538 2765 1582 2798 sit,
1596 2773 1675 2800 quam
1696 2765 1746 2799 uri,
1763 2766 1861 2793 netnini

1069 2818 1123 2837 non
1138 2814 1229 2837 notum
1240 2815 1290 2838 est.
1301 2809 1378 2844 Quod
1391 2811 1413 2837 si
1426 2818 1469 2837 res
1480 2810 1506 2838 in
1522 2812 1657 2846 corporeis
1668 2811 1701 2838 ita
1712 2819 1743 2839 se
1756 2811 1861 2846 habeat,

1071 2856 1153 2885 multo
1175 2856 1258 2892 magis
1284 2857 1309 2883 in
1330 2857 1361 2885 iis
1381 2865 1440 2892 qua:
1454 2857 1487 2884 ad
1510 2857 1625 2885 animam
1647 2863 1778 2893 spectant.
1792 2858 1863 2893 Quid
