2068 3132
187 115 240 145 £35

186 178 276 201 autem
297 173 383 202 levius
396 179 452 208 est,
474 182 605 212 pugnare,
621 185 655 205 nn
672 181 815 209 coronari?
835 183 980 217 pugilatum

185 224 324 252 exercere,
339 223 373 246 an
395 219 517 248 bravium
533 223 644 251 tenere?
658 223 781 252 ﬂuctibus
794 226 934 262 obsistere,
945 236 979 256 an

185 264 211 290 in
223 268 301 298 portu
314 265 435 294 solvere?
447 265 526 295 Certe
540 268 620 295 etiam
634 270 702 297 mori
720 271 815 299 melius
827 277 885 307 est,
900 282 978 309 quam

181 310 283 338 vivere.
300 311 371 339 Mors
381 312 453 339 enim
467 320 499 340 ex
513 313 636 342 ﬂuctibus
649 320 676 343 et
688 324 721 343 ex
736 318 859 351 periculis
872 319 976 354 educit;

180 355 235 382 vita
254 363 319 384 vero
333 357 359 384 in
377 358 503 392 periculis
521 361 672 393 constituit,
689 366 716 390 et
729 363 874 391 obnoxium
888 366 976 394 reddit

180 401 255 428 mille
283 403 387 430 insidiis
408 408 436 432 et
456 406 679 441 necessitatibus,
701 408 736 436 ob
756 416 823 444 quas
846 411 975 446 ingratam

179 448 262 475 vitam
278 449 427 478 existimes.
442 450 517 484 Quod
533 452 555 479 si
568 453 647 481 dictis
659 462 713 482 non
726 456 821 484 credas
831 478 838 490 ,
853 458 914 485 audi
928 467 974 487 eos

177 493 223 528 qui
237 496 412 524 cenaminum
428 501 548 533 tempore
569 499 694 529 viderunt
709 502 799 530 vultus
814 508 972 541 martyrum,

177 541 324 575 quomodo,
338 541 401 570 dum
422 543 620 579 ﬂagellarentur
632 551 659 574 et
674 548 842 576 caederentur
854 571 861 583 ,
878 550 929 578 lmti
948 557 974 579 et

175 583 276 614 hilares
289 593 367 615 erant
381 597 388 614 :
404 590 541 625 magisque
560 592 708 626 gaudebant
729 598 756 621 et
775 594 931 623 laetabantur
945 597 971 624 in

175 632 335 667 sartaginem
345 633 466 668 immissi,
474 643 553 671 quam
567 637 584 664 ii
595 638 639 673 qui
652 639 677 666 in
688 640 791 667 rosario
799 641 969 670 reclinantur.

173 675 291 712 ideoque
299 678 397 707 Paulus
410 681 525 709 violenta
537 689 622 711 morte
633 685 713 712 vitam
724 685 862 715 clausurus
872 693 900 715 et
909 688 970 717 abs-

172 728 307 756 cessurus,
323 724 447 752 dicebat:
464 725 567 755 Gaudeo
588 733 610 756 et
632 732 777 766 congaudco
797 734 865 760 nobis
885 735 968 762 omni-

171 766 237 795 bus:
250 773 273 795 et
285 777 329 796 vos
353 772 449 805 pariter
462 774 570 807 gaudete
588 779 612 801 et
630 778 785 812 congaudete
803 779 865 806 mihi
884 780 894 816 (
904 779 969 808 Plii-

171 813 237 848 (ipp.
248 814 276 842 2.
293 816 337 843 l7.
353 817 416 853 18).
434 818 513 847 Vides
525 825 623 856 quanta
635 829 695 850 cum
711 825 791 852 animi
811 813 971 856 celsitudine

171 863 257 888 totum
270 861 363 890 orbem
374 863 408 891 ad
419 865 506 900 gaudii
521 867 561 894 sui
570 869 733 897 consortium
744 872 838 899 vocet?
852 872 967 902 Tantum

169 911 231 933 esse
251 907 350 935 bonum
375 910 436 938 hinc
455 911 592 941 discedere
612 915 739 949 putabat;
763 917 798 944 ita
822 919 965 953 optabilem

168 955 284 980 mortem
307 954 377 983 illam
391 957 535 986 terribilem
545 980 553 992 ,
567 960 603 987 ita
616 961 757 990 amabilem
773 968 799 991 et
812 963 966 993 desideran-

167 992 239 1024 dam.
249 998 302 1027 Sed
314 1001 384 1035 quod
400 1003 505 1031 virtutis
515 1004 607 1040 iugum
623 1006 658 1033 sit
669 1007 746 1036 dulce
758 1016 789 1036 ac
802 1010 870 1043 leve,
882 992 964 1040 multa

167 1043 219 1070 alia
235 1044 382 1074 declarant.
398 1048 509 1077 Demum
521 1071 528 1083 ,
544 1051 567 1079 si
589 1052 693 1088 placet,
709 1056 808 1089 peccati
821 1063 903 1084 onera
922 1059 963 1086 vi-

166 1088 288 1118 deamus.
304 1093 407 1121 Avaros
420 1095 508 1130 itaque
524 1096 550 1123 in
573 1098 689 1126 medium
704 1088 867 1130 adducamus
877 1124 885 1136 ,
901 1104 962 1132 illos

164 1141 263 1173 nempe
275 1137 320 1172 qui
334 1138 503 1174 impudentes
516 1141 618 1171 femora
635 1149 748 1173 tractant
765 1151 792 1174 et
804 1153 959 1178 retractant.

162 1179 234 1214 Quid
256 1190 320 1218 ergo
338 1187 479 1215 ouerosius
505 1189 549 1216 tali
569 1191 765 1225 negotiatione‘
780 1193 879 1222 fuerit?
897 1201 962 1231 quot

162 1225 283 1262 dolores,
300 1235 365 1265 quot
378 1233 580 1269 sollicitudines,
597 1242 663 1271 quot
674 1239 787 1274 scopuli,
801 1245 866 1275 quot
887 1225 960 1277 peri-

162 1273 222 1301 cuia
235 1295 243 1307 ,
264 1281 329 1310 quot
348 1277 452 1306 insidia
473 1285 501 1308 et
522 1282 592 1309 bella
615 1273 734 1318 quotidie
756 1294 789 1314 ex
810 1273 862 1315 hoc
885 1273 960 1316 lucro

161 1318 306 1347 oriuntur?
326 1327 392 1357 quot
411 1324 495 1352 turbae
519 1331 546 1353 et
565 1329 711 1357 tumultus?
731 1330 958 1364 Quemadmodum

161 1365 233 1392 enim
252 1373 326 1395 mare
345 1375 490 1404 numquam
504 1372 562 1400 sine
583 1373 706 1403 ﬂuetibus
725 1377 831 1411 videas,
853 1380 891 1407 sic
909 1379 959 1408 nec

160 1409 317 1445 hujusmodi
333 1414 450 1442 animum
472 1417 530 1445 sine
549 1426 612 1447 cura
625 1441 632 1454 ,
653 1429 769 1451 maerore
781 1444 788 1456 ,
811 1425 906 1453 timore
926 1434 959 1454 ac

160 1458 363 1491 perturbatione
373 1481 380 1493 ,
394 1461 441 1489 sed
459 1463 546 1497 priora
561 1472 576 1492 a
590 1469 763 1501 sequentibus
778 1471 955 1507 excipiuntur,

192 1513 202 1529 ⁸
219 1513 263 1539 Alii
274 1515 375 1546 habent,
385 1516 520 1550 iniquitate,
536 1527 589 1551 pro,
600 1522 768 1554 negotiatione.

669 121 702 149 IN
721 123 924 154 MATTIIIEUM
944 125 1059 154 IIOMIL.
1081 127 1201 158 XXXIX.
1221 132 1256 160 al.
1277 132 1332 161 XL.

1769 149 1824 179 456

1033 183 1091 212 haec
1111 186 1144 213 ab
1169 189 1237 223 aliis,
1254 191 1348 226 quibus
1363 195 1479 224 nondum
1495 198 1593 228 sedatis
1607 202 1656 230 alia
1670 203 1820 241 insurgunt.

1074 231 1083 241 ,
1177 235 1182 241 .

1724 231 1820 241 ηομ...

1068 231 1212 263 Iracundus
1225 244 1301 271 quam
1315 241 1446 268 crucietur.
1466 243 1585 272 Omnium
1603 247 1724 277 bonorum
1742 258 1822 280 mater

1031 277 1172 307 clementia.
1187 297 1223 302 —-
1237 283 1318 312 Visne
1331 289 1514 317 contumeliosi
1528 295 1555 318 et
1567 292 1686 322 iracundi
1702 297 1819 326 animum
1836 287 1838 289 Ι

1030 322 1181 373 dispicere?
1191 327 1258 361 Quid
1270 329 1419 364 huiusmodi
1429 335 1545 362 cruciatu
1557 322 1818 375 pejus?

1029 367 1161 399 intestinis
1171 374 1342 403 vulneribus?
1351 378 1414 412 quid
1426 379 1570 410 ferventius
1581 367 1687 414 fornace
1697 388 1741 414 illa
1752 396 1819 416 scm-

1028 423 1076 450 per
1087 419 1210 452 ardente,
1225 426 1252 448 et
1264 421 1370 451 ﬂamma
1384 425 1427 453 illa
1442 423 1501 461 quae
1514 437 1656 464 numquam
1672 435 1817 469 exstingui-

1028 464 1090 489 tur?
1103 463 1130 491 Si
1145 465 1176 492 ad
1189 466 1247 494 illos
1260 472 1286 495 te
1297 476 1436 499 convertas
1446 475 1490 508 qui
1504 463 1645 510 corporum
1660 478 1759 507 formas
1769 481 1817 509 de-

1027 514 1139 541 pereunt
1154 516 1180 538 et
1196 515 1317 546 praesenti
1335 517 1394 544 vita:
1410 518 1506 547 addicti
1521 527 1583 549 sunt
1593 542 1600 555 ,
1617 524 1680 558 quid
1693 525 1743 554 hac
1756 534 1814 555 ser-

1024 551 1109 581 vitute
1119 557 1245 590 gravius?
1259 559 1331 588 Caiui
1346 562 1424 590 vitam
1437 564 1475 591 illi
1486 565 1600 599 ducunt,
1616 551 1642 595 lii
1657 570 1752 599 timore
1767 578 1815 600 tre-

1024 605 1151 634 moreque
1172 609 1300 638 perpetuo
1319 606 1418 642 degunt
1430 629 1436 641 ,
1453 615 1479 637 et
1494 611 1515 637 si
1531 613 1575 646 qui
1591 621 1624 640 ex
1637 616 1731 644 amatis
1754 625 1814 644 mo-

1023 645 1141 681 riautur,
1166 651 1250 685 magis
1272 659 1350 686 quam
1375 656 1514 691 propinqui
1537 645 1562 685 et
1582 661 1686 695 cognati
1707 662 1813 691 illorum

1022 693 1121 721 obitum
1138 695 1237 730 lugent.
1253 698 1320 732 Quid
1344 709 1422 735 porro
1446 693 1626 735 turbulentius
1645 708 1814 746 ferociusque

1021 740 1162 773 superbis?
1176 741 1286 777 Discite,
1301 745 1401 780 inquit,
1413 756 1428 774 a
1440 757 1494 781 me,
1508 752 1567 785 quia
1580 753 1647 780 mitis
1659 762 1715 782 sum
1728 761 1751 783 et
1761 757 1810 783 Itu-

1017 779 1087 811 tnilis
1099 786 1183 820 corde,
1199 793 1221 814 et
1233 789 1360 817 invenietis
1372 794 1482 827 requiem
1495 797 1625 825 animabus
1635 801 1731 828 vestris.
1748 803 1812 829 0m-

1019 829 1091 857 nium
1106 832 1202 867 quippe
1216 833 1344 864 bonorum
1359 843 1444 866 mater
1454 845 1495 868 est
1505 842 1655 872 clementia.
1669 845 1709 874 Ne
1722 847 1810 883 itaque

1018 877 1113 905 timeas
1123 900 1130 911 ,
1147 887 1232 914 neque
1253 882 1357 910 resilias
1368 891 1382 911 a
1393 884 1457 920 jugo
1471 886 1517 913 illo
1527 907 1534 919 ,
1550 896 1602 923 quo
1617 890 1651 918 ab
1665 891 1707 919 his
1720 877 1809 921 omni-

1018 922 1067 949 bus
1081 924 1221 958 eripieris;
1237 926 1285 954 sed
1300 927 1364 955 illud
1379 929 1503 959 alacriter
1516 922 1630 967 subeas,
1645 940 1674 964 et
1688 937 1745 973 ejus
1759 947 1808 966 vo-

1017 969 1142 1004 luptatem
1158 975 1222 999 tunc
1235 974 1390 1008 experieris.
1402 975 1494 1011 Neque
1505 979 1576 1006 enim
1590 982 1722 1010 cervicem
1736 989 1806 1013 tuam

1015 1019 1124 1048 atteret,
1147 1017 1194 1044 sed
1214 1018 1275 1046 ideo
1293 1019 1446 1055 impositum
1466 1029 1524 1057 est,
1539 1031 1566 1052 ut
1580 1026 1667 1055 bonus
1686 1037 1808 1059 servetur

1015 1062 1090 1095 ordo,
1105 1068 1133 1090 ut
1153 1068 1178 1091 te
1193 1066 1324 1094 concinne
1339 1068 1462 1097 incedere
1489 1071 1594 1106 doceat,
1619 1079 1646 1102 et
1660 1076 1693 1103 ad
1707 1078 1806 1112 regiam

1014 1108 1082 1135 viam
1098 1109 1194 1143 ducat,
1211 1116 1290 1146 atque
1302 1120 1317 1139 a
1337 1115 1489 1149 prmcipitiis
1509 1116 1571 1145 hinc
1585 1123 1612 1146 ct
1631 1120 1692 1148 inde
1712 1108 1806 1156 positis

1013 1154 1119 1188 liberet,
1133 1160 1161 1183 ut
1173 1163 1313 1192 angustam
1338 1159 1406 1187 viam
1423 1160 1500 1190 facile
1514 1165 1658 1193 emetiaris.
1674 1167 1804 1201 Quoniam

1014 1200 1093 1235 igitur
1106 1206 1144 1229 tot
1160 1207 1285 1238 tantaque
1297 1205 1366 1233 bona
1379 1207 1571 1242 subministrat,
1589 1216 1689 1240 tantam
1700 1215 1804 1244 securi-

1012 1251 1104 1280 tatem,
1114 1252 1214 1276 tantam
1225 1250 1418 1284 l:ctitian1,loto
1429 1255 1529 1289 animo,
1540 1261 1648 1292 totoque
1656 1259 1744 1287 studio
1753 1260 1804 1288 hoc

1011 1293 1101 1329 iugum
1117 1295 1253 1323 trahamus
1266 1305 1273 1329 ;
1289 1301 1318 1324 ut
1331 1302 1358 1325 et
1371 1298 1415 1326 hic
1428 1300 1595 1330 inveniamus
1609 1304 1728 1338 requiem
1743 1307 1801 1333 ani-

1010 1341 1104 1368 mabus
1119 1342 1218 1369 nostris
1230 1363 1237 1375 ,
1263 1347 1290 1370 et
1305 1343 1393 1373 futura
1408 1353 1602 1383 consequamur
1617 1349 1685 1377 bona
1695 1371 1703 1384 ,
1719 1354 1802 1386 gratia

1009 1391 1037 1414 et
1051 1387 1213 1422 benignitate
1228 1388 1333 1417 Domini
1348 1392 1432 1419 nostri
1452 1393 1515 1421 Jesu
1527 1394 1625 1422 Christi
1639 1416 1646 1429 ,
1661 1397 1702 1424 cui
1718 1397 1801 1432 gloria

1009 1437 1036 1460 et
1059 1433 1198 1469 imperium
1210 1456 1217 1468 ,
1234 1442 1305 1463 nunc
1317 1440 1344 1463 et
1358 1444 1481 1473 semper,
1495 1444 1523 1466 et
1537 1440 1563 1467 in
1577 1442 1673 1469 sazcula
1688 1443 1801 1471 sacculo-

1009 1486 1078 1506 rum.
1099 1479 1195 1508 Amen.

737 1581 905 1614 HOMILIA
927 1585 1080 1618 XXXIX.
1103 1587 1146 1618 al.
1169 1588 1237 1618 XL.

157 1641 223 1670 CAP.
239 1644 283 1671 12.
299 1652 324 1672 v.
340 1646 366 1674 Ι.
389 1645 423 1674 In
443 1647 488 1675 illo
503 1652 614 1684 tempore
628 1651 688 1678 abiit
701 1651 778 1680 Iesus
791 1654 894 1682 sabbato
908 1664 953 1690 per

193 1695 249 1717 sala
263 1699 274 1718 δ
298 1692 417 1728 discipuli
436 1699 519 1722 autem
535 1696 589 1731 ejus
604 1698 739 1726 esurientes
760 1706 887 1735 coeperunt
901 1702 952 1728 uel-

193 1737 245 1764 lere
258 1739 342 1772 spicas
352 1745 376 1766 et
387 1741 549 1769 manducare.
564 1743 591 1770 2.
609 1743 737 1772 P/taristm'
747 1751 830 1774 autem
842 1747 953 1776 videntes

193 1783 313 1811 dixerunt
327 1786 349 1812 ei
360 1794 369 1813 :
386 1786 451 1814 Ecce
465 1788 582 1823 discipuli
596 1791 632 1816 lui
642 1791 738 1826 faciunt
751 1793 819 1828 quod
832 1802 883 1821 non
896 1795 953 1822 licet

192 1830 276 1864 facere
297 1831 323 1858 in
340 1831 453 1860 sabbato.
465 1834 492 1861 5.
512 1833 586 1862 Dixit
603 1841 687 1863 autem
699 1838 734 1864 eis
746 1846 755 1864 :
769 1837 830 1866 Non
857 1840 951 1876 legistis

191 1876 253 1909 quid
265 1877 352 1911 fecerit
367 1878 450 1906 David
469 1889 526 1908 cum
538 1883 638 1909 csurivit
657 1884 711 1918 ipse
723 1889 746 1911 et
765 1886 808 1920 qui
827 1895 884 1913 cum
903 1882 949 1915 illo

189 1922 283 1949 erant?
294 1923 321 1951 Δ.
334 1925 459 1959 quomodo
484 1926 611 1962 ingressus
632 1933 668 1955 est
681 1929 708 1956 in
723 1929 825 1958 domum
852 1931 911 1966 Dei,
927 1937 951 1961 et

189 1975 267 2002 panes
279 1971 457 2004 propositionis
470 1972 586 2005 comedit,
598 1982 660 2008 quos
674 1983 725 2002 non
740 1975 830 2003 licebat
843 1978 866 2005 ei
879 1986 949 2005 com-

188 2013 271 2047 edere,
292 2023 369 2050 neque
380 2015 411 2043 iis
423 2017 468 2051 qui
484 2025 541 2044 cum
554 2018 599 2045 illo
610 2025 698 2054 erant,
719 2021 764 2048 sed
780 2022 841 2050 solis
862 2031 947 2051 sacer-

188 2058 290 2086 dotibus
299 2059 312 2085 .9

188 2104 213 2130 1.
223 2104 339 2132 Christus
344 2107 468 2141 quomodo
475 2109 605 2137 sabbatum
615 2111 822 2141 solvit.—Lucas
828 2122 892 2142 vero
898 2115 945 2143 ait:

150 2148 185 2175 1η
194 2150 296 2177 sabbato
304 2152 413 2179 secundo
422 2154 502 2187 primo
510 2154 549 2190 (a)
559 2154 633 2191 (Luc.
643 2157 710 2192 6.l).
727 2158 795 2191 Quid
806 2165 894 2188 autem
905 2165 947 2188 est

150 2195 298 2223 secundum
312 2198 445 2232 primum?
464 2200 576 2234 Quando
588 2201 709 2238 duplices
722 2203 796 2233 ferite
808 2210 885 2233 erant
894 2227 902 2239 ,
916 2211 944 2235 et

148 2240 254 2268 sabbati
276 2242 394 2276 proprii,
411 2249 438 2271 et
451 2245 560 2274 alterius
573 2246 634 2275 festi
649 2249 827 2278 succedentis.
843 2250 945 2280 Sabba-

148 2289 206 2312 tum
221 2287 292 2314 enim
307 2289 437 2323 quaslibet
464 2290 543 2319 ferias
562 2297 588 2320 et
616 2294 732 2329 quietem
760 2297 940 2331 appellabant.

148 2331 185 2359 Et
196 2340 245 2360 cur
255 2333 318 2362 illuc
331 2342 377 2363 eos
388 2336 474 2370 duxit,
486 2339 532 2373 qui
545 2340 633 2366 omnia
648 2341 816 2377 praesciebat,
830 2344 881 2371 nisi
895 2352 942 2372 vo-

148 2377 244 2406 luisset
256 2379 323 2407 solvi
336 2381 492 2410 sabbatum?
506 2383 617 2412 Volebat
626 2386 744 2420 quidem,
756 2387 802 2415 sed
816 2396 868 2416 non
882 2389 941 2418 sine

148 2429 248 2456 causa;
269 2424 381 2460 ideoque
400 2435 544 2463 numquam
564 2431 622 2458 sine
638 2438 718 2459 causa
739 2433 820 2461 solvit
840 2435 939 2470 ipsum,

148 2468 195 2495 sed
215 2476 250 2496 ex
272 2472 413 2500 occasione
433 2474 546 2509 quadam
570 2478 744 2512 congruenti;
761 2483 789 2506 ut
811 2483 839 2507 et
852 2468 938 2516 legem

148 2515 335 2551 abrogaret,et
344 2518 380 2546 illi
389 2526 443 2547 non
451 2520 657 2550 offenderentur.
666 2523 714 2552 Est
721 2525 801 2553 etiam
809 2533 869 2554 cum
878 2527 940 2555 illud

147 2561 242 2594 solvit,
260 2562 334 2590 nulla
357 2564 445 2592 oblata
460 2567 618 2601 occasione;
635 2574 664 2596 ut
678 2577 738 2597 curn
761 2571 853 2600 oculos
876 2573 940 2601 επεὶ

147 2605 204 2633 luto
228 2607 348 2642 inunxit;
364 2613 391 2637 et
411 2618 471 2638 cum
485 2612 550 2640 dicit
564 2621 571 2640 :
587 2613 666 2642 Pater
687 2624 758 2643 meus
772 2625 851 2653 usque
864 2618 939 2646 modo

147 2657 281 2686 operatur,
297 2659 320 2681 et
333 2663 378 2690 ego
391 2664 481 2691 operor
495 2657 592 2693 (Joan.
606 2660 632 2687 5.
649 2661 693 2696 7).
711 2662 776 2689 illud
790 2671 855 2691 vero
876 2664 939 2693 facit

147 2701 201 2724 tum
213 2703 243 2726 ut
254 2699 306 2727 hoc
318 2701 399 2730 modo
411 2703 541 2738 glorificet
553 2705 659 2734 Patrem
674 2714 751 2735 suum
761 2729 768 2742 ,
785 2714 839 2737 tum
853 2716 882 2738 ut
892 2711 937 2740 illa

135 2752 143 2787 ἶ
159 2777 212 2821 ⁸φ)
227 2777 266 2821 _De
276 2780 378 2821 sabpato
388 2783 496 2821 se’cundp
506 2784 583 2814 primo
588 2791 674 2821 magna
684 2786 817 2821 etdifiicilis
824 2792 937 2821 estquae-

144 2809 426 2852 s‘titgaqua-tnlvzideapud
437 2809 585 2852 scaliger-um
606 2809 934 2852 in°uti§iifis§gsgfiu¥i

146 2844 172 2870 p.
182 2841 236 2872 ἤδη
246 2841 262 2867 2
272 2842 331 2868 edit.
344 2847 370 2869 et
376 2841 405 2869 in
414 2841 512 2877 Synopsi
521 2845 663 2873 Critioorum
673 2847 702 2873 ad
713 2841 778 2875 hunc
785 2841 875 2876 idem:

1005 1658 1110 1687 ratione
1131 1660 1305 1688 imbecillitati
1331 1662 1453 1690 consulat
1480 1662 1644 1693 Judaeorum.
1673 1667 1702 1694 ld
1728 1669 1798 1705 quod

1005 1703 1084 1731 etiam
1097 1704 1146 1732 hoc
1157 1705 1216 1733 loco
1227 1706 1300 1740 facit,
1312 1712 1415 1735 natura:
1428 1710 1615 1738 necessitatem
1629 1712 1776 1742 obtendens
1788 1703 1796 1742 ξ

1003 1757 1164 1787 quamquam
1175 1760 1279 1787 eorum,
1291 1761 1350 1788 quae
1360 1759 1468 1789 peccata
1483 1763 1543 1784 esse
1558 1757 1585 1784 in
1599 1758 1723 1787 confesso
1743 1765 1796 1794 est,

1004 1797 1073 1824 nulla
1089 1799 1172 1833 possit
1183 1807 1243 1826 esse
1255 1799 1386 1827 defensio.
1399 1800 1491 1836 Neque
1501 1802 1573 1830 enim
1585 1804 1717 1833 homicida
1728 1806 1794 1835 iram

1003 1842 1029 1869 in
1053 1844 1251 1872 excusationem
1274 1845 1420 1874 obtendere
1442 1848 1542 1882 possit,
1567 1857 1653 1885 neque
1675 1853 1799 1883 mmchus

1002 1889 1243 1923 concupiscentiam
1255 1911 1261 1923 ,
1279 1898 1366 1926 neque
1380 1892 1460 1919 aliam
1475 1894 1596 1928 quamvis
1610 1903 1716 1924 causam
1728 1907 1736 1925 :
1751 1898 1795 1927 hic

1001 1942 1065 1962 vero
1076 1943 1135 1962 cum
1149 1935 1244 1964 famem
1256 1937 1363 1972 ohjecit,
1375 1939 1447 1966 omni
1460 1939 1519 1967 illos
1533 1941 1647 1970 crimine
1659 1943 1793 1972 liberavit.

1001 1980 1041 2008 Tu
1058 1989 1121 2008 vero
1144 1982 1207 2009 mihi
1224 1983 1266 2010 hic
1289 1983 1434 2019 discipulos
1459 1987 1568 2020 mirare,
1586 1988 1624 2015 sic
1643 1996 1752 2024 egentes
1766 1995 1794 2020 et

1000 2026 1100 2054 nullan'l
1112 2035 1300 2062 corporearum
1320 2037 1409 2057 rerum
1424 2038 1515 2059 curam
1531 2032 1678 2069 habentes;
1693 2037 1739 2064 scd
1755 2038 1791 2066 ita

1000 2072 1180 2106 perfunctorie
1192 2082 1310 2102 mensam
1322 2081 1492 2110 apparentes,
1506 2083 1535 2105 ut
1546 2078 1617 2107 fame
1630 2081 1787 2118 plerumque

999 2123 1186 2152 premerentur
1196 2141 1203 2154 ,
1225 2128 1275 2148 nec
1288 2124 1376 2149 tamen
1391 2122 1431 2150 sic
1449 2123 1628 2153 discederent.
1643 2126 1699 2155 Nisi
1713 2130 1785 2157 enim

998 2163 1083 2191 fames
1102 2164 1162 2192 illos
1176 2165 1320 2193 admodum
1342 2167 1500 2202 invasisset,
1517 2177 1569 2197 nou
1588 2171 1613 2199 id
1635 2173 1727 2209 utique
1741 2175 1782 2202 fa-

998 2209 1065 2236 cturi
1078 2215 1164 2237 erant.
1180 2210 1248 2244 Quid
1262 2211 1342 2246 igitur
1358 2212 1508 2241 Phariszei?
1524 2214 1553 2242 Id
1572 2215 1689 2245 Videntes
1711 2219 1785 2246 diae-

997 2259 1055 2282 runt
1070 2256 1093 2282 ei
1111 2264 1120 2284 :
1146 2256 1211 2284 Ecce
1231 2257 1350 2294 discipuli
1363 2259 1400 2286 tui
1415 2260 1512 2296 faciunt
1531 2263 1599 2297 quod
1614 2272 1664 2291 non
1678 2265 1734 2292 licet
1747 2268 1789 2301 [ας

996 2310 1052 2329 cere
1061 2302 1087 2328 in
1106 2302 1219 2330 sabbato.
1234 2302 1283 2331 Hic
1295 2311 1374 2339 porro
1388 2313 1441 2334 non
1456 2307 1600 2335 admodum
1612 2309 1789 2340 vehementes

995 2349 1068 2378 sunt,
1084 2345 1134 2372 etsi
1147 2345 1173 2372 id
1186 2352 1230 2373 res
1243 2346 1353 2382 exigere
1365 2347 1520 2382 videretur;
1536 2354 1653 2378 attamen
1676 2360 1728 2380 non
1739 2354 1787 2381 ad-

995 2389 1104 2417 modum
1119 2390 1220 2419 incensi
1233 2396 1305 2425 sunt,
1320 2392 1369 2420 sed
1386 2393 1546 2428 simpliciter
1562 2402 1700 2428 accusant.
1715 2399 1780 2427 Cum

994 2441 1082 2464 autem
1107 2445 1216 2465 manum
1229 2438 1331 2466 aridam
1354 2440 1475 2467 extendit
1494 2445 1522 2468 et
1533 2443 1636 2470 sanavit
1648 2463 1657 2477 ,
1672 2447 1733 2471 tunc
1748 2445 1784 2473 ita

993 2482 1096 2511 eli'erati
1114 2487 1186 2516 sunt,
1201 2489 1231 2511 ut
1245 2485 1325 2512 etiam
1339 2485 1373 2513 de
1386 2493 1453 2514 nece
1465 2486 1516 2522 ipsi
1531 2488 1668 2517 inferenda
1682 2490 1784 2519 delibe-

992 2534 1093 2557 rarent.
1109 2529 1158 2558 Ubi
1169 2530 1241 2557 enim
1253 2531 1318 2558 nihil
1331 2531 1427 2559 mirum
1441 2533 1536 2568 agitur,
1551 2535 1696 2569 quietiores
1705 2543 1782 2570 sunt:

992 2575 1036 2603 ubi
1046 2583 1109 2604 vero
1120 2577 1248 2612 quosdam
1258 2578 1350 2606 vident
1363 2580 1458 2608 morbo
1469 2581 1581 2616 levatos,
1594 2582 1729 2612 ferociunt
1741 2591 1782 2614 at.

991 2628 1043 2656 que
1058 2621 1208 2655 turbantur,
1217 2623 1390 2658 omniumque
1398 2627 1668 2656 suntmolestissimi:
1683 2630 1718 2657 ita
1732 2630 1781 2658 ho-

989 2667 1090 2694 minum
1105 2667 1181 2695 saluti
1193 2668 1321 2696 invident.
1332 2669 1391 2703 Quo
1401 2675 1479 2705 pacto
1487 2676 1575 2700 autem
1586 2673 1662 2701 Jesus
1674 2675 1780 2704 illorum

989 2711 1172 2740 defensionem
1197 2714 1325 2749 suscipit?
1340 2714 1401 2743 Non
1422 2716 1534 2752 legistis,
1549 2719 1602 2753 ait,
1616 2720 1679 2755 quid
1693 2722 1786 2756 fecerit

988 2756 1073 2784 David
1086 2758 1114 2785 in
1126 2759 1237 2794 templo,
1260 2761 1362 2795 quando
1381 2763 1483 2790 esui-ivit
1504 2764 1558 2799 ipse
1572 2771 1596 2793 et
1618 2767 1660 2801 qui
1672 2775 1729 2794 cum
1747 2776 1778 2795 eo

987 2803 1079 2831 erant?
1090 2804 1215 2840 quomodo
1224 2804 1354 2833 intraverit
1363 2807 1390 2834 in
1402 2808 1505 2836 domum
1516 2810 1573 2844 Dei,
1586 2816 1610 2838 et
1623 2820 1701 2847 panes
1714 2821 1775 2847 pro-

986 2849 1116 2884 positionis
1126 2849 1270 2886 comederit,
1284 2859 1347 2887 quos
1352 2860 1402 2881 non
1415 2853 1506 2882 licebat
1516 2857 1538 2884 ei
1547 2857 1686 2893 comedere,
1696 2867 1774 2894 neque
