2068 3132
279 149 332 181 433

279 211 311 237 iis
323 210 365 246 qui
376 218 433 237 cam
445 218 475 237 co
486 214 569 242 erant,
581 210 631 237 nisi
642 209 702 237 solis
714 209 886 237 sacerdotibus
896 208 918 244 (l
926 207 1000 243 .Reg.
1008 207 1039 234 21
1046 205 1070 242 )l

282 257 348 284 Nam
373 265 434 284 cum
457 265 506 290 pro
525 257 664 292 discipulis
689 264 797 284 causam
810 256 885 288 dicit,
902 254 1030 282 Davidem
1046 254 1073 281 in

281 305 398 332 medium
418 304 546 337 adducit;
577 302 685 339 quando
708 307 797 330 autem
820 309 869 336 pro
893 301 1000 335 seipse,
1027 299 1073 327 Pa-

282 356 350 378 trem
376 356 518 377 memorat.
543 350 581 377 Ac
594 349 655 377 vide
669 356 748 384 quam
770 349 877 380 acriter,
892 346 952 374 Non
967 347 1071 382 legistis,

282 397 377 432 inquit,
389 397 450 431 quid
463 396 548 431 fecerit
561 395 642 422 Dauid
650 394 663 421 .’
676 395 768 430 Magna
779 394 877 430 quippe
889 398 947 421 erat
959 393 1073 428 pmphe-

282 447 316 468 ta:
331 442 411 476 hujus
430 442 609 471 existimatio:
624 441 660 468 ita
676 445 705 467 ut
720 445 812 475 postea
823 439 918 466 Petrus
931 445 991 466 cum
1003 437 1072 473 apud

280 487 388 514 Judazos
401 494 461 514 sesc
475 485 648 517 defenderet,
668 486 703 512 ita
717 485 837 512 diceret:
855 483 925 511 Licet
937 484 972 510 ad
985 492 1027 510 vos
1043 483 1075 510 li—

282 533 339 560 bere
351 532 383 559 de
398 532 542 566 patriarcha
557 531 639 558 Dauid
661 531 759 562 dicere,
782 530 902 565 quoniam
924 530 985 557 obiit
998 534 1020 556 et
1033 537 1073 556 se-

283 580 370 613 pultus
383 584 417 606 est
429 580 438 613 (
450 579 505 605 Act.
516 579 543 605 ἓ.
559 577 594 605 29
605 580 624 612 ).
641 579 694 605 Cur
707 582 794 604 autem
808 585 869 604 cum
885 576 943 611 ejus
957 577 1074 603 mentio-

284 634 344 653 nem
360 631 414 653 tutn
437 626 479 653 hic
494 630 548 652 tum
565 629 656 660 postea
679 625 740 652 facit
752 644 759 656 ,
775 623 931 659 dignitatem
947 624 1006 657 ejus
1020 630 1073 650 non

282 673 495 701 commemorat?
511 672 590 699 Forte
603 671 663 706 quia
685 679 719 699 ex
742 670 787 698 illo
806 677 891 706 genus
905 669 1028 696 ducebat.
1045 669 1074 696 Si

283 719 333 746 viri
348 718 422 752 probi
438 718 661 753 indulgeutesque
675 717 803 747 fuissent.
819 716 896 743 famis
908 722 1016 742 causam
1032 715 1074 741 in-

284 765 414 792 ducturns
429 769 486 791 erat
496 773 503 795 ;
515 764 575 799 quia
591 771 654 791 vero
668 762 775 790 scelesti
786 761 977 796 inhumaniqne
987 763 1075 794 erant,

284 810 420 838 historiam
442 810 495 837 illis
519 810 610 837 refert.
631 809 736 836 Marcus
758 813 846 835 autem
867 807 917 834 sub
932 807 1078 834 Abiatlnaro

284 856 422 883 sacerdote
442 856 467 882 id
481 856 578 883 factum
594 855 677 887 dicit,
694 862 746 881 non
762 853 934 888 repugnantia
957 851 1079 880 historito

283 902 394 934 dicens,
409 901 456 929 sed
479 900 623 929 ostendens
638 901 711 928 illum
734 899 896 927 hinontinem
913 898 995 926 fuisse
1005 918 1012 929 ,
1026 895 1077 924 ad-

283 949 375 983 ditque
386 949 472 983 ipsum
484 948 508 975 ei
519 955 601 982 panes
613 946 720 975 dedisse
736 946 746 981 (
759 945 842 973 Marc.
855 945 882 972 2.
898 945 933 972 Ξϐ
943 946 952 980 )
962 965 970 975 ,
984 944 1076 972 simul-

286 1002 338 1029 que
362 1001 485 1029 magnam
507 993 623 1021 atterens
645 992 830 1028 purgationem
842 1011 850 1024 ,
864 990 935 1026 quod
950 989 1077 1018 sacerdos

284 1040 310 1067 id
327 1040 507 1075 permisisset;
524 1046 573 1066 nec
586 1038 666 1066 modo
679 1037 854 1073 permisisset,
868 1036 916 1064 sed
928 1037 1008 1064 etiam
1024 1036 1076 1063 mia-

285 1086 435 1113 nistrasset.
449 1085 506 1113 Nec
531 1084 596 1112 mihi
610 1084 702 1116 dicas,
719 1082 846 1111 Davidem
863 1082 944 1109 fuisse
959 1081 1077 1117 prophe-

283 1138 339 1159 tam
350 1141 357 1159 :
371 1139 431 1158 nam
443 1138 529 1166 nequc
539 1130 577 1158 sic
588 1129 694 1162 licebat,
705 1128 751 1157 sed
763 1135 846 1164 penes
856 1127 1010 1155 sacerdotes
1021 1127 1078 1154 haec

282 1177 460 1213 prtcrogativa
473 1181 530 1204 erat
544 1185 552 1204 :
565 1175 666 1203 idcirco
679 1174 801 1206 addidit,
817 1173 877 1201 Nisi
891 1173 952 1200 solis
961 1172 1079 1200 sacerdo-

284 1224 360 1250 tibus.
370 1222 480 1250 Etiamsi
491 1221 562 1250 enim
574 1221 702 1257 propheta
711 1224 795 1254 esset,
805 1227 858 1247 non
868 1218 994 1246 sacerdOs
1003 1222 1077 1251 erat;

283 1269 340 1296 imo
348 1268 451 1296 etiamsi
461 1267 590 1303 propheta
599 1271 680 1299 esset,
690 1270 718 1293 at
726 1273 778 1293 non
787 1265 804 1293 ii
813 1265 858 1301 qui
866 1273 927 1292 cum
937 1264 983 1292 illo
990 1269 1077 1298 erant;

286 1323 347 1342 nam
359 1319 386 1342 et
398 1314 449 1341 illis
459 1320 566 1349 quoque
577 1320 672 1348 panem
682 1311 766 1339 dedit.
780 1310 848 1344 Quid
859 1311 950 1345 igitur,
962 1310 1077 1346 inquies,

282 1366 398 1396 paresne
412 1364 488 1388 crant
502 1360 538 1387 illi
555 1358 669 1387 Davidi?
682 1358 751 1392 Quid
766 1357 831 1385 mihi
848 1357 1003 1392 dignitatem
1020 1364 1078 1384 nte-

282 1414 384 1438 tnoras,
398 1406 442 1434 ubi
458 1406 524 1442 legis
537 1405 714 1441 transgressio
726 1412 786 1432 esse
800 1408 920 1440 putatur,
934 1408 961 1430 et
973 1407 1080 1430 natura-

283 1452 319 1479 lis
332 1452 413 1479 instat
423 1451 568 1479 necessitas
583 1451 614 1477 ‘1'
628 1450 733 1478 Etenim
746 1450 795 1477 hac
808 1449 910 1477 ratioue
923 1449 1008 1484 magis
1019 1449 1080 1476 illos

282 1508 298 1526 a
313 1499 424 1527 crimine
436 1502 547 1534 purgat,
561 1505 622 1526 cum
635 1498 656 1525 is
666 1497 711 1533 qui
723 1497 808 1530 maior
822 1500 864 1524 est
874 1495 990 1531 idipsum
1005 1494 1078 1523 fecit.

319 1546 347 1573 I.
363 1546 397 1573 Et
406 1545 470 1580 quid
482 1545 544 1576 hoc,
561 1543 676 1579 inquies,
689 1543 723 1571 ad
736 1542 933 1578 quaestionem?
944 1550 996 1570 non
1008 1542 1079 1570 enim

284 1590 332 1619 ﬂle
343 1592 483 1619 sabbatum
497 1595 679 1625 transgressus
691 1594 744 1617 est.
760 1589 845 1623 Majus
856 1592 929 1617 certe
944 1588 1080 1624 quidpiam

284 1637 353 1664 dicis
364 1657 372 1668 ,
384 1636 459 1672 tquod
473 1635 572 1663 Christi
585 1635 742 1670 sapientiam
757 1634 934 1667 demonstrat,
948 1634 1010 1669 quia
1024 1633 1079 1666 ille,

286 1683 371 1709 misso
383 1682 505 1713 sabbato,
519 1680 590 1708 aliud
601 1681 754 1716 exemplum
768 1680 846 1708 affert
858 1679 969 1708 sabbato
983 1679 1080 1714 majus.

288 1727 345 1755 Non
360 1728 432 1756 enim
444 1727 546 1763 tequale
558 1731 625 1759 crat,
638 1726 709 1754 diem
724 1726 795 1753 illam
809 1726 920 1758 violare,
936 1730 963 1754 et
975 1733 1080 1753 sacram

291 1774 362 1801 illam
379 1780 499 1801 mensam
509 1773 654 1808 "attingere,
664 1780 743 1808 quam
757 1771 831 1799 adire
847 1772 945 1799 nemini
960 1772 999 1799 fas
1011 1775 1079 1798 erat.

291 1820 357 1847 Nam
372 1820 510 1847 sabbatum
525 1827 598 1853 smpc
612 1818 727 1846 solutum
743 1818 801 1851 fuit,
814 1819 868 1845 imo
883 1825 989 1853 semper
1003 1817 1083 1844 solvi-

289 1871 343 1898 tur,
358 1870 387 1892 ct
402 1866 426 1892 in
439 1865 656 1898 circumcisione,
671 1869 698 1892 et
710 1865 736 1891 in
749 1864 808 1892 aliis
822 1863 944 1899 plurimis
957 1863 1083 1899 operibus

288 1911 390 1946 (Nam.
406 1911 450 1939 28.
467 1911 502 1946 9)
517 1921 525 1938 ε
545 1916 573 1939 et
585 1911 612 1938 in
626 1910 733 1938 Iericho
747 1910 861 1946 idipsum
878 1909 975 1937 factum
992 1909 1082 1937 videre

289 1958 439 1991 est-(Jun
464 1958 491 1985 6.
506 1958 542 1994 ι)
555 1966 562 1984 :
578 1957 629 1984 hoc
639 1962 729 1985 autem
743 1962 805 1984 tunc
819 1957 904 1984 solum
919 1955 1017 1984 factum
1030 1960 1082 1983 est.

290 2006 379 2038 Quare
391 2012 406 2032 a
423 1997 516 2038 majori
531 2003 654 2038 exemplo
667 2010 711 2030 res
727 2003 868 2030 evincitur.
883 2002 940 2030 Cur
954 2009 1019 2036 emo
1034 2009 1082 2029 ne-

292 2060 336 2080 mo
352 2051 478 2079 Davidem
492 2051 645 2084 accusavit,
659 2050 763 2078 etiamsi
778 2050 829 2078 alia
844 2050 930 2085 major
942 2048 1085 2077 accusandi

290 2098 401 2126 materia
422 2097 546 2131 adesset,
562 2097 597 2125 ob
620 2096 788 2124 sacerdotum
804 2096 905 2124 czedem
918 2117 925 2128 .
951 2103 1010 2131 qua:
1023 2095 1086 2123 inde

290 2144 430 2172 exordium
446 2143 580 2171 duxerat?
602 2143 700 2171 Verum
713 2140 781 2170 illud
801 2150 854 2170 non
874 2147 1007 2169 memorat
1020 2142 1085 2175 ille,

291 2191 340 2218 sed
352 2191 377 2218 in
390 2198 419 2218 re
430 2190 563 2224 proposita
577 2190 708 2217 consistit.
722 2188 826 2216 Deinde
837 2193 924 2216 autem
937 2189 992 2215 alio
1005 2187 1087 2215 modo

291 2236 505 2264 criminatioaem
530 2235 618 2263 solvit.
636 2234 713 2262 Initio
732 2235 831 2269 quippe
846 2232 972 2261 Davidem
985 2232 1014 2260 in
1029 2240 1087 2260 me-

291 2283 366 2310 dium
378 2282 498 2315 adduxit,
512 2281 570 2317 ejus
583 2289 704 2317 persona:
718 2280 846 2315 dignitate
860 2279 1039 2315 arrogantiam
1054 2280 1087 2306 il—

293 2329 382 2356 lorttm
396 2329 564 2364 reprimens;
577 2333 716 2363 postquam
729 2332 818 2354 autem
833 2326 893 2354 illos
908 2330 1085 2362 represserat,

293 2375 501 2410 superbiamque
525 2374 630 2401 illorum
651 2377 823 2406 coercuerat,
845 2377 908 2400 tunc
923 2372 1005 2407 magis
1027 2371 1086 2399 ido-

295 2429 372 2448 neam
394 2421 471 2449 alert
494 2420 665 2448 solutionem.
679 2419 807 2453 Quantam
824 2419 867 2446 illa
888 2419 964 2446 erat?
978 2419 1005 2446 5.
1031 2418 1087 2445 Ne-

294 2468 365 2495 scitis
373 2468 493 2502 quoniam
503 2467 529 2494 in
543 2467 635 2501 templo
650 2465 793 2493 sacerdotes
805 2465 934 2492 sabbatum
948 2465 1053 2497 violant,
1064 2468 1088 2491 et

296 2513 350 2540 sine
370 2513 474 2539 crimine
487 2513 564 2539 sunt?
586 2511 641 2539 Illic
653 2532 660 2544 ,
677 2511 761 2546 inquit
774 2531 781 2543 ,
797 2510 903 2538 oeatsio
916 2517 973 2538 rem
988 2509 1066 2537 solvit
1079 2519 1087 2542 ;

297 2559 341 2586 hic
353 2567 417 2586 vero
429 2559 504 2586 adest
513 2559 572 2586 sine
586 2558 726 2585 occasione
739 2557 848 2584 solutio.
863 2556 914 2584 Sed
929 2565 981 2584 non
997 2557 1088 2584 statim

297 2610 332 2632 tta
348 2604 445 2637 solvit;
460 2612 553 2632 verum
566 2605 652 2640 pritno
667 2603 742 2638 quasi
756 2611 814 2631 rem
827 2603 903 2630 venia
918 2603 1025 2638 dignam
1042 2611 1089 2636 po-

297 2653 355 2685 nit,
376 2657 468 2687 postea
491 2660 556 2680 vero
580 2652 673 2679 fortius
697 2651 788 2678 instat.
810 2650 876 2678 Nam
890 2650 961 2686 quod
977 2650 1089 2677 validius

295 2705 364 2731 erat,
380 2703 516 2733 postremo
530 2698 693 2726 all'erendum
709 2697 767 2729 fuit,
783 2697 886 2726 etiamsi
904 2697 928 2724 id
943 2697 1013 2732 quod
1035 2696 1089 2731 pri-

298 2753 372 2773 mttnt
387 2745 495 2772 allatum
510 2749 567 2777 est,
584 2745 636 2771 vim
651 2751 726 2771 suam
749 2743 869 2770 haberet.
884 2742 922 2770 Ne
938 2742 1002 2769 mihi
1017 2742 1088 2769 enirn

297 2790 390 2823 dicas,
415 2790 439 2817 id
464 2798 516 2817 non
539 2797 598 2818 esse
618 2797 633 2817 a
646 2789 757 2817 crimine
773 2788 880 2816 liberari
895 2810 902 2822 ,
917 2795 965 2823 par
980 2787 1090 2815 alterius

331 2878 531 2911 'chcﬁattmris
543 2879 659 2904 naturalis
669 2879 738 2905 iusth
749 2878 885 2904 necessitas.

636 150 667 180 Β.
686 148 826 180 JOANNIS
849 147 1089 179 CHRISOSTOMI
1114 147 1274 178 ARCHIEP.
1292 134 1561 180 CONSTANTINQP.

1865 154 1919 182 456

1126 207 1228 235 crimen
1245 208 1270 235 in
1286 208 1403 236 medium
1425 209 1531 237 afferre.
1551 209 1618 237 Nam
1632 209 1739 245 quando
1752 210 1775 238 is
1788 211 1832 246 qui
1857 212 1920 241 fecit

1127 261 1179 280 non
1194 259 1349 286 accusatur,
1365 259 1428 282 tunc
1442 255 1467 282 id
1484 256 1509 282 in
1531 255 1714 284 defensionem
1729 258 1852 292 usurpari
1866 266 1918 293 po-

1126 303 1188 326 test.
1204 299 1301 327 Verum
1318 301 1362 328 illo
1378 309 1430 328 non
1445 306 1587 332 contentus
1602 301 1670 333 fuit,
1686 303 1733 329 sed
1749 303 1820 338 quod
1835 305 1920 340 magis

1125 350 1333 373 Consentaneum
1355 350 1397 373 est
1417 346 1495 373 all'ert
1506 367 1514 379 ,
1530 346 1622 374 dicens
1639 346 1664 374 id
1678 347 1751 382 quod
1766 348 1862 376 factum
1879 354 1921 376 est

1126 398 1179 418 non
1191 398 1249 418 eSSe
1259 396 1397 427 peccatum
1410 400 1416 417 :
1431 391 1501 426 quod
1516 393 1668 426 conspicua:
1682 393 1801 420 victoria:
1813 393 1918 428 signum

1126 441 1203 469 erat,
1217 444 1278 464 ctttn
1300 437 1451 464 ostenderet
1467 445 1496 465 se
1519 437 1604 473 legem
1619 438 1750 471 solvisse,
1766 439 1820 466 imo
1836 439 1861 466 id
1879 439 1920 467 bis

1127 483 1222 512 fecisse
1234 505 1241 515 .
1258 489 1313 512 tum
1332 492 1347 511 a
1370 485 1428 512 loco
1440 505 1448 517 ,
1465 489 1521 512 tum
1536 493 1550 511 a
1565 485 1697 518 sabbato;
1719 486 1784 520 quin
1799 486 1879 514 etiam
1892 491 1921 514 et

1127 535 1169 558 ter
1181 531 1275 558 fecisse
1285 552 1293 564 ,
1309 531 1381 566 quod
1395 531 1493 566 duplex
1507 539 1574 566 opus
1587 532 1684 559 factum
1699 537 1789 565 esset,
1806 537 1834 560 et
1847 533 1919 560 aliud

1127 585 1160 605 ex
1172 578 1358 606 sacerdotibus
1368 579 1550 613 subjunxisset
1562 588 1569 606 :
1581 579 1706 614 quodque
1717 579 1803 614 majus
1813 585 1864 613 est,
1877 588 1922 608 ne-

1126 632 1179 659 que
1198 625 1298 652 crimen
1315 625 1377 652 illud
1397 633 1466 653 esse.
1489 625 1556 653 Nam
1575 626 1629 657 ait,
1646 626 1709 654 Sine
1729 627 1832 654 critnine
1849 634 1918 655 sunt.

1129 670 1221 698 Viden‘
1236 676 1335 706 quanta
1351 672 1458 705 posuit?
1474 671 1572 699 Locum
1591 678 1687 704 :nam,
1704 671 1737 699 In
1753 673 1846 706 templo
1858 694 1865 706 ,
1881 674 1921 701 in-

1127 717 1203 752 quit,
1224 716 1322 745 factum
1346 722 1407 750 est;
1431 725 1592 752 personam:
1613 725 1726 753 nempe,
1744 718 1918 752 Sacerdotes;

1128 767 1233 799 tempus
1243 772 1250 790 :
1262 771 1334 796 nam,
1347 764 1486 792 Sabbatttm
1496 769 1571 795 erat;
1585 772 1641 792 rem
1655 765 1754 799 ipsam:
1766 774 1827 793 nam
1839 787 1845 797 ,
1862 765 1921 793 Vio-

1108 802 1201 858 th,
1217 810 1321 845 inquit:
1338 818 1429 858 neque
1447 812 1518 838 enim
1542 811 1625 845 dixit,
1639 811 1768 845 Solvunt;
1783 813 1830 840 sed
1849 814 1920 848 quod

1109 854 1235 892 {iuius
1256 861 1314 889 est,
1344 856 1468 884 l’iolant:
1491 858 1561 892 quod
1586 866 1638 885 non
1661 858 1741 885 tnodo
1759 865 1854 893 pcenas
1868 867 1921 886 noti

1126 901 1208 935 dent,
1231 903 1277 932 sed
1297 903 1368 939 quod
1388 903 1499 931 crimine
1523 903 1688 937 liberentur;
1704 911 1765 931 nam
1780 904 1837 936 ait,
1860 904 1923 932 Sine

1129 950 1235 976 crimine
1253 954 1322 977 sunt.
1343 949 1370 977 ld
1390 957 1454 977 vero
1473 958 1507 977 ne
1527 951 1626 985 putetis
1643 950 1731 978 simile
1749 951 1831 985 priori
1850 959 1920 978 esse.

1129 993 1196 1023 Nam
1209 995 1273 1022 illud
1288 995 1370 1022 semel
1384 995 1483 1023 factum
1496 1000 1539 1023 est
1549 1015 1558 1030 ,
1573 1003 1625 1023 nec
1636 1003 1652 1023 a
1665 996 1850 1023 sacerdotibus
1859 1017 1867 1028 ,
1882 1001 1923 1023 at-

1129 1047 1182 1076 que
1195 1048 1227 1068 ex
1242 1042 1421 1074 necessitate;
1443 1041 1503 1068 ideo
1518 1041 1594 1069 venia
1607 1041 1679 1076 digni
1692 1045 1770 1069 erant
1784 1050 1791 1068 :
1809 1041 1860 1069 hoc
1872 1049 1922 1069 au-

1129 1091 1185 1114 tem
1199 1087 1310 1122 singulis
1325 1087 1443 1115 sabbatis
1455 1107 1462 1118 ,
1475 1095 1491 1114 a
1505 1086 1688 1114 sacerdotibus
1697 1108 1705 1119 ,
1720 1087 1747 1114 in
1763 1087 1864 1122 templo
1874 1108 1882 1118 ,
1896 1092 1924 1114 et

1130 1133 1275 1162 secundum
1290 1133 1387 1168 legem.
1401 1133 1569 1169 Quapropter
1583 1141 1635 1160 non
1661 1132 1741 1160 modo
1754 1134 1831 1161 venia
1850 1133 1924 1168 digni

1130 1183 1211 1212 sunt,
1224 1179 1272 1207 sed
1285 1180 1364 1207 etiam
1380 1179 1526 1207 secundum
1541 1180 1625 1215 legem
1638 1180 1715 1215 culpa
1730 1180 1815 1207 vacui.
1831 1180 1923 1216 Neque

1131 1225 1203 1253 enim
1221 1225 1389 1252 criminando
1403 1225 1462 1252 lucc
1476 1225 1531 1252 dixi
1543 1246 1551 1257 ,
1572 1225 1676 1260 inquit,
1697 1233 1783 1260 neque
1796 1233 1828 1252 ex
1849 1227 1924 1253 venia

1131 1273 1218 1299 solum
1232 1271 1308 1307 culpa
1326 1272 1424 1299 liberos
1439 1277 1544 1305 statuo,
1559 1271 1606 1299 sed
1622 1280 1654 1299 ex
1671 1272 1781 1307 justititc
1797 1273 1865 1306 lege.
1880 1271 1925 1299 Vi-

1131 1319 1264 1354 deturque
1278 1319 1338 1346 illos
1353 1318 1513 1350 defendere,
1527 1319 1576 1345 hos
1589 1323 1678 1346 autem
1693 1319 1805 1346 crimine
1818 1319 1924 1346 liberat.

1131 1366 1198 1394 Cum
1212 1366 1284 1393 enim
1297 1366 1342 1397 ait,
1359 1365 1421 1393 Sine
1435 1365 1539 1392 crimine
1552 1370 1631 1392 sunt:
1646 1369 1674 1392 at
1688 1365 1713 1392 lti
1728 1366 1814 1392 multo
1824 1365 1919 1400 magis,

1133 1411 1228 1446 inquit.
1244 1409 1297 1438 Sed
1309 1419 1362 1438 non
1372 1415 1435 1438 sunt
1445 1409 1612 1438 sacerdotes.
1626 1412 1660 1438 At
1671 1411 1856 1438 sacerdotibus
1869 1418 1926 1437 ma-

1130 1456 1205 1491 jores
1219 1465 1226 1483 :
1241 1456 1298 1491 ipse
1312 1463 1426 1490 namque
1440 1456 1531 1490 templi
1547 1455 1674 1483 Dominus
1689 1455 1731 1483 hic
1742 1455 1818 1484 adest
1830 1463 1838 1488 ;
1853 1456 1924 1483 veri-

1133 1506 1174 1529 tas
1185 1522 1193 1535 ,
1209 1509 1261 1529 non
1277 1502 1381 1537 figura:
1403 1501 1462 1528 ideo
1481 1501 1605 1534 dicebat,
1622 1502 1647 1528 6.
1665 1501 1728 1529 Dico
1742 1507 1826 1529 mttem
1838 1503 1925 1535 vobis,

1132 1548 1192 1582 quia
1201 1548 1294 1582 templo
1305 1550 1387 1583 major
1397 1552 1432 1574 est
1444 1547 1494 1574 hic.
1507 1548 1631 1574 Attamen
1642 1554 1702 1574 cum
1715 1547 1777 1574 talia
1791 1548 1924 1580 audirent,

1134 1594 1200 1621 nihil
1214 1594 1339 1621 dixerunt
1351 1602 1358 1620 :
1375 1593 1436 1629 quia
1449 1601 1500 1620 nou
1511 1593 1545 1620 de
1559 1593 1645 1620 salute
1659 1593 1774 1620 hominis
1788 1593 1925 1628 agebatur.

1135 1639 1236 1667 Deinde
1246 1640 1306 1674 quia
1320 1638 1344 1666 id
1356 1639 1527 1667 audientibus
1539 1647 1620 1674 grave
1632 1639 1772 1666 videbatur
1787 1646 1857 1671 esse,
1873 1639 1927 1665 cito

1135 1685 1197 1713 illud
1212 1685 1371 1717 occultavit,
1387 1692 1479 1712 rursus
1498 1684 1531 1711 ad
1548 1684 1651 1711 veniam
1666 1691 1818 1711 sermonem
1833 1691 1924 1719 agens,

1136 1739 1185 1759 nec
1197 1732 1254 1759 sine
1269 1731 1450 1766 increpatione
1463 1731 1503 1758 sic
1517 1730 1609 1758 dicens
1624 1739 1630 1758 :
1648 1730 1673 1757 7.
1690 1730 1721 1757 Si
1735 1735 1819 1757 autem
1831 1730 1928 1758 sciretis

1136 1777 1198 1813 quid
1216 1782 1264 1809 est,
1282 1776 1307 1803 Μ
1311 1777 1483 1804 iscritordiam
1497 1777 1571 1809 volo,
1586 1781 1610 1803 et
1624 1784 1673 1803 non
1689 1776 1860 1810 sacriﬁcium,
1875 1785 1927 1802 non

1135 1823 1346 1850 condemnassetis
1358 1823 1501 1850 innocentes
1513 1822 1523 1857 (
1535 1821 1600 1849 Osee
1611 1822 1638 1849 6.
1650 1822 1696 1858 6).
1711 1821 1804 1849 Vidcn'
1816 1829 1928 1857 quomo.

1135 1869 1170 1897 do
1185 1877 1277 1897 rursus
1291 1877 1443 1897 sermonem
1457 1868 1491 1896 ad
1507 1868 1610 1896 veniam
1624 1874 1686 1903 agat
1697 1889 1705 1901 ,
1721 1872 1747 1896 et
1761 1875 1866 1896 rursum
1881 1875 1928 1895 vc-

1137 1915 1179 1942 nia
1200 1914 1351 1949 superiores
1370 1917 1379 1931 ¹
1446 1914 1589 1942 ostendat?
1614 1914 1676 1941 Non
1695 1915 1928 1948 condemnassetis,

1137 1961 1241 1997 inquit,
1260 1961 1414 1988 innocentes.
1436 1961 1511 1988 Prius
1530 1960 1699 1988 sacerdotum
1719 1961 1869 1996 exemplum
1884 1967 1928 1989 at-

1138 2008 1217 2042 tulit,
1233 2007 1327 2035 dicens
1341 2007 1496 2034 innocentes
1512 2007 1572 2034 illos
1585 2013 1646 2034 esse
1659 2015 1666 2033 :
1688 2006 1740 2034 hoc
1752 2011 1840 2034 autem
1855 2015 1871 2034 a
1886 2014 1930 2034 se-

1138 2053 1252 2088 metipso
1265 2053 1355 2088 ponit:
1371 2053 1425 2079 imo
1438 2059 1502 2080 vero
1514 2057 1542 2080 et
1554 2052 1604 2080 hoc
1617 2060 1631 2079 a
1648 2053 1706 2087 lege
1718 2061 1725 2079 :
1742 2052 1929 2088 propheticum

1138 2100 1209 2127 enim
1221 2099 1322 2126 dictum
1342 2098 1473 2125 recitavit.

1173 2146 1200 2173 5.
1214 2144 1318 2173 Sabbati
1325 2144 1350 2171 in
1362 2144 1438 2171 veteri
1449 2144 1502 2179 lege
1511 2143 1618 2176 utilitas,
1626 2143 1752 2170 inutilitas
1759 2144 1786 2170 in
1796 2151 1861 2171 noua
1871 2152 1931 2179 pro-

1140 2191 1372 2219 batur.—Demum
1396 2191 1475 2218 aliam
1495 2190 1571 2218 alfert
1584 2197 1692 2218 causam
1705 2190 1797 2218 dicens
1813 2199 1821 2218 :
1838 2190 1865 2218 8.
1874 2190 1931 2218 Do-

1139 2239 1223 2265 mimts
1235 2238 1299 2265 enim
1313 2242 1349 2264 eu
1373 2237 1478 2264 Sabbati
1499 2237 1582 2264 Filius
1596 2237 1706 2264 hominis
1715 2258 1723 2270 ,
1737 2237 1772 2264 de
1789 2237 1878 2272 seipso
1891 2236 1933 2264 lo~

1139 2291 1234 2319 quens.
1259 2283 1364 2310 Marcus
1392 2290 1456 2309 vero
1479 2283 1553 2309 illutn
1577 2282 1610 2309 de
1623 2282 1759 2309 communi
1784 2287 1879 2309 natura
1906 2283 1931 2309 id

1137 2330 1239 2362 dixisse
1254 2329 1354 2356 refert:
1372 2328 1511 2356 Sabbatam
1524 2349 1532 2361 ,
1555 2328 1655 2363 inquit,
1674 2334 1778 2363 propter
1806 2328 1933 2356 hominem

1138 2376 1236 2410 {actum
1247 2379 1302 2407 est,
1318 2382 1368 2401 non
1382 2377 1466 2401 autem
1479 2374 1554 2400 homo
1568 2378 1671 2408 propter
1683 2373 1816 2401 sabbatum
1831 2373 1928 2408 (Marc.

1141 2422 1169 2449 2.
1185 2421 1241 2456 ‘27).
1262 2421 1316 2448 Cur
1326 2427 1390 2456 ergo
1403 2420 1563 2455 supplicinnt
1578 2419 1628 2447 luit
1648 2419 1694 2447 ille
1706 2420 1752 2455 qni
1768 2420 1837 2454 ligna
1855 2420 1934 2446 colli-

1142 2469 1223 2504 gebat
1235 2466 1333 2503 (Num.
1345 2467 1388 2495 l5.
1405 2467 1449 2494 55.
1464 2468 1543 2503 sqq.)?
1551 2466 1616 2500 Quia
1642 2465 1664 2493 si
1679 2466 1754 2493 initio
1776 2465 1850 2500 leges
1871 2473 1934 2492 ρους

1145 2519 1251 2550 tempta:
1264 2514 1387 2546 fuissent,
1401 2513 1445 2540 vix
1458 2517 1548 2548 postea
1559 2512 1697 2540 servandae
1706 2516 1792 2540 emat.
1801 2512 1868 2540 Nam
1885 2512 1935 2539 ini-

1142 2561 1180 2588 tio
1193 2561 1331 2588 sabbatum
1347 2560 1373 2587 in
1386 2559 1476 2586 multis
1489 2559 1668 2594 gravibusque
1683 2559 1763 2586 rebus
1776 2559 1840 2586 utile
1858 2562 1932 2585 erat.

1141 2606 1256 2641 exempli
1272 2613 1368 2637 causa,
1383 2604 1409 2632 id
1421 2604 1555 2632 efﬁciebat
1568 2609 1596 2631 ut
1611 2604 1691 2631 utiles
1712 2603 1875 2638 humanique
1890 2611 1934 2630 es-

1141 2656 1202 2680 sent
1217 2659 1279 2679 cum
1293 2651 1465 2686 propinquis:
1483 2650 1596 2677 docebat
1614 2657 1662 2677 eos
1676 2649 1722 2677 Dei
1740 2649 1934 2684 providentiam

1141 2704 1170 2726 et
1183 2699 1344 2726 creationem
1359 2707 1365 2724 :
1381 2697 1451 2733 quod
1466 2698 1504 2724 ait
1517 2697 1640 2724 Ezechiel
1655 2705 1661 2723 :
1677 2696 1798 2724 Erudivit
1808 2704 1855 2724 eos
1870 2705 1936 2732 pau-

1143 2745 1215 2772 latim
1226 2765 1233 2777 ,
1250 2749 1279 2772 nt
1298 2745 1485 2772 abstinerenta
1508 2744 1625 2779 nequitia
1637 2764 1643 2774 ,
1659 2748 1686 2770 et
1710 2748 1738 2770 ut
1753 2743 1936 2778 spiritualibus

1143 2791 1326 2819 incumberent
1342 2791 1446 2818 szec/t.
1460 2789 1516 2827 20).
1533 2791 1598 2818 Nam
1620 2790 1642 2817 si
1654 2797 1716 2817 cum
1732 2790 1817 2826 legem
1833 2789 1936 2818 sabbati

1159 2877 1194 2908 (tt)
1206 2877 1230 2904 id
1241 2882 1288 2909 cst,
1301 2881 1376 2910 potttts
1387 2877 1458 2903 laude
1469 2883 1541 2910 quam
1551 2877 1619 2902 varia
1631 2876 1724 2908 dit/nos.
