2068 3132
197 148 250 175 437

197 203 285 236 dedit,
296 202 425 230 dixisset:
439 201 512 229 Bona
527 201 604 229 facile
617 201 644 229 in
654 201 775 235 sabbato,
791 201 838 229 sed
853 201 921 229 mala
933 209 986 228 non

197 249 364 285 operamini,
390 249 475 284 legem
503 255 555 275 non
578 253 712 276 servasset
743 249 875 283 populus;
896 255 988 275 verum

196 295 287 322 omnia
301 294 379 322 simul
392 294 476 321 vetuit
490 303 496 321 :
508 293 583 320 Nihil
598 294 694 329 facietis
705 314 712 326 ,
726 293 823 328 inquit.
841 293 933 328 Neque
947 298 988 320 ta-

196 348 259 369 men
273 341 314 369 sic
327 348 358 368 se
369 341 532 368 continuere.
557 339 617 374 Ipse
629 347 693 367 vero
707 347 768 367 cum
785 339 870 375 legem
886 340 988 368 sabbati

195 388 280 422 dedit,
294 388 407 416 obscure
418 388 593 424 signiﬁcavit,
608 389 677 416 velle
690 396 719 416 se
734 393 762 415 ut
775 396 790 416 a
813 389 890 416 malis
902 389 988 416 solum

195 430 372 464 abstinerent.
397 434 472 463 Nihil
484 435 555 463 enim
566 427 684 470 facietis,
700 435 802 470 inquit,
825 436 872 462 nisi
888 443 917 462 ea
930 443 988 469 quis

196 482 272 517 faciet
286 481 372 509 anima
385 481 481 518 (Exod.
498 481 542 509 12.
559 480 616 517 16).
637 480 664 508 ln
680 481 778 516 templo
797 487 885 509 autem
899 481 987 509 omnia

197 527 308 560 fiebant,
323 532 351 555 et
364 535 424 554 cum
436 527 531 562 majori
550 527 638 554 studio
650 547 658 558 ,
673 527 824 562 duplicique
838 535 928 561 opera.
943 527 987 555 Sic

194 581 245 608 per
259 574 345 608 ipsam
359 573 479 601 umbram
495 573 634 601 veritatem
647 572 699 600 illis
712 573 858 609 aperiebat.
872 573 986 600 Tantum

195 626 262 654 ergo
274 619 377 647 lucrum
388 640 396 652 ,
413 619 516 655 inquies
525 639 533 653 ,
547 619 658 647 abstulit
670 619 808 647 Christus?
821 620 913 652 Absit;
930 620 984 647 imo

195 664 263 692 illud
277 665 419 692 admodum
432 665 515 692 auxit.
532 665 648 700 Tempus
662 665 732 692 enim
746 670 805 692 erat
819 670 847 692 ut
861 673 908 700 per
922 665 986 692 sub.

193 711 300 739 limiora
324 711 513 739 erudirentur:
536 719 632 746 .neque
655 711 794 746 oportebat
817 719 911 738 manus
929 711 986 745 ejus

192 757 296 792 ligare,
311 757 354 792 qui
369 765 384 784 a
403 757 520 793 nequitia
534 761 642 789 erutus,
664 756 697 783 ad
721 757 789 784 bona
803 757 892 783 omnia
909 757 985 784 vola-

193 802 257 836 bat;
277 810 364 838 neque
387 802 449 830 inde
461 802 580 830 ediscere
603 802 685 830 Deum
699 803 788 829 omnia
812 802 922 835 fecisse;
937 809 988 830 nec

193 848 258 877 inde
272 848 372 876 institui
385 848 418 876 ad
442 847 671 876 mansuetudinem
686 848 806 883 eos,qui
820 848 853 875 ad
876 848 922 875 Dei
936 848 986 876 be-

193 894 348 929 nignitatem
371 893 525 921 imitandam
540 893 627 920 vocati
650 898 726 921 erant
745 901 751 919 :
766 893 851 920 Estole
863 914 870 926 ,
886 893 984 928 inquit,

192 940 368 967 misericordes
391 940 456 966 sicut
475 938 554 966 Pater
575 943 654 966 vester
668 939 773 966 ctctestis
787 938 863 974 (Luc.
877 938 903 966 6.
919 938 983 974 56);

194 984 298 1012 nullum
312 985 383 1012 diem
406 984 504 1012 festum
526 992 606 1020 agere
619 992 676 1018 eos,
689 985 733 1020 qui
749 992 795 1019 per
808 989 890 1012 totam
903 984 983 1012 vitam

192 1030 292 1059 festum
305 1038 385 1066 agere
390 1031 567 1066 jubebantur:
581 1038 642 1058 nam
650 1031 697 1065 ait,
708 1030 812 1058 Festum
820 1031 981 1064 celebremus,

191 1085 244 1104 mm
251 1077 277 1104 in
286 1077 406 1112 fermento
423 1077 507 1111 veteri,
517 1085 595 1112 neque
601 1077 628 1103 in
636 1078 758 1112 [emerito
764 1077 866 1103 malitiw
873 1081 896 1103 et
902 1077 984 1112 nequi-

191 1124 245 1157 titt,
260 1123 306 1151 sed
318 1123 345 1150 in
359 1123 456 1159 azymis
467 1123 617 1150 sinceritatis
627 1127 650 1149 et
659 1122 769 1149 veritatis
780 1122 818 1157 (1.
830 1121 889 1150 Cor.
943 1123 981 1157 8).

187 1169 250 1198 Non
273 1174 379 1206 oportet
402 1169 474 1198 enim
495 1176 580 1205 prope
602 1177 692 1196 arcam
715 1173 743 1197 et
768 1169 851 1196 altare
872 1176 982 1196 aureum

189 1221 262 1244 stare
276 1223 332 1249 eos,
348 1216 393 1251 qui
406 1215 525 1244 omnium
545 1216 687 1243 Dominum
702 1215 804 1242 habent
824 1222 915 1242 secum
932 1215 980 1242 ha-

189 1261 318 1290 bitantem
332 1282 341 1295 ,
355 1261 453 1297 quique
474 1268 523 1297 per
537 1262 626 1289 omnia
649 1261 735 1296 ipsum
759 1260 937 1296 alloquuntur,
955 1265 981 1288 et

189 1316 239 1343 per
250 1308 407 1341 orationem,
421 1312 449 1336 et
463 1315 512 1343 per
523 1307 696 1341 oblationem,
712 1311 739 1334 et
754 1315 801 1342 per
818 1306 978 1341 Scripturas,

185 1358 217 1381 ct
237 1361 286 1389 per
299 1353 515 1389 eleemosynam,
531 1357 559 1381 et
576 1353 648 1389 quod
670 1353 741 1380 intus
757 1352 830 1379 illum
855 1351 979 1379 habeant.

187 1399 254 1433 Quae
274 1407 338 1435 ergo
359 1399 461 1426 sabbati
482 1399 627 1426 necessitas
650 1399 675 1426 ei
690 1399 734 1434 qui
755 1406 860 1433 semper
883 1398 979 1425 festum

185 1445 326 1479 celebrat,
341 1445 386 1480 qui
401 1445 427 1472 in
439 1445 507 1473 caelo
529 1445 666 1472 versatur?
678 1444 786 1472 Festum
801 1451 865 1479 ergo
886 1451 980 1479 perpe—

186 1497 235 1521 tuo
248 1499 368 1528 agamus,
378 1491 497 1527 nihilque
507 1491 570 1519 mali
583 1499 740 1527 operemur;
755 1490 819 1518 illud
831 1491 901 1518 enim
915 1498 980 1518 vere

186 1538 285 1566 festum
307 1542 350 1566 est
367 1546 374 1564 :
396 1537 444 1566 sed
467 1537 614 1573 spiritualia
634 1536 820 1570 intendamus,
835 1536 980 1564 abscedant

184 1589 313 1616 terrena,
328 1584 458 1620 spirituali
481 1585 535 1612 otio
549 1584 682 1617 otiemur,
697 1590 791 1610 manus
812 1582 845 1609 ab
869 1582 979 1609 avaritia

186 1632 360 1665 cohibentes,
384 1638 482 1666 corpus
497 1638 512 1657 a
533 1629 677 1665 superﬂuis
692 1633 719 1657 et
741 1628 879 1656 inutilibus
892 1628 978 1656 abdu-

185 1682 281 1706 centes
294 1676 430 1705 laboribus
439 1697 446 1710 ,
459 1676 553 1712 quibus
565 1675 678 1703 amictus
691 1679 732 1703 cst
744 1675 808 1701 olim
822 1675 849 1701 in
862 1673 979 1710 {Egypto

186 1722 362 1751 Hebraeorum
386 1721 521 1757 populus:
542 1721 608 1748 nihil
629 1721 700 1748 enim
725 1720 874 1748 differimus
899 1724 978 1754 quot-

186 1772 253 1803 quot
266 1775 360 1795 aurum
372 1766 532 1802 colligimus,
546 1766 580 1794 ab
593 1765 625 1794 iis
638 1765 683 1801 qui
695 1765 768 1793 luteo
781 1765 856 1800 operi
870 1764 979 1792 addice-

185 1814 301 1847 bantur,
315 1814 467 1848 lateresque
481 1817 623 1848 operantes
635 1832 643 1846 ,
667 1816 694 1839 et
709 1812 799 1846 paleas
822 1810 979 1846 colligentes

187 1859 398 1895 liagellabantur.
424 1858 491 1886 Nam
517 1865 586 1885 nunc
605 1864 711 1893 quoque
738 1856 860 1884 diabolus
883 1856 979 1884 lateres

185 1906 261 1942 jubet
272 1912 400 1940 apparare
410 1926 418 1938 ,
432 1909 463 1932 ut
475 1905 538 1932 olim
552 1905 667 1938 Pharao.
682 1903 750 1937 Quid
761 1903 831 1931 enim
854 1903 925 1931 aliud
938 1907 980 1930 est

186 1959 281 1979 aurum
292 1972 300 1984 ,
315 1959 394 1986 quam
418 1951 525 1978 lutum?
549 1950 612 1985 quid
636 1949 709 1977 aliud
727 1953 866 1984 argentum
877 1969 884 1982 ,
898 1956 977 1983 quam

187 1997 285 2033 palea?
297 1997 363 2025 Nam
376 2000 514 2032 argentum
529 1997 600 2023 velut
610 1996 686 2031 palea
699 1995 870 2030 cupiditatem
884 2002 979 2022 accen-

187 2044 242 2076 dit,
257 2047 287 2071 et
300 2051 392 2070 aurum
408 2043 455 2070 luti
470 2043 555 2069 instar
570 2042 644 2069 illum
659 2041 779 2076 inquinat
790 2041 836 2076 qui
850 2040 977 2075 possidet.

189 2090 254 2118 Ideo
268 2089 343 2117 misit
364 2088 442 2116 nobis
462 2095 515 2115 non
537 2087 629 2115 Mosen
644 2095 677 2114 ex
702 2086 809 2114 deserto
821 2086 928 2121 Egypti
944 2086 952 2100 ί
969 2105 978 2118 ,

188 2135 239 2163 sed
250 2135 350 2163 Filium
362 2142 440 2163 suum
453 2133 487 2161 de
499 2133 576 2161 caelo.
588 2133 617 2161 Si
638 2133 725 2168 itaque
738 2137 799 2167 post
810 2132 868 2167 ejus
880 2131 980 2158 adven-

188 2186 245 2209 tum
258 2182 285 2209 in
295 2180 411 2216 Egypto
425 2180 554 2207 manseris
563 2199 571 2212 ,
586 2179 678 2206 eadem
700 2178 808 2213 patieris
820 2185 879 2213 qum
894 2177 978 2213 Egy-

188 2227 237 2264 ptii
247 2235 255 2255 :
269 2227 310 2255 sin
323 2226 440 2262 (Egypto
450 2226 542 2254 relicta
552 2225 650 2253 abieris
660 2232 720 2252 cum
732 2224 860 2258 spirituali
872 2223 977 2255 lsraele,

186 2276 379 2305 miraculorum
393 2274 512 2302 omnium
527 2276 661 2309 speculor
674 2272 739 2300 eris.

224 2322 252 2350 4.
267 2321 322 2349 Nec
341 2325 431 2348 tamen
450 2319 479 2347 id
504 2319 589 2346 solum
613 2317 648 2345 ad
667 2318 779 2345 salutem
793 2315 900 2343 sufﬁcit.
919 2314 978 2343 Non

188 2369 261 2397 enim
274 2367 308 2394 ab
317 2366 434 2402 Egypto
443 2369 545 2393 tantum
559 2363 738 2392 recedendum
750 2367 809 2395 est;
824 2361 872 2389 sed
887 2361 912 2388 in
925 2364 980 2388 ter-

187 2423 246 2443 ram
260 2413 447 2450 promissionis
462 2411 625 2439 intrandum.
638 2408 858 2444 Quandoquidem
879 2407 978 2440 Judaei,

187 2467 218 2489 ut
241 2461 279 2488 ait
299 2460 396 2488 Paulus
420 2458 521 2494 (Hebr.
542 2458 586 2485 Η.
605 2457 682 2491 29),
694 2463 741 2491 per
764 2462 838 2482 mare
860 2453 979 2481 Rubrum

187 2505 362 2538 transierunt,
375 2511 471 2532 manna
485 2503 674 2535 comederunt,
689 2506 717 2529 et
738 2505 830 2536 potum
853 2499 979 2534 spiritua-

188 2554 242 2581 lem
256 2551 399 2584 biberunt,
416 2554 532 2578 attamen
548 2556 641 2576 omnes
659 2547 773 2583 periere.
787 2546 826 2574 Ne
838 2546 917 2581 igitur
931 2551 980 2572 nos

187 2606 295 2635 quoque
306 2598 368 2626 talia
382 2597 534 2633 patiamur,
548 2603 582 2624 ne
596 2602 692 2631 segnes
707 2595 790 2621 simus
802 2614 810 2626 ,
822 2593 868 2620 sed
882 2593 914 2619 ad
929 2599 979 2626 pu-

188 2652 269 2680 gnam
283 2645 366 2678 parati
383 2650 391 2670 :
405 2647 432 2670 at
447 2642 468 2669 si
481 2649 552 2669 nunc
570 2641 662 2668 audias
677 2639 762 2667 malos
775 2638 960 2673 exploratores
970 2658 978 2670 ,

187 2690 235 2726 qui
248 2694 388 2725 angustam
410 2692 437 2716 et
458 2691 558 2715 arctam
573 2687 643 2714 viam
659 2685 875 2718 calumniantur,
898 2689 979 2718 atque

218 2756 227 2772 ι
242 2753 283 2778 Sic
295 2754 370 2779 Savtl.
383 2756 409 2777 et
418 2752 507 2777 Morel.
517 2759 524 2782 ;
535 2751 577 2776 alii
589 2758 620 2776 ea:
634 2751 739 2781 deserto,
748 2754 853 2782 tantum,
865 2755 894 2777 ut
906 2752 973 2777 Grai-

186 2792 218 2810 ce
229 2784 367 2815 edidimus;
380 2783 490 2815 quidam,
503 2789 535 2809 ea;
547 2784 660 2815 Egypto,
672 2785 778 2807 tantum.

673 145 706 174 ΙΝ
726 145 929 174 MATTHXEUM
950 145 1065 174 llOMlL.
1086 147 1207 176 XXXIX.
1228 151 1264 177 al.
1286 150 1342 178 XL.

1783 154 1834 182 458

1047 202 1090 230 illa
1103 203 1203 238 dicant,
1219 213 1278 241 qua:
1293 207 1356 234 olim
1369 207 1405 235 illi
1420 207 1547 236 dicebam
1559 209 1741 244 exploratores
1755 231 1762 242 ,
1779 219 1831 237 nnn

1043 250 1132 284 populi
1145 251 1260 284 turbam,
1276 252 1322 280 sed
1333 252 1423 280 Jcsum
1438 253 1584 287 imitamur,
1596 259 1623 282 et
1635 254 1735 282 Chaleb
1748 255 1832 282 tilium

1045 295 1183 329 Jephone;
1199 304 1285 332 neque
1299 298 1373 332 prius
1387 298 1525 332 abscedas,
1540 307 1618 335 quam
1632 300 1660 328 in
1671 300 1830 338 promissum

1043 341 1136 369 callum
1157 343 1314 377 ingrediaris
1332 344 1435 379 (Num.
1459 346 1503 373 15,
1516 346 1595 373 Josue
1614 347 1648 374 Μ
1661 352 1684 374 et
1699 342 1734 374 13'
1745 347 1764 381 ).
1777 348 1832 375 Ne-

1043 396 1095 423 que
1110 388 1246 417 difficilem
1268 395 1345 424 putes
1358 399 1418 418 esse
1432 392 1511 418 viam.
1526 392 1592 419 Nam
1607 392 1630 420 si
1653 393 1752 421 inimici
1770 401 1831 421 cum

1043 441 1173 468 essemus,
1187 443 1236 463 nos
1247 443 1307 464 cum
1321 437 1376 464 Deo
1386 438 1616 465 reconciliavimus
1628 459 1635 471 ,
1650 439 1734 466 multo
1748 440 1832 475 magis

1046 481 1210 508 reconciliati
1223 482 1336 510 salutem
1351 490 1554 518 consequemur.
1570 483 1667 511 Verum
1680 489 1791 519 angusta
1802 489 1831 512 et

1042 529 1127 558 arcta,
1138 526 1250 561 inquies,
1261 527 1306 554 illa
1317 528 1358 554 via
1369 532 1419 555 est.
1432 528 1483 555 Sed
1503 529 1585 563 prior,
1597 536 1645 564 per
1653 536 1732 564 quam
1744 533 1832 557 trans-

1041 571 1121 604 ivisti,
1138 580 1190 599 non
1203 577 1312 608 angusta
1326 578 1352 601 et
1365 577 1435 600 arcta
1450 574 1529 602 modo
1539 579 1590 608 est,
1602 575 1649 602 sed
1660 575 1739 602 etiam
1748 575 1829 608 invia,

1041 623 1072 643 ac
1090 616 1153 645 feris
1175 619 1325 653 agrestibus
1350 618 1427 653 plena
1451 627 1504 646 :ac
1526 620 1753 658 quemadmodum.
1775 628 1829 652 non

1041 667 1164 696 poterant
1186 671 1234 698 per
1247 671 1321 691 mare
1345 664 1465 692 Rubrum
1489 666 1603 693 transire
1616 666 1675 693 sine
1698 666 1828 695 miraculo

1040 707 1086 735 illo
1104 708 1162 735 :sic
1182 716 1236 735 non
1259 713 1411 743 poteramus
1433 710 1459 736 in
1479 711 1567 744 priore
1582 712 1635 737 vita
1650 716 1789 739 manentes
1802 712 1829 743 in

1040 753 1134 780 caelum
1150 754 1295 782 ascendere
1307 775 1315 787 ,
1331 755 1382 782 nisi
1404 755 1534 790 baptisma
1551 756 1576 783 in
1591 756 1679 783 medio
1689 757 1829 791 apparuis-

1039 804 1091 826 set.
1105 799 1132 827 Si
1148 805 1237 827 autem
1259 800 1322 828 illud
1337 800 1407 835 quod
1422 801 1479 828 ﬁeri
1494 810 1546 828 non
1568 806 1688 836 poterat,
1713 802 1770 830 ﬁeri
1787 807 1828 830 ta-

1038 853 1099 873 men
1115 846 1214 880 potuit,
1228 846 1312 874 multo
1326 847 1410 882 magis
1430 847 1502 882 quod
1521 847 1629 875 difﬁcile
1650 852 1725 880 erat,
1748 848 1825 875 facile

1038 891 1142 919 evadet.

1075 937 1169 964 Gratia:
1184 937 1276 964 divina:
1289 937 1361 965 labor
1372 942 1456 965 noster
1477 937 1618 965 addendus.
1638 938 1827 974 Prwceptorum

1038 985 1159 1019 facilitas.
1170 984 1307 1011 —Verum
1322 984 1403 1018 illud,
1420 985 1537 1020 inquies.
1553 992 1602 1019 per
1614 985 1699 1013 solam
1714 986 1828 1020 gratiam

1037 1031 1125 1058 fiebat.
1150 1031 1184 1058 Et
1204 1030 1265 1058 ideo
1279 1032 1394 1058 maxime
1415 1031 1476 1066 jure
1498 1031 1628 1058 confidas.
1650 1030 1678 1059 Si
1693 1032 1763 1058 enim
1782 1032 1827 1059 ubi

1037 1077 1093 1103 sola
1108 1076 1194 1111 gratia
1209 1081 1282 1109 erat,
1298 1076 1340 1104 illa
1357 1081 1444 1104 tamen
1463 1082 1572 1112 operata
1584 1082 1628 1104 est
1643 1087 1651 1104 :
1665 1076 1710 1104 ubi
1724 1077 1828 1105 labores

1036 1121 1203 1154 addideritis,
1219 1129 1306 1149 annon
1321 1122 1406 1149 multo
1424 1122 1509 1157 magis
1523 1122 1726 1157 cooperabitur?
1739 1123 1763 1150 si
1784 1123 1827 1150 ni-

1037 1168 1074 1196 hil
1088 1173 1210 1204 agentem
1223 1169 1338 1195 servavit
1351 1189 1359 1202 ,
1377 1176 1464 1196 annon
1480 1168 1563 1196 multo
1575 1169 1659 1204 magis
1671 1173 1826 1204 operantem

1032 1215 1156 1250 juvabit?
1170 1215 1255 1250 Supra
1268 1214 1388 1242 dicebam
1399 1234 1406 1246 ,
1422 1222 1452 1242 ex
1476 1214 1508 1242 iis
1522 1222 1582 1249 qua:
1603 1213 1660 1242 fieri
1679 1222 1732 1242 non
1747 1222 1826 1250 posse

1033 1263 1202 1304 videbantur,
1217 1266 1246 1290 et
1259 1266 1346 1297 tamgu
1360 1261 1430 1289 facta
1452 1266 1528 1294 sunt,
1548 1261 1574 1288 in
1588 1260 1739 1289 difficilibus
1754 1261 1824 1289 fidu-

1032 1308 1101 1334 ciam
1115 1307 1162 1335 tibi
1183 1307 1260 1335 dari:
1276 1315 1346 1335 nunc
1365 1311 1453 1334 autem
1469 1307 1543 1339 dico,
1559 1307 1582 1334 si
1596 1307 1734 1342 vigilemus
1744 1328 1752 1340 ,
1767 1307 1825 1335 inec

1033 1362 1067 1381 nc
1092 1354 1208 1382 difficilia
1230 1353 1338 1389 quidem
1363 1353 1430 1381 fore.
1450 1353 1610 1381 Consideres
1632 1353 1704 1380 enim
1724 1353 1823 1387 velim,

1033 1405 1146 1429 mortem
1172 1401 1353 1431 conculcatam
1381 1399 1478 1433 fuisse,
1501 1399 1634 1427 diabolum
1659 1399 1822 1433 concidisse,

1032 1448 1117 1483 legem
1127 1447 1226 1482 peccati
1237 1447 1393 1474 exstinctam
1403 1454 1473 1479 esse,
1481 1446 1595 1481 Spiritus
1601 1446 1713 1481 gratiam
1723 1446 1823 1477 datam,

1031 1495 1112 1521 vitam
1127 1494 1153 1521 in
1168 1494 1249 1521 breve
1262 1497 1366 1528 tempus
1375 1496 1549 1525 contractam,
1564 1499 1645 1519 onera
1657 1491 1777 1527 praecisa.
1789 1491 1825 1520 Et

1031 1543 1062 1567 ut
1073 1540 1130 1567 haec
1141 1539 1176 1566 ab
1189 1539 1255 1574 ipsis
1266 1538 1394 1573 operibus
1404 1537 1510 1565 ediscas
1521 1558 1529 1570 ,
1545 1537 1680 1573 perpende
1692 1542 1758 1572 quot
1769 1537 1825 1565 sint

1031 1586 1075 1621 qui
1090 1585 1190 1620 majora
1201 1605 1208 1617 ,
1223 1591 1302 1620 quam
1323 1583 1445 1611 Christus
1465 1583 1602 1618 praecipiat
1612 1603 1621 1617 ,
1644 1582 1757 1610 fecerint
1772 1591 1778 1608 :
1794 1587 1823 1609 tu

1030 1639 1094 1659 vero
1107 1630 1318 1658 mediocritatem
1334 1629 1433 1657 times?
1446 1628 1531 1662 Quam
1548 1635 1611 1664 ergo
1625 1628 1823 1655 excusationem

1031 1678 1142 1706 habebis
1154 1698 1161 1709 ,
1177 1684 1238 1704 cum
1252 1675 1312 1704 aliis
1332 1675 1400 1702 ultra
1421 1679 1508 1702 metas
1521 1674 1723 1706 exsilientibus,
1738 1678 1765 1701 tn
1781 1674 1824 1701 vel

1030 1725 1064 1753 ad
1074 1724 1246 1752 constitutum
1260 1721 1401 1750 terminum
1415 1721 1555 1756 pervenire
1565 1719 1702 1755 graveris?
1713 1719 1751 1747 Te
1761 1719 1824 1746 btr-

1031 1775 1118 1800 tamur
1130 1779 1163 1799 ex
1185 1770 1357 1799 facultatibus
1371 1770 1424 1797 tuis
1438 1769 1636 1804 eleemosynam
1657 1767 1738 1806 dare;
1754 1767 1823 1794 alius

1031 1827 1094 1847 vero
1105 1826 1166 1846 sese
1179 1818 1236 1845 suis
1248 1816 1373 1844 omnibus
1383 1815 1507 1851 spoliavit
1521 1823 1528 1842 :
1543 1819 1571 1842 te
1580 1820 1705 1850 rogamus
1716 1817 1746 1840 ut
1759 1820 1819 1840 cum

1031 1872 1113 1893 uxore
1136 1869 1180 1891 tua
1194 1867 1269 1891 caste
1291 1863 1365 1890 vivas
1377 1870 1384 1895 ;
1398 1861 1466 1889 alius
1480 1868 1544 1889 vero
1554 1860 1636 1888 etiam
1659 1867 1675 1887 a
1690 1859 1823 1887 connubio

1031 1910 1159 1938 abstinuit
1173 1919 1179 1938 :
1195 1914 1222 1937 te
1235 1916 1376 1937 monemus
1391 1915 1425 1935 ne
1438 1907 1476 1935 sis
1499 1906 1624 1939 invidus;
1639 1906 1721 1933 alium
1733 1909 1822 1932 autem

1031 1957 1177 1988 habemus,
1191 1955 1235 1990 qui
1248 1962 1282 1982 ex
1296 1954 1407 1982 caritate
1425 1953 1471 1980 dat
1494 1952 1578 1987 ipsam
1593 1951 1708 1978 animam
1724 1958 1798 1978 suam
1813 1958 1820 1976 :

1032 2008 1058 2031 te
1073 2004 1246 2030 obsecramus
1258 2006 1287 2028 ut
1300 2000 1440 2035 indulgens
1463 1998 1501 2027 sis
1513 2006 1566 2041 pec
1580 1998 1659 2025 nimis
1674 2001 1784 2025 severus
1795 1997 1821 2024 in

1031 2053 1187 2084 peccantes;
1199 2048 1267 2075 alius
1280 2052 1433 2081 percuSSus,
1445 2042 1556 2072 alteram
1566 2043 1662 2072 obtulit
1678 2042 1821 2070 maxillam.

1031 2095 1099 2131 Quid
1126 2096 1223 2130 igitur,
1246 2100 1338 2128 quarso
1350 2114 1357 2126 ,
1373 2091 1511 2119 dicemus?
1531 2097 1609 2125 quam
1623 2089 1823 2116 excusationem

1031 2142 1188 2174 sileremus,
1212 2148 1245 2168 ne
1258 2139 1301 2167 illa
1322 2138 1431 2174 quidem
1454 2136 1600 2169 facientes,
1615 2143 1674 2171 quae
1687 2135 1730 2162 alii
1746 2135 1824 2169 longe

1031 2187 1177 2223 superant?
1189 2186 1280 2220 Neque
1290 2185 1361 2213 enim
1376 2185 1557 2219 superassent,
1573 2181 1624 2209 nisi
1635 2188 1738 2208 summa
1751 2184 1823 2207 esset

1032 2236 1070 2263 rei
1093 2239 1234 2270 praeceptae
1258 2232 1382 2259 facilitas.
1408 2230 1472 2264 Quis
1493 2230 1564 2257 enim
1585 2228 1714 2260 tabescit,
1730 2235 1763 2254 an
1778 2234 1823 2261 qui

1031 2282 1144 2308 aliorum
1158 2279 1235 2307 bonis
1257 2277 1372 2310 invidet,
1389 2284 1422 2303 an
1438 2276 1483 2312 qui
1503 2275 1537 2303 de
1551 2275 1584 2302 iis
1596 2273 1694 2309 gaudet
1707 2275 1737 2300 et
1748 2273 1823 2300 lmta-

1033 2327 1093 2354 tur?
1116 2326 1175 2361 quis
1193 2325 1282 2353 omnia
1305 2327 1426 2358 suspecta
1452 2321 1533 2349 habet
1554 2325 1582 2348 et
1606 2320 1714 2352 tremit,
1743 2318 1824 2345 homo

1032 2377 1120 2400 castus
1134 2379 1168 2398 an
1184 2369 1323 2398 moechus?
1340 2369 1400 2402 quis
1420 2368 1489 2394 bona
1507 2374 1565 2394 cum
1587 2373 1635 2400 spe
1656 2364 1769 2399 gaudet,
1789 2371 1823 2390 an
1871 2397 1875 2401 .

1032 2423 1143 2453 raptor,
1167 2424 1201 2444 an
1226 2416 1248 2443 is
1271 2414 1316 2450 qui
1343 2414 1501 2445 miseratus,
1517 2420 1564 2439 sua
1577 2411 1664 2447 egenti
1690 2408 1821 2444 largitur?

1032 2465 1097 2493 llaec
1120 2464 1209 2498 itaque
1223 2461 1388 2497 cogitantes,
1404 2467 1438 2487 ne
1457 2466 1553 2493 segnes
1568 2457 1651 2485 simus
1671 2456 1704 2483 ad
1719 2456 1825 2482 virtutis

1033 2517 1139 2540 cursum
1153 2507 1362 2544 capessendum;
1378 2505 1425 2533 sed
1439 2503 1562 2532 alacriter
1577 2503 1611 2530 ad
1636 2503 1694 2530 h:cc
1714 2501 1824 2537 pulchra

1033 2555 1178 2584 certamina
1192 2561 1241 2582 nos
1253 2553 1426 2583 instruentes,
1438 2550 1513 2578 brevi
1527 2555 1648 2584 tempore
1660 2548 1823 2580 laboremus,

1033 2607 1064 2630 ut
1089 2607 1231 2637 perpetuas
1253 2603 1282 2626 et
1311 2597 1473 2625 immortales
1497 2602 1610 2623 coronas
1640 2594 1823 2628 accipiamus:

1033 2656 1099 2685 quas
1113 2647 1213 2675 utinam
1236 2645 1414 2679 adipiscamur
1433 2642 1518 2678 gratia
1542 2645 1570 2669 et
1591 2640 1755 2676 benignitate
1768 2639 1824 2666 Do-

1033 2695 1098 2723 mini
1122 2692 1206 2721 nostri
1229 2691 1292 2719 Jesu
1315 2689 1432 2722 Christi,
1445 2690 1488 2717 cui
1501 2687 1583 2724 gloria
1597 2691 1625 2715 et
1639 2685 1779 2722 imperium
1799 2685 1824 2712 in

1033 2741 1130 2769 sucula
1144 2738 1313 2768 tucculorum.
1328 2738 1422 2765 Amen.
