2068 3132
237 138 296 167 «'39

607 136 642 164 S.
661 135 799 164 JOANNIS
811 133 1046 164 CHRYSOSTO)"
1066 134 1224 164 ARCIHEP.
1243 137 1510 169 CONSTANTINOP.

1827 147 1882 174 MO

1776 212 1882 220 —o

1239 204 1371 211 _

834 237 1008 269 HOMILIA
1034 235 1102 267 XL.
1127 238 1170 270 al.
1186 240 1268 272 XLI.

241 315 305 343 (ῚΑΡ.
325 314 370 343 12.
384 322 411 342 v.
424 314 451 342 9.
477 314 509 341 Et
527 314 652 341 transiens
671 312 740 344 inde,
756 311 822 339 venit
835 311 861 337 in
879 317 1034 345 rynagogam
1085 315 1175 344 ratur,
1197 317 1221 339 et
1239 321 1284 348 ego
1298 322 1389 348 operor
1407 315 1504 351 (Joan.
1520 317 1547 344 5.
1574 318 1641 351 i7).
1654 318 1741 355 Super
1752 322 1881 356 apostolis

272 369 362 388 eorum
376 360 446 388 ΜΟ.
467 365 492 387 et
511 367 567 387 ecce
589 360 664 386 homo
683 363 738 385 erat
759 357 793 384 ibi
818 356 910 384 habena
929 364 1032 383 manum

273 406 385 433 aridam.

275 453 302 480 1.
318 452 434 480 Rursum
459 451 485 479 in
507 450 618 478 sabban
632 453 725 482 curat,
745 449 783 476 sic
803 455 920 484 purgans
939 455 971 475 ac
985 447 1032 475 de-

239 499 354 527 fendens
375 498 567 533 discipulorum
587 504 696 524 suorum
709 499 792 531 gesta.
808 494 843 522 Et
864 495 908 522 alii
922 494 1031 530 quidem

241 545 411 581 evangelista!
434 543 543 576 dicunt,
566 543 657 570 .lesum
669 541 776 569 homine
802 541 848 568 illo
863 541 890 568 in
914 539 1031 567 medium

239 591 354 619 adducto
365 611 373 623 ,
389 591 567 625 interrogasse
589 589 648 616 illos
657 609 664 621 ,
681 588 751 615 Num
765 588 822 615 licet
835 586 944 614 sabbatis
957 586 1031 613 bene-

240 636 427 672 facere(larc.
443 636 469 663 5.
484 636 513 668 ι;
529 634 593 662 Luc.
605 635 630 662 ϐ.
647 634 694 670 9)?
707 633 847 669 Perpende
861 633 965 660 Domini
981 632 1032 660 mi-

236 682 423 710 scricordiam.
452 681 539 716 Ipsum
563 680 588 708 in
612 679 701 708 medio
720 679 875 713 constituit,
891 683 920 706 ut
942 677 983 705 vel
998 686 1031 706 ex

238 733 348 764 aspectu
365 728 437 763 ipsos
451 727 587 760 ﬂecteret,
599 732 626 755 et
635 734 670 754 ex
681 726 834 762 spectaculo
849 725 924 753 fracti
936 725 1032 760 nequi-

239 774 302 801 tiam
316 773 492 808 deponerent,
506 777 533 800 et
547 772 681 800 hominem
696 771 822 805 reveriti,
838 771 1030 799 immanitatem

238 827 313 846 suam
327 819 463 847 sedarent.
477 818 577 847 Verum
597 818 636 845 illi
651 818 772 846 indomiti
785 821 811 845 et
825 817 961 844 inhumani
974 824 1032 843 ma-

236 866 299 893 lunt
318 865 418 893 Christi
441 865 554 901 gloriam
580 864 696 897 laedere,
719 871 799 899 quam
821 863 893 891 hunc
910 868 1032 890 sanatum

240 911 408 946 conspicere,
422 911 550 946 utrinque
563 910 645 938 animi
666 911 824 945 pravitatem
839 909 1012 937 ostendentes
1022 928 1030 941 ,

238 963 266 985 ct
276 958 346 994 quod
357 957 493 986 Christum
504 957 692 993 impugnarent
701 977 709 990 ,
722 960 750 983 et
761 963 822 984 cum
836 959 909 983 tanta
921 959 1032 982 conten-

237 1004 312 1031 tione
326 1003 352 1030 id
366 1003 503 1037 t'acerent,
518 1004 640 1031 utetiam
661 1002 757 1030 collata
779 1002 806 1029 in
821 1001 887 1029 alios
902 1000 1031 1029 beneﬁcia

239 1050 456 1077 interturbarent.
472 1049 523 1077 Alii
536 1049 643 1085 quidem
658 1048 830 1084 evangelista:
843 1048 935 1075 dicunt
945 1047 1031 1082 ipsum

238 1097 426 1131 interrogasse;
438 1095 482 1123 hic
493 1103 556 1123 vero
564 1096 611 1127 ait,
624 1095 710 1129 ipsum
723 1094 914 1129 interrogatum
927 1092 1011 1120 fuisse
1023 1101 1029 1119 :

237 1141 272 1168 Et
279 1142 494 1177 interrogaverunt
503 1148 567 1174 eum,
579 1140 675 1176 inquit,
685 1140 802 1172 dicentes,
816 1139 846 1167 Si
857 1139 913 1166 licet
922 1139 1031 1166 sabbatis

236 1195 335 1221 curare,
346 1192 374 1214 ut
385 1191 532 1214 accusarent
540 1185 766 1214 eum.Verisimile
772 1190 863 1213 autem
877 1189 919 1213 est
929 1189 1032 1212 utrum-

236 1242 290 1269 quc
299 1233 398 1262 iactant
408 1241 478 1261 esse.
489 1233 601 1261 Scelesti
611 1233 682 1260 enim
694 1239 755 1260 cum
767 1235 869 1266 essent,
878 1231 1032 1267 scirentque

237 1281 322 1315 ipsum
332 1280 365 1308 ad
372 1280 536 1308 curationem
546 1279 615 1307 haud
623 1279 704 1307 dubie
713 1283 854 1306 venturum
863 1286 934 1312 esse,
947 1278 1032 1306 inter-

238 1327 378 1362 rogatione
400 1332 564 1362 prtevcrtere
575 1326 650 1354 illum
660 1325 837 1358 studuerunt;
849 1331 988 1360 sperantes
1001 1332 1031 1352 se

232 1373 264 1400 id
275 1373 326 1400 hoc
339 1372 419 1400 modo
431 1372 607 1408 impedituros
622 1379 691 1404 esse.
702 1370 765 1399 Ideo
779 1370 990 1406 interrogabant,
1001 1370 1032 1398 Si

237 1419 294 1446 licet
316 1419 426 1446 sabbatis
444 1426 546 1451 curare,
561 1426 613 1446 non
627 1422 656 1445 ut
670 1417 822 1449 discerent,
841 1416 888 1444 sed
909 1420 938 1443 ut
949 1423 1030 1443 accu-

237 1464 314 1491 sandi
327 1463 465 1491 materiam
485 1463 625 1491 haberent.
650 1462 762 1490 Etiamsi
782 1462 868 1496 ipsum
884 1469 951 1496 opus
966 1461 1031 1488 satis

235 1514 319 1543 esset,
334 1511 356 1538 si
371 1517 500 1538 accusare
517 1509 665 1538 voluissent
677 1518 685 1537 :
697 1516 731 1536 ex
744 1508 834 1536 verbis
848 1512 936 1535 tamen
951 1515 1031 1535 occa-

231 1557 340 1585 sionem
349 1561 457 1592 captare
466 1556 634 1590 studuerunt,
644 1562 673 1583 ut
683 1556 733 1584 sibi
745 1556 874 1590 majorem
885 1555 1014 1583 criminau
1026 1570 1031 1576 -

237 1604 264 1630 di
277 1604 379 1638 c0piam
392 1607 525 1638 pararent.
537 1603 673 1638 Bcnignus
686 1607 774 1629 autem
787 1602 916 1629 Dominus
928 1605 955 1628 et
965 1600 1031 1628 illud

238 1649 311 1683 iacit,
328 1654 355 1677 ct
364 1649 517 1684 respondet,
528 1657 577 1676 nos
585 1649 743 1676 modestiam
757 1653 783 1676 et
797 1647 1030 1675 mansuetudinem

237 1697 337 1724 docens
351 1697 370 1728 ‘,
394 1700 532 1731 totumque
555 1695 580 1722 in
597 1695 669 1730 ipsos
688 1694 820 1722 convertit
836 1714 844 1728 ,
860 1694 1031 1729 ipsorumque

237 1742 458 1770 inhumanitatem
474 1740 601 1769 ostendit.
619 1740 759 1768 Hominem
780 1740 805 1767 in
820 1740 908 1767 medio
921 1740 1029 1772 statuit;

230 1796 290 1816 -non
305 1787 375 1823 quod
387 1788 447 1816 illos
462 1788 584 1820 timeret,
597 1786 644 1815 sed
657 1786 690 1814 ad
704 1787 821 1821 ipsorum
835 1785 987 1818 utilitatem,
1003 1789 1032 1812 ut

237 1833 271 1861 ad
285 1833 495 1862 misericordiam
516 1836 634 1861 vocaret.
652 1831 718 1859 Cum
741 1836 829 1859 autem
855 1838 890 1859 ne
909 1831 948 1858 sic
970 1831 1031 1866 qui-

238 1879 298 1908 dem
323 1879 382 1906 illos
396 1878 526 1911 ﬂecteret.
542 1882 606 1906 tunc
627 1877 802 1906 contristatus
816 1880 873 1910 est,
887 1877 990 1912 inquit,
1003 1880 1032 1904 et

237 1926 320 1953 iratus
330 1931 372 1953 est
382 1930 491 1961 propter
501 1925 624 1952 duritiam
636 1924 726 1952 cordis
735 1931 828 1952 eorum
842 1923 937 1959 (Marc.
949 1924 975 1951 3.
988 1923 1030 1957 ες),

228 1972 356 2008 dixitque
369 1981 376 1999 ε
389 1973 433 2000 11.
447 1971 510 2005 Quis
524 1975 560 1999 est
573 1979 605 1999 ea;
617 1971 686 1998 vobis
699 1970 785 2002 homo,
799 1971 843 2005 qui
858 1970 947 1996 habeat
961 1977 1032 1996 ouem

236 2027 330 2051 unam,
346 2023 368 2046 et
383 2018 405 2045 si
416 2018 443 2044 in
453 2018 551 2052 foveam
568 2017 684 2044 ceciderit
697 2017 808 2044 sabbatis
819 2036 826 2049 ,
843 2023 926 2042 nonne
937 2023 1031 2050 appre-

235 2065 329 2092 hende!
341 2072 397 2091 eam
411 2068 434 2091 et
448 2063 545 2099 eriget?
559 2063 602 2090 12.
617 2063 719 2096 Quanto
731 2070 793 2098 ergo
806 2062 894 2088 metior
906 2066 942 2088 est
955 2061 1031 2088 homo

235 2111 301 2137 ove?
325 2113 415 2145 itaque
436 2110 491 2137 licet
505 2109 616 2136 sabbatis
637 2109 789 2144 benefacere.
811 2107 849 2135 Nc
864 2107 1032 2143 impudenter

236 2162 314 2192 agant
326 2178 334 2190 ,
348 2164 415 2184 neve
429 2156 503 2192 quasi
521 2160 746 2190 transgressorem
761 2159 904 2186 accusent,
918 2160 966 2188 per
979 2153 1031 2180 hoc

235 2204 388 2238 exemplum
403 2211 464 2231 cum
486 2203 538 2230 illis
553 2202 737 2230 ratiocinator.
753 2201 795 2229 Tu
808 2208 872 2228 vero
886 2200 950 2227 milli
968 2207 1029 2234 per-

237 2249 340 2285 pende,
354 2257 433 2284 quam
455 2249 529 2276 varie
543 2252 571 2275 et
586 2255 666 2282 quam
680 2251 859 2282 congruenter
872 2245 968 2280 ubique
982 2245 1032 2272 de-

236 2295 373 2323 fensiones
393 2299 471 2330 paret
491 2294 562 2321 circa
586 2292 690 2321 sabbati
711 2291 881 2320 solutionem.
899 2290 965 2318 Nam
986 2290 1031 2318 ubi

239 2340 472 2372 cmcumtcuravit,
496 2340 635 2374 lutumque
655 2338 736 2371 iecit,
752 2345 805 2365 non
820 2344 880 2365 sese
891 2336 1030 2371 purgavit,

234 2387 299 2415 licet
312 2387 347 2414 illi
363 2387 516 2414 incusarent
529 2386 538 2420 (
550 2384 629 2412 Joan.
640 2383 668 2419 9)
683 2393 689 2411 :
704 2384 802 2411 etenim
817 2382 960 2411 creationis
974 2389 1032 2409 mo-

236 2433 341 2461 dns‘hic
354 2440 498 2468 expressus
511 2433 598 2466 ipsum
611 2439 671 2458 esse
684 2430 750 2465 legis
765 2429 905 2457 Dominum
918 2428 1031 2456 demon-

236 2480 348 2507 strabat.
362 2479 390 2506 ln
407 2479 552 2514 paralytico
576 2478 683 2514 (.liatth.
699 2478 729 2512 9)
739 2481 828 2504 autem
841 2497 848 2509 ,
863 2476 908 2511 qui
931 2476 1030 2503 lectum

238 2526 369 2559 portavit,
383 2525 446 2553 dum
460 2525 497 2552 illi
517 2528 690 2557 accusarent,
714 2523 794 2550 modo
807 2527 835 2549 ut
857 2522 936 2554 Deus,
951 2521 1031 2549 modo

238 2576 267 2598 ut
291 2571 372 2598 homo
395 2579 456 2598 sese
476 2574 570 2606 purgat
585 2579 592 2596 :
607 2574 636 2597 ut
655 2569 737 2597 homo
758 2576 819 2595 cum
841 2567 924 2600 dicit,
939 2567 969 2594 Si
981 2567 1032 2593 cir-

237 2617 414 2644 cumcisionem
434 2617 525 2651 accipit
543 2617 617 2643 homo
629 2616 656 2642 in
670 2615 790 2647 sabbato,
810 2618 838 2640 ut
856 2621 907 2640 mm
921 2612 1032 2640 soluatur

238 2664 281 2690 lea:
294 2663 302 2697 (
315 2670 363 2689 nec
374 2661 441 2689 dixit
451 2683 458 2695 ,
474 2661 510 2690 Ut
530 2662 610 2689 homo
626 2659 798 2695 adjuvetur),
813 2659 875 2685 mihi
889 2657 1030 2684 irascimini

238 2709 298 2740 quia
324 2712 403 2734 totum
426 2708 553 2734 hominem
575 2715 667 2734 sanum
689 2705 738 2740 feci
753 2703 853 2741 (Iam.
877 2704 905 2730 'I.
920 2703 988 2738 23)?
1003 2706 1033 2730 ut

239 2755 310 2782 Deus
324 2759 425 2787 autem,
439 2761 498 2781 Clllll
513 2754 577 2781 dicit
590 2761 596 2779 :
615 2752 692 2779 Pater
704 2759 774 2778 meus
788 2757 867 2785 usque
883 2749 957 2776 modo
969 2756 1032 2783 ope-

239 2835 278 2890 ‘e‘:
299 2833 348 2860 alii.
365 2840 433 2857 suum
454 2831 618 2863 benignitatem
637 2830 813 2856 demonstrans.
835 2832 940 2860 Utraque
960 2826 1033 2852 lectio

279 2871 298 2889 rt
312 2870 399 2890 potest.

279 2871 298 2889 l‘t
312 2870 399 2895 πιυιεδι.

1084 365 1149 385 vero
1171 365 1311 388 accusatus
1335 361 1371 388 ait
1386 370 1394 388 :
1411 361 1472 390 Non
1496 363 1590 399 legistis
1612 366 1673 400 quid
1695 368 1753 402 fecit
1779 367 1879 401 David,

1083 404 1186 438 quando
1202 406 1304 433 esuritn't
1314 407 1368 442 ipse
1382 413 1404 434 et
1415 409 1458 443 qui
1477 417 1534 437 cum
1549 419 1577 438 eo
1590 413 1684 439 erant?
1697 414 1824 448 quomodo
1837 416 1881 442 ins

1081 450 1165 477 troivit
1186 451 1213 478 in
1233 451 1338 479 domum
1363 452 1427 486 Dei,
1443 460 1467 482 et
1482 463 1559 490 pane:
1571 458 1751 492 propositionis
1771 461 1880 487 comedit

1086 495 1190 530 (Matth.
1206 497 1250 524 12.
1262 498 1288 526 5.
1303 499 1351 534 At)?
1361 499 1522 529 Sacerdotes
1535 510 1641 538 quoque
1652 504 1679 531 in
1699 505 1815 533 medium
1829 507 1879 534 ad-

1084 542 1167 571 ducit.
1183 543 1232 571 Hic
1242 552 1347 573 rursum
1360 566 1368 579 ,
1385 546 1425 573 An
1444 548 1502 574 licet
1516 548 1543 575 in
1557 549 1658 576 sabbato
1672 550 1829 585 benefacere,
1845 561 1879 579 an

1084 589 1254 625 malefacere?
1277 590 1340 623 Quis
1357 592 1423 618 enim
1444 601 1475 619 ea:
1498 594 1566 621 vobis
1589 594 1689 622 habebit
1710 603 1780 623 ovem
1800 605 1878 624 unam

1084 634 1182 670 (Marc.
1197 636 1226 664 5.
1237 636 1286 672 4)¹ἶ
1298 637 1414 665 Noverat
1423 638 1493 666 enim
1506 647 1554 667 eos
1569 641 1688 674 pecunia:
1700 642 1810 677 cupidus
1823 651 1879 671 nta—

1085 681 1126 716 gis
1135 688 1215 717 quam
1238 681 1403 710 humanitate
1423 684 1559 718 pra'ditos.
1581 685 1656 712 Alius
1669 693 1749 720 porro
1764 694 1878 723 evange-

1086 727 1145 754 lista
1169 726 1259 762 (Ibid.
1278 736 1302 754 υ.
1324 728 1341 756 5
1355 728 1364 763 )
1378 729 1434 762 ait,
1451 729 1536 764 ipsum
1561 731 1801 766 circumspexisse,
1816 740 1877 760 cum

1086 773 1136 799 hoc
1161 773 1354 808 interrogaret,
1370 778 1400 801 ut
1422 774 1465 802 vel
1483 780 1593 810 aspectu
1611 776 1688 811 ipsos
1709 777 1875 805 attraheret:

1085 824 1112 846 at
1127 826 1160 846 ne
1175 819 1214 846 sic
1228 819 1335 854 quidem
1358 820 1483 848 meliores
1498 821 1584 849 eiiecti
1605 827 1678 850 sunt.
1692 822 1741 850 Hic
1755 831 1819 851 vero
1831 831 1877 851 so-

1085 865 1140 893 lum
1164 865 1296 901 loquitur,
1312 866 1374 894 alibi
1401 874 1496 895 manus
1517 868 1597 895 etiam
1622 868 1734 904 imponit
1749 874 1777 896 ut
1791 875 1876 898 sanet.

1084 912 1209 939 Attamen
1232 911 1298 939 nihil
1313 920 1406 940 eorum
1433 913 1493 941 illos
1515 914 1548 941 ad
1571 915 1800 944 mansuetudinem
1816 916 1878 943 alli-

1081 957 1186 990 ciebat;
1211 957 1258 985 sed
1282 957 1363 985 homo
1377 958 1486 994 quidem
1507 959 1669 994 sanabatur,
1692 960 1728 988 illi
1751 969 1815 989 vero
1830 969 1878 997 per

1084 1002 1143 1037 ejus
1154 1003 1336 1031 valetudinem
1351 1003 1499 1032 deteriores
1507 1005 1701 1034 efﬁciebantur.
1714 1007 1761 1035 llle
1774 1008 1879 1036 volebat

1083 1049 1157 1084 ipsos
1171 1053 1232 1078 ante
1245 1058 1344 1086 πει-ειη
1358 1057 1463 1084 sanare,
1475 1051 1682 1088 innumerasque
1697 1054 1808 1082 medela:
1822 1055 1879 1083 vias

1085 1096 1214 1129 tentabat,
1228 1101 1256 1124 et
1270 1104 1319 1133 per
1329 1104 1359 1125 ea
1374 1105 1434 1133 qua:
1456 1103 1518 1125 ante
1540 1098 1655 1133 iecerat,
1671 1104 1698 1128 et
1712 1108 1759 1135 per
1772 1109 1803 1128 ea
1816 1109 1878 1137 qua:

1085 1142 1243 1178 loquebatur
1257 1150 1264 1169 :
1281 1144 1406 1178 quoniam
1427 1149 1514 1172 antem
1538 1145 1679 1173 incurabili
1694 1147 1790 1175 morbo
1803 1147 1879 1175 labo.

1084 1189 1195 1223 rabant,
1211 1189 1245 1217 ad
1260 1197 1327 1225 opus
1348 1197 1377 1217 se
1389 1191 1512 1218 contulit.
1536 1190 1579 1219 15.
1596 1191 1667 1219 Tunc
1680 1193 1744 1219 diIit
1759 1194 1855 1220 homini
1867 1202 1879 1222 :

1085 1234 1200 1262 Extende
1212 1244 1316 1263 manum
1329 1241 1408 1264 tuam.
1435 1236 1467 1264 Et
1479 1238 1590 1265 extendit
1600 1259 1607 1271 ,
1621 1244 1645 1265 et
1659 1240 1774 1266 restituta
1788 1246 1823 1267 est
1837 1250 1880 1268 sn-

1084 1283 1175 1317 nitati,
1189 1287 1217 1310 ut
1229 1287 1252 1310 et
1264 1283 1354 1310 altera.
1371 1283 1439 1318 Quid
1463 1284 1541 1319 igitur
1555 1284 1613 1312 illi?
1627 1284 1823 1321 Egrediuntur,
1839 1288 1880 1314 in-

1083 1330 1156 1364 quit,
1179 1334 1206 1356 et
1228 1329 1400 1362 consultant,
1415 1334 1444 1356 ut
1465 1330 1618 1358 occiderent
1637 1338 1698 1358 eum
1710 1340 1717 1358 :
1731 1331 1769 1359 ait
1782 1333 1853 1359 enim
1869 1340 1878 1359 :

1085 1376 1129 1404 l4.
1153 1375 1280 1403 Pltariuzi
1304 1381 1438 1409 exeuntes,
1464 1377 1599 1404 consilium
1619 1383 1736 1412 ceperunt
1759 1379 1879 1407 adverqu

1084 1429 1157 1455 eum,
1171 1425 1269 1448 urceum
1285 1422 1427 1457 perderent.
1441 1422 1511 1450 Nihil
1525 1423 1580 1450 laesi
1594 1423 1716 1451 occidere
1731 1425 1878 1453 tentabant.

1119 1466 1147 1493 2.
1164 1466 1266 1494 Invidia
1276 1473 1402 1503 quantum
1421 1468 1525 1495 ntalum.
1547 1484 1582 1488 —
1601 1469 1714 1496 Tantum
1728 1475 1769 1498 est
1780 1471 1879 1499 invidia

1085 1512 1194 1540 malum.
1215 1512 1281 1540 Nam
1298 1520 1330 1540 ea
1345 1520 1398 1540 non
1414 1513 1517 1540 alienos
1530 1513 1617 1541 solum
1627 1534 1635 1548 ,
1659 1515 1706 1542 sed
1720 1516 1801 1543 etiam
1815 1524 1878 1546 ιιι-ο-

1086 1558 1198 1592 pinquOs
1212 1565 1318 1592 semper
1332 1558 1478 1594 impugnat.
1492 1558 1596 1586 Marcus
1611 1564 1700 1587 autem
1713 1560 1788 1594 dicit,
1805 1561 1879 1596 ipsos

1082 1612 1144 1632 cuin
1167 1604 1324 1632 llerodianis
1354 1604 1379 1631 id
1401 1604 1564 1632 deliberasse
1578 1604 1588 1640 (
1603 1604 1672 1632 Ibid.
1689 1613 1712 1632 υ.
1737 1606 1754 1634 6
1774 1607 1794 1642 ).
1810 1607 1879 1641 Quid

1084 1658 1149 1685 ergo
1170 1651 1214 1678 ille
1234 1655 1390 1677 mansuetus
1404 1655 1432 1678 et
1452 1651 1524 1678 mitis
1537 1651 1550 1677 ?
1563 1651 1626 1678 Haec
1641 1659 1701 1678 cum
1713 1651 1851 1681 didicisset
1866 1675 1876 1686 ,

1084 1697 1205 1724 secessit.
1220 1695 1264 1723 15.
1275 1695 1353 1723 Jesus
1366 1700 1459 1729 autem,
1474 1696 1575 1730 inquit,
1590 1704 1648 1722 cum
1660 1697 1733 1723 sciret
1744 1698 1878 1733 cogitatio-

1084 1750 1128 1769 ne:
1138 1749 1234 1775 eorum,
1247 1742 1347 1769 recessit
1360 1741 1428 1768 inde.
1441 1741 1491 1769 Ubi
1505 1746 1568 1768 sunt
1580 1742 1597 1768 ii
1612 1742 1657 1776 qui
1672 1741 1781 1776 dicunt,
1795 1751 1877 1778 opor-

1084 1793 1143 1816 tere
1167 1788 1243 1823 signa
1266 1787 1347 1815 iieri?
1362 1787 1408 1814 His
1433 1788 1532 1822 quippe
1558 1788 1698 1820 ostendit,
1726 1789 1877 1824 improbam

1085 1835 1200 1862 animam
1214 1841 1247 1862 ne
1261 1834 1346 1869 signis
1360 1833 1468 1868 quidem
1483 1833 1671 1868 obtemperare
1687 1854 1694 1865 ,
1708 1835 1879 1870 ostenditque

1084 1883 1164 1910 etiam
1179 1881 1325 1916 discipulos
1338 1880 1396 1908 sine
1410 1887 1490 1908 causa
1511 1881 1642 1907 accusari.
1657 1880 1724 1907 illud
1739 1888 1817 1915 porro
1831 1881 1880 1909 ob-

1084 1926 1245 1955 servandum
1267 1930 1330 1959 est,
1346 1926 1418 1961 ipsos
1438 1925 1472 1953 ob
1493 1924 1622 1953 beneﬁcia
1643 1925 1765 1961 proximo
1782 1926 1879 1953 collata

1084 1973 1168 2009 magis
1181 1972 1307 2000 ederalos
1323 1978 1383 1999 esse
1397 1992 1405 2004 ,
1428 1975 1457 1999 et
1479 1970 1524 1998 ubi
1546 1970 1638 1998 vident
1659 1971 1774 2006 aliquem
1794 1976 1840 1998 aut
1862 1979 1879 1999 a

1085 2019 1179 2047 morbo
1189 2023 1235 2046 aut
1248 2025 1263 2045 a
1277 2017 1395 2053 nequitia
1406 2017 1556 2048 liberatum,
1574 2021 1638 2044 tunc
1650 2023 1778 2044 accusare
1789 2037 1797 2050 ,
1812 2022 1879 2044 tunc

1084 2065 1187 2093 feroces
1199 2072 1270 2092 esse.
1285 2064 1351 2091 Nam
1363 2071 1425 2091 eum
1438 2063 1607 2090 meretricem
1620 2062 1652 2089 ad
1667 2063 1879 2098 resipiscentiam

1083 2111 1248 2139 deducturus
1263 2114 1341 2143 erat,
1365 2108 1597 2137 calumniabantur
1619 2116 1701 2141 eum;
1723 2113 1750 2136 et
1771 2106 1896 2143 quando'

1084 2165 1145 2185 cum
1170 2155 1319 2192 publicanis
1330 2154 1515 2187 comedebat,
1541 2153 1688 2181 similiter:
1712 2158 1742 2181 ut
1762 2159 1788 2181 et
1806 2161 1880 2181 nunc

1084 2211 1145 2231 cum
1160 2210 1268 2230 manum
1282 2201 1433 2229 restitutam
1448 2200 1584 2228 viderunt.
1607 2199 1647 2227 'l‘u
1660 2207 1725 2227 vero
1736 2199 1878 2227 mihicon-

1085 2249 1174 2276 sidera
1187 2247 1322 2284 quomodo
1334 2251 1362 2274 et
1373 2246 1407 2274 ab
1422 2250 1583 2281 aegrotorum
1594 2252 1661 2273 cura
1672 2252 1726 2272 non
1740 2244 1852 2272 absistat
1868 2264 1878 2277 ,

1085 2299 1113 2322 et
1124 2294 1230 2322 illorum
1244 2292 1369 2320 invidiam
1382 2291 1494 2327 mitiget.
1513 2290 1547 2318 Et
1561 2295 1673 2326 sequuta
1684 2294 1743 2317 cunt
1752 2298 1809 2316 eum
1823 2295 1880 2317 tur-

1087 2341 1125 2368 ba:
1137 2339 1239 2372 mulae,
1252 2343 1274 2365 et
1285 2337 1382 2365 curauit
1396 2337 1456 2364 illo:
1468 2344 1573 2369 omnes;
1592 2336 1637 2364 16.
1651 2340 1674 2363 et
1685 2335 1822 2370 increpavit
1837 2343 1880 2362 eos

1085 2387 1127 2422 qui
1136 2386 1217 2413 curati
1228 2385 1338 2420 fuerant,
1347 2387 1374 2411 ut
1385 2383 1480 2410 nemini
1491 2383 1577 2417 ipsum
1586 2381 1748 2417 manifestum
1756 2381 1879 2415 facerent.

1085 2432 1181 2460 Turba:
1193 2431 1294 2465 ubique
1313 2433 1340 2458 et
1359 2429 1491 2456 mirantur
1506 2432 1534 2455 et
1553 2431 1702 2462 sequuntur
1718 2435 1724 2454 :
1739 2426 1777 2454 illi
1790 2431 1880 2454 autem

1085 2485 1101 2504 a
1117 2476 1217 2504 malitia
1230 2483 1283 2503 non
1295 2474 1438 2503 absistunt.
1454 2473 1556 2501 Deinde
1576 2480 1610 2500 ne
1626 2472 1741 2500 turberis
1754 2471 1788 2499 de
1798 2472 1881 2506 gestis
1898 2486 1900 2506 ε

1085 2523 1172 2558 deque
1186 2521 1335 2549 incredibili
1349 2520 1456 2548 illorum
1470 2519 1559 2546 lurore
1572 2539 1579 2551 ,
1597 2518 1757 2553 prophetam
1768 2517 1880 2544 adducit
1898 2520 1903 2547 ξ

1086 2569 1145 2595 haec
1167 2567 1401 2603 praenuntiantem.
1425 2565 1508 2593 Tanta
1523 2564 1594 2592 enim
1614 2569 1672 2591 erat
1685 2563 1877 2598 prophetarum

1085 2614 1221 2642 accuratio
1233 2634 1241 2647 ,
1264 2617 1293 2640 ut
1315 2620 1349 2640 ne
1364 2612 1422 2639 haec
1435 2611 1543 2646 quidem
1558 2610 1794 2644 praetermitterent
1810 2629 1818 2641 ,
1832 2609 1881 2636 sed

1086 2662 1142 2688 vias
1155 2660 1213 2696 ejus
1229 2664 1256 2687 et
1269 2658 1396 2686 transitus
1407 2657 1607 2692 propbetarent,
1621 2663 1727 2683 necnon
1737 2662 1789 2690 qua
1805 2663 1883 2681 men-

1087 2711 1114 2735 te
1125 2707 1183 2734 limc
1195 2706 1296 2733 iaceret
1310 2713 1317 2737 ;
1333 2709 1362 2732 ut
1374 2704 1462 2731 discas
1475 2723 1482 2736 ,
1510 2702 1571 2730 illos
1584 2705 1710 2729 movente
1722 2700 1822 2735 Spiritu
1837 2700 1882 2727 lo-

1085 2759 1183 2790 quutos
1196 2761 1266 2781 esse.
1290 2751 1357 2779 Nam
1372 2751 1394 2778 si
1410 2750 1548 2777 hominum
1565 2753 1667 2776 secreta
1687 2747 1811 2782 cognosci
1827 2754 1882 2773 non

1086 2804 1216 2835 possunt,
1229 2799 1312 2826 multo
1331 2796 1415 2832 magis
1436 2795 1535 2823 Christi
1559 2801 1656 2828 scopus
1668 2792 1751 2820 edisci
1766 2799 1819 2818 non
1833 2799 1883 2826 po-

1086 2853 1148 2882 test,
1163 2847 1213 2875 nisi
1226 2845 1324 2881 Spiritu
1341 2843 1487 2872 rcrclantc.
1511 2841 1580 2876 Quid
1596 2844 1685 2867 autem
1700 2838 1798 2866 dixerit
1813 2845 1881 2873 pro-
