2068 3132
226 219 286 246 45f-

227 279 317 312 ptteta.
332 275 374 303 sic
386 273 462 302 aliert
474 283 482 302 :
496 274 540 302 l7.
561 273 595 301 Ut
615 273 760 309 impleretur
783 273 850 308 quod
870 274 965 300 dictant
978 277 1013 300 est

231 331 277 357 per
290 322 386 349 I'saiam
395 320 543 356 prophetam
556 320 677 347 dicentem
689 320 754 347 :18.
769 319 835 346 Ecce
849 327 911 354 puer
923 326 992 345 meus
1005 337 1013 350 ,

226 376 299 399 quem
311 367 384 402 elegi,
395 366 500 393 dilectus
512 374 588 397 meus,
601 365 628 392 in
641 374 690 400 quo
700 364 848 400 complacuit
856 364 940 391 anima
948 372 1012 391 mea.

229 412 328 439 I’onam
342 412 459 445 spiritum
470 419 553 437 meum
565 419 640 445 super
652 418 717 442 eum,
732 415 754 436 et
764 409 889 445 judicium
901 408 1014 444 gentibus

227 458 360 484 nuntiubit.
376 457 419 485 19.
433 456 494 484 Non
511 457 657 489 contendet,
679 463 758 490 neque
780 455 915 487 clamabit,
937 462 1015 489 neque

225 504 311 530 audiet
321 504 376 539 quis
389 504 415 530 in
430 503 518 538 plateis
531 510 614 530 vocem
623 503 693 537 ejus;
702 502 747 529 20.
758 501 883 528 calamum
892 509 1015 535 conquas-

225 555 308 576 satum
322 557 373 576 non
387 550 544 584 confringet,
564 553 588 575 et
609 548 689 575 linum
710 548 836 582 [umigans
854 555 904 574 non
921 548 1015 574 exstin-

225 601 284 631 guet
299 616 306 628 ,
326 596 404 623 donec
415 595 523 622 emiserit
538 595 565 621 in
577 594 705 621 victoriam
726 593 848 625 iudicium
867 592 952 629 (lsai.
967 592 1012 620 42.

226 641 284 675 μδ)
295 651 302 675 ;
317 641 361 668 Lit.
373 645 396 667 et
415 640 443 667 in
455 639 554 667 nomine
565 640 620 674 ejus
630 644 713 674 gentes
725 638 869 674 sperabunt.
882 638 927 666 llis
940 646 1014 665 man-

225 687 392 714 suetudinem
404 686 461 721 ejus
474 706 483 719 ,
494 690 520 713 et
534 689 689 720 potestatem
703 684 862 712 ineffabilem
873 685 989 712 celebrat
1003 705 1012 718 ,

225 740 401 767 magnamque
413 736 439 760 et
453 735 571 766 apertam
581 730 704 766 gentibus
714 734 817 765 portam
831 730 932 764 aperit,
943 730 1012 757 mala

225 777 306 804 etiam
319 777 426 804 ιιιπίωοδ
439 777 562 804 invasura
579 775 758 810 przcnuntiat;
780 779 808 802 et
821 775 939 802 ostendit
953 775 1012 809 ejus

224 830 286 850 cum
310 822 389 850 Patre
414 829 574 849 consensum
587 830 594 848 :
607 828 667 848 nam
680 821 718 848 ait
731 841 740 853 ,
766 819 832 848 Ecce
845 829 907 855 puer
919 829 990 848 meus
1003 841 1011 854 ,

223 875 297 901 quem
311 867 383 902 elegi,
395 867 498 894 dilectus
508 874 587 898 meus,
598 866 625 893 in
634 874 683 900 quo
692 865 842 900 complacuit
852 866 937 892 anima
946 874 1011 893 mea.

223 912 252 939 Si
266 916 354 939 autem
368 912 447 947 elegit
459 919 520 940 eum
537 932 545 944 ,
562 911 654 946 utique
672 919 725 939 non
749 911 893 939 adversans
909 911 958 946 ipsi
972 911 1011 939 le-

223 964 284 992 gem
299 957 387 990 solvit,
400 964 486 992 neque
499 961 528 984 ut
541 956 663 984 inimicus
671 955 828 991 legislatoris
841 949 866 983 id
880 956 949 992 agit,
964 956 1011 984 sed

225 1009 255 1031 ut
267 1003 436 1031 consentiens
452 1024 459 1036 ,
476 1003 623 1037 eademque
631 1009 754 1036 operans.
768 1001 867 1029 Deinde
887 1009 1011 1030 mansue-

224 1049 342 1076 tudinem
357 1048 415 1083 ejus
427 1048 574 1083 praedicans
588 1047 652 1075 dicit
666 1056 673 1074 :
687 1046 747 1074 Non
759 1047 890 1074 contendet
906 1068 914 1081 ,
934 1055 1014 1083 neque

222 1094 350 1122 clamabit.
364 1094 422 1129 Ipse
436 1094 533 1130 quippe
547 1093 653 1129 volebat
665 1100 712 1121 eos
729 1100 824 1120 sanare
843 1102 850 1120 :
866 1093 926 1128 quia
947 1101 1011 1121 vero

223 1140 310 1175 ipsum
321 1139 452 1175 impulere,
467 1139 512 1166 ille
533 1138 655 1166 reluctari
669 1137 763 1166 noluit.
778 1138 878 1166 Deinde
893 1138 950 1174 ejus
963 1146 1011 1173 po-

223 1186 332 1213 tentiam
347 1185 505 1219 illorumquc
522 1183 729 1211 imbecillitatem
743 1183 888 1211 ostendens
901 1204 909 1217 ,
924 1183 988 1210 dicit
1002 1192 1009 1211 :

222 1232 354 1260 (Iulunnnn
375 1235 567 1265 conquassatum
589 1237 639 1256 non
664 1229 816 1265 confringet.
844 1229 911 1256 Nam
935 1229 1011 1257 facile

222 1281 281 1304 erat
306 1284 352 1304 eos
371 1282 464 1303 onuies
486 1279 515 1302 ut
533 1275 663 1302 calamum
685 1274 851 1310 confringere
867 1283 875 1307 ;
890 1275 943 1302 imo
958 1283 1010 1303 non

223 1322 304 1349 modo
314 1321 444 1348 calanium
457 1341 465 1354 ,
475 1320 522 1348 sed
535 1320 589 1355 jam
604 1325 818 1355 conquassatum.
831 1319 864 1346 Et
878 1320 958 1347 linum
970 1322 1012 1355 fu-

222 1369 321 1403 migaus
330 1376 379 1394 non
391 1368 539 1402 ea‘stt'nguel.
556 1367 605 1394 llic
618 1366 723 1394 illorum
736 1366 801 1393 iram
812 1366 946 1394 incensam
961 1366 1010 1393 dc-

222 1415 306 1441 clarat
322 1434 329 1444 .
345 1413 466 1447 illiusque
487 1412 669 1439 fortitudinem
682 1432 689 1444 .
704 1420 764 1446 qua}
786 1416 875 1446 posset
895 1413 1010 1440 furorem

223 1460 339 1494 ipsorum
355 1459 505 1492 solvcrc,et
519 1465 579 1485 cum
591 1457 715 1485 facilitate
731 1465 822 1493 magna
831 1458 1008 1492 exstinguere.

223 1506 299 1534 Unde
310 1507 368 1540 ejus
382 1505 556 1532 mansuetudo
569 1505 660 1539 ingens
670 1504 828 1532 ostenditur.
841 1505 908 1538 Quid
921 1505 1014 1539 igitur?

221 1561 255 1580 an
272 1553 327 1579 tunc
341 1559 446 1586 semper
460 1555 537 1578 erunt
550 1551 562 1578 ?
579 1558 612 1578 an
626 1558 732 1585 semper
744 1549 812 1578 feret
824 1558 871 1578 eos
883 1550 1010 1577 insidian—

223 1604 263 1626 tes
270 1606 300 1625 ac
315 1598 454 1626 furentes?
466 1597 565 1632 Apage;
579 1596 627 1624 sed
639 1604 698 1624 cum
713 1603 759 1624 sua
774 1596 933 1628 exhibuerit,
948 1601 1010 1624 tunc

222 1650 251 1673 et
272 1644 314 1673 illa
334 1648 513 1678 exsequetur:
527 1643 554 1670 id
577 1643 647 1670 enim
665 1642 823 1677 signiﬁcavit
842 1642 882 1668 his
896 1642 984 1669 verbis
1000 1651 1008 1669 :

222 1691 308 1718 Donec
316 1690 413 1718 emittat
424 1690 449 1716 in
462 1689 590 1716 uictoriam
599 1689 726 1724 judicium
740 1697 750 1721 ;
773 1689 831 1715 etin
845 1689 944 1715 nomine
955 1689 1009 1723 ejus

220 1742 306 1772 gentes
318 1735 452 1770 sperabunt
465 1743 475 1760 :
488 1734 713 1769 quemadmodum
725 1739 753 1762 et
766 1734 864 1762 Paulus
879 1735 915 1761 ait
932 1743 938 1761 :
957 1733 1011 1760 Pa-

220 1784 271 1810 rati
282 1791 379 1811 attinent
389 1782 580 1810 inobedientiam
594 1783 682 1809 ulcisci
695 1802 702 1815 ,
722 1790 780 1809 cum
793 1782 917 1816 completa
930 1783 1006 1818 fuerit

221 1829 361 1856 obedientia
375 1833 456 1856 vestra
473 1827 511 1864 (i.
531 1827 590 1856 Cor.
610 1828 654 1855 10.
668 1827 706 1863 6).
720 1828 787 1862 Quid
801 1836 864 1855 vero
878 1829 1009 1863 signiﬁcat

221 1875 286 1903 illud
301 1897 309 1909 ,
327 1876 390 1903 Cum
406 1876 515 1903 emiserit
533 1876 560 1902 in
578 1876 708 1903 uictoriam
717 1876 843 1910 judtctum
853 1876 865 1903 ?
877 1876 944 1903 Cum
959 1884 1009 1903 sua

220 1921 310 1948 omnia
322 1921 481 1956 impleverit,
497 1920 600 1955 inquit,
613 1926 676 1948 tunc
691 1921 834 1951 vindictam
845 1921 951 1949 inducet
962 1943 969 1955 ,
981 1925 1009 1949 et

221 1967 348 1994 ultionem
374 1966 528 2002 perfectam.
551 1967 626 1994 Tunc
649 1967 739 2002 gravia
766 1967 918 2001 patientur,
945 1975 1006 1994 cum

221 2012 389 2046 splendidum
403 2012 527 2040 statuerit
541 2017 681 2046 tropaznm,
697 2016 726 2039 et
736 2012 794 2046 ejus
804 2011 1009 2047 justiﬁcationcs

221 2059 335 2086 vicerint
352 2068 358 2091 ;
375 2067 406 2086 ac
429 2067 463 2086 ne
488 2059 657 2093 impudenter
679 2058 787 2093 quidem
807 2059 1007 2086 contradicendi

220 2111 313 2132 ansam
326 2104 468 2139 relinquet.
477 2103 630 2132 Soletenim
641 2103 769 2138 judicium
783 2103 865 2139 ipsam
876 2104 1006 2139 justitiam

219 2149 320 2177 dicere.
334 2149 386 2177 Sed
403 2157 454 2176 non
469 2149 497 2177 in
510 2149 561 2176 hoc
573 2154 674 2176 tantum
686 2149 815 2177 consistet
827 2150 885 2184 ejus
897 2157 1008 2178 oecono-

221 2195 274 2222 mia
285 2216 293 2228 ,
316 2195 386 2230 quod
401 2195 528 2223 increduli
550 2195 711 2230 puniantur:
726 2202 818 2222 verum
830 2195 910 2222 etiam
923 2200 1007 2222 totum

220 2241 312 2268 orbem
325 2240 450 2269 attrahet.
465 2241 632 2276 Quapropter
646 2240 781 2275 subjunxit
796 2249 804 2267 :
819 2240 852 2267 Et
863 2241 890 2268 in
904 2241 1005 2268 nomine

221 2287 276 2322 ejus
285 2292 367 2322 gentes
377 2287 523 2322 sperabunt.
540 2286 640 2314 Deinde
653 2291 681 2313 ut
692 2287 790 2319 discas,
805 2286 856 2314 hoc
870 2287 949 2314 etiam
964 2294 1008 2313 se-

221 2333 337 2360 cundum
359 2333 524 2360 voluntatem
545 2332 632 2360 Patris
653 2339 713 2360 esse
729 2353 737 2366 ,
757 2332 783 2359 in
799 2332 857 2367 ipso
879 2332 1009 2367 principio

221 2380 350 2415 propheta
374 2379 425 2407 hoc
445 2386 507 2406 cum
531 2378 666 2414 prioribus
687 2379 854 2406 continuavit
869 2399 876 2410 ,
893 2379 985 2406 dicens
1001 2387 1009 2406 :

221 2425 333 2452 Dilectus
347 2432 430 2457 meus,
449 2424 476 2450 in
489 2432 539 2459 quo
557 2423 604 2450 sibi
617 2423 771 2459 complacuit
785 2424 871 2450 anima
884 2431 948 2450 mea.
962 2424 1009 2450 Et-

221 2470 291 2497 enim
304 2469 392 2505 palam
414 2474 454 2496 est
469 2468 594 2496 dilectum
613 2469 757 2496 secundum
777 2468 911 2504 diligentis
924 2476 953 2496 se
964 2477 1010 2494 vo-

222 2515 349 2542 luntatem
360 2515 418 2542 lucc
425 2515 530 2542 fecisse.
541 2514 585 2541 22.
602 2514 672 2541 Tunc
684 2514 824 2541 obtulerunt
837 2514 859 2542 ei
872 2514 1011 2541 dwmonia-

221 2570 288 2595 cum,
303 2569 396 2588 meum
411 2566 435 2588 et
449 2566 555 2593 mutum,
569 2565 594 2588 et
613 2562 706 2588 curauit
723 2569 791 2594 eunt,
808 2562 842 2588 ita
855 2565 881 2588 ut
893 2569 972 2588 ca'cus
986 2565 1010 2587 et

222 2613 305 2635 mutus
320 2608 462 2642 loqueretur
473 2612 496 2633 et
508 2607 610 2634 videret.

256 2655 283 2681 5.
305 2653 420 2680 Christus
442 2653 567 2686 beneﬁcus
581 2673 588 2686 ,
614 2652 804 2680 Pharisaeorum
825 2652 946 2679 invidiam
967 2660 1010 2679 e1:-

223 2701 291 2726 citat.
316 2699 425 2726 Innidiat
448 2699 547 2726 nullum
574 2707 620 2734 par
642 2699 746 2725 malunt.
780 2697 867 2732 Ipsius
888 2699 1009 2725 remedia.

221 2759 257 2765 -—-
275 2745 297 2771 0
319 2745 418 2771 malitia
441 2743 593 2771 daemonis!
616 2743 762 2777 Utramque
786 2743 855 2770 viam
875 2763 882 2775 ,
910 2751 961 2778 qua
988 2744 1010 2771 is

222 2790 372 2817 crediturus
387 2794 455 2821 erat,
470 2790 650 2820 obstruxerat,
666 2789 753 2815 visum
765 2793 791 2815 et
803 2788 923 2816 auditum
938 2798 944 2816 :
962 2789 1009 2817 sed

224 2841 363 2871 utramque
384 2835 507 2863 Christus
530 2835 643 2870 aperuit.
659 2835 705 2862 9.5.
722 2834 754 2860 Et
778 2835 910 2868 stupebant
932 2835 1011 2862 turba:

224 2883 333 2909 dicentes
348 2890 357 2908 :
372 2881 441 2908 Num
449 2881 504 2916 fuid
515 2882 555 2907 hic
569 2886 604 2908 est
618 2880 687 2914 [ilius
709 2879 813 2907 David?
827 2879 872 2907 2L
885 2879 1015 2907 Pliarisati-

227 2934 310 2967 mitem
321 2929 438 2956 dixerunt
456 2936 466 2955 .'
482 2924 662 2961 liicnoncjicit
671 2923 869 2960 dwntonia,uisi
880 2925 1009 2953 itBeclse-

735 217 768 245 IN
787 215 991 245 MATTH/EUM
1010 215 1124 245 llOMIL.
1145 218 1200 247 XL.
1221 221 1257 248 aL
1277 220 1345 248 XLI.

1802 228 1856 256 ΗΞ

1070 274 1118 301 bub
1133 276 1246 312 principe
1254 277 1444 305 dwntom'orum.
1454 278 1534 314 Atqui
1547 280 1706 317 quid‘magni
1721 283 1805 311 turba:
1815 286 1855 311 di-

1069 327 1162 349 xerant
1174 323 1186 350 ‘l
1200 324 1324 351 Attamen
1339 324 1365 352 id
1381 324 1509 353 Phariszel
1524 334 1577 354 non
1592 327 1710 355 tulerunt
1724 338 1731 356 :
1745 330 1784 357 sic
1796 330 1831 357 illi
1842 352 1850 363 ,

1069 372 1097 395 ut
1111 376 1190 404 supra
1205 369 1277 402 dixi,
1291 377 1398 405 semper
1410 379 1443 399 ex
1458 371 1595 400 beneﬁciis
1610 374 1732 408 proximo
1747 376 1852 403 collatis

1068 415 1241 449 mordentur,
1256 416 1322 443 nihil
1336 417 1371 444 ita
1385 417 1437 444 illis
1449 417 1568 445 dolorem
1584 420 1666 453 parit,
1679 425 1707 446 ut
1718 420 1856 447 hominum

1068 462 1149 490 satus.
1164 462 1330 498 Quamquam
1344 463 1421 492 Iesus
1431 469 1590 498 recesserat,
1602 468 1630 492 et
1645 465 1732 493 locum
1745 466 1856 494 dederat

1068 513 1097 534 ut
1110 507 1148 535 ira
1161 508 1320 536 sedaretur:
1339 509 1385 537 sed
1399 517 1492 538 rursus
1513 517 1654 538 accensum
1670 512 1768 538 malum
1783 513 1830 538 fuit
1846 533 1854 544 ,

1068 553 1128 588 quia
1144 561 1236 582 rursus
1253 554 1413 583 beneﬂcrum
1435 555 1533 583 factum
1547 561 1602 590 est,
1625 557 1716 591 illique
1730 557 1853 592 indigna-

1067 599 1164 627 bantur
1176 600 1236 634 plus
1246 608 1324 635 quam
1336 602 1392 637 ipse
1401 602 1517 636 daemon,
1528 603 1575 638 qui
1583 609 1732 632 secesserat
1746 612 1779 632 ex
1793 613 1854 632 θοι--

1067 652 1133 679 pore
1144 666 1152 678 ,
1166 650 1193 673 et
1206 646 1355 682 aufugerat,
1378 648 1442 676 nihil
1456 648 1580 684 loquutus
1594 657 1601 682 ;
1631 649 1657 676 hi
1672 656 1759 677 autem
1773 652 1852 678 modo

1067 690 1142 718 illum
1165 692 1312 720 interliecre
1331 695 1489 728 tentabant,
1511 695 1591 722 modo
1612 696 1852 724 calumniabantur.

1067 736 1134 769 Quia
1147 737 1218 764 enim
1232 738 1296 765 illud
1315 746 1367 766 non
1386 744 1459 767 recte
1473 741 1633 775 procedebat
1648 762 1656 774 ,
1681 742 1773 777 gloria:
1797 743 1854 774 ejus

1068 790 1167 811 nocere
1177 784 1309 812 volebant.
1323 784 1479 820 llujusmodi
1495 794 1539 814 res
1552 792 1593 814 est
1608 787 1716 819 invidia.
1734 789 1776 816 cui
1791 789 1850 816 nul-

1067 828 1121 855 lum
1144 837 1190 864 par
1210 830 1320 857 malum.
1344 830 1410 858 Nam
1433 831 1554 859 moechus
1574 833 1736 868 voluptatem
1758 835 1853 863 saltem

1066 874 1208 909 quamdam
1220 875 1349 910 percipit,
1359 881 1387 904 et
1399 876 1472 905 brevi
1488 881 1608 913 tempore
1622 885 1759 913 peccatum
1774 888 1852 907 suum

1067 919 1187 954 perﬁcit:
1202 920 1305 949 invidus
1318 929 1381 950 vero
1394 930 1425 950 se
1439 923 1512 958 prius
1527 931 1605 958 quam
1621 933 1680 953 eum
1696 926 1740 960 qui
1754 926 1854 954 invidet

1066 966 1196 1000 supplicio
1209 967 1301 1000 allicit,
1318 975 1405 1004 neque
1415 968 1495 996 tinem
1506 977 1631 1004 umquam
1642 972 1769 1006 peccandi
1781 972 1852 1004 facit,

1065 1017 1093 1040 et
1103 1012 1130 1039 in
1141 1017 1250 1047 peccato
1262 1018 1396 1041 versatur.
1407 1013 1482 1042 Sicut
1494 1023 1539 1043 sus
1552 1016 1577 1043 in
1590 1016 1645 1044 luto
1656 1038 1663 1049 .
1676 1022 1703 1044 et
1716 1018 1786 1045 sicut
1800 1018 1854 1045 (lm—

1065 1065 1159 1085 moues
1171 1058 1204 1086 de
1216 1058 1315 1086 damno
1328 1064 1420 1088 nostro
1434 1060 1557 1088 laetantur
1573 1070 1580 1088 :
1596 1062 1635 1089 sic
1655 1067 1681 1090 et
1701 1063 1808 1090 invidus
1821 1064 1854 1090 de

1066 1105 1179 1139 proximi
1194 1105 1270 1132 malis
1281 1105 1379 1140 gaudet
1393 1115 1401 1133 ε
1414 1111 1442 1134 et
1456 1107 1478 1133 si
1493 1107 1556 1142 quid
1573 1107 1622 1142 ipsi
1643 1109 1718 1136 triste
1737 1112 1764 1135 ct
1786 1109 1854 1143 inju-

1065 1144 1180 1177 cti'ndnm
1195 1151 1311 1183 eveniat,
1321 1155 1384 1178 tunc
1398 1151 1443 1179 ille
1458 1152 1570 1186 quiescit
1582 1157 1609 1180 et
1622 1153 1853 1188 respirat,alienas

1065 1203 1200 1224 aerumnas
1221 1196 1347 1231 gaudium
1365 1204 1425 1225 esse
1451 1205 1529 1225 suum
1552 1204 1667 1233 putans,
1689 1204 1715 1227 et
1741 1199 1853 1227 aliorum

1064 1241 1134 1269 bona
1153 1243 1288 1278 proprium
1310 1243 1360 1270 sibi
1377 1244 1475 1270 malum
1491 1252 1498 1277 ;
1513 1252 1600 1279 neque
1622 1245 1773 1272 considerat
1790 1246 1852 1279 quid

1065 1287 1115 1315 sibi
1128 1295 1220 1321 suave,
1236 1288 1283 1316 sed
1294 1289 1357 1323 quid
1373 1290 1494 1324 proximo
1507 1298 1686 1334 terqmnosum
1700 1292 1743 1318 sit.
1760 1292 1852 1319 Nonne

1065 1332 1132 1360 tales
1143 1333 1263 1360 homines
1277 1333 1409 1368 Iapidandi
1424 1339 1452 1362 et
1464 1332 1602 1370 suppliciis
1616 1336 1755 1371 torquendi
1769 1341 1832 1363 sum
1844 1357 1852 1368 ,

1064 1384 1094 1406 ιιι
1107 1387 1187 1406 canes
1198 1379 1282 1407 rabidi
1294 1401 1302 1413 ,
1318 1384 1347 1407 ut
1361 1380 1497 1408 dremones
1512 1381 1600 1408 infesti
1614 1403 1621 1414 ,
1633 1387 1663 1408 ut
1676 1382 1739 1416 ipsa:
1752 1381 1826 1408 furi:c
1841 1382 1853 1408 ?

1063 1423 1129 1452 Nam
1141 1424 1363 1459 quemadmodum
1379 1426 1506 1453 scarabasi
1520 1426 1546 1453 in
1562 1426 1624 1454 ﬁmo
1634 1427 1786 1454 nutriuntur
1795 1448 1802 1459 ,
1812 1427 1852 1454 sic

1064 1475 1091 1498 et
1103 1470 1130 1496 hi
1142 1471 1167 1497 in
1178 1470 1273 1498 alienis
1285 1471 1479 1500 calamitatibus
1493 1492 1501 1504 ,
1515 1479 1672 1499 communes
1685 1477 1787 1500 natura:
1800 1473 1853 1500 ini-

1064 1515 1124 1542 mici
1139 1519 1166 1543 et
1182 1515 1285 1543 hostes.
1305 1515 1341 1543 Et
1358 1515 1403 1544 alii
1419 1516 1525 1552 quidem
1547 1517 1569 1544 si
1593 1517 1686 1546 brutas
1699 1518 1850 1545 animantes

1061 1560 1194 1596 jugulatas
1217 1561 1351 1595 viderint,
1370 1562 1550 1590 misericordia
1573 1569 1727 1597 moventur;
1741 1569 1769 1592 tu
1782 1573 1846 1591 vero

1063 1606 1198 1634 hominem
1209 1607 1301 1635 videns
1313 1607 1442 1636 beneﬁcio
1457 1608 1592 1642 allectum,
1604 1609 1734 1643 etferaris,
1747 1611 1851 1642 tremis.

1063 1652 1149 1687 palles
1162 1652 1174 1679 ?
1185 1652 1287 1688 Ecquid
1310 1653 1362 1681 hoc
1383 1653 1473 1681 furore
1483 1654 1604 1682 deterius
1615 1655 1626 1682 ?
1640 1655 1702 1682 Ideo
1715 1655 1850 1683 fornicarii

1062 1703 1090 1725 et
1114 1698 1248 1733 publicani
1269 1699 1296 1726 in
1320 1706 1432 1734 regnum
1457 1700 1557 1729 intrare
1581 1705 1746 1735 potuerunt:
1771 1701 1851 1728 invidi

1062 1752 1137 1778 vero,
1152 1745 1197 1780 qui
1212 1747 1284 1772 intus
1296 1750 1373 1773 erant.
1383 1766 1391 1779 ,
1407 1746 1507 1780 egressi
1517 1751 1580 1774 sunt
1593 1756 1600 1774 :
1613 1755 1674 1774 nam
1688 1747 1750 1774 Filii
1766 1749 1848 1783 regni.

1063 1790 1159 1824 inquit,
1177 1791 1246 1826 foras
1259 1791 1394 1826 ejicientur
1407 1791 1514 1826 (Matth.
1529 1792 1555 1820 8.
1569 1792 1626 1828 12).
1643 1793 1677 1820 Et
1691 1793 1728 1820 illi
1740 1794 1847 1828 quidem

1062 1837 1095 1864 ab
1110 1837 1225 1872 nequitia
1236 1838 1331 1872 erepti,
1343 1845 1402 1873 qua:
1415 1845 1558 1873 numquam
1567 1845 1783 1874 exspectaverant
1793 1847 1851 1867 con-

1062 1883 1166 1917 sequuti
1179 1887 1242 1910 sunt
1253 1885 1262 1910 ξ
1273 1883 1300 1910 hi
1314 1891 1378 1911 vero
1393 1883 1460 1911 bona
1472 1892 1531 1920 qum
1544 1884 1599 1919 jam
1615 1886 1742 1913 tenebant
1755 1885 1852 1912 amise-

1062 1932 1125 1955 runt
1139 1936 1147 1961 ;
1162 1933 1189 1956 et
1197 1928 1258 1964 jure
1269 1928 1386 1964 quidem.
1397 1929 1453 1957 lloc
1462 1930 1534 1957 enim
1549 1930 1684 1958 diabolum
1698 1939 1731 1958 cx
1743 1931 1852 1958 homine

1061 1974 1143 2008 facit;
1158 1975 1208 2002 hoc
1220 1975 1336 2002 ferocem
1348 1975 1496 2004 datmonem
1507 1975 1599 2003 efﬁcit.
1617 1976 1661 2004 Sic
1671 1978 1754 2011 prima
1765 1977 1852 2004 caedes

1061 2020 1129 2048 facta
1145 2025 1186 2048 est
1201 2030 1208 2055 ;
1222 2021 1262 2048 sic
1273 2025 1374 2049 natura:
1388 2021 1459 2048 nulla
1473 2021 1562 2048 habita
1577 2022 1644 2049 ratio
1659 2022 1707 2048 fuit
1720 2022 1796 2057 (Gen.
1811 2022 1850 2055 4);

1062 2068 1102 2096 sic
1117 2073 1187 2096 terra
1207 2069 1307 2103 polluta
1328 2074 1388 2101 est;
1403 2068 1442 2096 sic
1465 2072 1556 2102 postea
1578 2075 1609 2095 os
1628 2075 1704 2095 suum
1726 2068 1850 2103 aperiens

1063 2121 1143 2147 terra.
1162 2115 1275 2147 Dathan,
1286 2114 1356 2142 Core
1366 2118 1393 2142 et
1405 2113 1516 2146 Abirou,
1529 2119 1665 2149 totumque
1681 2114 1754 2141 illum
1765 2121 1850 2149 popu-

1063 2162 1116 2188 lum
1132 2162 1235 2196 excepit
1250 2165 1277 2189 et
1289 2160 1401 2196 perdidit
1412 2160 1505 2196 (Num.
1520 2161 1578 2196 18).
1593 2162 1627 2188 At
1637 2181 1643 2192 ,
1659 2161 1758 2188 dixerit
1769 2161 1847 2196 quis-

1063 2209 1145 2244 piam,
1157 2208 1233 2236 facile
1244 2212 1286 2236 est
1298 2207 1332 2235 dc
1344 2207 1442 2235 invidia
1454 2215 1582 2235 accusare
1592 2228 1600 2241 ,
1614 2207 1661 2235 sed
1677 2207 1828 2234 docendum
1840 2208 1849 2222 ι

1063 2262 1115 2289 quo
1128 2258 1205 2288 pacto
1220 2253 1300 2281 invidi
1315 2253 1348 2280 ab
1362 2253 1413 2281 hoc
1430 2253 1525 2280 morbo
1541 2253 1696 2281 liberentur.
1711 2252 1850 2285 Quomodo

1063 2306 1127 2334 ergo
1141 2298 1313 2326 liberabimur
1326 2298 1360 2326 ab
1370 2298 1509 2334 iniquitate
1519 2297 1725 2333 hujuscemodi?
1737 2297 1765 2324 Si
1780 2298 1853 2334 engi-

1063 2350 1161 2378 temus,
1172 2345 1241 2373 sicut
1247 2345 1400 2373 fornicatori
1414 2353 1466 2372 non
1479 2345 1542 2372 licet
1552 2345 1650 2372 intrare
1660 2346 1686 2371 in
1697 2344 1849 2376 ecclesiam,

1063 2391 1102 2418 sic
1115 2398 1201 2425 neque
1215 2390 1322 2423 invido;
1339 2392 1392 2418 imo
1411 2391 1500 2418 minus
1520 2390 1582 2417 huic
1602 2390 1684 2417 licere
1706 2397 1785 2425 quam
1802 2389 1850 2416 illi.

1063 2436 1139 2464 Nunc
1148 2437 1254 2471 quidem
1265 2436 1362 2464 malum
1377 2436 1441 2463 illud
1455 2436 1528 2471 quasi
1539 2435 1691 2463 indifferens
1706 2442 1765 2462 esse
1780 2435 1852 2461 vidc~

1065 2487 1108 2509 tur
1121 2490 1128 2515 ;
1141 2482 1253 2517 ideoque
1265 2482 1408 2517 negligitur
1419 2489 1427 2508 :
1438 2481 1485 2509 sed
1497 2481 1519 2508 si
1534 2480 1703 2509 manifestum
1718 2481 1801 2508 semel
1816 2481 1852 2507 sit

1064 2529 1163 2556 malum
1181 2535 1242 2556 esse
1254 2549 1262 2560 ,
1278 2528 1354 2556 facile
1368 2529 1402 2556 ab
1420 2536 1453 2556 eo
1466 2528 1626 2556 rcsiliemus.
1642 2528 1714 2562 Luge
1729 2529 1807 2562 igitur
1823 2533 1850 2554 ct

1065 2573 1228 2608 ingemisce;
1242 2573 1389 2600 lamentare
1402 2577 1429 2600 et
1443 2572 1528 2600 Deum
1543 2580 1664 2608 precare.
1682 2572 1761 2600 Disce
1774 2574 1850 2608 quasi

1066 2620 1100 2648 dc
1117 2620 1276 2654 gravissimo
1287 2624 1397 2654 peccato
1415 2619 1500 2653 allici,
1519 2619 1738 2654 etptenitentiam
1760 2627 1848 2654 agerc.

1064 2665 1098 2694 Et
1112 2666 1134 2694 si
1155 2666 1194 2694 sic
1212 2665 1323 2694 aliectus
1347 2666 1432 2693 fueris
1444 2686 1452 2698 ,
1469 2665 1524 2693 cito
1544 2665 1578 2693 ab
1590 2666 1642 2692 hoc
1662 2665 1756 2692 morbo
1781 2665 1850 2691 liber

1064 2712 1171 2739 evades.
1189 2712 1283 2746 Ecquis
1305 2711 1408 2746 ignorat
1420 2731 1427 2742 ,
1441 2710 1544 2745 inquies
1556 2731 1564 2742 ,
1579 2710 1705 2737 invidiam
1719 2717 1780 2737 esse
1792 2717 1850 2736 ma-

1065 2760 1119 2786 lum
1132 2759 1143 2784 ?
1158 2758 1264 2792 Ignorat
1282 2757 1390 2792 quidem
1403 2764 1483 2784 nemo
1501 2765 1508 2789 ς
1525 2756 1572 2784 sed
1589 2762 1678 2784 tamen
1692 2763 1745 2784 non
1759 2763 1850 2790 parvu-

1064 2812 1124 2832 esse
1144 2804 1264 2830 tnorltum
1278 2807 1370 2838 putant
1385 2802 1552 2830 fornicationi
1572 2807 1599 2829 et
1619 2802 1761 2829 adulterio.
1786 2801 1851 2828 ι’ξηιιι

1065 2851 1123 2885 quis
1134 2857 1257 2884 umquam
1274 2856 1334 2876 sese
1345 2844 1489 2881 damnavit,
1503 2848 1574 2883 (ιιι.ιά
1591 2848 1664 2883 gravi
1679 2846 1779 2874 invidia
1799 2848 1849 2874 du-

1096 2926 1103 2941 ¹
1115 2926 1183 2959 Lege
1191 2926 1233 2953 sed
1243 2925 1420 2959 inquirendum.
