2068 3132
212 189 260 217 H5

208 251 268 273 ctus
279 245 391 273 luisset?
404 244 578 278 Quandonam
594 245 654 280 quis
664 246 768 280 rogavit
780 244 873 276 Deum,
890 248 918 270 ut
929 243 1000 271 circa

209 291 279 318 hunc
290 291 414 318 morbum
427 291 477 318 sibi
489 291 620 326 propitius
632 291 725 318 esset?
740 291 824 318 Nemo
834 290 926 326 utique
939 298 998 317 utn-

205 344 296 371 quam;
309 337 356 364 sed
365 336 495 371 sijcjunet
501 344 533 364 ac
544 337 675 364 tantillum
687 337 805 371 pecunite
815 335 862 363 det
876 335 998 370 pauperi,

205 383 376 417 quantumvis
384 384 418 410 sit
425 383 538 416 invidus,
546 383 611 411 nihil
622 391 651 410 se
661 390 741 418 grave
750 383 891 410 admisisse
903 387 977 417 putat
989 391 997 415 ;

207 429 269 456 licet
289 430 448 464 gravissimo
467 430 585 457 omnium
601 429 694 456 morbo
704 433 834 456 teneatur.
860 428 997 456 Undenam

205 475 271 502 Cain
281 480 334 503 tam
341 476 469 504 scelestus
477 476 586 504 cﬂ'ectus
594 476 652 504 est?
663 476 733 504 unde
741 475 823 503 Esau?
833 476 903 503 unde
912 475 998 503 Laba-

206 522 232 549 ni
247 522 311 551 filii?
322 524 389 551 unde
401 524 448 551 ﬁlii
459 523 569 551 Jacobi?
585 524 654 550 unde
664 523 733 550 Core
747 544 755 555 ,
776 522 878 550 Dathan
894 527 921 550 et
932 522 997 549 Abi-

205 569 275 595 ι·ουῖ
290 568 360 596 unde
376 569 479 596 Maria?
492 568 563 596 unde
575 570 664 596 Aaron
677 568 689 595 ’ὲ
703 568 773 595 unde
783 568 840 603 ipse
855 567 998 595 diabolus?

240 617 268 644 4.
285 615 350 643 Cum
370 615 412 642 his
427 615 479 643 hoc
500 615 581 643 etiam
597 614 731 650 perpende
742 635 750 647 .
769 619 794 642 te
813 622 866 642 non
879 622 941 642 cum
955 614 997 641 cui

204 662 308 690 invides
323 662 423 689 laaderc
437 682 445 694 ,
462 661 509 689 scd
529 661 554 688 in
568 661 682 695 teipsum
699 661 816 696 gladium
830 665 945 688 vertere.
969 659 996 687 In

203 715 258 743 quo
270 708 342 736 enim
356 707 469 735 'Ahelnm
480 707 545 736 Cain
557 707 625 735 itcsit
635 707 647 734 ’ἶ
657 707 732 735 Illum
747 707 826 734 citius
840 707 882 734 vel
898 706 997 734 invitus

204 755 231 782 in
247 762 357 790 regnum
372 755 454 787 misit,
469 762 550 790 seque
563 754 697 782 sexcentis
710 753 822 781 involvit
835 753 922 780 malis.
939 752 996 787 Qua

203 801 230 828 in
247 808 278 828 re
296 800 396 828 Jacobo
411 801 502 827 nocuit
526 799 598 827 Esau
612 800 624 827 ?
637 807 727 827 annon
748 799 793 826 ille
804 798 880 826 dives
897 802 956 826 erat
970 803 998 826 et

203 846 276 873 mille
286 845 363 873 bonis
377 845 523 877 fruebatur,
540 845 582 872 hic
594 853 658 872 vero
673 849 780 879 paterna
794 843 876 872 domo
886 843 995 877 excidit,

205 897 233 919 et
255 897 315 927 post
336 896 450 919 structas
473 891 583 919 insidias
597 891 623 918 in
639 891 725 918 aliena
748 890 858 925 regione
872 889 996 917 erravit?

205 938 274 972 Quid
298 942 388 965 autem
403 937 495 965 Jacobi
517 937 588 964 ﬁlii?
604 945 638 964 an
662 935 807 971 Josephum
828 936 855 963 in
876 935 996 971 pejorem

202 989 301 1011 statum
315 984 482 1011 adduxerunt
493 1005 502 1016 ,
516 984 620 1012 etiamsi
632 991 715 1018 usque
729 983 761 1011 ad
777 983 932 1019 sanguinem
948 990 995 1010 ve-

202 1030 307 1057 nissent
319 1030 330 1056 ’ἰ
343 1029 437 1057 Nonne
450 1029 494 1057 isti
503 1029 600 1057 famem
615 1030 698 1065 passi,
712 1037 743 1056 ac
757 1029 791 1056 de
806 1027 934 1056 extremis
949 1036 995 1063 pe—

202 1077 310 1104 riclitati
322 1081 394 1108 sunt.
409 1077 454 1104 ille
465 1083 530 1104 vero
544 1084 591 1104 rex
606 1076 632 1103 in
647 1081 700 1103 tota
715 1075 831 1110 [Egypto
845 1074 915 1102 fuit?
927 1075 1010 1102 Nam‘

202 1127 302 1157 quanto
316 1122 399 1158 magis
413 1122 510 1150 invidia
526 1122 701 1154 laboraveris,
719 1126 792 1148 tanto
804 1122 904 1155 majora
917 1121 941 1148 ei
952 1121 994 1148 cui

202 1169 305 1196 invides
318 1169 387 1195 bona
401 1168 536 1196 concilias.
549 1168 618 1196 Deus
626 1168 697 1195 enim
708 1189 716 1200 ,
725 1168 769 1202 qui
783 1172 878 1194 cuncta
893 1167 994 1201 perspi-

202 1216 239 1242 cit
255 1236 263 1247 .
281 1222 341 1242 cum
354 1215 425 1242 videt
436 1222 497 1242 eum
509 1213 570 1242 laedi
583 1214 628 1249 qui
644 1214 708 1241 nihil
724 1213 803 1247 la-sit,
817 1213 891 1241 illum
905 1213 992 1248 erigit,

203 1261 427 1296 illustrioremque
445 1260 547 1294 efﬁcit;
572 1260 691 1287 invidqu
714 1267 778 1287 vero
803 1260 903 1295 plcetit.
926 1259 991 1287 Nam

202 1308 223 1335 si
236 1316 293 1340 eos,
305 1307 392 1342 qnide
404 1307 481 1335 malis
494 1307 660 1335 inimicorum
673 1307 805 1340 lmtcntur,
815 1315 867 1334 non
883 1307 993 1341 impuni-

202 1359 244 1382 tos
266 1355 330 1381 sinit
351 1354 414 1391 (Νι
436 1354 549 1389 gaudeas
568 1353 643 1386 enim,
658 1353 752 1388 inquit,
761 1354 793 1380 de
807 1362 867 1380 casu
879 1353 993 1380 inimico-

200 1409 258 1427 rum
275 1405 433 1433 tuorumme
444 1399 545 1434 quando
572 1399 640 1427 Deus
665 1399 757 1433 uideat,
771 1405 795 1426 et
816 1399 947 1435 displiceat
970 1400 993 1426 ei

201 1445 292 1482 [Ρνου.
303 1446 348 1474 9-4.
363 1447 407 1473 l'l.
416 1445 461 1482 l8]
473 1447 500 1481 ):
514 1445 599 1473 multo
613 1445 700 1472 minus
708 1453 755 1473 eos
766 1445 810 1480 qui
819 1445 937 1473 invident
948 1445 990 1477 iis,

200 1500 216 1518 a
226 1492 324 1527 quibus
334 1491 402 1519 nihil
415 1491 471 1519 hesi
484 1496 557 1519 sunt.
580 1491 675 1519 Feram
689 1491 778 1526 itaque
794 1491 862 1518 hanc
876 1511 884 1524 ,
901 1491 992 1518 multis

200 1538 357 1566 instructam
379 1538 511 1573 capitibus
525 1558 533 1570 ,
553 1538 752 1566 cxscindamus.
785 1538 872 1566 Multa:
893 1538 993 1574 quippe

199 1589 262 1611 sunt
272 1584 376 1612 invidia:
389 1584 501 1619 species.
515 1584 581 1611 Nam
594 1584 615 1611 si
628 1584 712 1618 is,qui
723 1591 752 1612 se
766 1589 898 1611 amantem
909 1589 991 1617 amat,

201 1629 267 1657 nthil
288 1631 348 1665 plus
363 1629 453 1662 habet,
468 1638 548 1668 quam
563 1630 720 1665 publicanus
731 1650 739 1662 ,
755 1630 799 1664 qui
822 1638 852 1657 se
868 1630 932 1656 nihil
947 1630 993 1656 huc

200 1677 308 1704 dentem
322 1676 384 1703 odio
399 1675 495 1709 habet,
510 1683 564 1711 quo
578 1676 604 1703 in
617 1676 675 1703 loco
687 1675 790 1702 stabit?
802 1675 936 1710 quomodo
951 1675 992 1702 ef-

199 1723 282 1758 fugiet
295 1723 443 1758 gehennam
453 1744 461 1756 ,
484 1730 545 1750 cum
559 1722 673 1750 ethnicis
691 1722 767 1757 pejor
781 1722 866 1749 factus
878 1723 934 1750 sit?
949 1722 991 1750 ld-

199 1769 272 1795 circo
303 1767 446 1795 admodum
480 1767 583 1800 doleo,
609 1767 680 1803 quod
704 1768 750 1803 qui
782 1768 910 1803 angelos,
937 1769 991 1795 imo

199 1814 354 1850 angelorum
370 1814 510 1841 Dominum
526 1814 702 1848 imitarijussi
722 1821 831 1846 sumus,
855 1814 989 1842 diabolutn

199 1860 344 1888 imitemur.
370 1860 436 1887 Nam
459 1859 542 1887 multa
562 1865 590 1888 et
613 1861 640 1887 in
663 1860 782 1888 Ecclesia
805 1861 903 1888 invidia
927 1865 988 1894 est;

199 1907 337 1941 multoque
349 1906 433 1941 magis
449 1906 475 1933 in
491 1906 570 1934 nobis
583 1927 591 1939 ,
604 1914 684 1941 quam
698 1906 724 1933 in
740 1906 863 1934 subditis.
881 1906 943 1934 Ideo
956 1908 989 1935 ad

198 1960 249 1980 nos
262 1960 351 1980 sermo
365 1956 493 1987 vertatur.
509 1952 598 1986 Quare
609 1972 617 1984 ,
633 1951 676 1979 dic
690 1951 754 1979 ntihi
767 1972 774 1984 ,
789 1953 911 1987 proximo
922 1953 991 1980 invi-

197 1998 268 2025 des?
281 1998 348 2032 Quia
361 1997 462 2025 honore
475 2002 503 2025 et
520 1997 676 2026 celebritate
688 1997 820 2025 fruentem
833 1998 924 2026 vides?
936 1998 990 2026 Nec

197 2045 299 2080 cogitas
313 2049 440 2080 quantum
457 2044 518 2071 mali
534 2044 650 2071 honores
663 2044 814 2071 alferantiis
824 2045 868 2080 qui
884 2053 936 2072 non
949 2050 989 2072 at-

198 2090 333 2118 tendunt?
346 2089 375 2116 In
388 2097 485 2117 vanam
493 2090 604 2124 gloriam
619 2090 753 2117 extollunt
766 2110 774 2122 ,
790 2090 816 2117 in
830 2091 928 2118 fastum
941 2111 948 2124 ,
962 2091 988 2118 in

196 2137 388 2172 arrogantiam,
403 2137 430 2164 in
444 2137 596 2171 superbiam
609 2157 617 2169 ,
633 2136 840 2171 negligentiores
850 2137 967 2165 reddunt
979 2159 988 2172 ,

197 2190 229 2211 ac
248 2188 345 2218 praeter
363 2183 421 2210 hate
444 2183 512 2210 mala
529 2203 537 2215 ,
559 2183 637 2210 facile
661 2187 839 2210 marcescunt.
859 2183 989 2218 Quodque

196 2229 381 2265 gravissimum
392 2233 444 2262 est,
454 2229 522 2256 mala
536 2228 597 2255 hinc
606 2228 745 2262 importata
758 2234 867 2256 manent
879 2229 989 2256 immor-

197 2277 258 2303 talia
273 2284 281 2303 :
297 2277 418 2310 voluptas
433 2283 495 2303 vero
509 2275 552 2302 ubi
575 2275 687 2309 primum
703 2275 835 2310 apparuit,
860 2275 986 2303 avolavit.

197 2323 280 2351 llisne
294 2344 301 2356 ,
323 2330 416 2358 quzcso
426 2343 435 2356 ,
456 2321 491 2349 de
510 2322 599 2349 causis
622 2321 749 2349 invides?
763 2321 814 2348 Sed
829 2326 987 2357 potestatem

197 2371 306 2398 multam
320 2369 400 2397 habet
413 2369 456 2396 ille
463 2369 532 2403 apud
544 2369 728 2403 imperantem,
743 2369 831 2395 omnia
843 2376 888 2396 sus
901 2368 987 2403 deque

196 2421 285 2444 versat
298 2423 346 2451 pro
359 2415 452 2447 lubito,
464 2415 635 2442 adversantes
644 2414 693 2441 sibi
705 2413 851 2447 ulciscitur,
865 2414 986 2441 adulato-

196 2470 242 2490 res
253 2462 390 2489 beneﬁciis
403 2460 486 2488 afﬁcit
498 2481 506 2493 ,
523 2468 670 2495 magnaque
684 2459 779 2487 fruitur
791 2460 919 2496 potentia.
932 2461 989 2488 Sa:-

196 2507 325 2535 culariiun
340 2506 476 2534 hominum
491 2506 547 2533 haec
560 2505 639 2533 verba
650 2510 722 2532 sunt.
739 2504 805 2532 Nam
819 2505 985 2540 spiritualem

196 2553 331 2580 hominem
343 2553 413 2580 nulla
430 2561 473 2580 res
484 2552 578 2580 dolore
592 2552 700 2579 afﬁcere
718 2556 815 2586 potest.
832 2552 901 2585 Quid
915 2552 986 2579 enim

197 2601 233 2628 Illi
249 2600 310 2626 mali
325 2600 425 2627 faciet?
439 2607 473 2626 an
487 2607 503 2626 a
522 2599 649 2634 dignitate
662 2598 792 2633 dejiciet?
813 2598 845 2625 Et
857 2598 920 2633 quid
937 2598 988 2626 hoc

196 2652 237 2675 cst
249 2647 261 2674 ἲ
275 2647 303 2674 Si
318 2647 389 2674 enim
402 2647 473 2681 juste
484 2668 492 2680 ,
514 2647 539 2673 id
561 2646 627 2673 utile
639 2646 688 2680 ipsi
702 2645 754 2674 erit
769 2654 776 2672 :
791 2645 856 2672 nihil
869 2646 940 2673 enim
953 2646 987 2672 ita

196 2695 252 2722 Deo
262 2694 391 2728 displicet,
408 2701 486 2728 quam
502 2693 524 2719 si
538 2693 597 2728 quis
611 2692 720 2726 indigne
734 2691 885 2719 sacerdotio
898 2692 988 2726 funga-

195 2744 247 2767 tur.
260 2739 308 2766 Sin
321 2739 418 2773 injuste
430 2759 438 2771 ,
461 2739 536 2773 culpa
552 2745 633 2773 penes
650 2738 828 2773 deponentem
847 2737 920 2770 erit,
936 2746 988 2764 non

195 2793 278 2822 penes
291 2786 441 2821 depositum
459 2794 465 2812 :
483 2792 542 2811 nam
556 2785 600 2819 qui
621 2784 718 2819 injuste
739 2783 803 2819 quid
828 2783 927 2818 patitur
942 2803 950 2815 ,
965 2783 987 2810 si

195 2833 301 2860 fortiter
316 2832 383 2859 ferat
396 2851 404 2864 ,
425 2830 553 2865 majorem
568 2831 630 2857 hinc
644 2829 713 2864 apud
727 2829 811 2857 Deum
826 2829 989 2856 nanciscitur

196 2879 345 2905 libertatem
361 2884 392 2902 ac
405 2876 538 2902 ﬁduciam.
562 2875 600 2902 Ne
614 2875 702 2910 itaque
715 2875 740 2902 id
753 2875 778 2901 in
790 2881 872 2908 scopo
887 2874 985 2900 habea-

196 2931 266 2958 mus,
281 2928 308 2950 ut
319 2922 438 2950 fruamur
451 2920 576 2956 potentia,
591 2920 701 2955 honore,
718 2919 883 2952 auctoritate,
896 2918 942 2947 scd
957 2923 985 2946 ut

598 187 626 216 S.
645 187 783 216 JOANNIS
801 185 1038 215 CIIRYSOSTOMI
1057 185 1216 215 ARCHlEP.
1237 186 1502 216 CONSTANTINOP.

1793 194 1845 222 4M

1053 243 1079 270 in
1097 244 1194 271 virtute
1209 249 1288 278 atque
1301 244 1468 279 philosophia
1481 254 1630 275 versemur.
1651 248 1717 277 Nam
1730 250 1844 286 dignita-

1053 293 1092 316 tes
1107 289 1139 316 ad
1155 289 1236 317 multa
1253 290 1307 317 Deo
1319 299 1370 317 nou
1385 292 1480 326 placita
1492 295 1620 328 patranda
1635 296 1784 332 inducunt,
1800 305 1843 326 at-

1051 341 1104 369 que
1118 334 1216 370 ingenti
1237 343 1303 370 opus
1316 341 1358 364 est
1379 338 1484 369 animo.
1501 343 1528 366 ut
1545 339 1674 375 dignitate
1693 349 1725 370 ac
1748 349 1844 378 poten-

1051 380 1087 407 tia
1107 385 1179 408 recte
1194 386 1316 409 utamur:
1332 383 1376 418 qui
1399 391 1463 411 vero
1485 392 1500 412 a
1522 385 1650 420 dignitate
1669 387 1843 425 detruditur,

1051 425 1116 453 velit
1130 427 1197 454 nolit
1212 427 1416 462 philosophatur
1431 438 1438 456 :
1454 431 1539 465 atqui
1559 431 1603 458 illa
1619 433 1715 460 fruitur
1732 454 1739 466 ,
1755 435 1844 463 simile

1051 473 1114 507 quid
1127 473 1234 508 patitur,
1248 482 1280 502 ac
1290 475 1312 502 si
1328 475 1388 510 quis
1401 484 1462 503 cum
1477 477 1594 505 formosa
1606 479 1690 513 puella
1707 480 1842 514 habitans,

1051 517 1109 552 lege
1121 526 1243 546 arceatur
1255 528 1288 547 ne
1299 521 1370 548 illam
1382 522 1486 549 lascivis
1497 531 1621 558 umquam
1630 526 1713 552 oculis
1721 527 1841 561 aspiciat.

1051 563 1122 592 Talis
1144 571 1185 592 est
1200 567 1328 600 potentia.
1344 567 1458 603 Ideoque
1480 570 1577 597 multos
1599 579 1667 606 pene
1690 573 1787 601 invitos
1808 575 1841 602 ad

1049 612 1239 639 contumeliam
1253 613 1416 641 inferendam
1430 614 1533 642 induxit
1544 636 1551 646 .
1567 617 1600 644 ad
1619 617 1684 645 iram
1699 619 1816 648 incitavit
1831 641 1840 654 ,

1049 655 1146 691 lingua:
1160 657 1265 685 frenum
1281 659 1346 694 ipsis
1356 659 1475 692 abstulit,
1490 666 1517 688 et
1530 661 1638 697 januam
1653 664 1707 691 oris
1720 665 1818 693 avulsit
1831 687 1840 699 ,

1050 702 1121 729 venti
1134 702 1217 731 instar
1229 705 1347 732 animum
1359 706 1566 742 circumquaque
1579 709 1660 744 agitat
1672 730 1681 743 ,
1695 715 1722 738 et
1739 711 1764 738 in
1778 719 1842 747 pro-

1049 749 1158 776 fundum
1180 751 1310 778 malorum
1329 751 1454 787 scapham
1477 753 1616 789 demergit.
1632 755 1701 788 Quid
1717 757 1796 792 igitur
1809 758 1836 785 in

1050 798 1123 821 tanto
1137 796 1256 829 periculo
1272 797 1377 824 miraris
1390 802 1416 825 et
1430 797 1599 826 invidendum
1613 806 1689 835 putas
1703 801 1716 828 ?
1729 806 1840 838 διῳκε-

1048 846 1109 866 nam
1121 839 1178 868 haec
1191 846 1233 868 est
1246 841 1379 870 dementia
1392 843 1404 869 ‘f
1418 843 1483 871 Cum
1498 844 1531 872 iis
1545 853 1608 872 vero
1622 854 1681 881 qua:
1696 847 1765 875 dicta
1779 854 1840 877 sunt

1048 885 1134 920 cogita
1148 907 1156 919 ,
1168 893 1232 922 quot
1243 888 1363 916 inimicos
1377 894 1405 917 et
1416 896 1596 925 accusatores,
1609 897 1674 928 quot
1687 894 1840 923 adulatores

1049 931 1145 960 habeat
1155 940 1184 961 se
1198 933 1362 962 obsidentes.
1377 935 1500 964 llatccine
1519 936 1599 972 igitur
1613 958 1619 969 ,
1631 946 1722 974 quaeso
1733 961 1741 973 ,
1761 941 1839 976 digna

1048 983 1111 1006 sunt
1125 987 1184 1014 qua:
1195 979 1271 1007 beata
1286 980 1488 1015 przedicentur?
1503 982 1603 1018 Ecquis
1614 983 1664 1012 hoc
1673 985 1793 1014 dixerit?
1805 987 1839 1014 At

1047 1024 1117 1059 apud
1133 1026 1271 1060 populum,
1287 1027 1402 1062 inquies,
1413 1027 1574 1056 celebratur.
1593 1029 1694 1065 Ecquid
1707 1031 1758 1059 ltoc
1773 1034 1840 1060 est?

1047 1069 1138 1105 Neque
1152 1071 1222 1098 enim
1235 1072 1348 1107 populus
1361 1078 1403 1101 est
1417 1073 1503 1106 Deus,
1517 1075 1560 1103 cui
1572 1075 1633 1104 vita:
1647 1077 1764 1106 rationes
1776 1079 1837 1106 red-

1046 1116 1151 1145 diturus
1161 1118 1206 1146 sit.
1220 1117 1310 1154 itaque
1322 1120 1432 1154 quando
1447 1121 1575 1156 populum
1591 1122 1671 1157 dicis,
1685 1124 1752 1151 nihil
1763 1125 1838 1153 aliud

1045 1171 1180 1191 memoras
1194 1185 1201 1197 ,
1216 1172 1295 1200 quam
1309 1165 1400 1193 obices
1415 1186 1423 1199 ,
1439 1167 1564 1200 scopulos
1575 1188 1583 1199 .
1602 1168 1694 1196 brevia
1704 1190 1712 1204 ,
1731 1170 1836 1198 latentia

1046 1217 1120 1237 saxa.
1138 1209 1184 1237 illa
1200 1211 1271 1238 enim
1287 1211 1313 1238 in
1327 1212 1424 1247 populo
1438 1213 1590 1247 celebritas,
1607 1219 1706 1250 quanto
1716 1216 1834 1251 splendi-

1045 1255 1147 1283 diorem
1162 1256 1260 1290 reddit,
1270 1262 1345 1284 tanto
1358 1258 1504 1292 majoribus
1519 1264 1590 1294 patet
1605 1261 1739 1295 periculis,
1754 1263 1836 1294 curis,

1045 1302 1216 1329 mteroribus.
1230 1302 1295 1330 Nam
1305 1303 1349 1338 qui
1363 1304 1423 1331 talis
1433 1308 1485 1336 est,
1499 1312 1548 1332 nec
1561 1309 1632 1333 stare
1643 1313 1694 1334 nec
1705 1308 1838 1342 respirare

1045 1352 1144 1381 potest,
1161 1356 1221 1375 cum
1235 1353 1290 1376 tam
1300 1349 1426 1376 acerbum
1439 1349 1537 1378 habeat
1553 1350 1701 1379 dominum.
1725 1353 1758 1380 Et
1771 1355 1835 1389 quid

1045 1393 1105 1420 dico
1119 1398 1190 1422 stare
1204 1395 1245 1422 vel
1266 1395 1424 1430 respirare?
1439 1396 1548 1425 Etiamsi
1571 1398 1594 1425 is
1611 1400 1745 1428 sexcentis
1760 1401 1836 1430 bonis

1044 1440 1170 1474 operibus
1184 1441 1219 1469 sit
1230 1442 1373 1476 prmditus,
1385 1442 1493 1471 difﬁcile
1508 1444 1534 1471 in
1549 1452 1659 1480 regnum
1677 1447 1834 1481 ingreditur.

1044 1485 1115 1513 Nihil
1127 1487 1198 1514 enim
1209 1488 1369 1516 labefactare
1383 1489 1452 1517 solet
1465 1510 1473 1524 ,
1496 1495 1526 1518 ut
1540 1491 1686 1520 multorum
1701 1494 1836 1523 existima-

1045 1533 1091 1566 tio,
1108 1542 1166 1569 qua:
1179 1534 1295 1567 timidos,
1313 1536 1474 1569 illiberales,
1486 1537 1638 1566 adulatores
1652 1539 1836 1569 simulatores-

1044 1588 1096 1615 que
1110 1580 1182 1608 facit.
1198 1580 1252 1609 Cur
1270 1590 1335 1617 ergo
1349 1583 1474 1611 Pharisaei
1489 1583 1616 1612 dicebant
1627 1586 1763 1615 Christum
1778 1587 1836 1616 da:-

1044 1627 1195 1654 moniacum
1217 1629 1300 1655 esse?
1322 1629 1418 1657 Annon
1439 1629 1500 1663 quia
1522 1630 1591 1666 vulgi
1611 1632 1836 1661 existimatioacm

1044 1674 1209 1708 captabant?
1223 1673 1277 1702 Cur
1301 1679 1390 1703 autem
1410 1676 1486 1703 multi
1503 1682 1603 1704 rectam
1618 1677 1653 1705 de
1667 1677 1713 1706 illo
1727 1684 1837 1708 senten-

1045 1719 1108 1746 tiam
1129 1719 1276 1747 ferebant?
1294 1720 1388 1749 Nonne
1402 1721 1464 1756 quia
1484 1722 1534 1750 hoc
1549 1723 1646 1751 morbo
1663 1732 1716 1752 non
1730 1725 1836 1754 detine-

1044 1765 1140 1793 bantur
1153 1766 1164 1793 ?
1179 1766 1249 1794 Nihil
1264 1767 1335 1794 enim
1347 1787 1355 1800 ,
1367 1767 1434 1794 nihil
1445 1773 1520 1796 certe
1531 1768 1653 1798 homines
1667 1771 1706 1798 sic
1719 1771 1836 1806 iniquos,

1043 1812 1083 1840 sic
1099 1813 1195 1842 stultos
1209 1813 1302 1846 efﬁcit,
1314 1821 1393 1848 quam
1405 1814 1476 1849 quod
1488 1814 1521 1842 ad
1537 1815 1682 1843 multorum
1696 1817 1834 1845 existima-

1043 1859 1143 1887 tionem
1159 1859 1280 1892 inhient;
1292 1859 1357 1887 nihil
1372 1860 1407 1887 ita
1421 1860 1548 1895 probatos
1558 1866 1638 1896 atque
1646 1862 1834 1891 adamantinos

1043 1905 1140 1936 reddit.
1158 1910 1186 1932 ut
1201 1905 1296 1932 famam
1305 1905 1456 1940 despicere.
1467 1906 1556 1940 Quare
1570 1907 1715 1936 fortissimo
1723 1909 1836 1945 quisque

1043 1958 1111 1986 opus
1125 1951 1206 1979 habet
1217 1952 1306 1979 animo
1321 1973 1327 1984 ,
1344 1957 1374 1979 ut
1387 1952 1466 1987 hujus
1477 1954 1551 1980 venti
1563 1953 1673 1989 impetni
1686 1959 1713 1982 et
1725 1955 1751 1982 vi
1766 1956 1834 1983 resi-

1042 2003 1114 2025 stere
1126 1998 1219 2033 possit.
1233 1997 1298 2024 Nam
1313 1998 1419 2033 quando
1429 2006 1558 2033 prospere
1570 2007 1626 2027 rem
1633 2000 1697 2035 agit.
1711 2001 1836 2029 omnibus

1042 2051 1071 2071 se
1085 2044 1222 2078 anteponit
1237 2052 1245 2075 ;
1265 2051 1325 2071 cum
1341 2044 1473 2071 contraria
1488 2044 1614 2072 accidunt
1626 2066 1634 2078 ,
1649 2046 1766 2080 seipsum
1777 2047 1835 2074 suf-

1042 2089 1133 2117 fodere
1146 2090 1219 2124 cupit
1232 2098 1239 2122 ;
1255 2089 1344 2117 ethoc
1358 2090 1408 2125 ipsi
1423 2090 1580 2125 etgehenna
1595 2092 1675 2119 simul
1685 2097 1712 2120 et
1721 2100 1834 2129 regnum

1043 2141 1096 2168 est,
1112 2143 1172 2164 enm
1187 2136 1238 2164 hoc
1247 2137 1329 2164 animi
1343 2136 1438 2164 morbo
1453 2137 1585 2166 obruitur.

1077 2182 1104 2209 5.
1120 2182 1252 2214 Hunccine,
1265 2189 1365 2217 quaeso.
1383 2182 1480 2210 invidia
1496 2183 1575 2218 digna
1588 2185 1669 2212 sunt?
1681 2192 1770 2213 nonne
1784 2195 1834 2221 po-

1042 2228 1095 2255 tius
1114 2228 1218 2255 ﬁctibus
1235 2235 1266 2255 ac
1288 2228 1432 2263 lacrylnis?
1449 2228 1545 2264 Utique
1562 2229 1588 2257 id
1602 2231 1726 2258 omnibus
1748 2232 1834 2266 palam

1041 2279 1091 2301 est.
1108 2274 1147 2301 Tu
1163 2282 1228 2302 vero
1240 2274 1353 2309 idipsum
1365 2275 1439 2306 facis.
1457 2283 1517 2303 cum
1532 2276 1557 2304 ei
1572 2277 1666 2312 quisic
1684 2278 1836 2307 celebratur

1041 2320 1154 2353 invides,
1168 2329 1199 2348 ac
1214 2321 1236 2348 si
1256 2322 1315 2356 quis
1331 2322 1464 2349 hominem
1482 2322 1575 2350 videns
1595 2323 1711 2351 vinclum
1734 2332 1765 2352 ac
1784 2325 1836 2353 ﬂa-

1039 2367 1116 2401 gellis
1129 2374 1236 2399 cursum,
1253 2367 1286 2394 ab
1304 2367 1502 2403 innumerisque
1521 2369 1585 2396 feris
1600 2374 1742 2405 raptatum,
1765 2371 1835 2398 invi-

1039 2414 1116 2441 deret
1130 2414 1212 2448 ipsius
1229 2413 1312 2448 plagis
1331 2418 1358 2441 et
1375 2415 1537 2442 vulneribus.
1553 2415 1619 2443 Nam
1633 2421 1699 2451 quot
1713 2416 1836 2445 homines

1040 2460 1067 2486 in
1083 2459 1180 2494 populo
1195 2464 1265 2493 sunt,
1288 2464 1326 2487 tot
1340 2460 1420 2488 habet
1439 2461 1483 2488 hic
1499 2462 1612 2494 vincula,
1631 2467 1668 2490 tot
1687 2463 1811 2491 dominos
1827 2473 1834 2491 :

1039 2505 1164 2541 quodque
1176 2507 1282 2540 gravius
1294 2511 1345 2539 est,
1361 2506 1473 2534 diversa:
1484 2513 1546 2535 sunt
1559 2508 1670 2543 singulis
1681 2510 1831 2543 sementim,

1040 2558 1067 2580 et
1078 2561 1137 2588 qua:
1147 2554 1230 2580 menti
1245 2559 1403 2581 succurrunt
1415 2554 1449 2582 de
1459 2555 1637 2583 servientibus
1650 2556 1701 2584 sibi
1715 2560 1836 2585 statuunt

1039 2606 1144 2632 omnes,
1161 2598 1224 2626 nihil
1237 2600 1432 2632 examinantes,
1447 2600 1494 2628 sed
1511 2608 1571 2635 qua:
1592 2601 1654 2628 huic
1671 2601 1713 2629 vel
1727 2601 1766 2630 illi
1778 2602 1836 2630 visa

1041 2644 1138 2672 fuerint
1150 2645 1350 2672 conﬁrmantes.
1365 2645 1428 2672 ilice
1437 2646 1534 2680 quibus
1548 2646 1682 2679 ﬂuctibus,
1698 2654 1752 2682 qua
1765 2652 1835 2675 tem-

1041 2694 1142 2725 pestate
1157 2690 1278 2725 graviora
1293 2698 1346 2718 non
1359 2691 1442 2718 sunt?
1455 2691 1559 2718 Etenim
1580 2692 1603 2719 is
1622 2691 1699 2720 facile
1717 2693 1806 2720 statim
1819 2702 1836 2721 a

1041 2736 1175 2771 voluptate
1195 2735 1312 2768 inflatur,
1330 2740 1358 2764 et
1377 2736 1454 2764 facile
1475 2744 1580 2765 rursum
1596 2737 1786 2773 submergitur,
1808 2738 1836 2766 iu

1041 2781 1102 2808 vitae
1115 2781 1322 2816 intequabilitatc
1336 2789 1452 2816 semper,
1469 2782 1496 2810 in
1510 2783 1600 2817 quiete
1615 2791 1758 2818 numquam
1775 2791 1837 2818 per-

1041 2832 1123 2854 stans.
1139 2827 1205 2854 Nam
1225 2831 1366 2862 antequam
1382 2828 1408 2855 in
1427 2828 1564 2856 concionis
1581 2829 1714 2856 theatrum
1735 2829 1836 2862 veniat,

1039 2876 1068 2899 et
1079 2876 1220 2906 antequam
1232 2871 1391 2899 laboriosam
1405 2874 1553 2900 orationem
1567 2873 1684 2908 incipiat,
1699 2874 1795 2901 anxius
1808 2879 1836 2900 et

1041 2923 1158 2947 tremens
1168 2923 1224 2952 est;
1240 2923 1299 2954 post
1312 2918 1429 2947 solutum
1443 2927 1507 2948 vero
1519 2919 1652 2948 theatrum
1665 2919 1706 2948 vel
1719 2927 1836 2948 alterum
