2068 3132
221 186 275 213 £45

221 241 323 274 delicit,
343 241 383 269 vel
402 241 460 269 sine
479 247 603 268 mensura
624 240 745 274 lzetatur;
760 240 832 276 quod
851 241 908 275 ipso
920 240 1013 268 dolore

220 287 338 314 deterius
350 291 400 314 est.
417 285 491 318 Quod
501 290 591 314 autem
606 285 726 320 voluptas
745 293 798 312 non
810 286 844 312 sit
855 285 943 312 minus
955 293 1013 311 ma-

221 333 286 372 lum,
300 340 378 368 quam
392 332 479 365 dolor,
494 332 660 360 manifestum
679 337 721 360 est
734 340 767 360 ex
785 332 865 360 modo
885 339 939 367 quo
951 332 1011 359 ani-

221 387 294 406 mum
306 384 425 407 nostrum
439 379 535 411 afficit;
551 379 637 406 levem
650 380 720 406 enim
735 379 809 406 illum
819 379 916 411 reddit,
929 379 1012 406 subli-

220 432 291 452 mem
303 428 331 452 et
343 425 420 460 quasi
439 425 488 452 alis
502 425 673 452 inSIructum.
691 424 724 452 Et
738 424 788 452 hoc
801 432 816 451 a
832 425 926 459 priscis
945 425 1011 452 viris

217 476 331 497 cernere
346 475 396 497 est.
409 469 582 504 Quaudonam
597 469 675 505 igitur
687 469 785 506 probus
799 475 855 497 erat
867 470 966 497 David?
976 478 1009 498 an

218 523 280 543 cum
307 515 456 551 gaudebat,
489 523 522 543 an
550 523 611 543 cum
637 516 663 543 in
689 515 809 551 angustia
836 516 1010 543 versabalur?

217 564 330 596 Quando
341 563 464 591 Judaicus
476 563 608 599 populus?
619 570 653 590 an
664 570 724 590 cum
737 562 878 597 gemebant
889 567 916 590 et
926 562 1009 590 Deum

218 609 387 642 invocabant,
399 617 431 637 an
442 617 502 637 cum
516 610 672 637 laetabantur
688 609 714 636 in
727 609 844 641 deserto,
860 613 886 636 et
896 609 1008 636 vitulum

217 655 387 683 adorabant?
405 655 572 690 Quapropter
589 655 725 688 Salomon,
750 655 794 689 qui
817 655 931 682 maxime
949 661 1008 681 om-

219 700 292 727 nium
306 700 406 728 sciebat
421 700 484 736 quid
498 704 570 729 esset
583 700 714 735 voluptas,
729 699 803 731 dicit.
819 699 911 726 Melius
924 704 960 726 est
971 699 1009 726 ire

217 746 245 773 in
259 747 362 774 domum
381 747 471 778 luctus.
486 754 563 781 quam
575 747 601 772 in
615 745 717 772 domum
731 746 796 772 risus
815 745 910 779 (Eecle.
925 745 951 771 7.
968 745 1006 779 5).

216 792 252 819 Et
271 791 393 820 Christus
418 793 477 820 illos
498 792 605 828 quidem
627 792 719 819 beatos
736 791 874 826 pris-dicat,
896 791 1004 824 dicens,

725 184 758 212 IN
777 183 980 211 MATTIMSUM
999 183 1112 211 llONllL.
1133 185 1200 212 XLI.
1220 185 1255 211 al.
1277 185 1357 212 XLII.

1801 191 1857 219 M6-

1064 240 1135 268 Βωιὶ
1145 242 1188 275 qui
1201 241 1288 276 lugent
1304 241 1408 276 (Matth.
1420 243 1447 270 5.
1459 242 1497 277 εἰ),
1511 242 1560 270 hos
1573 251 1636 271 vero
1647 244 1759 272 miseros
1769 246 1833 274 dicit
1845 256 1850 272 :

1070 285 1113 313 Va:
1125 286 1203 318 vobis,
1225 287 1269 321 qui
1288 286 1385 320 ridetis,
1406 288 1465 320 quia
1483 288 1573 322 ﬂebitis
1597 287 1672 323 (Luc.
1695 289 1723 317 6.
1745 290 1801 326 25).
1819 292 1852 319 Et

1061 330 1120 364 jure
1133 330 1239 366 quidem
1253 331 1349 358 merito
1362 340 1369 358 :
1384 339 1444 358 nam
1461 332 1486 359 in
1497 333 1632 367 voluptate
1648 335 1754 363 mollior
1767 340 1794 364 et
1807 344 1853 363 so-

1063 376 1144 404 lutior
1158 382 1198 404 est
1211 377 1310 411 anima,
1327 378 1354 406 in
1368 378 1440 405 luctu
1457 379 1636 413 contrahitur,
1649 385 1676 408 et
1696 381 1774 415 sapit,
1792 387 1819 409 et
1837 390 1852 409 a

1062 423 1187 457 congerie
1200 423 1208 438 ¹
1221 423 1374 451 morborum
1392 424 1472 452 animi
1486 424 1622 458 liberatur,
1637 426 1776 453 sublimior
1788 427 1856 455 item

1061 471 1089 494 et
1109 467 1203 496 fortior
1213 469 1272 496 'est.
1286 469 1350 496 Hinc
1370 469 1457 496 omnia
1481 477 1541 497 cum
1567 471 1694 505 sciamus,
1720 471 1855 507 fugiamus

1061 513 1133 540 illam
1154 514 1297 541 multorum
1315 514 1536 543 existimationem
1551 516 1661 552 ejusque
1676 517 1849 552 voluptatem,

1062 563 1091 586 ut
1105 567 1195 587 veram
1218 564 1246 588 et
1268 565 1419 588 manentem
1441 569 1548 597 semper
1567 563 1678 598 gloriam
1703 570 1850 598 consequa-

1060 613 1121 632 mur
1135 613 1142 632 :
1157 613 1236 640 quam
1249 606 1348 633 utinam
1359 614 1452 634 omnes
1464 608 1618 642 sortiantur,
1633 609 1717 644 gratia
1731 613 1758 636 et
1772 609 1849 637 beni-

1060 651 1160 686 gnitate
1174 651 1278 679 Domini
1299 653 1382 680 nostri
1396 652 1458 681 Jesu
1478 653 1588 687 Christi,
1602 654 1644 682 cui
1658 655 1742 690 gloria
1757 660 1784 683 et
1797 655 1848 683 im-

1061 697 1173 732 perium,
1189 698 1215 726 in
1229 699 1325 726 saecula
1339 700 1508 728 sarculorum.
1522 701 1617 729 Amen.

1091 795 1100 811 ³
1117 796 1188 820 savii.
1201 799 1227 821 et
1236 796 1317 821 Morel.
1331 797 1431 827 habent,
1442 797 1544 828 vinculo,
1556 805 1609 829 pro,
1620 799 1740 830 congerie.

792 895 966 926 HOMILIA
994 896 1078 927 XLI.
1101 897 1145 928 al.
1168 897 1265 928 XLII.

215 969 282 997 Car.
294 969 336 996 19..
349 976 375 995 v.
387 968 433 996 25.
446 967 535 995 Sciens
549 972 632 994 autem
645 967 719 994 Iesus
732 966 894 1002 cogitationes
906 974 1004 998 eorum,

251 1015 314 1042 dixit
329 1016 382 1041 eis:
396 1014 476 1041 Omne
493 1022 598 1049 regnum
614 1018 701 1040 contra
717 1021 743 1040 se
752 1013 869 1043 divisum,
881 1012 1006 1039 ἀθεσίαὺὶ-

252 1065 293 1086 tur
303 1067 312 1086 :
321 1060 401 1087 omnis
409 1060 495 1087 civitas
500 1063 522 1086 et
530 1059 620 1086 domus
627 1064 714 1085 contra
721 1066 748 1086 sc
762 1057 850 1090 divisa,
859 1066 909 1085 non
919 1058 1003 1085 stabit.

249 1105 294 1133 26.
310 1105 343 1132 Et
357 1106 379 1133 si
391 1110 492 1133 satanas
505 1111 620 1132 satanam
634 1105 710 1140 ejicit,
734 1105 852 1132 adversus
866 1113 892 1132 se
911 1105 1005 1132 divisus

249 1156 296 1178 est.
311 1151 442 1184 Quomodo
453 1159 512 1187 ergo
521 1151 596 1178 stabit
610 1159 715 1187 regnum
726 1151 780 1187 ejus
790 1151 803 1178 ?

249 1197 277 1224 1.
291 1196 405 1224 Christus
424 1205 469 1232 per
483 1205 634 1224 arcanorum
655 1197 778 1230 notitiam,
801 1197 919 1224 deitatem
931 1205 1004 1224 suam

213 1243 444 1271 decim-at.-—.lam
460 1248 650 1271 accusaverant
664 1243 748 1276 illum,
767 1243 836 1278 quod
848 1243 873 1270 in
897 1243 1003 1271 Beelze-

213 1290 267 1317 bub
282 1291 290 1305 ¹
303 1290 412 1324 ejiceret
421 1289 562 1318 datmonia.
575 1289 627 1317 Sed
638 1294 700 1317 tunc
713 1296 765 1316 non
777 1288 923 1323 increpavit
937 1295 1001 1322 eos;

213 1343 305 1362 verum
318 1343 350 1362 ex
364 1335 446 1369 signis
459 1334 580 1370 plurimis
591 1334 743 1362 facultatem
755 1333 829 1361 dedit
839 1334 878 1362 eis
891 1341 946 1361 sua:
957 1341 1002 1361 co-

211 1381 370 1416 gnoscenda:
386 1381 533 1415 potestatis,
547 1387 633 1414 exque
653 1380 773 1407 doctrina
792 1379 1000 1415 magnitudinem

211 1433 287 1453 suam
301 1426 415 1454 edocuit.
427 1425 492 1459 Quia
504 1434 566 1453 vero
577 1425 669 1453 eadem
683 1425 771 1453 dicere
782 1425 999 1460 perseverabant,

211 1472 272 1498 illos
285 1471 391 1499 demum
411 1472 530 1506 increpat
544 1480 550 1497 :
565 1471 616 1498 hoc
639 1471 723 1505 primo
736 1475 893 1506 argumento
914 1470 1000 1498 deita-

211 1523 265 1545 tem
280 1525 354 1544 suani
374 1516 527 1549 ostendens,
543 1516 612 1551 quod
638 1523 733 1550 nempe
752 1523 848 1543 arcana
866 1523 957 1542 eorum
973 1515 1000 1543 in

211 1563 328 1591 medium
344 1562 503 1595 adduceret;
516 1562 633 1589 secundo
653 1566 752 1595 autem,
773 1562 843 1596 quod
865 1561 1000 1589 daemonas

211 1610 288 1638 facile
300 1609 419 1644 ejiceret.
433 1609 596 1643 Quamquam
611 1608 752 1635 admodum
767 1608 907 1643 impudens
919 1616 998 1635 accu-

209 1656 278 1683 satio
289 1659 355 1683 erat.
374 1655 451 1688 Nam,
467 1661 497 1683 ut
517 1655 582 1688 dixi,
601 1654 698 1682 invidia
721 1663 774 1683 non
793 1655 915 1689 explorat
936 1655 998 1690 quid

208 1702 289 1733 dicat,
305 1702 352 1729 sed
373 1706 472 1730 temere
486 1701 612 1737 loquitur.
633 1702 756 1728 Attamen
778 1709 812 1728 ne
829 1701 869 1728 sic
890 1701 998 1736 quidem

209 1752 318 1783 agentes
329 1748 451 1783 despexit
463 1748 594 1780 Christus,
607 1748 654 1776 sed
665 1756 724 1776 cum
738 1748 921 1776 moderatione
931 1755 997 1775 con-

207 1793 311 1827 gruenti
325 1801 384 1821 sese
397 1798 500 1829 purgat,
522 1800 570 1821 nos
585 1794 724 1821 instituens
743 1797 772 1820 ut
794 1801 857 1828 erga
877 1793 999 1821 inimicos

209 1838 288 1865 miles
311 1839 394 1866 sinms
413 1848 420 1865 :
442 1839 547 1866 etiamsi
570 1839 614 1867 illa
634 1839 734 1872 dicant,
750 1839 783 1866 de
804 1839 899 1873 quibus
921 1839 998 1866 nobis

208 1885 308 1912 conscii
323 1893 375 1912 non
389 1893 498 1918 sumus;
520 1890 600 1921 utque
622 1893 675 1913 non
690 1886 835 1918 turbemur,
851 1886 897 1913 sed
920 1893 997 1920 {equo

208 1931 299 1958 animo
312 1931 429 1958 rationes
453 1932 518 1967 ipsis
540 1931 693 1959 reddamus.
715 1931 792 1964 Quod
809 1935 835 1959 et
859 1931 915 1966 ipse
936 1936 997 1958 tunc

208 1978 335 2012 prmclare
354 1977 475 2011 faciebat,
498 1979 600 2013 signum
622 1978 766 2005 maximum
787 1978 909 2013 praebens
930 1977 996 2005 falsa

207 2023 252 2051 illa
266 2031 325 2051 esse
337 2031 395 2058 quae
409 2024 443 2051 ab
458 2024 521 2058 ipsis
532 2017 696 2051 dicebantur.
709 2023 801 2059 Neque
815 2023 886 2051 enim
897 2023 997 2051 daemo-

207 2071 281 2097 nium
296 2070 416 2097 habentis
428 2075 486 2098 erat
498 2074 595 2097 tantam
605 2070 733 2098 exhibere
745 2070 974 2098 mansuetudinem
987 2078 994 2097 :

207 2124 261 2143 non
285 2116 445 2143 dmmonium
470 2116 591 2143 habentis
613 2120 671 2143 erat
692 2120 796 2144 secreta
822 2123 994 2151 cognoscere.

209 2162 314 2188 Etenim
330 2161 399 2196 quod
419 2161 571 2195 hujusmodi
593 2162 682 2196 opinio
699 2161 841 2188 admodum
858 2161 996 2196 impudens

207 2213 289 2240 esset,
305 2213 330 2235 et
349 2208 417 2243 quod
440 2208 541 2243 plebem
558 2208 692 2240 timerent,
716 2215 769 2234 non
793 2207 926 2234 audebant
947 2207 996 2234 has

207 2254 390 2281 accusationes
405 2253 509 2288 publice
524 2254 652 2288 proferre,
667 2252 713 2279 sed
728 2259 773 2280 eas
789 2252 814 2279 in
830 2257 919 2279 mente
933 2260 995 2279 ver-

207 2300 312 2327 sabant.
327 2299 384 2334 Ipse
395 2307 460 2326 vero
479 2298 622 2326 ostendens
636 2298 710 2333 ipsis,
731 2305 760 2325 se
774 2298 818 2325 illa
836 2305 925 2331 nosse,
942 2305 995 2325 non

208 2350 296 2372 tamen
314 2345 419 2372 illorum
441 2344 635 2372 accusationem
656 2344 798 2379 expromit,
814 2351 900 2378 neque
923 2344 995 2378 ipso-

208 2399 267 2418 rum
282 2391 424 2426 nequitiam
437 2390 573 2422 declarat;
589 2389 635 2417 sed
651 2389 810 2416 solutionem
825 2388 911 2420 aﬂ‘ert,
931 2395 996 2415 eon—

208 2436 327 2463 scientia:
352 2435 468 2470 ipsorum
492 2435 699 2463 eonfutationem
720 2434 883 2469 relinquens.
908 2433 996 2461 Unum

208 2484 280 2510 enim
293 2484 378 2510 solum
391 2484 510 2516 curabat,
526 2487 678 2518 peceatores
696 2482 800 2517 jnvare,
822 2490 875 2508 non
889 2481 915 2508 in
938 2481 996 2508 vul-

208 2536 257 2563 gus
270 2529 418 2556 traducere.
432 2529 596 2563 Quamquam
607 2528 629 2555 si
640 2528 766 2555 voluisset
784 2527 891 2562 longum
907 2532 996 2555 texere

208 2582 371 2608 sermonem,
394 2575 506 2610 illosque
529 2574 653 2602 ridiculos
675 2574 812 2607 exhibere,
836 2574 996 2609 insuperque

208 2625 342 2648 extremas
356 2620 389 2647 ab
408 2620 460 2647 illis
480 2627 573 2655 pcenas
585 2627 739 2655 exposcere,
760 2619 825 2647 nihil
840 2619 973 2647 ofﬁciebat
987 2627 994 2647 :

208 2670 391 2692 verumtamen
406 2665 494 2692 missis
507 2666 558 2693 illis
568 2665 700 2697 omnibus,
717 2673 798 2692 unum
814 2664 926 2692 habebat
937 2671 997 2692 sco-

209 2720 283 2745 pum,
297 2716 325 2738 ut
341 2719 374 2738 nc
392 2711 452 2738 illos
473 2711 695 2738 contentiosieres
716 2712 822 2743 faceret,
846 2710 893 2737 sed
919 2718 996 2737 mau-

208 2757 349 2790 suetiores,
376 2762 402 2784 et
428 2756 478 2784 hoc
502 2761 578 2790 pacto
598 2757 631 2784 ad
651 2756 861 2784 emendationem
881 2755 997 2789 aptiores

209 2805 343 2833 redderet.
369 2804 507 2838 Quomodo
530 2808 620 2831 autem
649 2810 708 2830 sese
729 2802 843 2837 purgat?
868 2802 939 2829 Nihil
964 2809 997 2828 ex

241 2873 248 2886 ¹
268 2875 331 2902 I‘ost,
346 2869 482 2902 Beelzebub,
501 2869 609 2896 nonnulli
624 2868 723 2899 addunt,
739 2867 847 2900 principe
865 2866 995 2893 dwnwnio-

217 2911 278 2930 ’llllt.

1059 966 1203 1002 Scripturis
1215 968 1291 996 affert
1312 969 1412 1004 (neque
1425 970 1496 998 enim
1520 971 1558 998 illi
1578 971 1695 999 animum
1713 972 1846 1001 adhibuis<

1057 1017 1127 1046 sent,
1143 1013 1190 1040 sed
1213 1022 1295 1049 prave
1319 1015 1516 1050 interpretaturi
1535 1017 1633 1052 erant),
1654 1025 1745 1045 verum
1766 1018 1799 1046 ab
1814 1019 1847 1046 iis

1056 1066 1116 1094 quae
1127 1059 1205 1095 vulgo
1219 1061 1345 1088 eveniunt
1359 1061 1439 1088 verba
1454 1062 1533 1089 facit:
1549 1062 1629 1090 Omne
1642 1071 1746 1099 regnum
1758 1069 1846 1091 contra

1055 1105 1165 1140 seipsum
1191 1105 1298 1132 divisum
1323 1115 1374 1133 non
1399 1107 1473 1134 stabit
1500 1116 1510 1135 :
1537 1113 1559 1135 et
1587 1108 1673 1136 civitas
1696 1109 1736 1136 uel
1757 1110 1846 1137 domus

1055 1149 1172 1183 discissa,
1188 1151 1236 1178 cito
1256 1152 1412 1179 dissolvetur.
1428 1152 1517 1188 Neque
1531 1153 1601 1181 enim
1623 1153 1663 1181 sic
1686 1159 1795 1182 externa
1816 1159 1845 1182 ut

1054 1196 1142 1224 civilia
1156 1197 1224 1226 bella
1241 1202 1347 1226 nocent.
1361 1198 1389 1226 ld
1404 1199 1482 1226 etiam
1496 1199 1522 1226 in
1536 1199 1693 1234 corporibus
1703 1200 1801 1233 evenit,
1816 1201 1842 1228 in

1055 1243 1231 1279 omnibusque
1252 1243 1343 1271 rebus.
1363 1243 1415 1272 Sed
1437 1244 1541 1272 interim
1563 1252 1578 1272 a
1599 1245 1745 1273 notioribus
1764 1246 1844 1274 rebus

1054 1288 1175 1323 exempla
1190 1288 1305 1316 adducit.
1327 1289 1396 1322 Quid
1414 1290 1486 1318 enim
1511 1290 1537 1317 in
1554 1295 1624 1318 terra
1644 1295 1684 1319 est
1697 1299 1778 1326 regno
1795 1299 1843 1326 po-

1055 1333 1180 1361 tentius?
1208 1334 1291 1362 Nihil.
1319 1335 1444 1363 Attamen
1472 1334 1648 1363 seditionibus
1678 1335 1840 1365 dissolvitur.

1058 1377 1136 1410 Quod
1154 1378 1177 1406 si
1192 1378 1246 1406 illic
1268 1379 1438 1414 negotiorum
1459 1381 1556 1408 molem
1577 1382 1604 1409 in
1626 1389 1709 1410 causa
1724 1391 1785 1412 esse
1797 1384 1840 1411 in-

1059 1423 1160 1456 nuerit,
1173 1424 1237 1459 quia
1251 1432 1349 1460 nempe
1362 1433 1454 1453 secum
1470 1426 1600 1459 decertat.
1614 1428 1680 1463 quid
1690 1429 1792 1457 dixeris
1807 1431 1842 1458 de

1052 1471 1169 1504 civitate,
1183 1476 1229 1498 aut
1240 1471 1273 1499 de
1281 1472 1378 1500 domo?
1388 1472 1453 1500 Nam
1464 1473 1521 1501 sive
1528 1481 1638 1509 parvum
1648 1474 1704 1502 sive
1716 1482 1840 1510 magnum

1052 1516 1116 1551 quid
1136 1517 1223 1550 fuerit,
1238 1518 1262 1545 si
1283 1525 1374 1546 secum
1394 1519 1533 1553 dissideat,
1549 1519 1629 1555 perit.
1652 1519 1681 1547 Si
1695 1520 1774 1556 igitur
1786 1520 1841 1548 da:-

1052 1564 1170 1592 monium
1181 1564 1281 1592 habens
1291 1573 1352 1601 ego,
1365 1565 1423 1601 ejus
1436 1574 1487 1602 ope
1501 1566 1636 1595 dazmonas
1651 1568 1729 1603 pello,
1744 1568 1842 1596 seditio

1051 1614 1078 1637 et
1090 1617 1175 1645 pugna
1190 1615 1230 1638 est
1242 1610 1310 1638 inter
1323 1611 1469 1645 daamonas,
1482 1612 1553 1647 iique
1572 1617 1643 1640 stant
1655 1613 1733 1642 divisi
1749 1619 1776 1642 et
1789 1614 1839 1641 ad-

1053 1655 1175 1682 versarii.
1189 1654 1216 1682 Si
1231 1656 1276 1683 alii
1296 1662 1388 1684 contra
1402 1657 1470 1684 alios
1489 1662 1572 1691 simil,
1591 1657 1694 1687 illorum
1712 1658 1842 1687 fortitudo

1050 1700 1130 1734 periit
1142 1705 1168 1727 et
1182 1700 1337 1728 labefactata
1352 1705 1402 1729 est.
1424 1701 1454 1729 Si
1465 1701 1537 1729 enim
1551 1707 1653 1730 satanas
1665 1708 1780 1731 satanam
1792 1705 1839 1740 eji-

1050 1746 1082 1772 cit
1101 1747 1165 1779 (non
1189 1746 1265 1779 dixit,
1291 1747 1431 1774 Dmmonas
1447 1748 1530 1783 ejicit,
1557 1748 1701 1776 ostendens
1726 1755 1837 1777 murtam

1049 1799 1109 1819 esse
1122 1792 1190 1819 inter
1201 1792 1261 1820 illos
1273 1792 1466 1828 concordiam),
1489 1793 1515 1820 in
1529 1793 1638 1828 seipsum
1659 1802 1724 1829 ergo
1743 1795 1838 1823 divisus

1049 1842 1095 1870 est,
1111 1837 1205 1872 inquit.
1220 1838 1247 1866 Si
1259 1838 1360 1865 divisus
1373 1843 1425 1872 est,
1440 1846 1504 1873 ergo
1517 1839 1674 1867 imbecillior
1687 1839 1772 1868 factus
1783 1846 1837 1873 est,

1048 1887 1075 1910 et
1087 1883 1166 1917 periit
1181 1892 1188 1909 :
1204 1883 1225 1911 si
1247 1883 1339 1918 periit,
1357 1883 1491 1918 quomodo
1509 1889 1596 1919 potest
1615 1885 1695 1912 alium
1715 1886 1837 1920 ejicere?

1049 1928 1142 1956 Viden’
1152 1936 1231 1964 quam
1243 1929 1352 1956 ridicula
1366 1930 1401 1956 sit
1413 1929 1555 1963 accusatio,
1567 1938 1645 1965 quam
1656 1930 1745 1964 stulta,
1757 1939 1836 1966 quam

1048 1981 1139 2002 secum
1149 1973 1205 2009 ipsa
1226 1975 1363 2010 pugnans?
1377 1975 1435 2002 Non
1455 1980 1542 2010 potest
1557 1976 1627 2003 enim
1643 1975 1713 2003 idem
1729 1977 1785 2012 ipse
1796 1977 1838 2004 di-

1048 2027 1119 2053 cere.
1135 2025 1254 2048 satanam
1269 2026 1342 2048 stare
1361 2026 1389 2048 et
1402 2021 1501 2056 ejicere
1515 2021 1660 2055 dmmonas,
1680 2029 1712 2049 ac
1728 2027 1837 2057 propter

1048 2066 1112 2093 illud
1127 2071 1210 2099 stare,
1222 2071 1330 2102 propter
1339 2066 1409 2102 quod
1420 2066 1475 2101 jam
1488 2068 1622 2095 corruisse
1631 2067 1720 2096 debet.
1732 2068 1764 2095 Et
1777 2068 1835 2097 hmc

1048 2119 1090 2142 est
1105 2115 1189 2150 prima
1206 2115 1302 2142 solutio
1317 2124 1323 2142 :
1340 2114 1457 2143 secunda
1478 2115 1576 2142 solutio
1597 2115 1669 2143 circa
1690 2116 1839 2152 discipulos

1047 2165 1170 2189 versatur
1185 2169 1192 2188 :
1206 2168 1292 2196 neque
1303 2161 1374 2188 enim
1388 2168 1440 2188 uno
1453 2164 1554 2188 tantum
1568 2168 1674 2196 semper
1689 2162 1779 2195 modo,
1788 2163 1835 2190 sed

1048 2207 1127 2235 etiam
1141 2207 1260 2234 secundo
1273 2211 1301 2235 et
1317 2207 1395 2235 tertio
1411 2207 1574 2242 objectiones
1588 2207 1678 2241 solvit,
1693 2208 1764 2243 quod
1776 2209 1834 2236 illo-

1048 2260 1107 2280 rum
1126 2252 1316 2287 impudentiam
1337 2260 1369 2279 ex
1384 2252 1528 2280 abundanti
1548 2253 1694 2288 reprimere
1709 2253 1783 2281 velit.
1807 2253 1835 2281 ld

1048 2297 1119 2331 quod
1133 2298 1212 2325 etiam
1226 2297 1298 2331 fecit,
1314 2304 1373 2324 cum
1387 2297 1422 2324 de
1436 2297 1546 2325 sabbato
1560 2302 1691 2332 ageretur,
1707 2298 1834 2326 Davidem

1048 2343 1184 2370 adducens
1198 2343 1223 2370 in
1237 2343 1364 2374 medium,
1381 2342 1498 2378 itemque
1511 2343 1663 2372 sacerdotes
1675 2348 1703 2372 et
1717 2345 1836 2373 testimo-

1049 2390 1122 2417 nium
1141 2397 1194 2424 quo
1214 2389 1321 2422 dicitur,
1338 2388 1535 2416 Misericordiam
1555 2389 1622 2423 uolo,
1637 2394 1659 2417 et
1676 2398 1726 2417 non
1739 2391 1838 2426 sacriﬁ-

1049 2436 1115 2462 cium
1130 2434 1206 2471 (Osee
1231 2435 1258 2463 6.
1274 2434 1320 2470 6);
1335 2441 1442 2461 causam
1463 2434 1577 2469 denique
1595 2434 1631 2461 ob
1648 2442 1727 2469 quam
1742 2435 1837 2463 sabba-

1048 2486 1105 2508 tum
1120 2481 1168 2508 fuit
1191 2481 1338 2508 institutum
1350 2488 1358 2507 :
1371 2479 1480 2514 Propter
1494 2480 1619 2506 hominem
1635 2480 1717 2512 enim,
1738 2481 1835 2515 inquit,

1049 2531 1083 2553 est
1096 2527 1226 2553 sabbatum
1241 2525 1336 2560 (Marc.
1349 2525 1377 2552 9..
1392 2524 1438 2561 2'1)
1455 2534 1461 2552 :
1475 2525 1526 2552 hoc
1540 2532 1603 2560 ergo
1614 2524 1657 2552 hic
1671 2525 1750 2552 etiam
1761 2525 1836 2553 facit.

1048 2572 1114 2600 Nam
1139 2577 1199 2607 post
1224 2572 1334 2606 primani
1358 2571 1519 2598 solutionem
1544 2570 1577 2598 ad
1598 2570 1741 2598 secundam
1765 2572 1839 2598 venit

1049 2619 1138 2653 priore
1150 2617 1300 2645 clariorem.
1314 2617 1359 2644 Ait
1373 2617 1443 2644 enim
1460 2616 1525 2644 :27.
1542 2616 1573 2643 Si
1593 2625 1638 2651 ego
1651 2617 1679 2644 in
1699 2616 1836 2644 Beelzebub

1049 2665 1121 2700 ejicio
1134 2663 1268 2696 dwmonia,
1280 2663 1327 2698 filii
1341 2663 1414 2689 vestri
1426 2662 1453 2689 in
1465 2670 1514 2698 quo
1528 2663 1651 2698 ejiciunl?

1085 2709 1112 2736 2.
1128 2709 1176 2736 llic
1197 2716 1303 2743 quoque
1321 2707 1380 2741 ejus
1399 2707 1627 2734 mansuetudinem
1646 2707 1837 2736 animadverte.

1049 2754 1107 2782 Non
1123 2754 1194 2782 enim
1218 2753 1291 2786 dicit,
1314 2752 1441 2788 Discipuli
1464 2751 1527 2785 mei,
1550 2760 1609 2784 nec,
1633 2753 1752 2788 Apostoli
1773 2754 1839 2786 mei,

1049 2800 1107 2833 sed,
1123 2799 1187 2826 Filii
1198 2799 1282 2830 vestri,
1301 2802 1330 2825 ut
1344 2798 1366 2825 si
1382 2798 1466 2825 velint
1486 2798 1519 2825 ad
1533 2798 1654 2825 eamdem
1673 2798 1838 2826 nobilitatem

1049 2846 1151 2878 venire,
1172 2844 1234 2872 hinc
1256 2851 1348 2871 ansam
1362 2843 1490 2878 arripiant
1505 2852 1511 2870 :
1528 2843 1569 2870 sin
1584 2844 1679 2878 ingrati
1699 2844 1725 2871 in
1744 2843 1838 2870 iisdem

1050 2892 1232 2928 persisterent,
1244 2898 1278 2919 ne
1293 2889 1471 2926 impudentem
1482 2889 1588 2926 quidem
1603 2893 1710 2925 possent
1729 2896 1839 2916 excuso.
