2068 3132
191 181 242 207 4η

189 237 287 263 tionem
311 235 439 270 proferre.
463 235 538 268 Quod
559 240 646 262 autem
666 235 731 262 dicit
753 234 804 261 hoc
826 233 978 268 signiﬁcat:

188 281 309 316 Apostoli
332 281 358 308 in
381 289 435 316 quo
457 281 581 316 ejiciunt?
594 281 652 308 Jam
668 280 738 307 enim
760 279 904 313 ejecerant,
919 285 980 305 cum

188 331 348 362 potestatem
362 327 395 354 ab
410 327 454 354 illo
468 327 643 362 accepissent,
661 333 747 360 neque
760 331 847 352 tamen
862 325 921 352 illos
933 332 980 351 ac-

187 373 316 400 cusabant
330 382 337 400 :
351 381 438 408 neque
450 373 521 401 enim
542 378 634 400 contra
657 379 701 399 res
723 372 808 410 ipsas,
820 371 865 398 sed
888 375 980 398 contra

188 426 330 454 personam
351 424 451 446 tantum
468 418 613 454 litigabant.
633 417 668 446 Ut
687 417 810 445 ostendat
825 417 914 452 igitur,
933 423 981 444 eos

187 473 222 492 ex
244 464 342 492 invidia
366 465 452 492 solum
474 464 517 491 illa
536 463 645 496 dixisse,
659 464 793 496 apostolos
816 462 842 489 in
863 462 979 489 medium

187 510 306 539 adducit.
320 510 388 538 Nam
398 511 420 537 si
432 518 482 545 ego
495 510 533 537 sic
543 510 630 544 ejicio,
646 509 730 536 multo
744 509 827 544 magis
846 508 894 542 illi,
906 509 950 544 qui
964 515 980 536 a

187 564 232 583 me
245 560 402 591 potestatem
414 562 584 591 acceperunt.
601 557 724 584 Attamen
737 556 804 583 nihil
813 555 899 583 simile
912 555 981 582 dixi-

188 602 236 630 stis
252 603 315 630 illis.
329 601 383 630 Cur
392 610 456 638 ergo
471 610 513 630 me
524 603 665 635 accusatis,
681 603 724 638 qui
737 607 830 630 auctor
843 603 894 630 illis
902 610 979 636 sum;

188 648 248 675 illos
268 656 332 676 vero
353 648 466 676 crimine
484 649 583 677 liberos
604 648 728 676 mittitis?
748 649 806 676 Non
833 649 885 677 hoc
899 657 946 677 vos
964 657 979 678 a

187 695 318 729 supplicio
331 695 464 728 liberabit,
478 695 525 722 sed
546 694 640 730 majori
657 695 821 722 damnationi
833 695 955 729 subjiciet
970 703 978 722 :

187 739 249 767 ideo
261 740 409 775 subjunxit,
423 740 478 775 Ipsi
487 741 588 776 judiees
602 741 675 768 uestri
687 746 770 768 erunt.
781 740 847 768 Cum
862 741 932 769 cuitu
945 749 980 770 ex

186 787 263 814 vobis
277 787 331 814 sint
345 788 406 819 orti,
422 793 449 815 et
470 787 527 815 hzec
541 792 696 821 exerceant,
712 796 772 816 cum
792 788 857 816 mihi
878 788 981 816 obtem-

187 838 282 868 perent
296 838 324 861 et
340 834 476 866 obeotant,
493 834 600 868 plannnt
619 839 660 862 est
675 835 735 862 illos
752 835 980 864 condemnaturus

186 885 246 905 esse
259 885 306 906 eos
320 879 364 913 qui
379 880 512 907 contraria
535 879 637 908 faciunt
651 885 679 908 et
700 881 802 909 dicunt.
821 881 866 909 28.
888 882 918 909 Si
930 890 977 908 au-

187 929 236 951 tem
250 925 277 951 t'n
301 925 401 960 Spiritu
423 925 472 952 Dei
485 926 611 953 dmmonia
635 927 719 962 ejicio,
737 928 849 962 profecto
870 929 982 963 pervenit

187 971 215 996 in
233 978 275 998 vos
301 979 408 1006 regnum
433 971 489 998 Dei.
513 971 580 1006 Quid
605 976 660 1004 est,
686 972 825 1008 Regnum?
843 974 980 1001 Adventus

187 1023 275 1043 meus.
291 1016 359 1044 Vide
372 1017 506 1051 quomodo
519 1026 612 1045 rursus
626 1025 672 1045 eos
686 1019 785 1046 alliciat
804 1025 831 1046 et
845 1024 930 1052 curet,
946 1019 978 1046 ad

187 1069 318 1097 suamque
340 1063 698 1099 cognitionem‘pertrahat,
722 1065 896 1100 ostendatque
920 1066 981 1093 illos

187 1108 256 1135 bona
271 1116 318 1135 sua
342 1109 507 1144 impugnare,
522 1115 549 1137 et
574 1115 665 1138 contra
690 1111 804 1139 salutem
826 1119 900 1139 suam
925 1112 979 1139 liti-

186 1154 269 1188 gare?
282 1153 347 1181 Cum
371 1160 515 1189 oporteret,
534 1156 629 1190 inquit,
651 1156 767 1191 gaudere
789 1162 817 1185 et
835 1158 978 1191 exsultare,

187 1200 248 1234 quia
264 1208 358 1236 magna
382 1200 425 1227 illa
451 1206 479 1228 ct
504 1201 645 1230 ineﬂ‘abilia
667 1202 778 1230 daturus
788 1203 907 1236 advenit,
921 1212 980 1239 qua:

187 1245 250 1273 olim
266 1246 402 1281 propheta:
416 1247 581 1280 cecinerunt,
604 1252 632 1275 et
656 1249 727 1283 quod
752 1249 827 1276 vobis
849 1249 918 1277 bene
932 1257 978 1284 ge-

188 1291 263 1318 rendi
279 1296 381 1326 tempus
400 1293 538 1320 advenerit
552 1301 558 1319 :
576 1301 623 1321 vos
639 1295 801 1322 contrarium
816 1294 910 1326 facitis,
927 1304 979 1323 non

187 1336 267 1364 modo
281 1336 348 1363 bona
367 1345 419 1364 non
441 1338 611 1372 accipientes,
626 1339 673 1366 sed
688 1339 769 1366 etiam
787 1340 980 1368 calumniantes

187 1385 319 1408 etcansas
329 1383 571 1410 comminiscentes.
592 1383 731 1411 Mattha'us
750 1385 855 1419 quidem
880 1386 935 1412 ait:
952 1386 981 1412 Si

187 1433 270 1454 autent
285 1436 330 1462 ego
342 1428 368 1454 in
381 1428 480 1462 Spiritu
493 1428 539 1456 Dei
550 1429 622 1464 ejicio
637 1438 646 1461 ;
659 1430 743 1458 Lucas
756 1439 821 1458 vero
836 1441 841 1457 :
855 1431 886 1459 Si
898 1438 981 1459 autent

188 1480 234 1507 ego
247 1472 273 1499 in
285 1473 364 1508 digito
377 1473 422 1500 Dei
435 1475 508 1510 ejicio
521 1475 646 1502 dwmonia
659 1476 734 1512 (an.
751 1477 794 1504 Μ.
808 1477 854 1512 20)
870 1487 876 1505 :
888 1483 981 1506 osten-

187 1517 255 1545 dens
274 1519 398 1547 maxima:
420 1521 543 1554 potentia:
561 1529 628 1556 opus
655 1530 715 1550 esse
741 1523 816 1556 illud,
845 1523 982 1552 dzcntonas

188 1564 296 1598 ejicere,
312 1572 343 1592 ac
358 1565 448 1600 gratim
467 1573 520 1593 non
538 1567 663 1602 vulgaris.
685 1567 752 1595 Hinc
771 1573 858 1597 autem
874 1571 981 1597 vatim-i-

188 1609 246 1636 nari
261 1610 317 1636 vult
335 1614 362 1637 et
379 1610 479 1642 dicere,
495 1611 523 1639 Si
546 1611 596 1640 hoc
620 1613 654 1640 ita
675 1618 727 1646 est,
750 1622 814 1649 ergo
831 1614 912 1642 Filius
934 1616 980 1644 Dei

187 1655 304 1682 advenit.
334 1655 387 1684 Sed
408 1656 460 1684 hoc
479 1665 531 1684 non
551 1658 625 1692 dicit,
644 1667 734 1687 verum
755 1661 878 1694 obscure,
898 1662 932 1688 ita
954 1667 982 1690 ut

188 1701 241 1728 illis
251 1709 394 1729 onerosum
408 1710 460 1729 non
473 1707 554 1736 esset,
572 1704 597 1731 id
621 1705 770 1733 subindicat
783 1706 874 1734 dicens
888 1715 894 1734 :
914 1707 982 1743 Ergo

189 1748 300 1782 pervenit
316 1747 342 1774 in
356 1756 399 1775 vos
411 1757 517 1784 regnum
531 1749 588 1776 Dei.
604 1750 696 1778 Viden’
709 1751 865 1786 sapientiam
886 1753 981 1789 ingen-

189 1793 264 1820 tem?
281 1793 319 1820 Ex
329 1794 371 1827 iis,
386 1802 445 1830 qua:
458 1795 496 1822 illi
511 1795 683 1831 objiciebant,
703 1799 845 1832 conspicuo
867 1800 984 1828 Ostendit

189 1838 331 1866 adventum
343 1847 431 1867 suum.
447 1841 546 1870 Deinde
559 1847 585 1870 ut
600 1843 659 1870 illos
672 1845 828 1878 attraherel,
845 1853 898 1873 non
918 1847 983 1874 dicit

189 1884 355 1920 simpliciter,
369 1885 487 1914 Pervenit
500 1895 615 1922 regnum,
637 1889 685 1916 sed
705 1890 806 1924 adjicit,
821 1891 861 1917 Ad
874 1899 937 1924 vos;
952 1900 983 1920 ac

189 1929 212 1956 si
227 1929 337 1962 diceret,
356 1930 436 1959 Vobis
448 1932 593 1960 adveniunt
604 1934 682 1961 bona.
696 1935 751 1962 Cur
762 1943 825 1971 ergo
836 1937 861 1964 in
876 1938 983 1972 propria

140 1983 145 1986 ·
189 1975 258 2003 bona
272 1976 331 2004 sine
352 1984 432 2004 sensu
454 1978 599 2006 cstis?cur
617 1985 709 2007 contra
736 1986 850 2008 vestram
870 1982 982 2010 salutem

189 2021 239 2056 ipsi
254 2023 394 2058 pugnans?
410 2024 464 2051 Hoc
476 2030 517 2052 est
532 2030 634 2060 tempus
655 2027 730 2059 illud,
751 2028 821 2062 quod
836 2029 899 2056 olim
921 2037 984 2064 pro-

188 2067 277 2102 pheL-r.
294 2068 494 2102 prwdixcrunt:
511 2069 560 2097 ltoc
579 2071 682 2105 signum
707 2073 838 2101 adventus
858 2083 905 2108 per
924 2075 983 2103 illos

188 2114 332 2148 decantati,
350 2116 419 2150 quod
442 2125 538 2152 nempe
559 2118 648 2145 divina
676 2120 791 2153 potentia
812 2120 870 2148 haec
895 2121 982 2149 ﬁant‘.

188 2160 254 2188 Nam
268 2162 337 2196 quod
353 2163 426 2195 liant,
442 2171 490 2190 vos
505 2164 606 2197 nostis;
625 2165 695 2199 quod
715 2171 803 2193 autem
824 2167 912 2194 divina
933 2176 983 2202 po-

189 2207 283 2239 tentia,
298 2215 342 2235 res
361 2208 425 2243 ipsm
441 2209 567 2236 clamant.
583 2210 674 2245 Neque
693 2212 764 2238 cnim
781 2212 838 2240 fieri
855 2218 940 2248 potest
955 2219 984 2242 ut

190 2257 298 2281 satanas
312 2262 384 2281 nunc
397 2255 431 2282 sit
450 2255 553 2288 fortior,
569 2256 621 2283 imo
636 2259 788 2285 necessario
802 2263 844 2286 est
862 2259 982 2288 imbecil-

188 2298 230 2325 lus
246 2307 254 2325 :
269 2306 323 2326 non
336 2304 520 2334 potestautem
535 2301 681 2330 imbecillus
695 2303 754 2337 quis
769 2303 864 2331 fortem
883 2305 982 2332 daemo-

188 2352 250 2372 nem
264 2345 371 2380 ejicere.
393 2345 456 2373 Hice
473 2354 553 2382 porro
565 2347 680 2381 diccbat,
692 2349 809 2377 caritatis
821 2350 873 2378 vim
891 2355 983 2379 osten-

187 2390 266 2423 dens,
278 2398 308 2418 ac
322 2391 424 2418 dissidii
439 2397 518 2427 atque
535 2392 609 2428 litigii
628 2394 846 2423 imbecillitatem.
868 2396 983 2432 ideoque

187 2437 246 2472 ipse
261 2437 412 2473 frequenter
429 2438 573 2474 discipulos
593 2439 665 2468 circa
685 2441 823 2469 caritatem
849 2442 980 2476 hortatur,

188 2483 362 2518 declaratque
376 2484 510 2512 diabolum
524 2485 589 2512 nihil
608 2492 661 2513 non
680 2494 760 2522 agere
774 2491 803 2514 ut
817 2487 887 2515 illam
905 2489 982 2516 aule-

188 2534 239 2557 rat.
256 2529 320 2557 Pest
336 2530 479 2557 secundam
499 2538 564 2566 ergo
581 2531 742 2559 solutionem
758 2533 863 2560 tertiam
875 2541 982 2569 quoque

190 2575 393 2602 inducitdicens
410 2575 473 2604 :29.
489 2576 621 2610 Quomodo
642 2582 720 2611 potest
735 2578 826 2613 aliquis
847 2579 942 2606 intrare
955 2580 982 2607 in

188 2620 291 2647 domum
304 2620 386 2656 fortis,
401 2626 423 2648 et
437 2630 496 2648 vasa
507 2622 576 2649 illius
589 2623 708 2658 diripere,
722 2624 770 2650 nisi
785 2625 855 2660 prius
868 2625 982 2661 Iigaverit

189 2667 289 2701 fortem,
305 2671 329 2692 et
342 2671 402 2692 tunc
411 2675 471 2693 vasa
483 2667 536 2702 ejus
555 2668 660 2703 diripiat
671 2669 684 2695 1’
696 2668 770 2702 Quod
782 2678 834 2697 non
845 2671 930 2705 possit
939 2679 982 2699 sa-

188 2715 264 2738 tanas
275 2715 396 2738 satanam
408 2711 515 2746 ejicere,
528 2720 561 2740 ex
576 2714 786 2748 prie-cedentibus
801 2715 899 2751 liquet;
910 2716 981 2752 quod

187 2761 277 2785 autem
291 2765 345 2785 non
356 2758 464 2785 omnino
480 2759 563 2793 possit
577 2761 637 2795 quis
650 2760 725 2787 illum
737 2761 847 2796 ejicere,
865 2763 915 2790 nisi
928 2763 981 2798 pri-

188 2811 260 2831 mum
280 2804 422 2839 superarit,
445 2804 516 2839 apud
535 2813 629 2833 omnes
647 2806 674 2832 in
696 2806 820 2835 confesso
839 2813 889 2836 est.
911 2808 979 2843 Quid

222 2871 230 2906 ξ
246 2873 343 2906 quidam
355 2872 501 2906 habentnml
512 2880 625 2906 situmque
637 2877 783 2901 seutetttttmt.

220 2902 231 2918 ³
247 2902 299 2934 Alii,
307 2906 374 2929 tanta
384 2903 437 2929 lttl'c
448 2903 516 2935 fiunt.

544 178 572 207 S.
593 178 732 206 JOANNIS
750 175 987 206 CIIRYSOSTOMI
1007 174 1164 204 ARClllEP.
1178 178 1447 206 (ZONSTANTINOP.

1771 183 1788 210 4
1795 183 1824 210 ίι8

1036 232 1115 267 igitur
1125 241 1157 261 ex
1178 234 1219 261 his
1236 235 1393 263 coniicitur?
1412 236 1488 270 Quod
1507 237 1580 271 prius
1594 236 1692 264 dietmn
1709 243 1760 271 est,
1778 241 1829 267 sed

1033 278 1112 313 longe
1125 279 1248 307 validius.
1258 280 1371 308 Tantum
1382 281 1468 314 abest,
1481 281 1574 316 inquit,
1588 287 1615 309 ut
1627 283 1750 317 adjutore
1768 290 1827 312 utar

1033 323 1150 359 diabolo,
1164 330 1193 352 ut
1205 333 1265 353 eum
1280 327 1360 354 etiam
1378 327 1529 362 impugnem
1553 333 1581 355 et
1601 329 1734 362 vinciant;
1749 331 1826 365 cujus

1032 370 1071 397 rei
1089 370 1192 405 signum
1208 376 1258 404 est,
1279 372 1350 407 quod
1373 380 1435 400 vasa
1449 373 1508 408 ejus
1521 373 1654 409 diripiam.
1676 375 1741 403 Vide
1758 383 1825 411 quo-

1033 414 1112 442 modo
1123 416 1296 450 contrarium,
1311 425 1390 452 quam
1404 418 1441 445 illi
1461 425 1541 453 supra
1558 423 1676 448 statuere
1690 420 1826 448 conaban-

1033 464 1092 492 tur,
1117 460 1325 489 demonstretur.
1350 463 1389 490 llli
1413 464 1490 491 enimt
1511 465 1654 493 ostendere
1679 466 1824 502 volebant,

1032 505 1119 540 ipsum
1132 514 1184 534 non
1196 507 1221 534 vi
1236 509 1341 542 propria
1358 509 1494 537 daemonas
1511 510 1608 545 ejicere
1620 520 1627 538 :
1640 511 1685 539 ille
1696 519 1761 539 vero
1775 512 1825 541 de-

1032 555 1174 586 monstrat,
1190 560 1219 580 se
1237 561 1289 580 non
1307 555 1388 582 modo
1403 555 1549 589 dmmonas,
1565 557 1611 584 sed
1631 557 1736 585 illorum
1750 559 1824 593 prin-

1032 598 1118 632 cipem
1132 597 1240 632 ligatum
1255 599 1280 626 vi
1293 599 1424 634 detinere,
1444 601 1571 637 illumque
1590 602 1704 636 priorem
1719 604 1825 638 propria

1033 649 1163 679 potestate
1177 645 1289 678 vicisse;
1308 646 1379 682 quod
1397 654 1412 673 a
1427 647 1508 674 rebus
1528 649 1612 682 gestis
1626 649 1825 683 comprobatur.

1031 690 1097 718 Nam
1107 691 1129 718 si
1144 691 1187 719 hic
1199 692 1323 727 princeps
1330 697 1380 724 est,
1391 693 1535 729 cteteriqne
1545 693 1642 721 subditi
1656 702 1663 720 :
1677 697 1821 729 quomodo,

1032 736 1078 764 illo
1098 744 1151 764 non
1173 737 1245 765 victo
1258 737 1281 770 ⁸,
1294 745 1344 765 nec
1364 738 1493 772 cedente,
1510 738 1536 766 hi
1558 739 1757 774 diriperentur?
1778 741 1825 768 llic

1031 789 1096 810 vero
1111 782 1216 810 videtur
1226 783 1292 810 mihi
1305 783 1444 819 prophetia
1457 792 1518 812 esse
1532 785 1602 820 quod
1615 785 1721 814 dicitur.
1733 786 1825 822 Neque

1031 829 1104 856 enim
1116 829 1197 857 modo
1206 829 1343 858 daemones
1355 838 1417 858 vasa
1431 831 1530 859 diaboli
1546 837 1617 864 snntt
1629 833 1675 860 sed
1691 833 1770 861 etiam
1782 833 1826 861 hu-

1031 875 1118 902 mines
1151 875 1196 910 qui
1217 876 1363 904 secundum
1384 877 1479 912 ipsum‘
1493 884 1646 913 operantur.
1672 879 1760 906 Palam
1785 885 1827 908 est

1032 921 1111 956 igitur
1128 920 1171 948 hic
1184 921 1236 949 diei
1251 930 1312 950 eum
1327 930 1380 950 non
1395 923 1531 951 daemonas
1548 925 1633 952 solum
1653 925 1761 959 ejicere,
1777 927 1824 954 sed

1031 967 1112 994 etiam
1127 975 1246 996 errorem
1262 977 1297 996 ex
1308 973 1365 997 toto
1384 969 1449 997 orbe
1463 970 1659 998 eliminatur-um
1678 979 1748 1004 esse,
1765 972 1824 998 dia-

1031 1012 1139 1047 bolique
1154 1014 1301 1048 przestigias
1323 1015 1481 1048 soluturum,
1506 1020 1534 1043 et
1559 1016 1647 1043 omnia
1672 1025 1732 1052 qua:
1755 1017 1824 1044 illitis

1031 1063 1094 1085 sunt
1106 1058 1207 1086 inutilia
1227 1059 1402 1087 redditurum.
1427 1060 1519 1096 Neque
1541 1061 1617 1095 dixit,
1643 1062 1746 1097 Rapiet,
1767 1063 1825 1096 sed,

1032 1104 1156 1139 Diripiet;
1167 1104 1306 1133 declarans
1321 1106 1384 1133 illud
1399 1114 1459 1134 eum
1471 1112 1601 1142 potestate
1613 1107 1709 1135 factmn
1720 1116 1790 1136 esse.

1067 1151 1093 1178 3.
1110 1151 1217 1179 Fortem
1233 1158 1321 1180 autem
1337 1153 1410 1180 illum
1423 1154 1559 1188 appellat,
1574 1162 1626 1182 non
1646 1154 1717 1190 quod
1732 1160 1825 1182 natura

1033 1198 1092 1224 talis
1107 1199 1163 1227 sit:
1180 1198 1266 1230 absit;
1281 1199 1328 1226 sed
1351 1200 1465 1234 priorem
1486 1200 1638 1235 signiﬁcans
1659 1202 1826 1236 tyrannidem

1032 1252 1065 1272 ex
1081 1243 1239 1279 negligentia
1256 1249 1347 1272 nostra
1361 1246 1514 1273 stabilitam.
1530 1246 1575 1274 30.
1590 1247 1640 1280 Qui
1660 1255 1710 1274 non
1723 1252 1760 1275 est
1775 1256 1827 1274 me-

1032 1298 1099 1322 cum,
1114 1295 1202 1317 contra
1214 1299 1254 1317 me
1267 1296 1321 1323 est;
1336 1296 1359 1318 et
1370 1292 1412 1326 qui
1423 1300 1520 1318 mecum
1532 1301 1583 1319 non
1595 1293 1702 1328 colligit,
1717 1294 1825 1329 spargit.

1033 1335 1103 1363 Ecce
1114 1341 1235 1371 quartam
1248 1337 1419 1364 solutionem.
1431 1338 1499 1372 Quid
1515 1338 1594 1366 volo?
1609 1339 1703 1374 inquit.
1717 1339 1770 1366 Deo
1784 1341 1826 1366 of-

1034 1380 1103 1408 ferre
1121 1401 1128 1412 ν
1153 1382 1278 1409 virtutem
1300 1382 1414 1415 docere,
1436 1391 1547 1418 regnum
1569 1384 1737 1413 annuntiare.
1759 1386 1826 1418 Quid

1033 1427 1155 1454 diabolus
1168 1432 1195 1454 et
1209 1428 1345 1456 daemones
1355 1429 1464 1456 volunt?
1475 1429 1521 1457 His
1531 1431 1675 1458 contraria.
1688 1431 1827 1464 Quomodo

1033 1473 1114 1508 igitur
1125 1474 1158 1505 is,
1172 1475 1216 1508 qui
1232 1482 1336 1502 mecum
1351 1483 1402 1501 non
1419 1475 1536 1510 colligit,
1552 1483 1638 1511 neque
1651 1484 1753 1504 mecmn
1767 1482 1826 1510 est,

1034 1527 1137 1546 mecum
1159 1525 1316 1554 operaturus
1329 1521 1388 1548 est?
1403 1521 1502 1556 etquid
1523 1521 1583 1549 dico
1606 1530 1710 1550 mecum
1731 1530 1827 1558 opera-

1035 1566 1128 1592 tnrus?
1153 1565 1208 1593 lino
1236 1567 1420 1600 contrarium;
1445 1568 1518 1602 cupit
1541 1568 1612 1595 enim
1641 1576 1702 1595 mea
1723 1569 1828 1603 disper-

1033 1619 1105 1646 gere.
1122 1612 1170 1645 Qui
1186 1619 1250 1647 ergo
1270 1620 1323 1640 non
1344 1613 1423 1640 modo
1440 1621 1544 1641 mecum
1559 1622 1611 1641 non
1629 1620 1766 1650 operatur,
1780 1616 1828 1643 δαί

1034 1658 1114 1684 etiam
1139 1658 1284 1693 dispergit.
1306 1658 1440 1694 quomodo
1465 1664 1564 1687 tantam
1587 1668 1691 1688 mecum
1718 1669 1829 1689 concor~

1034 1702 1105 1729 diam
1116 1703 1264 1735 exhiberet,
1272 1708 1301 1731 ut
1314 1712 1418 1732 mecum
1428 1704 1563 1733 daamunas
1578 1706 1705 1740 ejiceret?
1717 1707 1771 1734 llnc
1781 1715 1828 1734 au-

1035 1752 1088 1775 tem
1113 1756 1166 1775 non
1189 1748 1223 1776 de
1244 1748 1351 1777 diabolo
1372 1754 1486 1784 tantum,
1509 1751 1556 1779 sed
1581 1752 1666 1787 ipsum
1686 1752 1719 1779 de
1740 1754 1829 1789 seipsu

1034 1794 1178 1821 verisimile
1189 1799 1231 1822 est
1243 1794 1353 1826 dixisse,
1366 1800 1458 1830 utpote
1471 1796 1515 1831 qui
1526 1802 1618 1824 contra
1633 1797 1768 1826 diabolum
1782 1799 1828 1831 sit,

1035 1843 1062 1866 et
1075 1847 1134 1874 qua:
1152 1839 1222 1867 illius
1245 1845 1308 1868 sunt
1330 1841 1476 1876 dispergat.
1492 1841 1525 1869 Et
1539 1844 1684 1878 quontodo,
1708 1844 1826 1879 inquies,

1035 1885 1079 1919 qui
1095 1893 1147 1912 non
1167 1890 1208 1913 est
1231 1894 1351 1919 mecum,
1367 1892 1459 1914 contra
1479 1895 1522 1915 me
1542 1889 1600 1916 est?
1614 1888 1641 1916 id
1656 1894 1708 1923 est,
1724 1897 1756 1917 eo
1771 1890 1829 1924 ipso

1035 1930 1106 1965 quod
1131 1939 1184 1958 non
1205 1931 1323 1967 colligat.
1345 1932 1372 1960 Si
1391 1938 1479 1960 autern
1496 1933 1546 1961 hoc
1566 1942 1657 1961 verum
1671 1941 1727 1968 est,
1744 1936 1829 1962 multo

1035 1978 1119 2012 magis
1131 1978 1175 2012 qui
1189 1983 1282 2005 contra
1303 1979 1388 2014 ipsum
1412 1985 1463 2013 est,
1478 1987 1539 2012 cum
1559 1980 1603 2008 illo
1624 1989 1676 2008 non
1691 1986 1827 2016 operatur.

1035 2022 1100 2049 Nam
1116 2023 1137 2050 si
1152 2024 1174 2050 is
1187 2024 1230 2058 qui
1247 2032 1307 2051 cmn
1332 2025 1378 2051 illo
1393 2033 1445 2052 non
1466 2031 1608 2060 operatur,
1623 2026 1744 2054 inimicus
1762 2034 1803 2055 est
1819 2036 1826 2054 :

1035 2068 1119 2095 multo
1135 2069 1272 2104 magisqui
1284 2070 1430 2104 impugnat.
1443 2070 1506 2098 “me
1521 2079 1601 2105 porro
1614 2072 1703 2099 omnia
1715 2073 1786 2105 dicit,
1799 2079 1828 2101 ut

1035 2115 1159 2142 ostendat
1173 2123 1295 2150 magnam
1310 2116 1359 2143 sibi
1376 2124 1436 2144 cum
1449 2117 1555 2144 diabolo
1576 2118 1741 2145 initnicitiam
1754 2126 1824 2146 essu.

1037 2160 1083 2187 Dic
1103 2159 1178 2192 mihi,
1195 2169 1297 2195 quatso,
1312 2161 1334 2187 si
1358 2162 1427 2196 quis,
1441 2169 1500 2189 cum
1523 2162 1558 2189 sit
1578 2163 1764 2197 pugnandum,
1780 2164 1826 2191 tibi

1036 2205 1135 2232 auxilio
1150 2213 1209 2233 esse
1224 2207 1304 2238 nolit,
1320 2214 1409 2234 nonne
1428 2207 1470 2234 vel
1483 2215 1515 2235 eo
1530 2208 1588 2243 ipso
1609 2215 1702 2236 contra
1717 2213 1742 2235 te
1755 2209 1805 2236 erit
1815 2210 1827 2234 ?

1035 2251 1111 2284 Quod
1127 2252 1149 2279 si
1163 2252 1225 2279 alibi
1236 2252 1324 2285 dicat,
1340 2253 1389 2284 Qui
1403 2261 1454 2280 non
1475 2260 1510 2281 est
1524 2259 1610 2281 contra
1624 2262 1681 2287 vos,
1703 2263 1748 2290 pro
1760 2255 1828 2282 vobis

1036 2303 1073 2324 est
1085 2296 1162 2333 (Luc.
1178 2297 1204 2324 9.
1218 2297 1276 2332 50),
1292 2305 1344 2325 non
1360 2302 1402 2326 est
1415 2298 1477 2326 huic
1490 2299 1563 2326 dicto
1575 2300 1748 2327 contrarium.
1761 2300 1827 2327 Nam

1035 2343 1079 2370 hic
1093 2343 1275 2370 adversarium
1290 2345 1328 2371 eis
1342 2345 1469 2378 ostendit,
1486 2345 1539 2373 illic
1553 2353 1617 2373 vero
1630 2353 1662 2373 ex
1678 2352 1755 2381 parte
1777 2347 1827 2373 ad-

1036 2390 1194 2417 versarium.
1217 2390 1294 2423 Nam,
1307 2390 1341 2417 1η
1355 2392 1455 2418 nomine
1465 2397 1517 2424 tuo,
1534 2392 1634 2427 inquit,
1651 2393 1755 2428 ejiciunt
1774 2393 1827 2419 dte-

1036 2437 1121 2462 mom‘a
1141 2436 1248 2471 (Matth.
1263 2437 1290 2463 7.
1317 2436 1376 2472 22).
1390 2437 1453 2464 Mihi
1468 2446 1532 2465 vero
1543 2438 1646 2466 videtur
1662 2438 1703 2466 hic
1719 2439 1826 2466 Iudaeos

1035 2481 1216 2515 subindicare,
1229 2490 1296 2517 quos
1309 2490 1368 2509 cum
1378 2482 1485 2510 diabolo
1496 2484 1644 2511 constituit.
1658 2484 1724 2512 Nam
1738 2490 1764 2512 et
1776 2485 1825 2520 ipsi

1037 2526 1260 2560 adversabantur,
1283 2532 1310 2555 et
1331 2523 1390 2563 qua:
1403 2529 1460 2563 ipse
1483 2535 1670 2565 congregasset
1692 2530 1827 2565 disperge-

1034 2572 1109 2600 bant.
1123 2573 1199 2607 Quod
1222 2574 1293 2600 cnim
1313 2574 1385 2608 ipsos
1406 2575 1605 2607 subindicaret,
1625 2576 1770 2604 declaravit
1784 2576 1825 2604 Itis

1034 2619 1123 2647 verbis
1136 2627 1143 2645 :
1154 2619 1197 2646 3i.
1210 2619 1274 2646 Ideo
1285 2620 1342 2647 dico
1351 2620 1429 2654 vobis,
1441 2620 1521 2648 Omne
1531 2627 1660 2657 peccatum
1670 2627 1694 2649 et
1704 2623 1825 2658 blasphe-

1035 2665 1087 2691 mia
1104 2664 1243 2692 remittetur
1264 2665 1416 2693 hominibus.
1435 2666 1610 2702 Posteaquam
1624 2668 1695 2695 enim
1711 2676 1825 2703 respon-

1034 2710 1112 2737 derat
1126 2715 1153 2737 et
1172 2710 1348 2745 objectionetn
1374 2712 1507 2746 solverat,
1524 2713 1731 2748 ostenderatque
1751 2714 1825 2748 ursos

1034 2755 1132 2783 frustra
1143 2756 1403 2792 impudenteragere,
1416 2758 1522 2786 demum
1532 2759 1739 2787 terret.Consilii
1751 2761 1822 2787 enim

1033 2806 1061 2829 et
1082 2803 1257 2830 correctionis
1280 2803 1338 2830 lia-c
1360 2811 1412 2831 non
1434 2805 1584 2839 spernenda
1608 2813 1679 2840 pars.
1693 2811 1743 2838 est,
1768 2814 1823 2834 non

1034 2847 1113 2876 tnodo
1126 2848 1237 2883 objectis
1259 2849 1421 2883 respondere
1434 2854 1462 2878 et
1484 2851 1655 2886 persuadere,
1670 2851 1718 2880 sed
1741 2851 1824 2880 etiam

1065 2905 1072 2920 '
1086 2906 1144 2940 Alii,
1155 2905 1196 2933 illo
1204 2912 1250 2932 non
1259 2909 1343 2932 vincto.
