2068 3132
214 103 272 132 θείς)

217 161 394 192 comminari.
410 159 480 195 quod
495 159 541 188 ille
554 159 712 195 plerumque
733 158 797 186 facit
809 158 872 186 dum
891 157 963 193 leges
981 160 1009 184 et

218 207 328 235 consilia
342 205 453 242 profert.

255 253 311 286 Quo
321 260 395 279 sensu
405 250 562 286 blasphemia
571 250 685 286 Spiritus
694 259 745 278 non
756 250 907 277 remittatur.
917 263 952 268 —
962 247 1009 275 Vi-

216 299 296 327 detur
308 303 397 325 autem
418 297 445 325 id
458 297 530 332 quod
550 296 650 324 dictum
671 301 712 324 est
726 297 869 324 obscurum
891 302 950 322 esse
964 303 971 321 :
986 294 1009 321 si

218 352 283 372 vero
305 344 486 377 attendamus,
508 343 593 370 facilis
614 343 665 370 erit
688 342 797 370 solutio.
819 342 909 369 Primo
930 341 1010 375 igitur

218 391 278 425 ejus
288 395 352 418 sunt
362 389 495 417 audienda
508 389 590 416 verba
605 398 612 417 :
625 388 706 415 Omne
718 393 848 423 peccatum
860 393 883 414 et
891 387 1009 422 blasphe-

214 437 270 464 mia
282 436 421 463 remittetur
431 434 591 462 hominibus:
601 434 757 470 blasphemia
768 442 825 461 vero
837 433 949 467 Spiritus
959 440 1009 459 non

217 482 357 510 remittetur
369 482 414 509 eis.
429 481 474 509 52.
490 481 522 508 Et
535 481 686 516 quicumque
701 480 794 507 dixerit
808 479 908 506 verbum
922 484 1009 506 contra

217 529 317 556 Filium
335 529 461 561 hominis,
476 528 616 555 remittetur
627 528 649 554 ei
661 535 670 554 .'
681 527 831 562 quicumque
847 534 905 553 vero
918 526 1010 553 dixerit

217 580 308 602 contra
319 574 447 610 Spiritum
456 579 582 606 sanetum,
591 582 642 600 non
653 573 791 600 remittetur
802 573 825 600 ei
837 580 915 608 neque
925 572 952 598 in
963 572 1010 598 hoc

218 622 327 655 secieto,
344 629 422 656 neque
439 620 467 647 in
483 621 578 656 futuro.
593 619 661 653 Quid
683 619 734 646 sibi
757 619 813 646 vult
831 618 917 653 ergo?
929 617 1009 645 Multa

217 672 311 694 contra
327 673 370 693 me
383 665 488 693 dixistis
498 685 506 698 ,
521 664 691 692 seductorem
707 665 816 698 Deoque
827 663 1009 690 adversarium

216 712 342 740 vocastis.
356 711 419 739 Haec
429 711 504 739 vobis
517 710 708 746 pteniteutibus
718 710 837 742 remitto,
854 717 940 744 neque
953 716 1010 743 pte-

217 766 267 786 nas
279 762 392 793 expeto;
406 757 571 792 blasphemia
594 760 683 784 autem
703 756 817 791 Spiritus
839 763 893 782 non
916 755 1008 782 remit-

214 805 293 836 titur.
305 812 339 832 ne
354 803 543 839 pmnitentibus
555 802 673 838 quidem.
693 802 727 830 Et
746 809 796 838 qua
817 802 919 829 ratione
938 806 1009 829 stare

217 850 304 885 possit
323 849 385 877 illud
395 849 407 876 ?
417 849 484 877 Nam
496 853 523 876 et
537 848 589 876 hoc
607 852 744 883 peccatum
760 847 950 883 pcenitentibus
963 855 1009 874 re-

216 897 328 924 missum
348 895 408 923 fuit.
428 895 503 923 Multi
518 895 589 922 enim
606 902 710 927 eorum,
727 894 772 929 qui
795 893 854 920 talia
872 893 1008 925 dixerunt,

216 947 309 978 postca
319 942 500 975 crediderunt,
514 942 657 976 omniaque
667 941 730 975 ipsis
739 940 849 968 remissa
859 945 929 967 sunt.
940 939 1009 973 Quid

217 990 298 1024 igitur
315 989 360 1018 hic
376 988 456 1016 dicit?
473 986 576 1023 Nempe
601 987 654 1015 hoc
678 989 821 1022 peccatum
849 994 905 1022 pra:
923 986 1009 1012 omni-

217 1034 269 1061 bus
283 1035 359 1062 venia
370 1040 474 1061 carere.
489 1034 545 1068 Qua
557 1032 590 1059 de
598 1032 694 1059 causa?
703 1031 769 1065 Quia
779 1031 838 1066 quis
846 1035 917 1059 esset
931 1031 1008 1058 Chri-

217 1087 276 1110 stus
290 1082 446 1118 ignorabant
458 1091 465 1109 :
488 1081 603 1116 Spiritus
614 1088 677 1108 vero
690 1086 878 1116 congruentem
890 1081 944 1116 jam
957 1089 1007 1108 no-

214 1128 301 1155 titiam
313 1131 480 1163 acceperant.
492 1127 627 1163 Siquidem
637 1135 686 1162 per
696 1135 757 1154 emn
771 1128 907 1162 proinheta:
917 1128 1008 1163 loque~

217 1175 324 1208 bantur,
338 1179 365 1202 et
378 1175 403 1201 in
415 1174 499 1202 veteri
513 1174 571 1209 lege
583 1181 677 1201 omnes
688 1174 770 1201 multa
779 1173 812 1201 de
825 1174 883 1208 ipso
895 1181 1006 1209 accepe-

216 1223 278 1247 rant
292 1220 461 1248 documenta.
475 1219 531 1247 Hoc
549 1220 628 1256 igitur
637 1220 693 1247 vult
706 1220 795 1247 dicere
808 1227 815 1247 :
836 1220 910 1253 Esto,
926 1220 950 1247 in
963 1228 1007 1248 me

216 1272 326 1303 propter
334 1273 498 1302 assumptam
509 1275 616 1295 carnem
628 1267 777 1295 olienditis:
788 1276 850 1295 num
860 1269 939 1295 etiam
948 1268 1008 1303 Spi-

216 1313 298 1340 ritum
312 1318 432 1340 sanctum
448 1321 495 1340 vos
508 1321 561 1340 non
580 1314 686 1340 novisse
699 1313 795 1340 dicturi
810 1313 892 1341 estis?
906 1314 1007 1341 Idcirco

216 1359 295 1394 hujus
307 1359 480 1393 blasphemia:
494 1359 570 1387 venia
585 1366 637 1386 nou
655 1359 761 1387 dabitur
772 1359 848 1387 vobis
862 1368 869 1386 :
886 1365 912 1388 et
925 1360 968 1387 hic
979 1365 1007 1388 et

215 1404 269 1432 illic
285 1413 377 1440 ptenas
391 1405 499 1433 dabitis.
514 1405 588 1432 Multi
609 1405 717 1441 quidem
737 1405 781 1433 hic
796 1410 897 1433 tantum
913 1413 1006 1441 pmnas

215 1449 357 1483 dederunt,
373 1455 402 1478 ut
416 1450 461 1477 ille
475 1451 520 1486 qui
537 1450 683 1478 fornicatus
696 1455 764 1483 erat,
775 1455 806 1478 ut
825 1451 894 1486 apud
910 1452 1005 1479 Corin-

214 1496 286 1524 Ihios
299 1497 315 1525 ii
328 1497 372 1536 qui
393 1497 500 1531 indigne
525 1497 711 1532 mysteriorum
737 1503 877 1525 consortes
900 1497 1006 1526 fuerant

213 1546 251 1582 (Ξ.
262 1547 320 1576 Cor.
331 1549 358 1575 2.
370 1552 393 1575 et
404 1548 428 1575 1.
440 1544 497 1575 Cor.
506 1545 515 1574 ς
524 1543 548 1582 1)
559 1551 619 1575 :vos
626 1549 714 1573 autem
723 1549 748 1573 et
757 1545 799 1572 hic
808 1549 835 1573 et
850 1545 902 1574 illic
913 1553 1005 1581 pmnas

211 1593 319 1621 dabitis.
344 1593 522 1629 Quacumque
533 1601 597 1629 ergo
613 1599 706 1622 contra
726 1603 769 1622 me
788 1599 928 1630 antequam
943 1602 1004 1622 eru-

215 1640 338 1675 ciligerer
349 1641 562 1676 blaSphemastis,
576 1641 701 1670 remitto:
712 1642 766 1670 imo
774 1643 854 1670 etiam
864 1642 895 1669 iis
903 1642 946 1678 qui
960 1650 1004 1670 me

212 1685 388 1721 cruciﬁgent;
403 1694 490 1721 neque
514 1694 562 1722 pro
581 1686 768 1714 incredulitate
788 1687 844 1714 sola
865 1687 1003 1714 damnabi-

210 1731 287 1758 mini.
302 1731 396 1766 Neque
415 1733 487 1760 enim
509 1732 527 1759 ii
548 1732 593 1767 qui
609 1737 671 1760 ante
695 1722 800 1760 crucem
820 1732 1000 1767 crediderunt,

211 1777 317 1811 plenam
333 1777 412 1804 fidem
426 1777 577 1805 habebant:
590 1778 733 1812 multisque
748 1778 774 1805 in
787 1778 852 1806 locis
864 1778 1000 1812 admonet,

210 1830 245 1849 uc
255 1827 317 1850 ante
326 1823 477 1858 passionem
488 1824 549 1859 quis
560 1824 619 1859 ipse
634 1825 668 1851 sit
680 1825 833 1854 declarent:
845 1829 872 1852 et
883 1825 909 1851 in
922 1832 1000 1852 cruce

209 1869 324 1901 diccbat,
340 1874 369 1897 ut
381 1870 433 1897 illis
445 1870 497 1898 hoc
506 1875 645 1906 peccatum
656 1872 847 1899 remitteretur.
860 1872 924 1906 Qua:
934 1880 1000 1900 vero

209 1915 244 1942 de
257 1915 357 1950 Spiritu
377 1915 498 1948 dixistis,
515 1917 619 1944 veniam
641 1925 694 1944 non
719 1917 905 1952 impetrabunt.
924 1917 1000 1952 Quod

209 1967 300 1988 autem
314 1961 347 1989 de
361 1961 404 1995 iis,
416 1970 475 1998 quae
490 1968 552 1990 ante
563 1971 669 1990 crucem
685 1963 754 1990 dicta
768 1963 875 1997 fuerint,
890 1964 946 1992 lucc
959 1965 1000 1991 in-

206 2005 322 2041 telligat,
338 2006 364 2034 id
390 2006 509 2035 declarat
529 2015 590 2035 cum
605 2008 715 2043 adjicit:
732 2009 886 2045 Quicumque
906 2010 999 2038 dixerit

208 2051 311 2078 verbum
322 2056 412 2079 contra
424 2051 524 2080 Filium
535 2053 644 2081 hominis
652 2075 659 2086 ,
675 2055 813 2082 remittetur
823 2056 846 2083 ei
857 2065 867 2088 ;
880 2056 997 2091 quicum-

203 2103 254 2129 que
267 2101 350 2124 autem
364 2097 455 2125 dixerit
467 2104 554 2126 contra
568 2099 694 2135 Spiritum
708 2105 837 2134 sanetum,
854 2110 906 2129 non
920 2102 995 2130 item.

204 2141 312 2174 Quare?
331 2143 398 2177 Quia
419 2143 533 2178 Spiritus
557 2150 665 2173 sanctus
688 2151 767 2174 notus
790 2147 865 2175 vobis
885 2152 945 2181 est;
968 2152 996 2176 et

203 2192 298 2215 contra
308 2195 364 2216 rem
378 2189 544 2217 manifestam
558 2190 726 2225 impudenter
737 2192 823 2227 agitis.
839 2192 906 2220 Nam
919 2194 940 2220 si
951 2201 995 2222 me

203 2241 253 2260 vos
273 2234 397 2269 ignorare
415 2234 513 2269 dicitis,
539 2236 602 2263 illud
617 2241 690 2264 certe
711 2245 764 2265 non
787 2238 922 2273 ignoratis.
936 2239 993 2266 da:-

202 2287 298 2306 mouas
311 2280 409 2314 ejicere
424 2285 451 2308 et
468 2281 578 2309 morbos
592 2289 688 2310 curare
707 2283 823 2317 Spiritus
836 2284 921 2312 sancti
933 2292 993 2312 esse

200 2331 279 2358 opus.
291 2324 348 2352 Non
359 2332 424 2360 ergo
437 2333 480 2353 me
491 2330 592 2354 tantum
604 2328 765 2355 contumelia
779 2329 893 2362 afficitis,
905 2329 951 2358 sed
965 2333 992 2357 et

198 2369 327 2404 Spiritum
340 2376 471 2399 sanctum.
486 2372 653 2409 Quapropter
663 2379 690 2402 et
703 2375 745 2402 hic
757 2380 784 2403 et
796 2375 849 2403 illic
859 2377 918 2404 sine
937 2377 991 2404 ulla

199 2417 278 2443 venia
294 2425 387 2452 poenas
401 2418 509 2446 dabitis.
522 2420 588 2447 Nam
604 2429 638 2448 ex
653 2421 806 2449 hominibus
816 2423 860 2450 alii
872 2428 899 2450 et
912 2423 955 2451 hic
963 2428 991 2451 et

198 2462 254 2489 illic
267 2463 425 2498 supplicium
442 2464 534 2493 luunt:
550 2466 594 2493 alii
608 2467 651 2494 hic
665 2472 766 2495 tantum
776 2488 785 2500 ,
800 2469 844 2496 alii
861 2469 914 2497 illic
929 2473 988 2497 tan-

197 2514 274 2540 tum;
289 2510 333 2537 alii
346 2518 434 2546 neque
456 2511 500 2539 hic
514 2520 601 2547 neqtte
616 2513 669 2541 illic
685 2522 692 2540 :
709 2514 754 2542 hic
768 2519 796 2542 et
818 2515 873 2543 illic
889 2516 944 2550 alii,
959 2521 989 2544 ut

196 2554 235 2581 illi
251 2555 312 2589 ipsi.
326 2555 393 2583 Nam
405 2561 433 2584 et
444 2556 489 2584 hic
499 2557 630 2586 dederunt
640 2566 744 2594 pinnas,
755 2561 861 2595 quando
874 2562 900 2588 in
912 2561 987 2590 urbis

195 2601 301 2627 excidio
315 2601 493 2630 intolerabilia
510 2604 580 2638 passi
594 2609 675 2637 sunt;
690 2610 717 2632 et
728 2605 785 2633 illic
797 2607 986 2641 gravissimum

195 2645 353 2679 supplicium
363 2646 448 2680 luent,
460 2652 488 2674 ut
499 2649 653 2681 Sodomitze.
667 2654 696 2677 et
706 2650 751 2677 alii
761 2651 848 2678 multi.
859 2651 914 2680 Illic
922 2660 986 2680 vero

195 2695 308 2722 tantum,
322 2696 351 2718 ut
364 2692 440 2720 dives
455 2693 500 2720 ille
513 2694 557 2728 qui
573 2694 599 2722 in
612 2694 718 2722 ﬂamma
731 2697 865 2724 cruciatus
878 2705 911 2724 ne
926 2699 984 2725 stil-

195 2736 248 2763 lam
262 2737 369 2772 quidem
384 2745 461 2773 aquat
474 2738 576 2768 habuit.
592 2740 641 2768 Hic
654 2748 730 2773 vero,
747 2746 776 2768 ut
790 2742 835 2769 ille
847 2743 916 2777 apud
930 2743 984 2771 Co-

193 2782 319 2817 rinthios,
342 2783 387 2818 qui
401 2783 548 2813 fornicatus
565 2791 632 2814 erat.
648 2786 740 2821 Neque
754 2787 798 2814 hic
812 2795 899 2823 neque
914 2789 982 2821 illic,

194 2832 224 2856 ut
239 2829 366 2864 apostoli,
385 2834 413 2857 ut
428 2830 574 2867 prophetat,
591 2835 620 2860 ut
638 2831 732 2862 beatus
751 2832 801 2862 Job
817 2842 824 2862 :
839 2841 900 2862 nam
922 2842 981 2870 qua:

728 101 761 128 IN
778 99 982 129 MATTIIIEUM
1001 98 1116 127 HOMlL.
1132 99 1201 128 XLI.
1221 101 1256 128 al.
1276 101 1354 129 XLII.

1801 105 1854 135 ‘50

1063 156 1102 183 illi
1112 158 1182 192 paSsi
1191 161 1264 191 sunt,
1275 166 1328 186 non
1342 159 1500 194 supplicium
1510 164 1596 193 crant,
1608 160 1655 188 sed
1665 162 1811 190 certamina
1823 169 1852 191 et

1061 209 1165 238 pugnae.

1096 250 1123 277 4.
1141 251 1272 283 Quomodo
1286 251 1317 278 de
1324 251 1395 278 nobis
1403 251 1521 286 judicare
1531 260 1672 286 possumus.
1686 252 1853 286 Compunctio

1060 303 1119 323 vera
1130 305 1195 330 quie.
1206 312 1243 317 —
1255 298 1415 325 Studeamus
1429 305 1494 332 ergo
1515 303 1543 325 ut
1563 299 1589 325 in
1612 298 1706 326 eadem
1727 300 1852 334 portione

1060 342 1144 368 simus
1158 350 1165 368 :
1183 343 1204 369 si
1219 351 1271 370 non
1286 343 1392 377 horum,
1409 343 1502 371 saltem
1518 352 1611 372 eorum
1626 345 1670 379 qui
1685 345 1728 372 hic
1743 351 1851 380 peccata

1060 395 1107 414 sua
1125 389 1275 423 expiarunt.
1295 389 1360 416 Nam
1382 390 1500 416 terribile
1516 389 1578 416 illud
1598 390 1726 424 judicium
1748 396 1799 423 cst,
1823 396 1852 418 ct

1061 433 1216 461 inevitabile
1230 435 1389 470 supplicium
1411 435 1645 471 intolerabilesque
1664 444 1759 471 poenas.
1775 435 1852 470 Quod

1060 478 1082 506 si
1099 479 1166 507 nolis
1176 479 1220 507 hic
1233 488 1326 515 poenas
1337 480 1411 513 dare,
1427 481 1460 508 de
1474 481 1559 516 teipso
1569 481 1669 516 judica,
1684 489 1698 509 a
1715 482 1800 517 teipse
1809 489 1852 508 ra-

1060 524 1148 552 tiones
1168 531 1274 560 expete.
1296 527 1364 554 Audi
1384 527 1493 554 Paulum
1513 527 1646 556 dicentem
1662 537 1669 556 :
1687 528 1813 562 Quoniam
1828 529 1852 555 si

1060 572 1224 607 nosmetipsos
1247 573 1441 607 judicaremus,
1480 582 1531 601 non
1561 574 1646 608 utique
1675 575 1852 610 judicaremur

1062 616 1100 653 (t.
1115 617 1174 644 Cor.
1190 618 1232 644 Η.
1248 618 1303 654 51).
1318 619 1345 645 Si
1362 618 1387 645 id
1403 618 1506 650 feceris,
1520 619 1646 654 paulatim
1663 620 1848 655 progrediens,

1061 662 1094 689 ad
1110 670 1236 690 coronam
1259 663 1362 691 veuics.
1385 664 1418 691 Et
1432 665 1582 699 quomodo,
1599 665 1712 700 inquies,
1728 665 1761 692 de
1774 665 1851 693 nobis

1058 708 1253 743 judicabimus,
1276 714 1302 737 et
1324 717 1340 736 a
1362 710 1439 738 nobis
1461 711 1577 738 rationes
1600 712 1774 746 expetemus?
1798 711 1850 740 Lu-

1059 761 1107 789 ge,
1132 754 1227 781 acerbe
1248 755 1409 790 ingemisce,
1435 757 1549 791 teipsum
1574 757 1684 785 humilia
1704 763 1731 786 et
1750 758 1849 794 aifIige,

1060 800 1200 828 recordare
1220 806 1389 835 peccatorum
1413 806 1519 830 tuorum
1538 804 1686 838 speciatim.
1706 804 1764 832 Non
1785 813 1850 840 par-

1059 854 1108 873 vus
1131 852 1173 874 est
1196 847 1239 874 hic
1263 848 1396 875 cruciatus
1419 849 1510 876 animi.
1536 849 1564 877 Si
1587 850 1646 885 quis
1669 851 1696 878 in
1720 858 1850 886 compun-

1059 894 1148 921 ctione
1179 894 1244 927 fuit,
1275 895 1349 922 novit
1375 895 1493 922 animum
1525 895 1574 922 hac
1601 897 1717 924 maxime
1747 897 1850 925 ratione

1059 939 1182 966 cruciari.
1206 939 1233 967 Si
1255 940 1315 975 quis
1338 945 1447 975 peccata
1470 941 1496 968 in
1520 942 1677 969 memoriam
1699 943 1849 976 revocavit,

1060 987 1134 1013 novit
1167 986 1286 1014 dolorem
1319 987 1364 1021 qui
1395 987 1456 1014 inde
1487 987 1659 1022 concipitur:
1680 988 1849 1024 Quapropter

1060 1031 1213 1066 Imjusmodi
1235 1032 1399 1067 pteniteutia:
1420 1033 1489 1060 Deus
1508 1033 1638 1068 justitiam
1661 1034 1688 1061 in
1709 1035 1848 1070 praemium

1058 1079 1213 1112 constituit,
1239 1079 1357 1108 dicens:
1386 1079 1436 1106 Dic
1460 1085 1486 1106 tu
1514 1081 1585 1116 prior
1603 1088 1706 1115 peccata
1729 1086 1794 1116 tua,
1821 1087 1848 1109 ut

1054 1124 1202 1158 justiﬁceris
1222 1124 1298 1159 (Isai.
1320 1126 1364 1153 45.
1387 1125 1450 1160 26).
1473 1125 1530 1153 Non
1556 1127 1627 1159 enim
1647 1132 1708 1161 est,
1732 1135 1784 1155 non
1808 1133 1849 1156 est

1059 1172 1150 1205 utique
1173 1179 1252 1206 parva
1277 1172 1310 1199 ad
1333 1172 1547 1200 emendationem
1575 1174 1663 1206 ratio,
1690 1174 1712 1201 si
1739 1180 1847 1209 peccata

1058 1217 1145 1244 omnia
1176 1217 1321 1244 secundmn
1347 1219 1463 1252 speciem
1483 1219 1595 1246 collecta
1621 1220 1648 1246 in
1673 1220 1763 1247 animo
1787 1229 1848 1248 vcr-

1058 1269 1102 1290 ses
1114 1266 1140 1289 et
1155 1263 1255 1290 volvas.
1274 1263 1339 1290 Nam
1353 1264 1397 1298 qui
1411 1264 1462 1291 hoc
1473 1265 1544 1297 facit,
1559 1265 1594 1292 ita
1606 1271 1808 1300 compungetur,
1820 1272 1848 1293 ut

1058 1316 1092 1337 ne
1105 1309 1158 1336 vita
1171 1309 1276 1344 quidem
1292 1317 1321 1337 se
1335 1310 1442 1344 dignum
1459 1310 1602 1338 existimet.
1621 1311 1672 1344 Qui
1693 1315 1781 1339 autem
1798 1311 1848 1340 hoc

1057 1356 1192 1384 existimat
1203 1376 1211 1388 ,
1226 1363 1287 1383 cera
1303 1356 1409 1383 tnollior
1423 1355 1527 1383 evadet.
1542 1355 1581 1383 Ne
1592 1356 1656 1383 mihi
1669 1357 1753 1384 solum
1768 1356 1847 1384 dixe-

1057 1402 1094 1429 ris
1108 1401 1314 1434 fornicationes,
1331 1401 1372 1429 vel
1387 1401 1516 1429 adulteria
1532 1405 1560 1430 et
1573 1402 1680 1435 similia,
1698 1411 1784 1438 neque
1795 1404 1847 1431 alia

1056 1455 1115 1483 qum
1128 1448 1217 1483 gravia
1232 1455 1291 1475 esse
1304 1448 1374 1483 apud
1389 1455 1485 1475 omnes
1501 1447 1527 1474 in
1540 1448 1662 1475 confesso
1675 1453 1735 1482 est;
1755 1457 1846 1477 verum

1052 1493 1135 1535 etiam
1150 1494 1263 1521 latentes
1275 1494 1395 1525 insidias,
1409 1493 1568 1526 calumnias,
1582 1494 1732 1527 maledicta,
1747 1503 1843 1524 vanam

1055 1538 1186 1573 gloriam,
1206 1539 1331 1566 Invidiam
1344 1559 1351 1571 ,
1375 1543 1526 1574 caeteraque
1549 1539 1637 1567 omnia
1658 1541 1762 1576 collige.
1784 1542 1845 1570 llaec

1053 1586 1152 1622 quippe
1166 1594 1220 1615 non
1236 1593 1317 1622 parvo
1329 1587 1459 1622 supplicio
1472 1585 1635 1623 plectemur:
1647 1593 1706 1611 nam
1714 1587 1843 1613 convicia.

1055 1638 1098 1661 tor
1111 1634 1136 1663 iu
1152 1634 1302 1668 gehennam
1317 1633 1425 1666 incidet,
1440 1633 1615 1668 ebriosusque
1629 1633 1693 1660 nihil
1704 1640 1848 1662 commune

1053 1679 1205 1707 habetcum
1221 1688 1314 1715 regno,
1326 1684 1352 1707 et
1365 1681 1408 1715 qui
1424 1687 1478 1707 non
1493 1684 1564 1707 amat
1578 1680 1738 1714 proximum,
1751 1680 1790 1708 sic
1803 1682 1842 1708 of-

1053 1725 1137 1753 fcndit
1149 1725 1242 1757 Deum,
1255 1731 1282 1753 ut
1297 1733 1383 1761 neque
1396 1726 1525 1762 martyrio
1541 1726 1659 1761 juvetur.
1673 1726 1706 1753 Et
1719 1727 1763 1761 qui
1780 1733 1843 1761 pro-

1052 1773 1166 1807 pinquos
1179 1772 1300 1807 negligit,
1315 1771 1393 1799 fidem
1405 1776 1493 1807 negat,
1508 1777 1535 1800 et
1546 1772 1591 1807 qui
1609 1779 1740 1807 pauperes
1752 1772 1843 1807 despi-

1052 1819 1105 1851 cit,
1118 1818 1144 1844 in
1160 1818 1247 1853 ignem
1261 1818 1383 1844 mittitur.
1396 1816 1435 1845 Ne
1451 1825 1530 1852 parva
1545 1825 1609 1852 ergo
1621 1817 1666 1845 illa
1681 1821 1759 1852 putes
1769 1839 1777 1851 ,
1793 1817 1842 1845 sed

1051 1864 1139 1890 omnia
1155 1864 1260 1898 collige.
1275 1868 1302 1891 et
1315 1863 1389 1898 quasi
1403 1863 1429 1890 in
1444 1863 1512 1890 libro
1524 1863 1622 1890 scribe.
1631 1863 1696 1890 Nam
1706 1864 1728 1891 si
1738 1868 1765 1890 tu
1778 1863 1843 1891 seri.

1051 1909 1147 1944 pseris,
1160 1909 1230 1936 Deus
1241 1909 1358 1941 delebit;
1369 1913 1460 1936 contra
1474 1909 1496 1936 si
1510 1912 1536 1936 tu
1547 1916 1598 1936 non
1609 1910 1759 1944 scripseris,
1772 1910 1841 1938 Deus

1050 1955 1093 1982 illa
1104 1955 1246 1987 describet,
1263 1962 1407 1990 poenasque
1420 1959 1531 1990 repetet.
1547 1955 1637 1990 Longe
1654 1963 1733 1990 porro
1746 1956 1841 1984 melius

1049 2005 1092 2028 est
1105 2005 1133 2027 ut
1147 2000 1204 2028 haec
1217 2007 1232 2027 a
1245 2001 1324 2028 nobis
1336 2001 1487 2028 scribantur
1497 2022 1505 2034 ,
1517 2005 1544 2028 et
1554 2001 1580 2028 in
1594 2002 1668 2029 cazlis
1679 2001 1820 2030 deleantur
1829 2024 1838 2036 ,

1048 2054 1127 2082 quam
1142 2048 1164 2074 si
1188 2047 1265 2074 nobis
1279 2046 1473 2074 occultantibus
1485 2067 1492 2080 ,
1517 2047 1586 2074 Deus
1600 2047 1627 2074 in
1647 2047 1694 2074 illo
1714 2048 1758 2075 die
1775 2052 1839 2076 ante

1047 2092 1138 2120 oculos
1152 2097 1257 2119 nostros
1267 2100 1296 2119 ea
1310 2091 1421 2119 deferat.
1432 2091 1471 2120 Ne
1484 2092 1563 2127 igitur
1574 2092 1624 2119 hoc
1634 2091 1747 2126 accidat,
1759 2100 1838 2120 accu-

1046 2142 1104 2165 rate
1118 2138 1206 2165 omnia
1221 2137 1387 2172 colligamus,
1404 2141 1431 2165 et
1443 2144 1492 2164 nos
1506 2137 1649 2165 multorum
1664 2145 1725 2165 reos
1738 2137 1836 2172 depre-

1046 2184 1204 2212 hendemus.
1225 2183 1290 2217 Quis
1309 2184 1381 2211 enim
1402 2184 1436 2210 ab
1456 2183 1567 2211 avaritia
1590 2183 1705 2211 mundus
1722 2184 1784 2212 est?
1798 2184 1837 2213 Ne

1045 2230 1109 2256 mihi
1124 2229 1194 2256 enim
1207 2230 1316 2260 dixeris,
1332 2234 1358 2256 te
1374 2228 1545 2256 mediocriter
1557 2236 1665 2256 avarum
1679 2236 1757 2257 esse:
1772 2236 1834 2257 nam

1044 2282 1093 2309 pro
1106 2274 1210 2301 modico
1225 2274 1303 2301 etiam
1318 2281 1411 2308 pcenas
1422 2273 1556 2302 dabimus.
1570 2274 1632 2301 Haec
1641 2275 1738 2310 cogita,
1750 2279 1778 2302 et
1786 2283 1835 2310 age

1042 2320 1236 2355 penitentiam.
1248 2319 1314 2354 Quis
1326 2327 1378 2347 non
1389 2327 1451 2347 reus
1461 2320 1540 2347 illata:
1551 2320 1772 2348 contumeliaetet
1783 2320 1834 2348 hoc

1042 2367 1121 2393 etiam
1142 2366 1168 2394 in
1193 2367 1342 2401 gehennam
1367 2366 1486 2400 conjicit.
1510 2366 1575 2400 Quis
1596 2373 1649 2393 non
1677 2367 1780 2395 occulte
1798 2367 1833 2394 de

1042 2413 1163 2446 proximo
1177 2412 1246 2439 male
1269 2411 1355 2438 dixit?
1369 2416 1397 2438 et
1420 2411 1472 2439 hoc
1486 2411 1566 2439 etiam
1581 2419 1597 2438 a
1612 2419 1695 2447 regno
1715 2412 1796 2448 exigit
1810 2413 1830 2440 ’.

1040 2458 1105 2490 Quis
1120 2457 1243 2491 superbia
1259 2465 1310 2483 non
1327 2457 1472 2484 intumuit?
1496 2456 1544 2484 Hic
1559 2464 1623 2484 vero
1644 2457 1762 2485 omnium
1781 2458 1828 2485 im-

1039 2503 1230 2531 mundissimus
1244 2507 1295 2532 est.
1309 2503 1373 2537 Quis
1388 2503 1528 2539 impudicis
1541 2504 1626 2532 oculis
1641 2512 1693 2531 non
1709 2504 1830 2539 aspexit?

1038 2551 1087 2578 IIic
1102 2558 1182 2586 porro
1198 2550 1320 2578 mtechus
1333 2551 1443 2578 omnino
1457 2555 1508 2578 est.
1524 2550 1589 2584 Quis
1605 2557 1658 2578 non
1679 2550 1737 2577 sine
1748 2558 1829 2578 causa

1036 2597 1111 2625 fratri
1123 2605 1172 2625 suo
1185 2597 1268 2625 iratus
1280 2597 1345 2625 est?
1360 2596 1408 2624 Hic
1421 2604 1486 2624 vero
1498 2604 1560 2624 reus
1571 2601 1611 2624 est
1624 2596 1747 2624 concilio.
1762 2597 1828 2630 Quis

1037 2651 1090 2671 non
1101 2643 1219 2677 juravit?
1235 2643 1291 2670 Hoc
1308 2647 1397 2670 autem
1420 2650 1436 2670 a
1456 2642 1527 2670 malo
1539 2647 1590 2670 est.
1602 2642 1667 2676 Quis
1681 2650 1734 2671 non
1750 2643 1827 2677 pejc-

1036 2689 1125 2716 ravit?
1139 2689 1187 2716 Iiic
1202 2696 1282 2724 porro
1292 2688 1351 2723 plus
1366 2695 1445 2723 quam
1458 2695 1473 2715 a
1486 2688 1556 2715 malo
1565 2692 1616 2715 est.
1626 2688 1692 2721 Quis
1706 2695 1759 2715 non
1773 2696 1827 2715 scr-

1037 2736 1100 2762 vivit
1120 2734 1272 2762 mamonae?
1285 2734 1334 2762 Hic
1352 2741 1416 2762 vero
1432 2741 1447 2760 a
1460 2733 1563 2762 sincera
1579 2733 1676 2761 Christi
1697 2735 1825 2761 servitute

1035 2781 1143 2809 excidit.
1160 2780 1219 2808 Alia
1240 2780 1282 2807 his
1303 2780 1404 2815 majora
1425 2779 1545 2814 proferre
1559 2786 1665 2814 possem
1679 2786 1687 2806 :
1703 2778 1751 2806 sed
1766 2778 1824 2806 hate

1068 2838 1076 2854 ί
1094 2841 1184 2869 Ha:c,et
1193 2837 1237 2863 hoc
1248 2837 1321 2863 etiam
1331 2844 1346 2862 a
1357 2843 1430 2869 regno
1440 2835 1524 2868 exigit,
1535 2836 1560 2861 iu
1570 2835 1647 2861 tribus
1657 2838 1710 2860 Mss.
1721 2834 1825 2860 desunt.
