2068 3132
169 161 224 190 355

169 225 260 248 autem
281 224 429 252 memorat,
446 226 568 254 magnam
592 220 696 254 copiam
720 219 850 248 indicans.
864 220 964 248 Deinde

168 274 264 294 rursus
278 273 403 301 magnum
418 266 517 293 excitat
533 264 666 292 titnorem.
682 265 721 293 Ne
736 266 844 300 putetis,
861 266 963 300 inquit,

168 320 225 339 non
239 312 308 339 ultra
323 311 442 346 procedi,
458 311 537 346 inque
552 310 612 338 facti
628 310 851 338 condemuatione
865 310 963 338 sisten-

167 357 233 385 dum
257 365 317 385 esse
339 358 493 393 negotium:
519 365 579 384 nam
603 361 736 384 extremas
754 357 855 385 dabunt
871 365 964 393 pmnas

167 408 300 438 quotquot
324 404 385 430 talia
408 403 598 437 perpetrarint.
614 403 704 437 Neque
718 403 802 436 dixit,
818 403 891 435 Vos;
907 409 963 430 tum

168 455 198 476 ut
212 457 305 477 omnes
319 449 447 483 erudiret,
458 453 512 476 tum
524 457 558 477 ne
570 450 710 477 onerosior
721 457 810 477 sermo
820 455 902 477 esset.
916 450 961 478 56.

167 496 235 523 Dico
248 501 331 524 autent
341 496 419 529 vobis,
429 496 546 531 quoniam
557 504 629 522 omne
641 496 744 523 verbum
757 497 873 528 otiosum,
886 496 964 531 quod-

167 550 276 578 cumque
301 543 433 576 loquentur
447 543 559 569 homines
568 563 576 575 ,
590 542 684 569 dabunt
694 543 726 570 de
742 543 787 570 illo
801 543 924 570 rationem
936 543 963 571 in

167 588 211 615 die
223 588 327 623 judicii.
346 588 466 616 Otiosum
487 593 585 622 autem,
597 588 667 623 quod
682 589 719 616 rei
739 597 792 616 non
815 589 958 620 convenit.

167 634 296 668 mendax,
310 634 511 668 sycophantiam
523 635 662 662 continens
675 642 682 666 ;
698 635 750 662 imo
766 635 854 667 inane,
868 635 962 669 utqui—

166 681 229 707 dam
244 680 345 713 dicunt,
360 681 429 715 quod
445 680 580 716 profusum
595 682 677 707 risum
689 686 805 714 moveat,
818 681 858 709 vel
873 687 959 716 turpe,

167 727 320 761 impudens,
333 727 472 754 illiberale.
489 727 533 754 57.
551 726 591 753 Eat
603 727 684 754 verbis
698 727 763 754 enini
777 728 825 754 tuis
832 727 961 762 justi/ica-

166 774 244 807 bcris,
258 779 281 800 ει
293 782 324 801 ea:
337 774 416 801 verbis
429 774 477 800 luis
487 773 701 801 condemnaberis.
716 774 808 801 Videu'
823 782 875 801 non
898 781 959 801 mo-

167 820 263 848 lestum
277 820 417 855 judicium,
432 820 556 855 levesque
573 821 683 855 poenas?
698 821 788 856 Neque
798 821 869 848 enim
881 829 914 848 ex
928 821 960 848 iis

165 875 226 901 quae
244 867 313 894 alius
327 867 360 894 de
378 871 404 894 te
418 866 503 899 dixit,
520 866 567 893 sed
591 874 622 893 ex
639 867 670 893 iis
685 874 744 901 qua:
765 867 821 902 ipse
835 867 959 902 loquutus

164 920 212 945 es,
227 913 310 948 judex
325 912 456 940 calculum
471 912 554 945 feret;
571 912 640 947 quod
663 913 780 940 omnium
795 913 959 947 estjustissi-

165 967 252 986 mum.
268 959 308 986 Tu
321 959 391 986 enim
405 963 432 986 et
445 958 550 986 dicendi
562 964 593 998 et
605 967 657 986 non
680 959 784 987 dicendi
799 964 958 995 potestatem

165 1005 259 1033 habes.
271 1005 328 1032 Non
344 1005 423 1040 igitur
435 1012 483 1033 eos
496 1006 540 1041 qui
555 1005 698 1032 calumniis
720 1006 883 1040 impetuntur
897 1007 958 1041 angi

163 1056 192 1079 et
207 1051 301 1079 timere
315 1059 361 1087 par
381 1055 441 1083 est,
457 1051 503 1078 sed
521 1059 568 1079 eos
581 1051 626 1086 qui
648 1051 852 1078 calumniantur.
867 1051 958 1087 Neque

163 1099 236 1125 enim
252 1098 288 1125 illi
303 1102 434 1132 coguntur
445 1105 504 1126 sese
517 1105 640 1132 purgare,
650 1097 720 1132 quod
731 1097 800 1124 male
810 1097 956 1131 audierint;

163 1143 212 1170 sed
228 1143 265 1175 hi,
281 1143 351 1178 quod
364 1143 432 1170 male
444 1143 575 1170 dixerint:
590 1143 708 1178 ipsisque
719 1151 799 1170 omne
812 1143 956 1177 periculum

163 1189 297 1216 imminet.
311 1188 399 1222 Quare
413 1196 459 1215 eos
479 1189 525 1223 qui
541 1189 610 1216 male
630 1188 764 1216 audierint
785 1188 849 1215 nihil
864 1196 957 1216 curare

161 1239 288 1269 oportet:
307 1242 392 1269 neque
407 1235 477 1262 enim
495 1242 589 1270 pmnas
612 1230 713 1262 dabunt
738 1242 787 1270 pro
808 1234 957 1262 maledictis

161 1282 295 1313 aliorum;
311 1288 357 1308 eos
371 1285 459 1308 autent
473 1282 517 1316 qui
532 1281 719 1309 maledixerint
733 1281 827 1308 anxios
839 1288 899 1308 csse
911 1288 958 1315 par

161 1331 205 1353 est
219 1333 246 1354 et
262 1331 392 1358 tremere,
406 1331 498 1361 utpote
512 1327 537 1353 in
548 1326 675 1361 judicium
692 1327 742 1354 hac
758 1327 791 1354 de
806 1334 835 1354 re
849 1327 957 1354 trahen-

162 1372 222 1400 dus.
238 1372 304 1399 Nam
317 1372 466 1399 diabolicus
479 1377 520 1400 est
534 1373 643 1408 laqueus
656 1378 793 1408 peccatum
808 1374 868 1400 illud
884 1374 955 1409 quod

161 1418 261 1445 nullam
277 1418 355 1445 habet
370 1418 530 1453 voluptatem
541 1439 548 1451 ,
564 1419 611 1446 sed
634 1418 801 1446 solummodo
819 1419 955 1449 damnum.

161 1464 229 1491 Nam
247 1459 305 1491 talis
320 1465 399 1490 homo
412 1464 508 1490 malum
524 1465 549 1491 in
565 1464 654 1491 animo
670 1464 822 1492 thesaurum
835 1465 953 1500 deponit.

160 1510 190 1536 Si
208 1517 273 1536 vero
288 1510 312 1536 is
331 1509 374 1544 qui
389 1516 500 1545 pravum
517 1509 597 1537 habet
617 1509 756 1537 humorem
769 1531 776 1542 ,
794 1510 819 1537 in
833 1512 954 1539 morbum

159 1557 219 1591 ipse
235 1555 327 1583 incidit
339 1576 346 1587 ,
362 1555 445 1582 multo
460 1556 543 1591 magis
559 1556 602 1583 ille
616 1557 660 1591 qui
677 1556 728 1583 hilo
741 1556 870 1584 acriorem
886 1557 911 1584 in
925 1565 955 1585 se

158 1602 306 1637 nequitiam
320 1602 490 1634 thesaurizat,
505 1607 624 1630 extrema
636 1602 760 1637 patietur.
769 1603 830 1638 quia
845 1610 954 1638 gravem

158 1648 211 1675 sibi
237 1648 359 1675 morbum
382 1649 493 1683 paravit.
516 1648 595 1683 quue
619 1648 787 1675 manifestum
808 1653 848 1675 est
869 1656 901 1675 ex
921 1649 954 1676 iis

159 1703 222 1729 qua:
238 1695 294 1730 ipse
307 1684 428 1722 eructat;
440 1695 506 1722 Nam
521 1695 543 1722 si
562 1695 630 1722 alios
655 1699 727 1722 tanto
748 1695 840 1723 dolore
854 1695 952 1729 afficit,

157 1741 244 1767 multo
258 1741 340 1776 magis
354 1741 468 1768 animam
485 1749 560 1769 suam
576 1741 621 1768 illa
635 1742 793 1776 parientem.
816 1743 865 1776 Qui
880 1742 951 1770 enim

157 1786 270 1813 insidias
282 1791 367 1822 parat,
384 1788 500 1822 seipsum
511 1787 626 1822 primum
636 1788 748 1814 occidit:
767 1787 898 1822 siquidem
908 1788 953 1822 qui

157 1833 247 1868 ignem
299 1835 396 1867 calcat,
432 1834 548 1869 scipsum
564 1833 695 1861 comburit
709 1842 716 1866 ;
731 1838 757 1861 et
767 1834 811 1869 qui
826 1834 952 1861 adaman-

158 1882 213 1905 tem
229 1878 350 1912 percutit,
364 1878 413 1905 sibi
428 1879 476 1913 ipsi
493 1884 679 1907 nocumentum
691 1880 758 1914 parit
770 1889 777 1912 ;
791 1887 822 1907 ac
834 1880 876 1915 qui
888 1887 952 1907 con-

157 1929 199 1951 tra
215 1924 350 1951 stimulum
366 1924 496 1957 calcitrat,
511 1924 629 1959 seipsum
642 1929 772 1952 cruentat.

193 1968 323 2005 Injuriam
341 1970 472 2005 inferentia
493 1970 570 1997 multo
592 1971 663 2006 pejor
682 1976 718 1997 est
738 1971 848 1998 conditio
869 1980 946 2006 quant

157 2015 286 2048 patientia.
299 2015 450 2042 —Etenim
465 2015 508 2050 qui
526 2016 604 2043 laesus
619 2017 722 2051 fortiter
742 2017 864 2052 injuriam
880 2018 950 2046 ferre

158 2061 243 2092 novit,
259 2061 281 2087 is
293 2065 334 2088 est
346 2061 467 2094 adamas,
488 2061 612 2088 stimulus
627 2066 653 2088 et
669 2062 735 2097 ignis
752 2072 758 2089 :
773 2064 817 2098 qui
832 2071 896 2090 vero
909 2064 950 2090 in-

154 2107 252 2142 juriam
268 2107 338 2135 ferre
353 2107 504 2139 meditatur,
516 2108 572 2135 luto
583 2108 741 2136 imbecillior
755 2113 805 2136 est.
816 2109 874 2137 Non
886 2117 949 2145 ergo

155 2154 254 2186 injuria
268 2153 339 2180 affici
361 2154 459 2181 malum
482 2159 534 2186 est.
555 2154 602 2182 sed
627 2155 749 2189 injuriam
766 2156 873 2187 inferre,
900 2164 950 2183 nec

155 2207 238 2234 posse
266 2198 389 2234 iojuriam
417 2199 497 2227 ferre.
520 2200 654 2233 Quantum
680 2201 760 2228 laesus
780 2206 822 2229 est
847 2201 949 2228 David?

154 2245 289 2279 Quantum
309 2246 378 2273 laesit
400 2245 483 2273 Sauli
506 2246 571 2280 Quis
594 2254 658 2282 ergo
679 2247 773 2274 fortior
795 2248 950 2282 beatiorque

155 2292 227 2319 fuit?
241 2293 300 2327 quis
323 2293 464 2320 miserior?
479 2293 572 2320 Nonne
591 2294 613 2321 is
636 2295 679 2328 qui
694 2294 782 2321 ltcsit?
801 2294 867 2322 Rem
885 2303 949 2322 vero

156 2338 303 2373 perpende.
320 2338 458 2366 Pollicitus
481 2344 522 2366 est
542 2339 606 2366 Saﬂl
630 2340 652 2367 si
673 2339 757 2366 David
772 2340 948 2375 alienigenam

153 2385 284 2418 vinceret,
304 2393 334 2414 se
349 2386 434 2420 ipsum
451 2386 477 2413 in
496 2393 623 2421 generum
643 2392 851 2421 assumpturum,
871 2395 902 2414 ac
915 2387 948 2414 fi-

153 2432 219 2459 liam
241 2440 317 2460 suam
346 2433 382 2460 illi
411 2432 588 2460 libentissime
610 2433 733 2460 daturum
763 2434 810 2468 (i.
827 2434 945 2469 Reg.17.

153 2483 178 2506 el
193 2478 249 2513 I8).
267 2479 449 2513 Alienigenam
465 2479 509 2505 ille
522 2478 620 2506 occidit
637 2479 718 2506 :Saul
727 2487 790 2506 vero
803 2485 877 2514 pacta
888 2480 946 2506 vio-

153 2526 238 2554 lavit:
252 2533 302 2552 nec
312 2525 392 2553 modo
404 2533 457 2552 non
470 2525 543 2552 dedit
559 2525 639 2552 filiam
650 2524 698 2562 (a),
711 2525 757 2553 sed
774 2533 867 2553 necem
880 2534 947 2561 quo-

151 2580 206 2607 que
228 2572 278 2607 ipsi
299 2571 510 2599 machinahatur.
532 2571 597 2605 Quis
619 2579 683 2606 ergo
697 2571 860 2606 splendidior
880 2571 946 2599 fuit?

152 2618 250 2645 Annon
265 2617 310 2644 ille
323 2624 438 2645 maerore
452 2617 533 2644 animi
554 2621 582 2644 et
594 2624 677 2652 pravo
689 2616 811 2644 daemone
832 2616 947 2644 suffoca-

151 2663 243 2696 batur,
266 2663 310 2690 hic
327 2670 392 2690 vero
408 2663 516 2698 tropatis
536 2667 563 2690 et
577 2663 660 2698 gratia
682 2663 770 2690 divina
786 2663 845 2698 plus
866 2671 946 2699 quam

184 2783 221 2814 (α)
238 2784 307 2815 Atqui
317 2783 388 2808 dedit
394 2783 477 2809 Michol
489 2783 560 2808 filiam
570 2790 638 2808 suam
649 2785 674 2808 in
683 2785 822 2815 conjugem.
831 2783 877 2808 sed
887 2787 946 2815 puto

151 2814 352 2846 Citrysostomum
358 2814 398 2840 hic
407 2822 451 2846 pro
462 2822 509 2839 non
519 2815 574 2846 data
584 2815 677 2839 habere
694 2814 822 2846 eam,’guze
832 2814 946 2840 simulate

152 2845 247 2870 tantum
267 2845 324 2871 data
341 2845 395 2876 fuit,
408 2845 440 2870 ’ut.
454 2845 500 2870 hoc
517 2845 620 2870 allectus
632 2845 753 2871 beneficio
763 2845 840 2870 David
853 2846 946 2872 facilius

151 2877 460 2906 obtruncaretur.-—Vide
471 2880 558 2905 Adnot.
571 2879 650 2905 ll‘ield.
663 2880 693 2905 ad
703 2886 761 2912 pag.
775 2879 830 2903 454.

651 160 683 189 IN
703 161 906 191 MATTHIEUM
927 162 1041 191 IIOIIIL.
1064 164 1143 192 XLII.
1163 166 1199 193 al.
1221 166 1311 194 XLIII.

1759 172 1808 200 454

1018 221 1058 249 sol
1069 222 1227 257 splendebat
1235 224 1247 250 ?
1256 224 1358 252 Rursus
1369 224 1439 252 circa
1451 225 1590 254 mulierum
1600 226 1709 254 chorum
1722 236 1810 257 nonne

1017 266 1063 294 ille
1083 268 1181 296 invidia
1195 269 1399 303 praefocabatur,
1422 270 1465 297 hic
1487 271 1593 298 silentio
1607 272 1695 300 ferens
1708 274 1808 307 omnia,

1015 319 1110 340 omnes
1124 315 1242 346 attraxit,
1258 315 1362 350 sibique
1372 316 1528 349 conjunxit?
1542 317 1608 344 Cum
1622 323 1710 346 autem
1728 319 1809 348 David

1016 357 1090 386 illum
1105 367 1158 394 pne
1173 361 1295 389 manibus
1308 361 1520 397 hahuit,ipsique
1533 364 1662 398 pepercit,
1676 366 1734 399 quis
1748 374 1808 393 rur—

1016 411 1074 431 sum
1089 405 1181 432 beatus
1195 412 1263 438 erat,
1284 408 1344 442 quis
1359 407 1458 435 miser?
1472 409 1532 442 quis
1553 409 1730 437 imbecillior?
1749 412 1808 446 quis

1016 449 1126 477 fortior?
1134 450 1227 479 Nonne
1237 453 1329 485 David,
1339 453 1383 487 qui
1392 453 1464 480 illum
1476 462 1528 481 non
1538 455 1609 482 ultus
1617 460 1667 487 est,
1676 457 1726 483 etsi
1736 456 1808 490 juste

1015 497 1123 531 posset?
1137 497 1169 524 Et
1181 497 1241 531 jure
1255 498 1372 533 quidem.
1385 499 1449 526 Nam
1461 500 1505 526 ille
1519 505 1635 528 armatos
1649 502 1747 529 milites
1761 502 1809 529 ha-

1016 541 1105 575 bebat,
1129 542 1313 578 hicjustitiam
1339 545 1472 572 sexcentis
1487 546 1648 574 exercitibus
1670 547 1806 575 fortiorem

1014 589 1208 617 auxiliatricem
1223 590 1326 618 habuit.
1348 591 1463 627 Ideoque
1474 592 1577 620 insidiis
1590 593 1687 628 injuste
1702 594 1808 629 impeti-

1015 637 1067 666 tus,
1085 642 1116 661 ne
1126 634 1197 669 juste
1217 636 1323 670 quidem
1338 637 1419 664 voluit
1434 636 1537 665 hostem
1551 639 1682 666 occidere.
1701 639 1808 667 Sciebat

1014 681 1084 707 enim
1099 688 1130 708 ex
1148 681 1180 709 iis
1197 690 1256 717 quze
1271 687 1333 710 ante
1350 683 1511 716 acciderant,
1528 692 1579 711 non
1601 693 1660 711 cum
1676 686 1719 720 qui
1737 686 1807 713 male

1013 724 1086 758 facit,
1108 726 1154 754 sed
1169 734 1228 754 eum
1244 728 1289 762 qui
1310 729 1379 756 male
1394 730 1502 764 patitur,
1527 730 1639 758 evadere
1654 730 1803 759 fortiorem.

1012 771 1089 804 Quod
1103 776 1130 799 et
1153 772 1179 800 in
1200 774 1358 807 corporibus
1382 779 1409 801 et
1435 775 1460 801 in
1480 775 1621 802 arboribus
1640 776 1732 804 videre
1752 782 1803 804 est.

1012 817 1081 851 Quid
1093 825 1156 852 ergo
1168 818 1269 845 Jacob?
1281 827 1370 846 annon
1383 820 1462 847 lzesus
1476 826 1517 847 est
1530 829 1545 848 a
1559 821 1677 854 Labano,
1690 827 1716 849 et
1735 823 1805 851 male

1012 871 1106 898 passus
1120 865 1182 892 est?
1198 864 1263 898 Quis
1277 873 1341 900 ergo
1361 865 1476 894 fortior?
1493 874 1526 894 an
1542 868 1563 894 is
1576 868 1620 902 qui
1634 869 1704 903 cepit
1719 869 1803 903 illum,

1011 918 1062 938 nec
1074 918 1155 939 ausus
1168 917 1209 939 est
1229 916 1347 947 tangere,
1363 913 1410 939 sed
1425 913 1512 940 timuit
1527 921 1558 940 ac
1574 915 1690 946 tremuit,
1706 923 1739 942 an
1761 916 1805 944 hic

1011 956 1055 991 qui
1068 956 1126 983 sine
1144 957 1227 984 armis
1239 965 1270 984 ac
1285 957 1410 985 militibus
1427 959 1485 993 plus
1500 958 1538 986 illi
1553 959 1729 988 formidabilis
1744 961 1803 996 fuit,

1010 1008 1089 1036 quam
1103 1009 1179 1037 reges
1195 1002 1266 1030 mille
1281 1002 1410 1030 fuissent?

1046 1048 1072 1075 5.
1094 1048 1263 1083 Con/irritatur
1276 1050 1363 1076 eodem
1387 1050 1472 1077 thesis.
1489 1050 1510 1077 γ
1512 1051 1556 1078 ilia
1571 1053 1690 1087 proximi,
1708 1054 1804 1081 etiamsi

1009 1101 1077 1126 vero,
1092 1102 1141 1121 non
1155 1095 1299 1122 rrvelanda.
1313 1095 1427 1123 Eatamen
1442 1098 1611 1125 conscientiae.
1625 1114 1659 1119 —
1673 1099 1708 1126 Ut
1720 1101 1804 1134 majo-

1009 1148 1065 1167 rem
1090 1146 1178 1168 autem
1206 1141 1336 1169 dictorum
1360 1142 1617 1172 demonstrationem
1639 1146 1715 1173 vobis
1735 1154 1803 1181 pne-

1009 1185 1096 1218 beam,
1117 1186 1150 1214 ad
1171 1187 1255 1222 ipsum
1280 1188 1374 1215 iterum
1397 1189 1490 1222 David,
1506 1190 1552 1218 sed
1572 1192 1707 1219 contrario
1721 1193 1802 1220 modo

1009 1237 1165 1267 spectatum,
1182 1240 1333 1261 sermonem
1346 1240 1545 1263 convertemus.
1559 1236 1624 1263 Nam
1640 1238 1683 1265 hic
1697 1240 1741 1274 qui
1756 1240 1802 1267 lte-

1008 1284 1054 1304 sus
1075 1278 1222 1312 praevaluit,
1247 1286 1308 1306 cum
1329 1280 1396 1306 lmsit
1416 1285 1519 1315 postea,
1539 1282 1699 1311 imbecillior
1719 1284 1803 1313 factus

1008 1328 1057 1351 est.
1073 1324 1185 1357 Quando
1200 1325 1279 1360 igitur
1293 1325 1384 1353 Uriam
1405 1327 1484 1360 laesit,
1500 1332 1619 1356 mutatus
1630 1335 1671 1357 est
1684 1331 1760 1363 ordo,
1775 1336 1802 1359 et

1008 1369 1176 1398 imbecillitas
1198 1372 1224 1398 in
1249 1372 1409 1406 lix-dentem,
1436 1374 1520 1401 virtus
1543 1380 1631 1403 autem
1657 1377 1683 1404 in
1709 1378 1801 1406 laesum

1008 1417 1130 1444 transivit
1154 1418 1191 1453 (‘2.
1205 1418 1269 1454 Reg.
1285 1419 1330 1454 Il)
1345 1428 1352 1446 :
1367 1427 1428 1447 nam
1453 1426 1574 1449 mortuus
1594 1422 1670 1450 Urias
1691 1423 1801 1452 Davidis

1007 1462 1115 1489 domum
1130 1463 1266 1498 expilavit.
1281 1464 1314 1492 Et
1334 1465 1376 1492 hic
1389 1465 1496 1500 quidem
1511 1474 1570 1493 cum
1590 1476 1635 1495 rex
1649 1473 1676 1495 et
1692 1469 1717 1496 in
1732 1471 1799 1498 vivis

1006 1512 1089 1540 esset,
1105 1508 1169 1536 nihil
1182 1510 1266 1544 potuit
1278 1519 1286 1542 ;
1304 1510 1348 1538 ille
1361 1519 1426 1539 vero
1436 1519 1495 1539 cum
1510 1513 1586 1540 miles
1600 1519 1678 1549 atque
1691 1515 1800 1543 interfe-

1006 1559 1065 1582 ctus
1078 1561 1159 1586 esset,
1175 1556 1246 1584 illius
1257 1558 1346 1584 omnia
1360 1559 1500 1586 subvertit.
1516 1559 1636 1588 Voltisne
1651 1566 1679 1588 ut
1692 1563 1799 1590 aliunde

1006 1608 1062 1627 rem
1078 1601 1152 1628 vobis
1161 1601 1301 1630 clariorem
1314 1603 1428 1630 efficiam
1439 1603 1450 1630 1’
1464 1605 1641 1639 Exploremus
1651 1614 1699 1634 eos
1711 1609 1755 1642 qui
1768 1616 1798 1636 se

1006 1646 1123 1681 legitime
1137 1647 1183 1674 ulti
1199 1653 1271 1674 sunt.
1286 1648 1352 1675 Nam
1370 1656 1427 1682 eos,
1441 1650 1486 1685 qui
1501 1650 1599 1684 injuste
1613 1652 1723 1685 laedunt,
1737 1661 1797 1681 om-

1005 1692 1078 1719 nium
1093 1699 1153 1720 esse
1168 1693 1321 1726 vilissimus,
1335 1694 1381 1729 qui
1397 1695 1512 1722 animam
1533 1703 1609 1723 suam
1624 1697 1730 1732 hedant,
1748 1707 1798 1726 ne-

1005 1738 1068 1765 mini
1090 1746 1142 1766 uon
1158 1739 1243 1774 palam
1258 1744 1309 1767 est.
1328 1740 1425 1768 Verum
1444 1742 1503 1776 quis
1518 1749 1547 1770 se
1556 1742 1631 1776 juste
1655 1745 1724 1772 ultus
1743 1751 1795 1778 est,

1005 1783 1197 1820 innumeraque
1209 1785 1334 1812 excitavit
1347 1787 1428 1818 mala.
1439 1787 1582 1823 multisque
1597 1789 1713 1823 seipsum
1725 1790 1798 1817 cala-

1004 1831 1140 1858 mitatibus
1162 1831 1352 1867 doloribusque
1368 1832 1496 1860 involvit?
1513 1834 1619 1862 Davidis
1632 1834 1685 1862 dux
1694 1835 1794 1872 (Joab).

1004 1877 1052 1904 llic
1065 1877 1136 1904 enim
1150 1885 1232 1912 grave
1246 1878 1344 1905 bellum
1359 1880 1511 1914 concitavit,
1528 1886 1555 1908 et
1578 1881 1715 1910 innumera
1733 1891 1794 1917 pas-

1003 1930 1049 1951 sus
1061 1928 1104 1951 est
1117 1923 1196 1956 mala,
1212 1932 1324 1959 quorum
1338 1933 1373 1954 ne
1388 1934 1470 1953 unum
1484 1927 1591 1961 quidem
1604 1929 1757 1962 accidisset,
1773 1930 1795 1957 si
1828 1957 1830 1960 ,

1004 1968 1061 2004 ipse
1075 1969 1196 1997 scivissct
1215 1969 1407 2005 philosophari.
1431 1971 1575 2006 Fugiamus
1595 1972 1683 2008 itaque
1699 1981 1794 2008 pecca-

1004 2019 1059 2042 tum
1077 2015 1143 2042 illud
1158 2025 1165 2041 :
1180 2023 1212 2043 ac
1224 2023 1274 2044 nec
1288 2017 1386 2048 verbis.
1400 2025 1449 2045 nec
1461 2017 1537 2046 factis
1556 2019 1679 2054 proximo
1699 2028 1795 2048 nocea-

1003 2068 1072 2089 mus.
1085 2061 1177 2097 Neque
1192 2063 1263 2090 enim
1276 2062 1353 2096 dixit,
1378 2063 1407 2091 Si
1428 2066 1597 2092 accusaveris
1610 2070 1638 2093 et
1647 2066 1691 2100 jus
1705 2067 1794 2096 dicere

1002 2107 1179 2142 compuleris;
1192 2108 1239 2135 sed
1255 2108 1423 2142 simpliciter,
1438 2109 1464 2137 Si
1480 2110 1548 2137 male
1562 2110 1672 2143 dixeris,
1689 2112 1793 2140 etiamsi

1002 2153 1126 2186 seorsim,
1149 2159 1282 2181 extremas
1295 2154 1371 2182 dabis
1387 2162 1491 2190 pmnas.
1508 2156 1619 2183 Etiamsi
1640 2157 1664 2184 id
1679 2158 1749 2193 quod
1766 2164 1793 2186 tu

1001 2198 1067 2226 dicis
1078 2206 1168 2226 verum
1183 2200 1226 2232 sit,
1241 2199 1344 2227 etiamsi
1355 2207 1388 2228 ea
1402 2201 1435 2228 de
1447 2209 1477 2228 re
1492 2209 1634 2236 persuasus
1649 2204 1686 2231 sis
1697 2204 1717 2237 ί,
1735 2213 1792 2240 pm-

1002 2252 1050 2271 nas
1063 2249 1150 2272 tamen
1164 2245 1250 2272 dabis.
1265 2245 1323 2273 Non
1337 2246 1407 2273 enim
1421 2254 1453 2274 ex
1469 2248 1502 2274 iis
1522 2256 1582 2282 qua;
1596 2249 1640 2276 ille
1654 2249 1726 2283 fecit,
1745 2251 1791 2278 scd

1000 2299 1033 2318 ex
1047 2292 1079 2318 iis
1090 2299 1149 2327 quae
1164 2296 1191 2319 tu
1205 2291 1305 2325 dixisti,
1319 2293 1479 2320 sententiam
1495 2294 1565 2322 feret
1577 2295 1645 2322 Deus
1657 2304 1664 2323 :
1679 2296 1748 2323 Nam
1762 2306 1792 2324 ea:

1000 2338 1079 2364 verbis
1100 2338 1148 2364 tuis
1170 2338 1384 2372 condemnaberis,
1407 2339 1502 2375 inquit.
1522 2340 1580 2368 Non
1600 2341 1677 2369 audis
1699 2342 1792 2370 Phari-

1000 2390 1082 2410 samm
1096 2391 1158 2411 vera
1170 2383 1307 2419 loquutum
1321 2392 1391 2417 esse,
1408 2386 1584 2422 omnibusque
1597 2393 1669 2420 nota,
1685 2397 1735 2416 nec
1745 2397 1792 2417 ορ-

1000 2430 1070 2456 culta
1089 2430 1242 2458 revelasse?
1263 2431 1316 2458 Sed
1340 2436 1430 2459 tamen
1445 2436 1580 2460 extremas
1593 2433 1667 2461 dedit
1687 2442 1790 2469 poenas.

1000 2474 1029 2502 Si
1043 2483 1106 2502 vero
1118 2475 1151 2502 de
1166 2475 1198 2502 iis
1210 2483 1268 2510 qua:
1277 2477 1418 2512 perspicua
1430 2482 1493 2504 sunt
1507 2485 1559 2505 non
1575 2479 1637 2506 licet
1651 2487 1789 2514 accusare,

1000 2521 1083 2548 multo
1105 2521 1193 2549 minus
1214 2522 1249 2549 de
1270 2522 1377 2550 dubiis:
1393 2530 1454 2550 nam
1474 2523 1591 2557 judicem
1606 2524 1686 2552 habet
1705 2526 1728 2553 is
1746 2527 1791 2561 qui

1000 2567 1131 2601 peccavit.
1145 2567 1185 2595 Ne
1205 2568 1342 2602 praeripias
1357 2575 1421 2603 ergo
1436 2568 1570 2604 Unigeniti
1593 2572 1789 2600 auctoritatem.

1001 2612 1040 2639 Illi
1054 2612 1149 2640 solium
1162 2613 1254 2647 judicii
1269 2619 1433 2641 reservatum
1453 2621 1504 2642 cst.
1526 2615 1578 2642 Sed
1599 2616 1639 2643 vis
1650 2617 1790 2651 judicare!

998 2659 1047 2686 Est
1061 2658 1106 2686 tibi
1120 2659 1259 2694 judicium,
1273 2660 1385 2687 multum
1398 2665 1527 2695 qmestum
1543 2662 1674 2696 praibens,
1685 2669 1713 2691 et
1727 2665 1790 2692 nulli

998 2704 1142 2732 obnoxium
1158 2705 1273 2732 crimini.
1288 2705 1316 2732 In
1339 2706 1500 2734 conscientia
1516 2711 1561 2735 tua
1583 2709 1714 2737 rationem
1734 2716 1790 2737 sta-

999 2755 1044 2779 tue
1053 2751 1228 2786 judicantem,
1241 2752 1268 2779 in
1290 2753 1460 2788 mediumque
1473 2754 1559 2782 adduc
1574 2756 1664 2783 omnia
1679 2761 1787 2791 peccata

999 2801 1053 2825 tua.
1075 2797 1180 2825 Animae
1202 2802 1253 2825 tua:
1267 2803 1376 2834 peccata
1398 2800 1535 2834 examina,
1560 2806 1653 2829 exacte
1673 2803 1789 2832 rationes

1029 2880 1039 2895 ³
1055 2878 1149 2910 atat-eL,
1160 2879 1237 2905 Etiam
1247 2879 1269 2906 si
1279 2878 1323 2907 tibi
1332 2879 1422 2908 dicent:
1437 2887 1482 2907 non
1493 2882 1612 2909 creditae:
1624 2882 1664 2909 sit.
