2068 3132
254 155 310 184 ’455

257 216 349 248 repete
360 215 388 239 ct
397 209 440 238 die
452 219 458 236 :
471 208 525 238 Cur
538 207 588 234 hoc
602 211 629 234 et
641 205 693 232 hoc
707 210 788 231 ausus
800 201 846 229 es?
861 200 890 228 Si
903 200 961 227 btet:
970 204 1047 225 recu-

258 244 307 291 sei,
325 262 353 286 et
366 257 479 284 aliorum
493 254 560 281 facta
575 252 704 287 exploret,
719 250 762 277 dic
775 248 811 276 illi
827 257 834 274 :
847 247 905 274 Non
919 245 952 272 de
967 244 1008 270 Itis
1023 247 1049 270 te

259 305 357 340 italico,
372 311 421 330 nec
435 303 469 329 de
490 300 532 328 Itis
547 304 600 327 tete
613 305 726 333 purgare
739 295 831 323 debes.
846 292 914 327 Quid
928 292 999 318 enint
1014 291 1048 318 ad

260 336 286 378 ie
300 350 322 377 si
345 336 390 376 ille
409 347 495 376 malus
509 346 566 374 est?
581 344 621 372 Tu
634 350 716 378 quare
731 342 782 369 hoc
792 344 819 367 et
832 337 897 366 illud
911 336 1049 372 peccasti?

260 395 381 424 Defende
403 399 438 427 te,
463 400 495 420 nc
509 398 638 419 accuses:
654 397 712 424 qua:
727 388 761 415 ad
781 392 806 414 te
826 389 947 421 spectant
959 391 1046 416 cures,

261 449 313 468 non
333 440 430 467 aliena.
450 438 579 473 Saepeque
599 436 671 463 illam
694 435 719 461 itt
742 434 809 459 ltanc
824 430 1049 458 concertationem

261 489 357 516 deduc.
381 485 492 517 Deinde,
517 484 538 511 si
554 482 619 510 nihil
640 478 855 516 respondendum
878 477 985 508 habeat,
1002 475 1049 503 sed

261 533 454 567 subterfugiat;
471 530 543 558 illam
559 528 671 563 ﬂagellis
688 525 773 559 crede,
788 526 857 552 sicut
868 523 991 551 ancillam
1005 529 1050 549 su-

262 580 370 614 perbam
386 583 413 606 et
427 578 606 606 meretricetn,
620 573 708 601 ethoc
718 571 835 606 quotidie
843 569 971 604 judicium
987 575 1051 594 con-

261 628 341 654 stitue
359 635 366 653 :
382 623 504 652 describe
522 621 630 649 ﬂuvium
654 620 770 654 igneum,
792 623 910 644 verntem
933 621 1049 641 veneno~

261 680 331 702 sum,
347 671 451 704 aliaque
472 671 602 695 tormenta
622 674 628 692 :
646 671 695 692 nec
717 663 789 690 sittas
808 669 868 689 eam
881 659 977 688 deinde
990 666 1050 686 cum

261 718 367 746 diabolo
380 716 463 747 coire,
485 721 535 742 nec
550 713 620 740 feras
636 709 804 745 impudenter
822 708 861 735 sic
875 707 1027 741 loquentem
1043 714 1049 732 :

262 764 310 792 liic
329 763 362 790 ad
378 769 420 789 me
435 760 515 791 venit,
540 759 585 786 ille
601 757 711 785 insidias
726 757 814 787 struit,
829 754 872 781 ille
894 760 936 779 me
950 754 1049 782 tcntat;

261 811 309 838 sed
320 809 362 837 dic
373 807 410 835 illi
421 817 427 834 :
437 807 464 835 Si
476 811 503 834 tu
515 805 642 833 nolueris.
655 803 697 830 illa
711 801 801 829 omnia
814 798 947 834 superﬂua
961 799 1049 825 erunt.

262 857 289 884 Si
305 862 410 883 rursum
433 853 537 884 dixerit,
554 850 666 885 Corpori
680 849 802 883 colligata
822 853 891 876 sum,
907 852 989 872 carne
1009 843 1049 870 in-

263 902 336 934 dttta,
355 901 381 928 in
395 899 494 927 mundo
507 905 578 929 sunt,
601 897 627 923 itt
650 900 718 922 terra
733 900 826 921 versor
841 901 848 918 :
863 891 905 918 dic
919 891 956 917 illi
969 899 974 916 :
991 890 1051 916 lltec

263 947 352 975 omnia
366 946 490 973 obtentns
502 947 573 972 sunt.
589 941 656 970 Nam
671 940 714 967 ille
731 946 811 967 carne
825 936 993 968 induebatur,
1009 935 1053 962 ille

265 995 290 1021 in
314 992 414 1020 tnundo
433 996 461 1018 et
480 991 506 1017 in
520 994 589 1017 terra
604 993 713 1014 versans
726 985 856 1020 przcclare
871 983 935 1009 vixit
950 991 956 1008 ι
973 986 1000 1009 et
1025 986 1052 1007 tu

264 1046 379 1076 quoque,
393 1046 453 1065 cutn
467 1040 539 1064 recte
552 1035 620 1070 agis,
634 1040 714 1060 carne
727 1039 756 1059 es
769 1030 869 1058 induta.
890 1028 917 1056 Si
933 1028 989 1054 inec
1004 1034 1051 1054 au-

265 1087 339 1114 diens
351 1089 474 1119 angatur,
488 1090 522 1109 ne
535 1079 677 1108 subtrahas
692 1085 799 1105 manum
815 1085 821 1103 :
838 1083 890 1102 non
908 1075 978 1102 enim
994 1081 1053 1100 tno~

266 1132 358 1163 rietur,
370 1130 392 1157 si
406 1127 579 1164 percusseris,
590 1126 646 1152 imo
660 1124 733 1152 illam
746 1130 760 1149 a
774 1125 859 1149 ntorte
875 1119 1010 1147 liberabis.
1026 1118 1053 1146 Si

266 1183 371 1204 rursum
391 1174 498 1204 dixerit.
520 1172 565 1199 llle
580 1179 622 1198 me
646 1169 769 1201 irritavit,
790 1167 834 1194 dic
849 1167 885 1194 illi
902 1165 975 1193 :Sed
994 1165 1055 1191 licet

266 1222 311 1249 tibi
326 1228 377 1248 non
393 1219 509 1252 irritari;
526 1225 597 1252 sazpe
611 1216 682 1243 cnitn
697 1215 763 1241 iram
778 1211 921 1247 superasti.
936 1211 965 1237 Si
978 1210 1055 1237 dixe-

266 1270 310 1300 rit,
331 1268 404 1295 lllius
427 1266 532 1294 femina:
557 1263 723 1300 pulchritudo
746 1270 788 1289 tne
808 1259 990 1291 inflammavit,
1013 1258 1056 1285 dic

266 1317 302 1343 illi
317 1324 324 1342 :
339 1315 391 1343 Sed
404 1319 511 1349 poteras
526 1312 576 1339 hoc
591 1317 727 1346 superare.
743 1308 815 1336 Aﬂ'er
829 1306 949 1341 exempla
963 1312 1056 1333 eorum

267 1362 311 1397 qui
327 1361 353 1388 id
367 1359 557 1395 superarunt‘,
570 1356 637 1384 affer
650 1355 801 1390 exemplum
816 1354 908 1389 prima:
926 1351 1055 1384 mulieris,

267 1416 326 1444 qua:
340 1407 418 1440 dixit,
442 1406 552 1441 Serpens
571 1403 667 1438 decepit
691 1410 729 1429 me
745 1401 820 1437 (Gen.
834 1401 860 1428 5.
877 1399 934 1434 15),
949 1405 998 1426 nec
1018 1403 1058 1425 ta-

268 1462 329 1482 men
344 1453 455 1481 crimine
469 1452 551 1479 libera
564 1450 622 1477 fuit.

304 1502 330 1528 4.
346 1500 412 1528 Cum
428 1499 485 1526 haec
499 1497 621 1532 inquiris,
635 1503 713 1523 nemo
723 1494 804 1528 adsit,
815 1500 893 1521 nemo
907 1491 1057 1528 perturbet,

269 1548 315 1575 sed
329 1544 550 1582 quemadmodum
571 1543 673 1578 iudices
688 1549 756 1577 pone
769 1541 856 1568 velum
876 1539 1001 1566 sedentes
1016 1537 1058 1572 ju-

269 1593 359 1621 dicant
374 1589 420 1628 (a),
437 1591 474 1618 sic
485 1595 512 1617 et
528 1594 554 1616 tu
568 1597 616 1624 pro
628 1587 686 1615 vclo
700 1592 804 1621 tempus
817 1591 843 1613 et
859 1585 946 1612 locum
962 1583 1059 1618 quietis

270 1646 368 1675 qurere.
382 1637 449 1666 Cum
463 1640 523 1672 post
536 1642 639 1663 coenam
654 1634 740 1668 surgis
753 1654 760 1664 ,
774 1638 800 1660 et
815 1632 912 1658 lectum
929 1630 1060 1664 petiturus

270 1695 316 1719 es,
338 1686 389 1713 hoc
409 1683 536 1719 judicium
561 1682 634 1709 ineas
650 1689 657 1707 :
673 1680 724 1708 hoc
740 1684 844 1713 tempus
863 1677 986 1704 idoneum
998 1680 1057 1702 est:

271 1733 345 1760 locus
359 1738 424 1758 vero
443 1729 527 1758 lectus
539 1731 581 1755 est
594 1732 621 1754 et
634 1726 774 1753 thalamus.
796 1723 860 1750 ltlud
883 1726 909 1749 ct
931 1720 1059 1756 propheta

272 1778 360 1814 iussit,
373 1777 465 1804 dicens
479 1784 486 1801 :
503 1774 566 1808 ρυω
579 1773 662 1800 dicitis
674 1772 701 1798 in
715 1770 831 1798 cordibus
845 1768 943 1800 vestris,
955 1768 982 1793 in
993 1766 1061 1793 cubi-

273 1825 337 1851 tibus
346 1823 432 1850 vestris
442 1819 638 1855 compungimini
646 1817 730 1854 (Psat.
738 1817 765 1844 4.
776 1815 814 1850 5).
826 1815 970 1842 Parvarum
981 1813 1061 1839 etiam

273 1877 360 1898 rerum
373 1874 482 1903 magnas
496 1867 612 1893 rationes
625 1865 712 1898 exige,
726 1870 759 1890 ne
770 1868 893 1896 umquam
906 1859 939 1886 ad
953 1865 1062 1893 magnas

274 1924 316 1944 res
330 1914 451 1942 accedas.
462 1913 490 1941 Si
505 1912 556 1939 hoc
566 1910 685 1946 quotidie
700 1908 806 1940 feceris,
819 1914 879 1934 cum
900 1905 994 1932 fiducia
1009 1909 1063 1931 sta-

275 1962 315 1990 bis
329 1967 392 1989 ante
402 1959 517 1998 tribunal
533 1957 595 1985 illud
611 1956 739 1985 terribile.
754 1954 798 1982 Sic
813 1953 911 1981 Pattlus
926 1959 1006 1987 purus
1020 1949 1061 1978 cf-

275 2009 359 2037 fectus
370 2011 430 2040 est;
446 2006 506 2034 ideo
520 2004 625 2032 dicebat
641 2013 647 2030 :
664 2003 695 2029 Si
705 2001 869 2035 nosmetipsos
876 2000 1061 2035 jndicaremus,

275 2064 324 2082 non
339 2055 422 2089 utique
435 2052 607 2087 iudicarentur
622 2050 631 2084 (
644 2049 669 2076 1.
685 2048 744 2076 Cor.
762 2048 804 2075 11.
831 2047 861 2074 5|
871 2046 892 2081 ).
907 2045 950 2073 Sic
965 2044 1015 2071 Job
1031 2044 1064 2070 ﬁ-

276 2103 326 2129 lios
337 2108 400 2128 suos
414 2099 540 2134 purgabat
562 2097 633 2131 (Job.
650 2097 675 2122 1.
688 2094 734 2130 5).
751 2093 816 2121 Nam
830 2093 874 2127 qtti
891 2099 938 2126 pro
953 2089 1064 2118 occultis

276 2147 404 2175 sacriﬁcia
417 2144 556 2176 offerebat,
571 2142 654 2170 multo
668 2141 752 2175 magis
767 2146 815 2174 pro
828 2137 976 2166 manifestis
986 2136 1065 2163 ratio-

277 2201 325 2222 nes
337 2192 488 2228 expetebat.
509 2192 544 2218 At
563 2197 612 2217 nos
624 2196 678 2216 non
699 2189 734 2215 ita
754 2187 881 2218 facimus;
895 2184 941 2212 sed
956 2183 1066 2210 omnino

277 2247 363 2269 secus.
378 2238 463 2266 Sitnul
473 2237 545 2265 enim
558 2241 638 2271 atque
651 2233 846 2265 decumhimns,
861 2229 998 2259 saecularia
1009 2237 1067 2255 om-

278 2286 323 2313 nia
336 2286 361 2312 in
374 2287 463 2312 mente
475 2288 613 2310 versamus
625 2289 632 2312 ;
646 2283 674 2307 et
683 2279 727 2306 alii
741 2277 847 2313 quidem
861 2277 978 2311 impurus
992 2274 1066 2308 cogi-

276 2395 283 2401 .
309 2367 317 2380 ¹
336 2367 398 2394 Htec,
412 2362 471 2394 affer
484 2360 595 2392 exempla
615 2364 698 2385 eorum
708 2356 751 2388 qui
765 2356 791 2382 id
814 2357 966 2387 superarunt,
978 2352 1068 2378 desunt

276 2401 302 2419 ttt
313 2394 521 2419 auitmsdamltlss.
863 2416 868 2419 _
922 2416 927 2419 _
998 2416 1002 2419 _
1041 2417 1058 2419 _

275 2396 302 2420 itl
313 2396 457 2428 quibusdam
467 2396 521 2417 Mss.

310 2428 347 2458 (α)
363 2426 461 2451 Jndices
471 2424 530 2448 olim
540 2428 605 2453 pone
614 2420 696 2446 velum
707 2419 837 2453 sedebant.
847 2416 885 2441 Sic
894 2416 1035 2458 Athan‘asius
1041 2417 1067 2437 τ.

279 2458 289 2482 ί
311 2446 347 2489 ἷῖιι
535 2446 612 2483 diutina
627 2458 661 2484 πρὸ
672 2458 704 2476 τοῦ
717 2456 771 2481 μήλου
779 2469 785 2478 ,
863 2453 918 2489 υριὉ
929 2446 1003 2489 ειςιὺιμ
1015 2450 1069 2489 write

280 2477 401 2518 ίυιῗλῖηῖῖι
410 2477 588 2518 ’ρῗειὶῖοῗζέέξ
598 2477 648 2514 iaan
655 2491 686 2511 τῆς
696 2477 788 2511 eam...
796 2500 802 2509 ,
812 2477 895 2518 etqu
906 2477 1023 2518 culleum.
1041 2477 1069 2501 In

598 2507 606 2538 ἒ
616 2507 630 2539 ¹ὸ
637 2507 697 2544 letali-ig
708 2507 807 2542 toﬁ'pﬁioo
814 2529 820 2540 ,
829 2510 910 2540 judea:

597 147 623 176 S.
643 144 782 175 JOANNIS
800 137 1036 172 CHRYSOSTOMI
1055 135 1215 164 ARCIIIEP.
1236 135 1504 166 CONS'I‘ANTINOP.

1841 132 1894 159 456

1106 194 1219 221 lationes
1242 193 1414 221 introducunt
1430 202 1437 226 ;
1453 193 1497 220 alii
1519 191 1620 220 fmnora
1633 210 1641 222 ,
1661 195 1735 225 pacta
1749 211 1757 223 ,
1777 194 1803 217 et
1817 197 1895 219 curas

1103 239 1198 268 ﬂuxas.
1213 240 1333 275 Cumque
1349 240 1428 267 ﬁliam
1444 239 1573 274 virginem
1585 236 1726 269 habemus,
1742 243 1800 263 eam
1817 243 1896 262 accu-

1103 290 1160 314 rate
1182 294 1339 314 servamus:
1355 288 1471 314 animam
1488 293 1551 314 vero
1563 306 1571 318 ,
1585 283 1662 311 nobis
1681 283 1732 310 ﬁlia
1751 282 1894 317 pretiosio.

1103 341 1171 367 rem,
1184 333 1295 361 sinimus
1309 333 1432 360 fornicari
1445 337 1472 360 et
1485 332 1578 367 polltti,
1590 330 1686 358 multas
1700 330 1736 356 illi
1753 329 1835 356 malas
1849 337 1895 356 co—

1102 379 1244 413 gitationes
1266 380 1439 407 imtnittetttes
1455 387 1461 405 :
1483 385 1514 405 ac
1531 378 1588 404 sive
1605 376 1724 403 avaritiae
1739 383 1825 407 amor,
1839 375 1895 402 sive

1103 425 1270 458 deliciarum,
1282 425 1339 452 sive
1350 425 1525 452 formosorum
1537 429 1690 457 corporum,
1702 421 1758 448 sive
1770 421 1826 452 iras,
1839 420 1896 446 sive

1103 470 1169 497 alius
1179 471 1264 505 quivis
1275 478 1349 497 amor
1363 471 1461 497 intrare
1472 468 1595 500 voluerit,
1607 466 1707 502 apertis
1719 465 1808 500 januis
1821 465 1895 491 illum

1103 517 1251 551 excipimus
1266 521 1292 543 et
1309 516 1471 543 advocantus
1482 535 1489 547 ,
1504 519 1532 542 et
1546 513 1628 541 libere
1643 520 1703 539 cum
1722 511 1767 540 illa
1788 510 1894 538 misceri

1104 562 1225 588 sinimus.
1242 561 1299 595 Quo
1315 561 1377 596 quid
1392 561 1475 595 magis
1488 559 1643 591 barbarum,
1659 557 1778 584 onmiunt
1795 556 1896 590 pretio-

1103 608 1235 634 sissimam
1255 607 1370 633 animant
1385 614 1400 633 a
1417 610 1455 632 tot
1477 604 1588 632 mmchis
1603 602 1728 630 fmdatam
1744 601 1895 636 negligere,

1103 657 1129 680 et
1145 653 1244 679 tamdiu
1265 657 1403 679 cocuntent
1425 651 1511 678 donec
1533 650 1569 677 illi
1590 647 1711 676 exsatiati
1734 646 1852 674 fuerint?
1867 646 1896 673 ω

1103 698 1173 732 quod
1187 703 1275 724 tamen
1290 705 1432 732 numquam
1445 696 1505 724 erit.
1522 695 1622 722 Idcirco
1635 693 1679 720 ubi
1695 699 1804 719 somnus
1819 691 1897 718 inva—

1103 745 1142 772 dit
1154 766 1161 777 ,
1178 749 1239 772 tunc
1257 750 1358 772 tanttnn
1378 743 1544 774 abscedunt;
1566 741 1621 768 itno
1640 748 1672 767 ne
1687 744 1749 766 tuttc
1763 738 1868 774 quidem
1888 747 1894 764 :

1105 799 1166 818 nam
1181 791 1284 818 somnia
1299 790 1392 818 eadem
1412 789 1461 823 ipsi
1477 787 1618 815 simulacra
1633 785 1758 812 offerunt.
1775 784 1896 817 Quapro-

1104 842 1162 872 pter
1176 837 1345 864 illucesccntc
1356 835 1410 868 die,
1422 841 1481 869 qua:
1494 833 1536 860 illa
1552 831 1691 866 imaginata
1705 835 1746 857 est
1757 830 1855 860 aninta,
1869 829 1897 855 in

1104 890 1171 917 opus
1184 890 1256 916 Saepe
1266 882 1369 908 illarum
1382 880 1525 915 imaginum
1536 885 1587 912 ope
1597 876 1709 904 deducta
1720 880 1769 902 est.
1779 874 1818 901 Tn
1832 881 1896 901 vero

1105 932 1131 958 in
1150 929 1275 964 pupillam
1297 928 1368 955 oculi
1389 934 1423 954 ne
1438 926 1576 953 tniuimum
1592 923 1699 958 quidem
1721 921 1837 957 pulveris
1857 921 1897 947 in-

1081 987 1083 990 ‘
1104 978 1179 1014 gredi
1192 977 1258 1004 sinis
1269 997 1275 1008 ,
1290 975 1405 1001 animam
1420 980 1484 1000 vero
1497 975 1629 999 tantorum
1650 969 1780 996 tnalorum
1799 974 1898 1001 conge-

1107 1026 1171 1052 riem
1186 1023 1292 1050 trahere
1311 1021 1473 1056 negligenter
1489 1016 1608 1052 pateris?
1630 1014 1802 1049 Quandonam
1819 1013 1898 1048 igitur

1106 1069 1199 1098 sordes
1212 1069 1269 1095 illas
1281 1074 1347 1101 quas
1359 1064 1476 1099 quotidie
1490 1063 1633 1098 ingerimus
1645 1067 1752 1095 prorsus
1764 1059 1899 1093 deponere

1107 1111 1384 1151 poteritnus?quando
1397 1111 1486 1145 spinas
1497 1107 1668 1136 exscindere?
1679 1105 1785 1140 quando
1796 1104 1898 1131 semina

1105 1161 1216 1197 jacere?
1231 1159 1323 1187 Nescis
1335 1163 1362 1185 tu
1374 1178 1382 1190 ,
1397 1161 1502 1190 tempus
1524 1154 1619 1182 messis
1636 1151 1753 1180 instare?
1767 1151 1820 1178 Nos
1834 1158 1899 1177 vero

1108 1217 1141 1236 tte
1156 1207 1264 1236 novales
1279 1205 1385 1240 quidem
1400 1203 1487 1230 adhuc
1502 1201 1662 1229 curavimus.
1676 1198 1703 1226 Si
1720 1205 1783 1233 ergo
1797 1197 1901 1224 venerit

1108 1255 1223 1292 agricola
1236 1275 1243 1287 ,
1261 1258 1289 1280 et
1302 1259 1350 1279 nos
1365 1249 1523 1278 incusaverit
1534 1268 1540 1279 ,
1555 1246 1618 1282 quid
1633 1244 1769 1272 dicemus?
1780 1243 1843 1277 quid
1857 1250 1899 1269 re-

1108 1288 1297 1337 spondebimus
1307 1298 1321 1324 Τ
1333 1297 1373 1324 An
1396 1296 1530 1323 neminem
1554 1293 1655 1320 sentina
1676 1288 1805 1318 dedisse?
1820 1289 1900 1323 Atqui

1110 1349 1153 1375 illa
1167 1345 1285 1382 quotidie
1297 1343 1442 1379 jacinntur.
1461 1342 1500 1367 An
1517 1339 1649 1366 neminem
1664 1338 1754 1371 spinas
1769 1335 1900 1363 succidis-

1109 1394 1158 1422 se‘!
1171 1392 1268 1420 Verum
1284 1389 1401 1425 quotidie
1415 1387 1509 1414 falcem
1523 1385 1652 1411 acnimus.
1670 1385 1710 1410 An
1726 1390 1775 1410 nos
1788 1380 1901 1408 secula-

1110 1439 1183 1466 ribus
1197 1437 1291 1465 abduci
1312 1435 1384 1463 cut-is
1405 1439 1432 1461 et
1453 1430 1677 1460 necessitatibus?
1692 1429 1725 1456 Et
1742 1434 1825 1462 quare
1849 1433 1902 1453 non

1111 1486 1222 1517 tripsum
1237 1482 1335 1511 mundo
1348 1479 1519 1508 crucilixisti?
1531 1478 1596 1504 Nam
1612 1477 1633 1503 si
1650 1476 1694 1503 ille
1709 1475 1793 1501 malus
1805 1478 1845 1500 est
1855 1473 1899 1507 qui

1111 1532 1173 1560 illud
1187 1529 1275 1558 solum
1289 1527 1386 1558 reddit,
1398 1525 1468 1561 quod
1484 1524 1533 1551 sibi
1548 1524 1639 1550 datum
1655 1520 1758 1552 fuerat,
1774 1519 1834 1554 quia
1848 1526 1903 1545 non

1110 1576 1252 1612 duplicavit
1267 1580 1413 1602 summam:
1425 1571 1468 1606 qtti
1482 1570 1571 1596 datutn
1586 1566 1764 1597 labefactavit,
1777 1564 1838 1599 quid
1853 1571 1903 1590 au-

1111 1609 1185 1650 diet?
1199 1622 1226 1648 Si
1241 1621 1284 1647 ille
1303 1619 1397 1654 ligatus
1416 1624 1448 1642 eo
1464 1615 1598 1650 projecuts
1613 1616 1655 1639 est
1669 1612 1712 1638 ubi
1726 1610 1825 1638 stridor
1836 1609 1901 1636 den-

1112 1670 1188 1701 tium,
1202 1666 1264 1702 quid
1279 1672 1327 1692 nos
1341 1663 1481 1699 patiemur,
1493 1661 1555 1687 dum
1571 1661 1704 1686 sexcenta:
1717 1663 1763 1683 res
1772 1660 1832 1682 sunt
1843 1663 1903 1689 qua;

1112 1723 1161 1743 nos
1172 1713 1204 1741 ad
1212 1701 1338 1740 virtutem
1349 1709 1466 1740 trahunt,
1478 1713 1579 1740 ttosque
1595 1703 1738 1738 refugimus
1749 1706 1775 1728 ct
1788 1701 1906 1739 segniter

1113 1759 1232 1797 agimus?
1243 1757 1312 1792 Quid
1323 1756 1393 1784 cnim
1406 1762 1457 1781 non
1469 1753 1591 1780 idoneum
1603 1750 1637 1777 sit
1647 1748 1679 1776 ad
1689 1753 1713 1775 te
1723 1746 1884 1775 incitandum
1893 1745 1906 1771 ἲ

1113 1810 1209 1837 Annon
1222 1805 1297 1833 vides
1311 1810 1390 1839 quant
1406 1801 1466 1828 vilis
1479 1821 1486 1832 ,
1501 1806 1580 1833 quam
1595 1797 1695 1824 incerta
1709 1795 1745 1821 sit
1758 1794 1815 1820 tunc
1831 1793 1884 1818 vita
1894 1791 1907 1818 ἲ

1114 1858 1227 1890 quantus
1242 1851 1285 1878 ltic
1298 1838 1372 1877 labor
1386 1846 1442 1874 sit?
1463 1847 1577 1880 quantus
1596 1841 1697 1869 sudor?
1720 1839 1813 1867 Nonne
1833 1838 1907 1865 enim

1115 1882 1153 1928 sic
1168 1906 1211 1926 res
1224 1901 1275 1928 est,
1291 1899 1320 1923 ut
1332 1894 1416 1921 virtus
1426 1899 1486 1919 cum
1499 1887 1602 1920 Iabere,
1616 1892 1643 1914 et
1657 1886 1748 1913 vitium
1762 1884 1820 1912 sine
1833 1882 1907 1910 labo-

1115 1947 1188 1974 ribus
1198 1941 1324 1971 adeatur?
1334 1940 1362 1968 Si
1373 1943 1399 1966 et
1412 1938 1437 1965 in
1449 1937 1499 1964 hoc
1509 1940 1537 1963 et
1550 1935 1577 1961 in
1590 1934 1634 1960 illo
1646 1932 1720 1959 labor
1731 1934 1781 1961 cst,
1794 1937 1841 1956 cur
1853 1936 1907 1955 non

1116 1993 1239 2019 virtutem
1255 1987 1330 2023 eligis
1343 1993 1402 2021 qua:
1419 1987 1521 2011 tantum
1537 1983 1666 2016 qumstum
1680 1976 1769 2012 parit?
1784 1975 1840 2002 Into
1855 1975 1910 2001 vir-

1117 2043 1186 2066 ltttcs
1194 2020 1314 2071 quaedam
1327 2035 1398 2062 sunt,
1412 2037 1471 2064 qua:
1483 2027 1584 2054 nnllunt
1599 2024 1696 2051 habent
1707 2022 1834 2049 laborem.
1850 2020 1910 2053 Quo

1116 2068 1209 2112 labore
1219 2078 1347 2108 utendum
1363 2081 1391 2103 ttt
1405 2083 1457 2102 non
1473 2072 1613 2100 maledicta
1628 2068 1758 2104 proferas,
1773 2074 1821 2094 nec
1835 2073 1908 2092 men-

1118 2129 1191 2157 tiaris
1201 2147 1208 2158 .
1227 2133 1276 2153 nec
1287 2125 1361 2159 jures
1373 2143 1380 2154 ,
1396 2126 1424 2148 ut
1439 2120 1505 2147 iram
1522 2116 1643 2152 proximo
1656 2112 1797 2141 remittas?
1811 2110 1911 2138 Contra

1117 2181 1182 2202 vero
1197 2172 1283 2199 facere
1297 2166 1460 2195 laboriosum
1473 2167 1524 2195 est,
1538 2166 1712 2196 magnamque
1725 2157 1801 2184 affert
1812 2155 1912 2183 sollici-

1119 2220 1249 2248 tudinem.
1263 2216 1328 2250 Qua:
1341 2213 1420 2248 igitur
1434 2210 1511 2237 nobis
1524 2208 1576 2235 erit
1589 2205 1734 2234 excusatio,
1749 2210 1808 2237 qua:
1822 2201 1911 2232 venia,

1119 2266 1163 2302 qui
1179 2273 1213 2292 tte
1227 2264 1285 2290 lucc
1298 2247 1405 2296 quidem
1421 2256 1508 2284 facere
1522 2251 1655 2281 velimus?
1668 2250 1734 2278 Hine
1747 2255 1810 2276 vero
1824 2247 1913 2282 palam

1119 2293 1172 2344 est,
1180 2293 1353 2338 laboriosiora
1363 2305 1406 2332 illa
1415 2311 1462 2338 per
1470 2300 1598 2329 desidiam
1608 2302 1634 2325 et
1641 2295 1789 2325 socordiam
1805 2301 1854 2320 nos
1869 2293 1912 2319 fu-

1119 2366 1193 2396 gere.
1205 2357 1269 2390 Qtue
1280 2353 1368 2381 omnia
1382 2350 1539 2384 cogitantes,
1551 2343 1695 2379 nequitiam
1710 2338 1914 2375 fugiamus,vir-

1120 2387 1362 2436 :tttcmdiligamus,
1373 2400 1401 2423 ut
1413 2399 1439 2422 et
1451 2391 1592 2429 praesentia
1603 2395 1629 2417 et
1637 2389 1724 2416 futura
1738 2387 1807 2413 bona
1817 2390 1915 2411 conse-

1120 2458 1243 2488 quantur,
1257 2429 1340 2483 gratia
1349 2449 1376 2471 et
1384 2440 1547 2475 benignitate
1555 2435 1661 2464 Domini
1674 2434 1756 2461 nostri
1765 2432 1829 2459 Jesu
1844 2429 1916 2457 Chri-

1121 2479 1165 2533 sti,
1174 2497 1215 2526 cui
1224 2495 1306 2532 gloria
1315 2496 1341 2518 et
1349 2488 1490 2524 imperium
1498 2486 1524 2512 in
1533 2483 1629 2511 sarcula
1637 2481 1806 2509 seculorum.
1819 2479 1916 2505 Amen.

1524 2534 1909 2547 ________._.—

836 2589 1008 2620 HOMILIA
1029 2587 1143 2618 XLIII.
1166 2584 1208 2615 aI.
1231 2577 1342 2611 XLIV.

283 2663 347 2690 Car.
364 2661 407 2688 12.
424 2668 449 2686 v.
461 2659 504 2687 58.
519 2657 591 2685 Tum:
601 2654 782 2690 responderunt
796 2651 817 2678 ei
838 2650 941 2687 quidam
962 2649 993 2675 de
1010 2648 1073 2675 scri-

319 2709 356 2735 bis
372 2712 394 2734 et
411 2705 558 2733 Pharium}.
574 2703 681 2728 dicentes
696 2707 705 2726 :
721 2698 852 2733 Magister,
879 2696 994 2723 uolumus
1013 2702 1030 2720 a
1052 2699 1075 2720 te

320 2755 419 2790 signum
431 2751 524 2778 videre.
546 2749 590 2776 59.
607 2747 657 2780 Qui
677 2745 806 2780 respondit
821 2752 829 2770 :
845 2742 978 2770 Generatio
998 2747 1076 2775 prava

321 2785 353 2828 et.
366 2798 482 2826 adultera
503 2796 603 2831 signum
629 2793 729 2829 quarrit,
744 2795 767 2818 et
785 2790 883 2826 signum
903 2796 955 2815 non
977 2785 1077 2813 dabitur

323 2848 355 2882 ei,
369 2846 418 2874 nisi
427 2846 524 2881 signum
534 2842 609 2870 Iona:
621 2839 760 2876 prophetia.

328 2879 354 2923 Ii
366 2893 433 2928 Quid
448 2879 490 2920 Itis
511 2889 630 2923 stultius,
643 2886 707 2923 quid
721 2884 804 2920 magis
818 2883 926 2918 impium
938 2880 949 2908 ?
962 2879 1028 2908 Post
1040 2881 1079 2906 tot

1128 2645 1212 2680 signa,
1225 2649 1256 2669 ac
1268 2640 1289 2666 si
1303 2637 1402 2665 nullum
1428 2633 1524 2660 factum
1552 2633 1634 2660 esset,
1657 2625 1746 2652 dicunt
1770 2632 1777 2649 :
1799 2621 1921 2648 Volumus

1569 2675 1575 2680 ‘
1658 2673 1674 2680 "
1710 2672 1716 2680 l
1744 2675 1770 2680 η.
1783 2669 1794 2680 (ι
1811 2668 1841 2680 II.
1862 2675 1907 2680 Α..-

1129 2668 1183 2718 αῖε
1194 2689 1293 2723 signum
1307 2683 1399 2711 videre.
1424 2680 1477 2707 Cur
1492 2683 1555 2711 ergo
1569 2675 1625 2701 lucc
1649 2669 1794 2699 dieebant?
1811 2668 1844 2696 Ut
1860 2675 1919 2694 car-

1584 2720 1597 2723 -
1623 2720 1627 2723 .
1694 2717 1699 2722 .
1739 2716 1745 2721 .
1828 2713 1909 2723 HM,

1130 2735 1209 2772 pendi
1217 2713 1308 2760 Iocum
1321 2730 1416 2756 iterum
1429 2725 1568 2752 haberent.
1579 2720 1646 2753 Quia
1657 2717 1728 2745 enim
1739 2716 1812 2751 ipsos
1826 2713 1921 2742 seruet.

1130 2760 1170 2810 [riis
1182 2785 1209 2808 et
1223 2778 1320 2813 smpius
1341 2774 1518 2809 represserat,
1540 2772 1568 2794 et
1594 2763 1774 2799 impudetttem
1803 2760 1922 2794 ipsorum

1755 2808 1761 2813 -
1803 2811 1808 2813 .
1881 2812 1898 2813 η
1915 2803 1922 2813 .

1130 2829 1245 2862 linguam
1262 2803 1404 2851 rfraenarat,
1427 2816 1459 2844 ad
1484 2820 1565 2849 opera
1586 2817 1679 2839 rursus
1702 2808 1832 2834 veniunt:
1852 2803 1923 2839 quod

1567 2858 1583 2862 ..
1619 2856 1624 2862 .
1655 2860 1659 2862 _
1700 2854 1722 2862 ,.
1767 2849 1912 2862 “nulla

1131 2849 1264 2902 admirans
1277 2865 1436 2902 evangelista
1452 2868 1544 2890 rursus
1559 2856 1663 2886 dicebat
1678 2864 1684 2882 :
1700 2854 1774 2881 Tum:
1786 2849 1923 2886 responde-
