2068 3132
225 142 277 169 55?

223 204 284 226 runt
295 198 319 226 ei
327 199 430 232 quidam
443 196 583 225 scribarum
595 196 694 230 signant
707 199 824 230 petentes.
837 193 920 226 Tunc,
932 200 1017 228 quan-

223 243 341 273 nnnam?
356 244 420 272 Cum
436 250 536 270 morem
560 249 671 278 gerere,
687 241 796 273 mirari,
813 240 1017 273 obstupescere,

227 291 352 318 recedere
377 288 526 324 oportebat,
544 293 607 314 tunc
621 295 636 313 a
651 286 767 321 nequitia
796 293 847 312 non
874 284 1017 311 absistunt.

224 335 384 363 Consideres
398 340 485 361 autem
499 334 580 361 velim
590 333 671 360 verba
684 332 835 359 adulatione
848 336 874 357 et
886 330 1019 357 derisione

223 381 311 415 plena.
320 380 515 416 Exspectabam
524 379 593 406 enim
605 378 656 405 hac
667 378 768 405 ratione
777 385 806 404 se
815 377 887 403 illurn
897 376 1019 411 pellectu-

226 435 270 454 ros
283 434 353 454 esse.
370 427 403 453 Et
417 433 486 452 nunc
500 424 607 460 quidem
627 423 788 451 contumelia
800 422 918 449 afﬁciunt
927 442 934 454 ,
949 429 1019 449 nunc

223 478 312 499 autem
336 471 477 498 adulantur
489 490 496 502 ,
511 477 581 497 nunc
605 468 797 496 dmmoniaeum
819 471 932 499 vocant,
948 474 1019 493 nunc

223 519 394 553 magistrum,
409 521 550 551 utrumque
564 515 635 543 malo
647 515 753 545 animo,
767 513 870 540 etiamsi
885 512 1018 540 contraria

222 564 293 590 dicta
309 563 372 590 sint.
390 562 450 590 Ideo
460 562 485 589 in
500 561 559 588 illos
570 560 742 588 vehementer
755 559 897 586 invehitur.
908 557 1019 592 Quando

222 614 313 636 autem
329 609 402 635 illum
418 614 513 642 aspere
528 605 735 640 interrogabant,
747 609 774 631 et
786 603 947 632 contumelia
961 602 1019 630 afﬁ-

223 655 339 687 ciehant,
357 653 495 680 moderate
509 659 570 679 cum
594 651 646 678 illis
665 649 840 684 loquebatur;
856 656 915 676 eum
929 652 1018 675 autem

223 701 410 732 adulabantur,
422 698 520 725 acriter
533 702 559 725 et
571 704 632 725 cum
646 696 726 723 multa
739 694 916 726 vehementia,
927 697 1018 721 osten-

223 747 292 773 deus
306 753 336 773 se
350 750 462 780 utroque
476 744 521 771 illo
533 743 629 771 affectu
644 750 706 770 esse
720 742 886 777 superiorem
903 751 910 768 :
925 748 956 767 ac
970 749 1017 768 ne-

223 800 277 827 que
298 797 360 819 tunc
387 791 412 818 in
438 791 503 817 iram
526 789 790 823 concitatur,neque
811 796 844 815 ex
868 787 1018 814 adulatione

223 838 359 866 delinitur.
375 837 442 864 Vide
456 841 544 863 autem
560 835 783 870 objurgationeln,
795 841 853 869 quae
865 841 918 860 non
932 832 1018 860 solum

223 883 373 911 criminatio
394 883 445 915 sit,
469 889 559 909 verum
583 882 663 908 etiam
684 879 875 907 demonstratio
895 878 1018 913 nequitia:

223 937 326 957 eorum.
342 929 409 962 Quid
427 928 497 955 enim
513 928 567 954 ait?
583 926 715 954 Generatio
737 925 804 951 mala
819 929 843 951 et
855 924 970 950 adultera
984 924 1019 950 si-

223 984 300 1011 gnant
312 974 409 1011 quwrit.
421 974 448 1001 Id
462 977 500 1001 est
513 983 519 1001 ί
531 972 598 1006 Quid
610 972 705 999 mirum
721 971 742 998 si
756 971 812 997 hcce
822 969 960 997 adversmn
976 977 1018 996 me

223 1023 328 1055 facitis,
353 1022 398 1057 qui
418 1021 504 1048 adhuc
527 1020 603 1047 vobis
625 1023 705 1046 notns
731 1026 783 1045 non
810 1025 886 1048 sum,
911 1015 1018 1050 quando

222 1075 286 1102 erga
298 1068 414 1098 Patrem,
427 1066 501 1101 cujus
512 1065 636 1100 potentiae
651 1069 721 1091 tanta
733 1064 914 1098 experimenta
926 1062 1018 1089 habui-

222 1114 281 1146 stis,
298 1113 412 1147 idipsum
429 1111 550 1139 fecistis?
562 1110 628 1137 Nam
645 1110 689 1137 illo
712 1109 805 1136 relicto
816 1129 824 1142 ,
836 1108 869 1136 ad
882 1108 1017 1135 da-monas

221 1160 371 1188 currebatis
381 1180 388 1192 ,
404 1163 538 1186 amatores
554 1165 651 1193 pravos
673 1156 857 1188 attrahentes;
872 1155 941 1190 quod
962 1155 1017 1182 fre-

222 1213 335 1243 quenter
346 1207 396 1233 illis
411 1206 535 1234 Ezechiel
551 1205 649 1240 probro
662 1204 740 1232 vertit
751 1204 759 1239 (
771 1203 864 1230 Ezech.
879 1203 910 1229 Iﬁ
921 1202 943 1238 ).
955 1202 1017 1229 Ilzec

221 1259 310 1281 autem
326 1253 448 1285 dicebat,
464 1251 609 1279 ostendens
623 1258 653 1278 se
668 1257 728 1277 cum
744 1249 824 1276 Patre
845 1249 995 1276 consentire
1006 1269 1015 1281 ,

222 1301 347 1335 ipsosque
372 1299 436 1327 nihil
461 1299 597 1326 insolitum
624 1297 730 1328 facere;
745 1303 894 1330 arcanaque
920 1295 1018 1322 mentis

222 1346 340 1380 ipsorum
361 1346 461 1373 revelat
473 1365 479 1377 ,
495 1344 565 1380 quod
580 1351 675 1378 nempe
688 1349 749 1370 cum
762 1341 928 1368 simulatione
937 1344 1017 1375 atque

222 1398 250 1421 ut
272 1393 370 1421 inimici
384 1392 410 1420 id
423 1396 554 1427 peterent.

274 1439 388 1466 Christus
408 1447 436 1466 se
471 1437 545 1464 Patri
580 1437 701 1472 wqualem
736 1433 1017 1462 ostendit.—Idcirco

223 1485 283 1513 illos
302 1485 500 1520 generationem
520 1491 625 1519 pravam
646 1486 734 1514 vocat,
749 1481 809 1516 quia
828 1480 923 1515 ingrati
946 1487 1018 1507 sem-

223 1540 270 1566 per
284 1535 345 1559 sunt
358 1538 420 1566 erga
434 1530 584 1561 beneﬁcos;
599 1533 627 1556 et
643 1528 666 1555 si
684 1528 750 1555 bene
766 1535 825 1554 cum
845 1526 896 1553 illis
918 1525 1015 1560 agitur,

221 1578 327 1613 pejores
339 1577 422 1609 ﬁunt;
435 1575 504 1611 quod
517 1580 557 1603 est
569 1580 695 1603 extrema:
706 1573 897 1608 improbitatis;
913 1572 1016 1599 adulte-

222 1632 279 1652 ram
296 1631 360 1651 vero
380 1623 500 1655 vocavit,
515 1627 543 1649 et
555 1623 669 1656 priorem
683 1625 709 1648 et
724 1625 881 1655 pra-sentem
895 1618 1018 1646 incredu—

221 1671 322 1697 litatem
350 1669 518 1704 signiﬁcans;
545 1668 615 1695 unde
636 1667 731 1695 iterum
756 1665 872 1693 ostendit
898 1673 927 1692 se
945 1665 1016 1692 Patri

221 1718 349 1752 mqualem
360 1724 430 1749 esse,
445 1715 573 1750 siquidem
586 1714 610 1741 id
622 1713 694 1741 illam
706 1712 852 1740 adulteram
864 1711 934 1744 facit,
946 1711 1016 1746 quod

221 1765 273 1792 sibi
288 1773 340 1792 non
354 1764 454 1792 credat.
482 1761 581 1790 Deinde
593 1765 652 1796 post
665 1762 722 1788 haec
736 1759 854 1786 convicia
864 1779 872 1790 ,
886 1757 949 1793 quid
962 1757 1016 1784 ait?

223 1811 278 1838 Nec
288 1811 388 1845 signum
401 1809 501 1836 dabitur
510 1810 543 1840 ei,
554 1807 603 1835 nisi
611 1807 710 1842 signant
721 1805 797 1833 lente
807 1804 944 1840 prophetat.
957 1803 1016 1831 Jatn

223 1863 374 1884 sermonem
389 1855 423 1882 de
437 1853 634 1882 resurrectione
658 1851 809 1887 przemittit,
824 1858 909 1885 exque
933 1849 1016 1885 ﬁgura

223 1902 374 1929 conﬁrmat.
387 1900 454 1934 Quid
470 1899 558 1934 igitur,
575 1898 688 1932 inquies,
706 1903 793 1924 noiine
808 1896 912 1931 signum
925 1895 1015 1922 datum

223 1952 266 1975 est
277 1947 322 1974 ei?
336 1946 392 1973 Non
408 1946 497 1973 datum
510 1948 552 1972 est
574 1943 684 1978 petenti.
701 1942 757 1969 Non
772 1942 843 1969 enim
858 1945 886 1968 nt
900 1941 960 1968 illos
973 1940 1015 1967 in-

223 1995 343 2027 duceret,
357 1994 430 2028 signa
445 1991 557 2020 faciebat
573 2000 580 2017 :
594 1990 696 2018 sciebat
709 1989 780 2016 enim
797 1989 856 2015 illos
869 1991 1018 2015 excmcatos

224 2048 302 2073 esse;
317 2040 365 2068 sed
380 2045 406 2066 ut
421 2039 488 2066 alios
502 2037 666 2065 emendaret.
685 2035 733 2063 Vel
747 2036 797 2062 hoc
809 2034 950 2062 dicendum
964 2038 1014 2066 est,

224 2087 266 2115 vel
280 2087 328 2119 sic,
343 2089 413 2121 ipsos
427 2093 523 2119 nempe
537 2085 640 2119 signum
662 2091 714 2110 non
735 2087 891 2117 acoepturos
904 2088 964 2107 esse
978 2080 1017 2107 illi

224 2133 321 2160 simile.
333 2131 442 2167 Signum
454 2131 552 2166 quippe
564 2130 652 2157 datum
665 2129 717 2155 illis
727 2132 768 2155 est
779 2126 885 2162 quando
895 2126 1016 2160 castigati

223 2180 283 2214 ejus
304 2178 447 2214 potentiam
463 2181 606 2205 noverunt.
620 2176 668 2203 Hic
682 2175 771 2210 itaque
782 2175 867 2201 minas
883 2174 1017 2200 intentans

225 2227 354 2261 loquitur,
369 2226 419 2252 hoc
432 2225 517 2260 ipsum
533 2223 714 2255 subindicans,
728 2229 759 2248 ac
772 2221 794 2248 si
808 2220 910 2248 diceret
924 2228 930 2245 :
947 2218 1016 2247 Sex-

225 2278 303 2299 centa
326 2271 453 2298 beneficia
472 2269 582 2300 contuli,
603 2269 702 2296 nullum
726 2275 818 2294 eorum
832 2274 881 2294 vos
899 2266 1016 2299 attraxit,

227 2325 314 2352 neque
327 2316 448 2343 voluistis
461 2315 605 2350 potentiam
618 2321 703 2340 meam
714 2313 835 2339 adorare.
848 2312 898 2339 Per
911 2316 1018 2338 contra-

226 2364 265 2391 ria
278 2371 342 2399 ergo
355 2362 521 2398 cognoscetis
540 2359 721 2388 tortitudinem
735 2366 832 2390 meam,
847 2366 908 2385 cum
923 2357 1017 2384 urbem

225 2410 343 2437 excisam
359 2409 494 2439 videritis,
509 2407 615 2442 quando
630 2406 779 2434 destructus
797 2411 898 2436 muros,
913 2403 1018 2438 quando

227 2456 354 2489 templum
374 2454 515 2481 maceriem
542 2453 681 2483 effectum,
696 2450 801 2486 quando
820 2459 852 2478 ex
872 2450 979 2477 civitate
992 2454 1019 2477 et

227 2510 260 2530 ex
270 2502 389 2529 libertate
405 2501 516 2535 pristina
530 2498 681 2526 excideritis
691 2506 698 2530 ;
710 2502 737 2524 et
751 2504 842 2524 rursus
855 2501 977 2524 extorres
991 2500 1019 2523 et

227 2547 329 2582 profugi
341 2547 438 2581 ubique
451 2545 580 2572 errabitis.
599 2544 661 2571 Haec
673 2544 769 2578 quippe
782 2543 872 2570 omnia
886 2548 945 2577 post
958 2550 1017 2569 eru-

227 2603 285 2622 cem
306 2595 372 2621 facta
394 2600 465 2621 sunt.
480 2592 543 2620 Ilaec
567 2599 630 2627 ergo
651 2591 724 2617 vobis
747 2598 794 2625 pro
813 2590 895 2625 signis
917 2589 1020 2623 magnis

227 2645 315 2669 erunt.
331 2640 397 2668 Nam
412 2644 484 2668 certe
503 2639 646 2665 niaximum
667 2637 731 2664 illud
753 2641 794 2664 est
815 2637 918 2671 signum
929 2656 936 2667 ,
948 2634 1019 2670 quod

229 2687 299 2714 mala
311 2687 427 2721 ipsorum
442 2686 550 2712 immota
566 2687 690 2711 maneant
701 2704 708 2715 ,
724 2681 795 2716 quod
817 2681 964 2709 innumeris
975 2687 1020 2708 co-

230 2732 364 2764 nantibus,
381 2738 460 2758 nemo
470 2730 554 2765 possit
572 2729 672 2756 mederi
692 2728 769 2754 malis
781 2734 839 2761 qua:
854 2727 881 2753 in
892 2726 1019 2753 ultionem

231 2780 295 2813 ipsis
315 2779 431 2806 immissa
445 2783 516 2805 sunt.
537 2776 588 2804 Sed
612 2776 668 2802 hare
687 2775 792 2810 quidem
806 2774 850 2802 ille
864 2782 915 2801 non
937 2773 1019 2806 dicit,

231 2833 322 2851 verum
343 2824 468 2857 relinquit
482 2831 511 2850 ea
531 2827 560 2850 ut
573 2822 722 2856 insequenti
742 2827 861 2855 tempore
874 2820 938 2854 ipsis
949 2819 1020 2847 clara

231 2871 345 2900 evadant
359 2880 366 2897 :
381 2870 485 2898 interim
499 2877 562 2897 vero
581 2867 783 2897 resurrectionis
797 2873 947 2895 sermonem
967 2870 1019 2894 tra-

720 138 752 166 IN
771 134 975 165 MA'I’TIIAEUM
993 134 1107 162 IIOMIL.
1127 134 1216 164 XLIII.
1238 135 1272 162 al.
1294 135 1384 164 XLIV.

1816 139 1866 167 P8

1072 196 1136 225 ctat,
1150 200 1228 227 quem
1243 193 1334 221 scituri
1351 199 1427 222 erant
1448 203 1496 230 per
1515 196 1582 223 mala
1606 196 1677 232 ipsos
1699 199 1865 233 postmodum

1085 237 1217 265 invasura.
1231 238 1275 266 40.
1290 238 1364 266 Sicut
1383 240 1449 267 enim
1468 240 1518 274 [ait
1531 241 1621 273 Jonas,
1637 242 1732 277 inquit,
1743 243 1770 270 in
1783 249 1866 272 ventre

1072 283 1119 309 ceti
1139 283 1217 310 tribus
1239 284 1325 311 diebus
1336 289 1360 312 et
1372 285 1452 312 tribas
1465 286 1577 314 noctibus
1589 307 1596 320 ,
1612 287 1648 314 sic
1671 289 1718 315 erit
1737 293 1760 315 et
1782 288 1866 317 Filias

1072 328 1180 356 hominis
1195 331 1220 356 in
1233 331 1308 357 corde
1320 335 1392 358 terra;
1405 331 1483 359 tribus
1498 332 1584 360 diebus
1603 339 1626 360 et
1640 334 1718 362 tribus
1740 335 1863 364 noctibus.

1072 374 1108 402 Se
1125 382 1337 403 resurrecturum
1351 377 1423 405 clare
1444 386 1496 404 non
1517 377 1600 410 dixit,
1617 387 1650 406 ne
1663 387 1691 407 se
1705 380 1863 414 irriderent;

1071 419 1110 447 sic
1120 425 1209 448 autem
1234 422 1426 456 subindicavit,
1442 428 1470 450 ut
1482 423 1592 451 credere
1614 430 1722 460 possent
1746 433 1775 454 se
1799 427 1862 454 illud

1073 466 1246 499 pra-solvisse.
1272 467 1346 501 Quod
1371 476 1449 502 porro
1467 475 1587 504 nossent,
1606 470 1731 498 dixerunt
1745 472 1778 499 ad
1794 472 1865 500 Pila-

1072 515 1126 537 tum
1145 519 1151 538 :
1167 511 1291 539 Seductor
1307 513 1351 540 ille
1372 514 1435 541 dixit
1450 515 1509 541 dum
1522 516 1605 542 adhuc
1618 517 1724 550 viveret,
1739 516 1803 544 Post
1816 523 1865 546 tres

1071 555 1124 583 dies
1138 565 1268 593 resurgant
1284 560 1292 593 (
1306 559 1398 587 Matt/1.
1413 560 1457 587 27.
1472 561 1506 588 65
1518 562 1537 594 >.
1554 561 1719 597 Quamquam
1742 563 1864 598 discipuli

1071 602 1122 628 hoc
1137 602 1304 637 ignorarent;
1319 613 1380 632 nam
1395 611 1471 633 antea
1487 607 1607 634 rudiores
1620 607 1674 635 illis
1687 613 1763 636 erant
1777 618 1783 635 :
1800 617 1865 645 qua-

1072 652 1179 682 propter
1195 649 1221 676 hi
1236 657 1268 676 ex
1289 658 1335 677 sua
1349 651 1465 685 ipsorum
1480 654 1609 680 sententia
1623 654 1738 681 damnati
1755 660 1826 682 sunt.

1106 693 1133 720 2.
1151 693 1264 722 Christus
1279 704 1343 728 vere,
1358 702 1445 730 etnon
1461 699 1543 733 specie
1557 704 1653 726 tantum
1670 709 1759 735 passus
1778 706 1824 733 est,
1836 707 1864 728 ut

1073 739 1188 767 Marcion
1199 742 1372 769 contendebat.
1380 743 1481 770 ——Vide
1491 749 1579 772 autem
1593 747 1725 779 quomodo
1740 747 1802 774 illud
1815 755 1862 775 ac-

1071 792 1162 814 curate
1176 787 1333 816 subindicet.
1349 789 1405 816 Non
1417 790 1488 816 enim
1503 790 1578 824 dixit,
1597 792 1622 819 in
1644 797 1711 819 terra
1722 813 1730 826 ,
1746 793 1792 821 sed
1805 814 1812 826 ,
1829 793 1863 820 In

1071 833 1145 859 corde
1155 838 1227 860 terra:
1238 841 1247 865 ;
1259 839 1286 860 ut
1299 839 1326 861 et
1349 835 1500 869 sepulcrum
1513 836 1652 866 indicaret.
1665 843 1692 864 et
1708 846 1785 866 nemo
1805 839 1862 867 hare

1071 879 1159 913 specie
1176 883 1278 906 tantum
1293 880 1361 907 facta
1373 881 1552 915 suspicaretur
1565 882 1614 918 (ιι).
1631 883 1695 910 Tres
1706 888 1793 911 autem
1803 885 1864 912 dies

1071 925 1131 952 ideo
1153 927 1294 959 concessit,
1317 931 1346 953 ut
1361 931 1493 954 mortuum
1511 928 1591 955 fuisse
1606 928 1679 956 illum
1697 929 1860 958 crederetur.

1069 971 1126 998 Non
1142 972 1212 998 enim
1227 980 1261 999 ex
1274 980 1353 1000 cruce
1371 977 1471 1000 tantum
1486 974 1510 1000 id
1530 973 1704 1002 conﬁrmatur
1718 981 1744 1003 et
1757 984 1788 1003 ex
1803 977 1861 1004 visu

1069 1019 1188 1046 omnium
1198 1040 1206 1051 ,
1220 1019 1266 1046 sed
1287 1021 1366 1046 etiam
1383 1028 1415 1047 ex
1429 1020 1532 1047 dierum
1554 1028 1676 1048 numero.
1688 1022 1754 1049 Nam
1769 1031 1860 1050 resur-

1070 1065 1180 1092 rectioni
1195 1066 1272 1092 ﬁdem
1289 1066 1375 1093 facere
1388 1066 1501 1093 debebat
1513 1072 1617 1102 tempus
1635 1075 1715 1096 omne
1731 1076 1860 1104 sequens;

1068 1119 1133 1138 crux
1149 1118 1211 1138 vero
1226 1112 1275 1138 nisi
1284 1111 1364 1138 multa
1382 1116 1444 1139 tunc
1466 1112 1603 1140 habuisset
1630 1114 1792 1147 testimonia,
1806 1123 1859 1142 non

1068 1155 1168 1183 credita
1189 1156 1282 1184 fuisset
1298 1157 1339 1184 :si
1359 1165 1410 1183 non
1426 1164 1501 1190 crux,
1525 1165 1575 1185 nec
1589 1160 1748 1187 resurrectio
1759 1159 1860 1188 credita

1069 1201 1172 1233 fuisset.
1189 1202 1252 1230 Ideo
1272 1202 1377 1238 signum
1389 1208 1465 1230 vocat
1479 1203 1555 1230 illud.
1575 1203 1602 1231 Si
1614 1209 1702 1232 autem
1718 1205 1860 1233 cruciﬁxus

1070 1256 1121 1275 non
1137 1247 1239 1281 fuisset,
1255 1257 1306 1276 non
1321 1249 1438 1276 dandum
1449 1250 1517 1277 foret
1537 1250 1652 1285 signant.
1674 1251 1734 1279 Ideo
1749 1252 1859 1287 ﬁguram

1069 1295 1095 1322 in
1111 1295 1226 1323 medium
1249 1296 1366 1328 adducit,
1388 1301 1417 1323 ut
1438 1298 1535 1324 veritas
1558 1297 1692 1325 credatur.
1715 1299 1762 1326 Dic
1773 1299 1858 1333 mihi,

1068 1351 1170 1378 quaeso,
1182 1351 1216 1370 an
1228 1344 1364 1379 phantasia
1375 1349 1432 1371 erat
1444 1344 1525 1372 Jonas
1539 1345 1564 1372 in
1578 1349 1669 1373 ventre
1681 1345 1750 1373 ceti?
1763 1345 1858 1374 Verum

1069 1390 1093 1417 id
1108 1390 1197 1418 dicere
1212 1398 1264 1417 non
1278 1391 1373 1425 possis.
1388 1391 1457 1425 Erng
1473 1399 1558 1426 neque
1580 1391 1716 1418 Christum
1732 1391 1757 1418 in
1779 1392 1859 1420 corde

1070 1442 1147 1464 terra:
1161 1436 1243 1464 fuisse
1258 1445 1349 1472 neges.
1371 1436 1464 1471 Neque
1478 1437 1548 1464 enim
1570 1442 1647 1472 typus
1666 1438 1690 1464 in
1711 1438 1821 1466 veritate
1832 1444 1858 1466 et

1068 1485 1167 1511 veritas
1185 1485 1210 1511 in
1235 1484 1371 1519 phantasia
1394 1489 1444 1511 est.
1459 1484 1519 1511 Ideo
1545 1483 1642 1518 ubique
1665 1489 1776 1512 mortem
1802 1484 1859 1520 ejus

1068 1531 1264 1562 annnntinmus,
1282 1530 1308 1556 in
1325 1529 1466 1565 mysteriis,
1488 1530 1512 1556 in
1529 1530 1697 1564 baptismate,
1712 1531 1737 1557 in
1749 1530 1860 1565 aliisque

1068 1577 1203 1604 omnibus.
1220 1577 1321 1604 Idcirco
1333 1581 1360 1604 et
1380 1577 1478 1604 Paulus
1498 1577 1636 1611 splendida
1661 1585 1725 1605 voce
1737 1577 1835 1605 clamat
1851 1587 1858 1605 :

1071 1623 1136 1650 Mihi
1149 1629 1233 1650 autem
1255 1623 1319 1651 absit
1333 1623 1439 1659 gloriari
1461 1623 1510 1650 nisi
1530 1623 1556 1650 in
1571 1632 1646 1651 cruce
1669 1623 1769 1651 Domini
1782 1626 1863 1652 nostri

1068 1669 1130 1697 Jeru
1143 1669 1236 1698 Clu-isti
1250 1669 1326 1705 (Gut.
1341 1670 1367 1697 6.
1390 1669 1451 1705 Η).
1468 1669 1544 1698 Unde
1562 1670 1729 1698 manifestum
1739 1676 1789 1703 est,
1805 1672 1862 1699 dia-

1068 1715 1122 1742 boli
1137 1715 1205 1742 filios
1231 1723 1292 1743 esse
1305 1723 1352 1743 eos
1378 1716 1422 1750 qui
1448 1715 1589 1743 Marcionis
1609 1717 1700 1743 morbo
1722 1717 1862 1751 laborant,

1068 1770 1128 1789 cum
1147 1763 1188 1789 illa
1202 1762 1319 1796 deleant,
1337 1770 1396 1797 quae
1421 1770 1454 1789 ne
1468 1762 1639 1789 abolerentur
1658 1771 1762 1789 summo
1773 1763 1863 1790 studio

1068 1808 1189 1836 Christus
1203 1808 1315 1841 curavit,
1337 1812 1396 1842 qua:
1410 1812 1438 1834 ut
1465 1807 1639 1835 abolerentur
1649 1816 1754 1835 summo
1773 1809 1862 1836 studio

1068 1856 1190 1884 diabolus
1211 1860 1322 1883 cenatus
1346 1861 1405 1888 est;
1431 1863 1537 1884 crucem
1564 1856 1623 1883 dico
1649 1862 1674 1884 et
1699 1857 1859 1891 passionem.

1068 1903 1245 1937 Quamobrem
1257 1902 1318 1929 alibi
1329 1902 1393 1929 dicit
1403 1902 1514 1929 :Soluite
1522 1903 1642 1938 templum
1652 1903 1709 1936 hoc,
1717 1908 1742 1929 et
1750 1904 1775 1930 in
1784 1903 1864 1930 tribus

1068 1949 1155 1976 diebus
1178 1950 1291 1976 excitabo
1310 1949 1376 1976 itlutt
1393 1948 1490 1984 (Joan.
1501 1949 1528 1976 2.
1542 1949 1592 1985 I9)
1611 1958 1619 1981 ;
1634 1954 1670 1983 et,
1690 1949 1770 1976 Erunt
1787 1950 1840 1976 dies
1853 1971 1861 1983 ,

1067 1996 1169 2028 quando
1183 1997 1311 2031 auferetur
1323 1995 1354 2022 ab
1362 1995 1423 2029 ipsis
1434 2004 1541 2030 sponsas
1555 1995 1564 2030 (
1574 1995 1666 2022 Matt/1.
1682 1995 1708 2023 9.
1734 1995 1787 2031 15)
1801 2005 1808 2028 ;
1834 2001 1862 2024 et

1069 2041 1122 2073 hic,
1136 2041 1197 2068 Non
1219 2041 1320 2068 dabitur
1331 2040 1382 2068 illis
1394 2041 1505 2076 signum,
1522 2041 1569 2068 nisi
1581 2041 1681 2075 signant
1705 2040 1780 2068 lana:
1802 2050 1862 2076 pro-

1069 2089 1168 2123 phetia;
1179 2087 1317 2114 declarans
1330 2094 1359 2114 se
1374 2094 1421 2121 pro
1434 2086 1485 2113 illis
1496 2094 1646 2122 passurum,
1674 2092 1701 2114 et
1724 2087 1784 2114 illos
1797 2087 1870 2115 nihil

1070 2134 1132 2161 inde
1146 2134 1211 2160 lucri
1225 2137 1382 2167 accepturos
1394 2140 1463 2159 esse.
1473 2132 1528 2159 IIoe
1541 2132 1612 2159 enim
1632 2138 1722 2167 postea
1741 2132 1862 2160 declara-

1068 2181 1116 2213 vit,
1132 2185 1159 2208 et
1170 2185 1258 2207 tamen
1272 2187 1332 2206 cum
1348 2179 1405 2206 lucc
1417 2179 1633 2211 seiret,mortuus
1645 2184 1706 2206 est:
1723 2184 1793 2206 tanta
1804 2184 1864 2207 erat

1069 2227 1126 2261 ejus
1137 2226 1313 2261 providentia.
1337 2225 1374 2252 Ne
1390 2231 1465 2260 putes
1478 2225 1550 2252 enim
1563 2225 1716 2252 Judteorum
1733 2225 1798 2253 tales
1811 2225 1860 2252 exi-

1070 2277 1112 2300 tus
1124 2273 1235 2305 tuturos,
1250 2272 1342 2307 quales
1356 2272 1428 2298 fuere
1438 2271 1623 2303 Ninivitarum,
1640 2277 1671 2298 ac
1697 2270 1754 2298 fore
1772 2275 1804 2297 ut.
1824 2270 1864 2297 iiIi

1069 2324 1258 2348 convertantur
1275 2327 1281 2345 :
1295 2326 1327 2346 ac
1339 2318 1561 2353 quemadmodum
1581 2317 1687 2344 illorum
1700 2317 1793 2344 urbem
1806 2317 1862 2351 jam

1070 2367 1202 2394 labantem
1216 2366 1314 2396 erexit,
1337 2364 1517 2398 barbarosque
1537 2363 1681 2396 convertit,
1704 2362 1744 2389 sic
1768 2367 1795 2389 et
1817 2361 1867 2389 Ju-

1070 2412 1142 2439 dzeos
1164 2416 1223 2446 post
1243 2410 1466 2438 resurrectionem
1490 2409 1685 2436 convertendos
1704 2415 1766 2435 esse
1780 2417 1786 2434 :
1801 2407 1862 2435 audi

1070 2457 1204 2493 quomodo
1225 2456 1386 2484 contrarium
1418 2462 1525 2489 prorsus
1553 2454 1680 2481 declaret.
1703 2453 1768 2480 Nam
1791 2453 1867 2488 quod

1071 2505 1132 2532 inde
1143 2504 1206 2532 nihil
1226 2503 1327 2530 fruetus
1341 2501 1491 2537 percepturi
1516 2501 1568 2528 sint
1582 2501 1607 2528 in
1623 2500 1792 2532 beneﬁcium,
1816 2501 1866 2528 sed

1071 2558 1098 2579 et
1111 2550 1283 2578 intolerabilia
1295 2549 1408 2585 passuri,
1422 2548 1447 2575 id
1461 2547 1555 2575 deinde
1565 2547 1709 2575 declaravit
1721 2555 1754 2575 ex
1765 2548 1864 2574 daemo-

1072 2598 1113 2624 nis
1126 2596 1258 2631 exemplo.
1274 2595 1381 2622 Interim
1396 2601 1460 2621 vero
1481 2593 1515 2621 de
1529 2593 1562 2620 iis
1587 2600 1647 2628 quae
1673 2592 1775 2627 passuri
1784 2597 1869 2620 erant

1072 2651 1130 2672 sese
1143 2647 1246 2679 purgat,
1260 2642 1403 2669 ostendens
1421 2647 1468 2668 eos
1477 2640 1550 2675 justo
1562 2647 1770 2675 passuros-esse.
1785 2638 1864 2667 Cala-

1104 2711 1140 2743 (a)
1161 2711 1236 2743 Erant
1255 2717 1269 2734 a
1288 2706 1541 2743 principio_Ecclesi:e
1560 2705 1657 2742 quldam
1680 2705 1864 2743 haeretici,_qui

1072 2736 1188 2775 putabant
1208 2736 1328 2775 Christian
1352 2736 1435 2775 specie
1459 2741 1552 2775 tantum
1569 2736 1600 2761 in
1618 2737 1733 2775 myndam
1750 2736 1862 2775 venisse,

1074 2767 1151 2800 afen
1172 2779 1236 2806 qua
1249 2773 1275 2806 tu
1296 2767 1438 2806 Evangeliis
1455 2773 1583 2806 narrantur
1598 2768 1741 2806 perfecisse,
1758 2767 1864 2806 necui-

1073 2799 1119 2830 bus
1128 2799 1251 2830 hzerctieis
1264 2799 1376 2834 lgnatius"
1383 2804 1468 2834 Martjr
1489 2799 1775 2834 Epist:_ad_smyrna:os,
1789 2799 1864 2834 Item:

1130 2828 1209 2868 Epist.
1234 2835 1263 2860 ad
1274 2828 1419 2862 “Trallianos,
1436 2828 1546 2856 [remeas
1559 2829 1602 2854 lib.
1616 2830 1643 2860 I,
1659 2828 1824 2861 Epiphanius,
1837 2831 1869 2853 e2-

1075 2876 1089 2892 :1
1100 2875 1123 2892 II"

1075 2875 1123 2893 am.
