2068 3132
223 116 278 144 459

222 181 327 207 mitates
339 184 426 207 alitem
445 184 471 207 et
486 179 677 208 desolationem
704 189 796 209 eorum
819 181 869 208 hoc
890 182 1013 216 exemplo

221 231 411 261 reprzcsentat:
427 226 532 254 interim
550 234 613 254 vero
625 227 752 258 declarat.
780 228 839 254 illos
864 227 921 254 hate
941 227 1012 262 juste

221 281 345 307 passuros
359 281 418 301 esse
431 283 437 300 :
453 274 478 300 id
493 273 562 308 quod
576 274 655 302 etiam
676 274 702 300 in
718 273 798 301 veteri
819 274 875 309 lege
887 274 1010 301 faciebat.

218 318 284 346 Nam
298 318 411 346 Sodoma
423 320 616 351 destructnrus,
640 319 709 354 apud
734 319 914 346 Abrahamum
937 320 1011 355 prius

218 372 278 393 sese
298 366 420 401 purgavit
442 365 523 402 (Gen.
551 365 612 401 i8).
632 365 777 393 ostendens
790 373 869 400 quam
883 366 958 400 pauci
974 365 1009 393 ibi

216 411 307 438 virtuti
320 411 457 439 studerent
470 421 476 444 ;
489 420 549 438 cum
563 411 634 438 ettim
650 412 677 438 in
690 416 729 438 tot
743 411 852 439 urbibus
865 419 899 439 ne
913 411 1008 439 decem

218 457 326 492 quidem
342 458 524 492 reperirentur
534 458 577 491 qui
590 462 769 492 tetnpcranter
783 457 911 485 viverent.
926 458 1008 486 item-

214 511 266 538 que
280 511 340 531 cum
356 504 422 531 Loto
445 504 678 539 inhospitalitatem
693 505 809 539 ipsorum
823 505 1006 540 turpissimos-

213 558 266 584 que
287 558 392 577 amores
404 551 622 583 demonstrasset,
646 551 733 586 ignem
756 551 874 578 immisit.
890 552 1005 586 ldipsum

213 596 276 624 fecit
288 597 314 624 in
326 597 435 628 diluvio,
449 605 508 624 cum
524 605 554 624 ex
576 598 639 632 ipsis
655 597 781 632 operibus
799 605 906 625 causam
929 606 1004 625 suam

211 641 382 669 defendisset.
398 642 431 669 Et
443 642 510 677 apud
522 642 688 670 Ezechielem
703 643 834 676 similiter,
849 651 908 670 cutn
920 643 1006 680 Baby-

211 687 272 714 lone
280 687 386 722 degenti
396 696 454 722 qua:
466 688 638 724 .lermolymis
653 689 746 716 ﬁerent
757 690 824 716 mala
836 695 897 717 ante
912 691 1003 717 oculos

210 733 297 766 posuit
316 733 427 767 (Ezec/t.
442 734 488 769 5).
506 734 623 770 Itemque
635 743 694 762 ctnn
729 736 852 763 Ieremia:
879 736 1001 770 dicebat,

208 777 272 805 Noli
298 787 344 813 pro
368 780 431 813 ipsis
457 788 541 812 orare,
570 785 598 807 ut
620 789 727 808 causata
749 789 824 808 suam
846 781 1002 809 defenderet

207 823 273 850 dixit
287 833 293 850 :
310 824 348 851 An
363 833 413 851 non
422 825 490 852 vides
503 826 563 859 quid
583 826 623 853 isti
636 827 732 860 faciunt
747 826 819 863 (λεν.
834 828 860 854 7.
874 827 916 854 16.
930 828 1001 863 i7)?

206 867 239 895 Et
255 869 351 904 ubique
364 870 432 897 idem
449 870 510 897 facit
525 879 531 896 ε
546 871 585 898 sic
597 877 624 898 et
637 871 687 899 hoc
704 871 772 899 loco.
787 872 854 906 Quid
866 873 936 900 enim
947 874 1001 900 ait?

205 912 250 938 41.
270 911 325 938 Viri
339 911 461 940 Ninivilw
473 918 583 948 surgent.
600 919 623 940 et
637 914 837 942 condemnabam
859 916 1000 950 generatio-

204 967 261 985 nem
280 959 365 990 istam,
381 960 439 994 quia
462 961 631 994 paenitentiam
645 966 748 995 egerunt
770 961 796 988 in
820 962 999 997 prtrdicatione

203 1003 287 1031 Jama.
301 1004 399 1031 Eteree
410 1005 467 1040 plus
479 1005 643 1040 quandam;
652 1007 701 1033 hic.
718 1007 763 1034 Ille
776 1015 890 1043 namque
904 1016 997 1036 servus

201 1054 269 1083 erat,
284 1058 336 1086 ego
358 1051 504 1085 Dominus;
522 1053 564 1080 ille
579 1061 610 1080 ex
626 1059 687 1080 reto
700 1054 779 1082 exiit.
794 1062 844 1089 ego
858 1063 889 1082 ex
911 1061 996 1082 morte

201 1097 320 1128 surrexi;
332 1096 377 1124 ille
386 1097 516 1125 excidium
530 1099 682 1133 pra-dicavit
690 1119 698 1131 ,
710 1107 759 1132 ego
771 1107 882 1134 regnum
892 1109 996 1128 annun-

201 1142 269 1170 tians
282 1143 350 1170 veni.
376 1143 408 1170 Et
421 1144 458 1170 illi
474 1144 580 1178 quidem
602 1145 702 1180 absque
715 1146 791 1181 signo
805 1147 992 1180 crediderunt,

200 1195 250 1223 ego
263 1196 327 1216 vero
339 1189 421 1216 multa
435 1190 542 1217 exhibui
564 1191 648 1225 signa.
669 1191 708 1218 Illi
728 1191 794 1218 nihil
819 1192 890 1219 aliud
913 1201 992 1228 quam

199 1235 243 1262 illa
267 1235 344 1262 verba
370 1236 520 1268 audierunt,
547 1244 597 1272 ego
619 1244 683 1263 vero
696 1237 795 1265 nullatn
815 1245 867 1265 non
883 1238 992 1266 adhibui

198 1281 372 1316 philosophiae
393 1282 520 1317 speciem.
538 1283 583 1310 Ille
606 1284 727 1311 minister
740 1285 857 1313 advenit.
872 1293 922 1319 ego
936 1286 992 1320 ipse

198 1327 349 1354 dominator
361 1332 386 1354 et
397 1327 514 1355 om'ninm
530 1328 657 1356 Dominus
666 1330 736 1362 veni,
750 1337 802 1357 non
814 1331 989 1361 comminans.

197 1380 249 1400 non
270 1374 387 1401 rationes
401 1379 538 1408 expetens.
562 1375 609 1403 sed
635 1377 738 1403 veniam
762 1376 886 1405 afferens.
904 1377 936 1404 Et
952 1378 990 1405 illi

196 1419 302 1454 quidem
325 1420 447 1452 barbari.
475 1421 500 1447 hi
523 1430 586 1449 vero
609 1429 668 1449 cum
696 1424 828 1451 sexcentis
853 1424 990 1459 prophetis

195 1466 292 1492 νει-βτίιί
321 1471 390 1493 sunt.
420 1467 459 1494 De
477 1467 523 1494 illo
551 1467 637 1495 nullus
672 1469 849 1503 prmdixerat,
885 1470 920 1498 de
946 1479 989 1499 me

196 1519 292 1539 omnes
329 1513 510 1548 prtedixrrunt
528 1535 535 1545 ,
565 1520 591 1541 et
632 1519 711 1548 opera
750 1515 835 1543 verbis
870 1523 987 1544 consona

194 1555 276 1584 fuere.
299 1557 346 1585 Ille
369 1558 435 1593 fugit
455 1559 572 1593 abiitque
597 1568 631 1587 ne
654 1561 836 1594 tleridcretur;
864 1570 914 1597 ego
939 1563 986 1590 ad-

194 1603 264 1635 veni,
286 1603 336 1630 etsi
356 1604 450 1631 scirem
468 1609 496 1632 et
514 1612 620 1632 crucem
640 1611 665 1633 et
687 1606 823 1635 irrisiones
846 1615 986 1643 passurum

192 1656 235 1674 me
249 1655 319 1676 esse.
337 1649 381 1676 ille
399 1657 433 1677 ne
447 1651 618 1685 opprobrintn
629 1651 735 1686 quidem
751 1653 809 1680 tulit
823 1661 871 1688 pro
888 1654 919 1682 iis
941 1655 985 1689 qui

192 1695 288 1721 servati
302 1694 438 1722 etliberati
452 1700 523 1728 sunt,
534 1704 583 1732 ego
595 1703 705 1725 mortem
720 1699 845 1730 sustinui,
859 1704 986 1727 mortem-

191 1747 243 1774 que
258 1741 448 1775 turpissimam,
463 1746 490 1768 et
516 1747 576 1776 post
603 1743 659 1770 lure
683 1744 748 1770 alios
773 1745 859 1772 mitto.
882 1746 915 1772 Et
941 1746 985 1774 ille

190 1785 296 1819 quidem
311 1791 454 1814 extraneus
467 1791 525 1814 erat
537 1792 564 1814 et
576 1788 690 1823 ignotus,
703 1796 753 1823 ego
763 1790 908 1817 secundum
923 1799 984 1818 car-

190 1838 251 1858 nem
262 1831 355 1858 iisdem
370 1833 584 1867 progenitoribus
599 1839 672 1861 ortus
691 1842 759 1862 sum.
776 1835 853 1863 Plura
864 1837 913 1863 alia
925 1838 984 1872 quis

189 1877 361 1911 disquirendo
376 1886 520 1913 congerere
535 1881 628 1915 possit.

223 1924 249 1951 3.
268 1923 325 1953 Ipse
341 1932 405 1952 vero
420 1933 474 1952 non
495 1925 537 1953 hic
551 1927 661 1962 gradum
679 1929 758 1962 sistit,
774 1930 821 1958 sed
834 1931 905 1958 aliud
923 1940 983 1966 pro-

189 1970 262 2004 ponit
275 1971 436 2005 exemplum,
448 1971 540 2000 dicens
555 1982 562 2000 :
577 1973 622 2001 42.
638 1974 735 2010 Regina
755 1977 841 2004 Austri
857 1984 942 2013 surget
955 1980 981 2006 in

181 2016 283 2048 judicio
303 2025 359 2044 cum
378 2019 538 2053 generatione
549 2021 607 2052 ista,
626 2022 885 2053 etcondemaabiteos
898 2035 908 2052 :
922 2027 982 2059 quia

188 2063 252 2089 venit
265 2071 280 2090 a
293 2063 386 2097 ﬁnibus
401 2069 476 2093 terret
496 2071 524 2093 ut
541 2067 640 2095 audiret
657 2070 807 2103 sapientiam
823 2071 979 2101 Salomonis.

186 2107 220 2135 Et
231 2117 286 2135 ecce
299 2110 357 2144 plus
371 2119 447 2145 quam
459 2111 583 2140 Salomon
593 2114 644 2141 hic.
659 2114 715 2142 Hoc
731 2116 818 2150 priore
829 2118 914 2152 majus
928 2124 978 2146 est.

186 2153 252 2180 Nam
267 2154 348 2182 Jonas
362 2156 395 2183 ad
410 2156 540 2185 Ninivitas
554 2159 616 2186 abiit
629 2168 636 2193 ;
648 2161 738 2195 regina
749 2170 814 2190 vero
825 2165 914 2192 Austri
926 2173 979 2193 non

186 2201 350 2235 exspectavit
361 2206 391 2228 ut
404 2202 531 2231 Salomon
553 2205 636 2240 ipsam
652 2207 748 2240 adiret,
762 2209 809 2236 sed
832 2210 876 2237 illa
893 2211 977 2245 ipsum

185 2246 260 2279 adiit,
278 2247 329 2274 etsi
337 2252 363 2274 et
378 2249 474 2276 mulier
491 2255 518 2277 et
532 2250 660 2283 barbara.
683 2257 810 2289 tantoqtte
832 2257 919 2290 spatio
934 2265 977 2284 re-

185 2296 255 2318 mota
268 2297 349 2324 esset,
364 2301 417 2320 non
439 2295 709 2332 minis.instantibns,
733 2307 787 2326 non
809 2306 922 2330 mortem
943 2303 978 2330 ti-

184 2345 278 2371 mens,
295 2339 342 2366 sed
357 2340 415 2367 solo
442 2342 600 2378 sapientium
627 2344 770 2372 verborum
799 2354 899 2375 amore.
924 2349 976 2377 Sed

185 2383 252 2410 Ecce
262 2385 320 2418 plus
335 2394 410 2420 quam
426 2386 549 2414 Salomon
564 2389 614 2415 hic.
632 2389 688 2417 illic
701 2391 772 2419 enim
786 2393 881 2421 mulier
893 2395 977 2423 adve-

183 2430 232 2462 nit,
247 2430 298 2458 huc
308 2439 357 2466 ego
369 2432 440 2460 veni.
452 2432 496 2460 llla
508 2442 521 2460 a
537 2434 632 2462 finibus
646 2441 723 2464 terra:
738 2439 852 2472 profecta
864 2445 913 2470 est.
926 2448 976 2476 ego

185 2475 265 2503 urbes
279 2481 306 2504 et
316 2478 388 2505 vicos
399 2479 543 2506 circumeo.
557 2481 589 2507 Et
610 2481 653 2509 ille
668 2483 775 2517 quidem
789 2484 823 2512 de
833 2485 974 2515 arboribus

181 2526 208 2547 et
219 2522 315 2555 plantis
324 2523 481 2556 disserebat.
491 2533 550 2560 qua:
560 2535 612 2554 non
625 2529 734 2556 multnm
746 2529 817 2557 illam
829 2539 858 2560 se
871 2533 974 2560 adeun-

181 2571 236 2594 tem
249 2567 342 2601 juvare
361 2574 500 2604 poterant;
516 2579 566 2607 ego
580 2581 643 2600 vero
657 2574 691 2602 de
705 2576 881 2606 ineffabilibus
894 2580 974 2607 rebus

180 2617 208 2640 et
221 2615 366 2641 [retinendis
378 2618 521 2650 mysteriis.
536 2618 678 2654 Postquam
702 2630 767 2657 ergo
783 2623 843 2651 illos
858 2625 970 2652 damna-

178 2659 226 2692 vit,
243 2660 386 2688 ostendens
406 2662 439 2689 ab
453 2664 525 2690 omni
540 2666 615 2692 venia
627 2666 705 2701 longe
719 2669 820 2697 alienos
832 2678 901 2705 esse,
918 2673 972 2700 illo-

178 2711 291 2739 rumque
303 2704 510 2736 iuobedientiam
522 2718 554 2737 ex
568 2711 671 2745 ingrato
685 2713 790 2742 illorum
802 2717 901 2751 animo,
916 2727 968 2746 non

179 2758 210 2776 ex
226 2751 344 2779 doctoris
359 2753 539 2782 imbecillitate
558 2758 706 2791 proficisci;
734 2760 839 2796 hocque
857 2768 912 2791 tum
936 2773 969 2792 ex

177 2796 236 2823 aliis
245 2797 344 2831 multis,
358 2803 413 2826 tum
424 2801 547 2835 exemplo
558 2801 733 2832 Ninivitarum
748 2810 775 2834 et
785 2808 883 2842 reginae
893 2817 967 2837 com-

177 2844 334 2870 monstravit
350 2853 356 2872 :
371 2849 433 2873 tunc
446 2847 604 2881 supplicium
627 2849 698 2884 ipsos
715 2857 887 2888 excepturum
902 2858 966 2884 mni~

557 117 585 146 S.
605 118 744 147 JOANNIS
761 119 1002 150 CHRYSOSTOMI
1022 123 1180 155 ARClllEP.
1201 129 1466 166 CONSTANTINOP.

1807 152 1862 181 £00

1067 185 1180 216 gmatice
1200 194 1400 227 commemorat,
1415 196 1526 225 multum
1542 199 1567 226 in
1584 203 1716 232 narrando
1729 209 1860 237 terrorem

1067 228 1193 258 inferens.
1208 233 1273 261 Nam
1287 236 1340 263 ait:
1351 239 1396 267 45.
1411 241 1473 268 Cum
1488 243 1635 274 immundus
1658 251 1761 284 spiritus
1773 255 1861 282 exierit

1071 274 1094 284 ,.
1111 277 1116 284 .
1169 278 1174 283 -
1275 282 1279 284 ›

1065 274 1096 301 ab
1106 277 1216 312 homine,
1227 282 1392 319 ambulat-per
1402 286 1458 314 loca
1467 289 1598 326 inor/uasa,
1610 274 1723 329 quarens
1738 301 1857 334 requiem.

1064 326 1087 348 et
1102 332 1153 351 non
1165 326 1303 364 inveniens,
1315 332 1360 359 44.
1370 334 1430 361 dicit
1443 344 1453 363 :
1469 337 1587 367 Revertar
1605 342 1632 369 in
1646 344 1749 372 domum
1763 356 1856 382 meam,

1064 370 1130 382 -,...Ι-
1156 373 1191 382 μη¹
1210 374 1216 380 ”
1254 375 1273 382 "‘
1354 379 1359 382 ‘

1063 370 1130 397 unde
1151 373 1224 401 exivi.
1248 375 1282 403 Et
1303 379 1413 414 ueniens,
1429 383 1520 411 intmn'l
1544 394 1599 413 eam
1613 396 1759 426 vacantem,
1775 397 1858 430 scopis

1063 417 1208 430 κιιιηληΙΑ-ΑΑ
1239 427 1256 430 λ-
1413 427 1439 430 ‘“
1457 428 1476 430 “

1061 417 1218 453 mandatam,
1232 427 1256 447 et
1265 429 1391 452 ornatam.
1405 427 1524 456 45.Tunc
1534 432 1611 466 vadit,
1624 440 1647 461 et
1657 439 1762 465 assumit
1772 417 1858 467 κείνη

1061 461 1125 489 alios
1134 470 1227 498 septem
1245 468 1350 502 spiritus
1372 474 1500 507 nequiores
1513 485 1548 506 se.
1568 484 1590 505 et
1609 480 1731 510 intrantes
1744 484 1858 513 habitant

1059 507 1094 534 ibi
1104 516 1115 534 .'
1127 514 1150 535 et
1169 511 1234 544 ﬁunt
1248 515 1382 543 novissima
1404 519 1512 548 hominis
1537 524 1607 552 illius
1620 528 1707 562 pejora
1718 531 1854 564 prioribus.

1066 553 1106 564 n3.
1151 556 1166 564 ⁸-
1199 562 1203 564 -
1324 562 1328 564 “

1062 553 1107 580 Sic
1120 556 1166 582 erit
1180 562 1203 584 et
1218 562 1372 593 gt'neratiani
1392 564 1458 593 huic.
1483 568 1550 596 lliuc
1574 574 1701 607 ostendit,
1718 553 1786 605 lillos
1800 587 1854 607 non

1058 601 1084 628 in
1101 602 1188 631 fntttro
1212 610 1313 635 tantum
1330 612 1438 643 Sil‘ClliO.
1454 615 1501 641 sed
1516 617 1595 644 etiam
1611 619 1636 646 in
1652 625 1775 654 prasenti
1791 633 1858 660 gra-'

1652 647 1659 654 ι
1686 647 1690 648 ν
1709 647 1774 650 “""
1791 647 1836 660 δ”·

1058 647 1164 676 vissima
1181 658 1305 684 passuros
1320 663 1389 684 esse.
1410 657 1477 686 Nam
1497 662 1557 694 quia
1583 664 1699 700 diei-bat,
1723 668 1853 699 Ninivitas

1057 693 1252 725 insurrecturos
1265 699 1292 727 in
1303 701 1415 735 judicio,
1429 712 1456 732 et.
1478 706 1547 735 hanc
1567 713 1765 744 generationem
1787 724 1852 744 can-

1055 739 1226 771 demnaturus
1242 754 1248 771 :
1265 753 1299 773 ne
1318 748 1352 775 ob
1373 753 1500 784 temporis
1525 755 1725 787 diuturnitatem
1748 762 1772 788 id
1784 770 1851 790 cou-

1055 786 1216 816 temnerent.
1239 792 1267 814 et
1287 790 1494 825 negligentiores
1512 797 1666 834 evaderent,
1692 803 1742 830 hac
1755 805 1780 831 in
1796 807 1848 834 vita

1053 829 1141 862 gravia
1153 831 1221 858 mala
1236 833 1301 867 ipsis
1309 836 1443 865 subeunda
1457 843 1558 870 statuit.
1571 844 1646 878 Quod
1660 850 1849 880 eou'iminando

1052 875 1120 903 Osee
1135 878 1262 912 propheta
1278 881 1400 911 dicebat:
1415 885 1499 914 Erunt
1519 888 1552 916 Ut
1574 875 1696 926 propheta
1710 895 1736 922 in

1051 929 1163 956 excessu,
1177 930 1206 952 ut
1219 927 1293 955 homo
1304 937 1319 956 a
1333 931 1424 965 spiritu
1437 941 1567 969 correptus
1591 938 1601 973 (
1615 939 1677 967 Osee
1690 941 1724 969 -9,
1738 943 1755 970 7
1765 943 1773 974 )
1787 953 1794 977 ;
1818 946 1845 973 id

1049 973 1100 998 est.
1111 970 1179 998 sicut
1190 973 1428 1011 pseudoprophetm
1443 980 1571 1016 furentes,
1594 970 1792 1018 debaceliantcs
1805 1013 1811 1023 ,
1829 1000 1845 1021 a

1049 1015 1172 1050 malignis
1188 1019 1324 1052 spiritibus
1342 1024 1442 1058 agitati.
1455 1026 1522 1055 Nam
1537 1015 1579 1057 hic
1593 1015 1843 1068 prophetam-inte;

1048 1060 1104 1095 figit
1127 1069 1215 1092 mente
1239 1072 1356 1101 captum,
1381 1060 1653 1110 pseudopropheiam‘.
1676 1082 1767 1115 quales
1781 1090 1844 1112 Sunt

1048 1111 1130 1135 vates.
1147 1109 1203 1137 Hoc
1219 1111 1303 1146 ipsum
1320 1114 1443 1144 Christus
1456 1119 1609 1153 significans
1624 1109 1691 1152 dicit
1707 1128 1777 1162 ipsos
1793 1137 1842 1157 ex-

1047 1156 1130 1181 trema
1144 1162 1270 1189 passuros
1283 1166 1352 1187 esse.
1374 1162 1467 1191 Viden‘
1481 1173 1534 1200 quo
1549 1175 1627 1202 pacto
1643 1156 1843 1211 ipsos-undique

1047 1198 1161 1211 :._....II-.
1178 1207 1204 1211 η.
1228 1203 1243 1211 1·
1265 1205 1281 1211 .-
1341 1210 1344 1211 ν
1393 1208 1399 1211 .

1046 1198 1164 1233 impellat
1178 1207 1206 1229 ut
1218 1203 1296 1232 dictis
1309 1208 1458 1242 attendant,
1473 1198 1496 1238 a‘
1506 1198 1691 1250 prmsentibiis,
1706 1228 1719 1246 a
1735 1198 1840 1256 fututiis,

1046 1245 1075 1256 Α
1088 1246 1117 1256 μ,
1136 1255 1147 1256 η
1169 1249 1196 1256 ..

1506 1245 1513 1247 _
1686 1245 1691 1250 .
1735 1245 1840 1256 -η---ηυ

1044 1245 1118 1273 abiis
1131 1249 1174 1282 qui
1189 1249 1256 1278 bene
1273 1259 1328 1279 rem
1343 1262 1491 1288 gesserunt.
1502 1267 1516 1285 a
1526 1259 1658 1294 Ninivitis,
1677 1265 1796 1299 inquam.
1813 1276 1841 1297 et

1043 1299 1057 1317 a
1072 1293 1173 1327 regina,
1186 1296 1219 1323 ab
1232 1296 1264 1324 iis
1276 1299 1320 1333 qui
1335 1301 1447 1336 collapsi
1458 1307 1624 1343 sunt,Tyriis
1637 1316 1663 1337 et
1675 1311 1819 1341 Sodomitis
1828 1315 1842 1342 ?

1043 1336 1117 1370 Quod
1131 1340 1211 1368 etiam
1229 1345 1363 1378 prophetm
1373 1347 1515 1385 faciebant,
1525 1336 1600 1380 filios

1042 1389 1132 1411 centes
1144 1390 1168 1412 et
1178 1394 1302 1422 sponsam
1314 1399 1374 1425 qua:
1391 1400 1501 1423 ornatus
1512 1401 1612 1433 proprii
1635 1407 1661 1428 et
1685 1411 1759 1432 zona:
1781 1414 1838 1434 ante

1042 1436 1094 1456 non
1107 1431 1282 1467 obliviscitur,
1297 1442 1322 1464 ct
1341 1438 1435 1467 bovem
1449 1443 1494 1476 qui
1511 1446 1583 1472 novit
1598 1455 1794 1486 possessorem,
1809 1459 1838 1482 ct

1459 1475 1463 1476 ν
1598 1475 1604 1481 ι
1667 1475 1673 1476 ί
1696 1475 1716 1476 κν
1728 1475 1734 1478 -
1744 1475 1794 1486 ἠ’-ι
1810 1475 1835 1482 ν’

1040 1475 1143 1504 asinttm
1159 1480 1202 1513 qui
1219 1488 1339 1518 prmsepe
1354 1488 1438 1514 novit.
1454 1489 1500 1517 Sic
1514 1496 1541 1518 et
1555 1492 1605 1521 huc
1623 1495 1682 1524 loco
1695 1505 1708 1524 a
1724 1506 1835 1535 compa-

1040 1523 1143 1552 ratione
1158 1525 1289 1561 ingratnm
1303 1531 1407 1560 illorum
1431 1537 1547 1565 animum
1567 1540 1715 1575 declarans.
1732 1523 1836 1581 suppli-

1040 1568 1108 1581 ..:....
1127 1570 1166 1581 ἀλ
1176 1579 1180 1581 ›
1193 1580 1198 1581 γ
1397 1580 1400 1581 ⁷

1039 1568 1108 1596 cium
1124 1570 1250 1608 deinceps
1270 1580 1440 1610 praenuntiat.

1073 1614 1224 1645 Judteorum
1246 1626 1301 1655 post
1321 1623 1447 1652 Christum
1465 1636 1558 1656 ctesum
1588 1632 1726 1662 tlanmtttio.
1748 1636 1834 1665 Judaei

1038 1661 1083 1686 sub
1106 1661 1212 1691 Iuliano
1235 1674 1351 1700 apostata
1371 1673 1504 1705 gentilibus
1517 1676 1608 1708 iuncti.
1622 1694 1657 1698 —
1671 1681 1739 1714 Quid
1750 1661 1835 1717 igitur

1037 1713 1078 1734 est
1104 1709 1129 1736 id
1149 1712 1219 1745 quod
1237 1713 1354 1742 dicitur?
1373 1717 1445 1746 Sicut
1459 1721 1617 1752 drmouiaci
1629 1747 1636 1758 ,
1652 1709 1832 1760 inquit,‘ettm

1038 1753 1184 1783 liberantur
1196 1758 1231 1786 ab
1244 1759 1396 1791 infirmitate
1410 1773 1466 1798 sua,
1492 1769 1513 1794 si
1533 1770 1738 1805 negligentiores
1749 1775 1831 1809 ﬁant,

1036 1801 1185 1833 graviorem
1209 1805 1259 1831 sibi
1279 1808 1417 1837 attrahunt
1441 1811 1606 1846 phantasiam
1624 1826 1631 1843 :
1646 1819 1684 1844 sic
1698 1821 1767 1847 enim
1784 1829 1832 1849 vos

1037 1844 1130 1872 facitis.
1147 1847 1251 1876 Etenim
1264 1852 1377 1881 antehac
1391 1862 1405 1880 a
1419 1856 1541 1886 dtemone
1557 1852 1756 1897 tletinebamini,
1769 1874 1830 1894 cum

1036 1889 1104 1917 idola
1120 1891 1278 1929 adoraretis,
1295 1903 1321 1924 et
1335 1898 1402 1927 filios
1425 1908 1528 1932 vestros
1549 1906 1722 1938 immolaretis
1730 1911 1831 1940 dzemo-

1036 1936 1095 1969 niis,
1118 1945 1241 1974 magnam
1264 1943 1421 1973 exhibentes
1441 1948 1569 1978 insaniam
1591 1962 1598 1978 :
1615 1961 1664 1981 nec
1679 1960 1765 1984 tamen
1779 1958 1829 1986 de-

1034 1982 1129 2018 reliqui
1144 1992 1201 2018 vos,
1218 1988 1264 2015 sed
1281 1997 1328 2023 per
1339 1992 1482 2027 prophetas
1497 1997 1562 2030 ejeci
1574 1998 1722 2029 dmmonem
1734 2003 1807 2031 illutn
1818 2026 1826 2038 ,

1033 2033 1061 2055 et
1083 2029 1139 2064 ipse
1163 2040 1255 2060 rursus
1283 2037 1351 2068 veni,
1376 2043 1404 2065 ut
1424 2048 1472 2068 vos
1489 2049 1621 2072 curarem.
1636 2047 1687 2074 Sed
1698 2050 1758 2084 quia
1774 2059 1827 2078 non

1033 2075 1114 2103 vultis
1127 2079 1277 2114 attendere,
1293 2090 1384 2111 verum
1406 2086 1431 2112 in
1447 2089 1576 2122 majorem
1601 2075 1744 2128 nequitiam
1762 2105 1826 2132 pro-

1033 2122 1141 2156 rttpistis
1159 2124 1169 2159 (
1179 2127 1276 2154 etenitn
1289 2130 1372 2157 multo
1386 2133 1493 2166 gravius
1503 2122 1672 2172 deteriusqite
1685 2146 1726 2168 est
1739 2122 1825 2177 iprsum

1033 2166 1067 2177 ,μ
1189 2171 1194 2177 .
1252 2174 1257 2177 .

1033 2166 1173 2197 Dominum
1184 2171 1315 2208 jugulare,
1336 2184 1415 2211 quam
1430 2182 1574 2216 prophetas
1589 2186 1711 2215 occidere
1722 2188 1733 2223 )
1743 2166 1826 2222 ,rideo

1030 2215 1153 2248 graviora
1180 2219 1313 2251 prioribus
1333 2223 1478 2258 patiemini.
1507 2235 1603 2264 nempe
1620 2232 1651 2259 iis
1670 2242 1729 2268 qum
1753 2238 1824 2270 passi

1570 2260 1576 2264 .
1680 2260 1684 2268 I
1709 2260 1728 2262 "
1754 2260 1791 2270 IN"
1802 2260 1822 2264 ’-

1031 2260 1096 2288 estis
1111 2261 1244 2298 Babylone
1255 2287 1262 2299 ,
1288 2268 1313 2294 in
1329 2268 1456 2305 Egypto.
1471 2278 1498 2300 et
1512 2276 1562 2302 sub
1581 2278 1712 2307 Antiocho
1726 2284 1822 2316 primo.

1031 2304 1093 2316 NN
1123 2307 1143 2316 ,γ
1216 2311 1231 2316 ..

1402 2304 1405 2305 ν
1635 2304 1710 2307 ,,-..,
1726 2304 1822 2316 ,,.

1030 2304 1094 2332 Nam
1123 2307 1201 2344 longe
1215 2311 1247 2338 iis
1271 2315 1406 2348 asperiora
1427 2319 1583 2349 acciderunt
1606 2323 1768 2360 Vespasiano
1796 2335 1824 2357 et

1030 2351 1089 2378 Tito
1107 2354 1228 2383 ducilms.
1259 2359 1427 2396 Quapropter
1451 2365 1557 2395 dicebat
1582 2378 1587 2395 :
1613 2351 1823 2402 Eritﬂtribulatio

1029 2406 1132 2434 magna,
1147 2403 1230 2435 qualis
1243 2412 1379 2440 mtmquam
1394 2410 1452 2444 fuit,
1469 2419 1549 2446 neque
1558 2415 1604 2441 erit
1613 2419 1717 2454 postee(
1726 2419 1820 2448 Matth.

1029 2444 1059 2454 .2.
1087 2447 1116 2454 ....
1131 2445 1137 2454 ι
1163 2448 1184 2454 μ
1272 2452 1276 2454 -
1289 2451 1295 2454 -

1028 2444 1072 2471 26.
1087 2447 1116 2473 21
1130 2445 1150 2482 ).
1163 2448 1253 2484 Neque
1271 2451 1296 2478 id
1311 2454 1394 2481 solum
1411 2455 1461 2484 hoc
1475 2444 1597 2494 exemplo
1606 2444 1820 2501 signiﬂebbatur';

1554 2491 1560 2494 .
1631 2491 1644 2497 ν
1812 2491 1820 2501 ι

1028 2491 1073 2517 sed
1094 2493 1173 2520 etiarn
1197 2495 1253 2524 fore
1275 2498 1346 2532 ipsos
1359 2502 1432 2528 mimi
1448 2503 1545 2532 virtute
1559 2514 1667 2541 vacuos,
1683 2514 1711 2537 et
1732 2519 1746 2537 a
1764 2512 1821 2539 da:-

1027 2538 1150 2566 monibus
1176 2541 1281 2570 facilius
1301 2552 1379 2578 quam
1402 2553 1465 2576 ante
1489 2549 1662 2580 invadendos.
1677 2554 1742 2582 Nam
1758 2561 1821 2586 tunc

1026 2583 1077 2609 etsi
1099 2591 1241 2618 peccarent
1253 2609 1260 2621 ,
1288 2594 1315 2616 at
1327 2596 1404 2618 erant
1419 2593 1488 2621 inter
1501 2603 1546 2622 eos
1564 2597 1669 2625 virtutis
1682 2601 1818 2636 cultores,

1025 2628 1118 2656 aderat
1130 2631 1173 2658 Dei
1190 2635 1364 2669 providentia,
1377 2637 1544 2676 Spiritusque
1566 2645 1649 2678 gratia
1667 2647 1732 2680 ipsis
1757 2656 1820 2682 pro-

1024 2674 1128 2707 videns,
1145 2676 1217 2711 ipsos
1242 2681 1397 2715 emendatis,
1424 2692 1525 2720 suaque
1547 2689 1635 2716 omnia
1661 2697 1790 2725 praestans
1809 2704 1816 2722 :

1024 2727 1095 2748 nunc
1104 2729 1204 2757 autem,
1219 2726 1265 2757 ait,
1279 2729 1444 2760 providentia
1459 2733 1500 2758 illa
1512 2741 1620 2768 prorsus
1633 2739 1708 2765 vacui
1722 2746 1815 2773 erunt,

1023 2766 1058 2793 ita
1074 2772 1102 2794 ut
1116 2770 1201 2804 major
1216 2772 1250 2799 sit
1263 2780 1335 2801 nunc
1349 2775 1452 2804 virtutis
1467 2780 1573 2812 raritas,
1590 2782 1750 2812 calamitatis
1763 2787 1814 2818 vis,

1021 2816 1049 2838 et
1060 2812 1209 2843 diemonum
1224 2820 1360 2853 tyranniCa
1372 2827 1498 2855 potestas.
1519 2824 1610 2854 Nostis
1631 2834 1704 2856 certe
1726 2830 1753 2857 in
1764 2839 1814 2866 ge-

1020 2860 1160 2890 neratione
1182 2862 1230 2892 hac
1245 2872 1305 2893 cum
1325 2866 1447 2897 Julianus
1459 2869 1569 2906 fureret,
1584 2874 1718 2908 quomodo
1729 2860 1817 2906 Judari
