2068 3132
179 139 231 165 M5

180 203 212 221 nc
225 195 340 229 quipiam
354 193 424 221 dicta
435 197 687 224 eontemuant,ncvc
700 191 734 218 ob
745 190 908 218 audientium
924 196 970 215 ne-

177 240 330 275 gligentiam
345 239 430 273 majus
445 238 602 273 supplicium
615 237 720 265 evadat.
736 237 827 272 Neque
840 235 911 263 enim
927 235 948 262 si
962 255 969 266 ,

179 286 244 312 hero
265 285 352 312 minas
374 285 522 311 intentanle
537 305 544 317 ,
560 291 699 311 servorum
718 283 776 318 quis
796 286 970 314 contemnat,

178 333 286 366 impune
300 331 379 358 fuerit
391 352 398 363 ,
413 331 467 357 imo
482 331 539 357 ha'c
554 330 662 364 majoris
676 329 795 363 supplicii
816 335 895 355 causa
909 328 970 354 erit.

177 377 355 411 Quamobrem
369 384 436 412 rogo
447 397 453 408 ,
470 376 503 403 de
516 375 636 411 gehenna
658 375 796 402 audientes
807 381 971 408 compunga-

172 431 246 453 _mur.
262 423 333 450 Nihil
347 423 417 450 enim
431 423 533 450 dulcius
545 422 594 449 hoc
608 429 743 451 sermone.
759 421 820 455 quia
837 420 918 447 rebus
929 420 970 454 ip-

177 471 214 497 sis
230 470 293 497 nihil
307 471 433 497 amarius.
450 469 482 496 Et
498 468 632 503 quomodo
647 468 724 495 dulce
738 467 834 500 luerit,
851 467 969 502 inquies,

177 516 211 543 dc
221 517 341 551 gebenna
353 516 462 543 audire?
477 516 541 549 Quia
553 515 726 549 injucundum
736 514 810 541 estin
821 514 971 549 gehennam

177 562 313 595 incidere,
330 561 400 597 quod
416 561 513 588 malmn
538 565 662 590 amovent
676 560 755 587 verba
772 560 814 587 illa
827 580 835 593 ,
858 568 918 594 qua:
932 560 972 586 vi-

178 608 273 635 dentur
285 615 408 639 onerosa;
420 608 497 634 aliam
509 615 572 634 vero
582 610 709 642 przcstant
719 606 891 640 voluptatem,
901 605 971 640 quod

177 654 302 682 videlicet
323 654 439 680 animum
455 658 622 686 convertant,
639 657 665 680 et
680 652 713 679 ad
729 653 851 687 pietatem
879 652 971 678 tradu-

175 705 240 727 cant
251 721 258 731 ,
279 705 395 727 mentem
412 700 592 727 sublimiorem
605 720 612 731 ,
636 699 805 735 ratiocinium
821 699 971 732 expeditius

177 747 313 778 efﬁciant,
337 754 350 772 a
374 746 596 780 concupiscentiis
611 745 748 773 obsessam
762 745 877 772 animam
902 745 969 771 libe-

177 797 254 819 rent:
272 793 328 819 hmc
344 800 405 818 vere
421 792 551 818 medicina
570 795 620 818 est.
644 791 811 825 Quapropter
832 790 971 818 concedite

178 838 242 865 mihi
256 843 285 865 ut
306 843 444 872 postquam
457 837 490 865 de
504 838 634 872 supplicio
646 838 711 870 dixi,
723 837 756 864 de
774 837 875 872 pudore
890 837 970 863 etiam

177 892 210 912 ac
221 885 355 912 dedecore
368 885 465 912 dicam.
484 885 550 912 Nam
567 885 635 912 sicut
648 884 769 911 Ninivila:
788 889 850 911 tunc
863 884 972 911 Iudaeos

176 931 395 958 condemnabunt
407 952 414 962 ,
430 931 468 958 sic
483 936 510 958 et
524 938 572 958 nos
586 931 660 957 multi
677 930 893 958 condemnabuut
904 951 910 960 ,
925 931 970 965 qui

178 984 248 1003 nune
263 977 385 1004 videntur
405 977 481 1012 longe
501 977 640 1003 inferiores
657 984 727 1003 esse.
743 976 894 1011 Cogitemus
907 984 970 1010 ergo

176 1028 292 1057 quantus
303 1023 382 1054 risus,
393 1028 499 1057 quanta‘
507 1023 690 1050 damnationes
701 1027 780 1050 erunt
795 1031 801 1049 :
813 1023 968 1056 cogitemus,

180 1068 283 1095 initium
299 1068 437 1101 ducamus,
447 1069 555 1103 jauuam
570 1069 720 1102 aperiamus
732 1068 764 1094 ad
777 1068 969 1102 pmniteutiam.

179 1115 221 1142 Me
244 1115 329 1150 ipsum
354 1115 494 1149 alloquor,
521 1123 563 1142 me
588 1115 701 1149 primum
723 1115 928 1141 ltortorznemo
943 1119 971 1141 ut

177 1161 319 1188 danmatus
344 1162 482 1188 irascatur.
508 1162 651 1196 Angustam
674 1162 742 1187 viam
763 1161 899 1187 adeamus.
918 1161 970 1188 Us-

178 1213 283 1240 quequo
297 1206 421 1233 deliciae?
441 1213 578 1240 usqueqno
593 1205 754 1232 oscitantia?
778 1213 830 1232 non
844 1206 972 1233 satiamur

179 1250 291 1280 desidia.
306 1251 432 1283 ridentes,
450 1251 687 1286 procrastinantes?
702 1251 740 1278 An
755 1251 848 1278 eadem
864 1259 972 1285 semper

179 1300 267 1325 erunt.
280 1303 380 1329 mensa,
395 1297 504 1323 satietas
514 1317 521 1328 ,
536 1296 741 1330 sumptuositas,
757 1297 892 1330 pecunLc,
907 1304 971 1331 pos-

180 1342 313 1368 sessiones
325 1362 332 1374 ,
347 1341 478 1368 aedilicia?
494 1342 590 1376 Ecquis
605 1349 698 1368 eorum
715 1341 797 1368 linis?
812 1342 892 1369 Mors.
907 1343 972 1376 Quis

180 1388 258 1414 ﬁnis?
270 1388 352 1421 Ciuis,
368 1388 462 1422 pulvis,
476 1388 565 1420 loculi,
577 1395 690 1415 vermes.
705 1387 804 1415 Novam
815 1396 880 1424 ergo
892 1390 972 1416 vitam

180 1433 353 1460 cxhibcamus
370 1443 377 1460 :
393 1433 519 1460 faciamus
539 1439 635 1461 terram
660 1434 774 1462 cadum:
793 1434 854 1461 hinc
881 1440 972 1462 osten-

180 1479 276 1506 damus
289 1479 432 1514 gentilibus
444 1485 508 1514 quot
522 1485 630 1507 careant
645 1480 732 1507 bouis.
755 1480 820 1507 Nam
843 1488 903 1507 cum
927 1488 975 1508 nos

182 1524 308 1551 videbunt
322 1529 393 1551 recte
407 1525 486 1551 vitam
502 1530 621 1559 agentes,
639 1525 732 1552 eodem
744 1530 853 1559 aspectu
864 1534 974 1560 regnum

181 1570 310 1597 caelorum
330 1571 503 1605 conspiciant.
530 1571 595 1598 Cum
618 1579 667 1598 nos
687 1571 800 1598 viderint
817 1572 953 1600 modestos
967 1594 974 1605 ,

183 1623 282 1642 vacuos
303 1616 350 1647 ira,
365 1617 578 1651 concupiscentia
591 1617 671 1650 mala,
687 1617 794 1649 invidia,
807 1619 929 1650 avaritia,
949 1619 975 1646 iu

182 1661 357 1695 omnibusque
372 1662 481 1695 probos,
495 1662 602 1688 dicent:
615 1662 641 1690 Si
660 1662 703 1689 hic
714 1663 800 1698 angeli
821 1663 887 1690 liunt
901 1664 977 1691 Chri-

187 1707 277 1740 stiani,
293 1707 383 1741 quales
399 1713 477 1735 erunt
488 1713 547 1742 post
559 1716 696 1736 excessum
710 1717 740 1736 ex
756 1710 805 1736 hac
818 1710 888 1737 vita?
901 1711 922 1738 si
933 1712 976 1738 ubi

183 1753 317 1788 peregrini
332 1757 410 1786 sunt,
428 1754 461 1780 ita
477 1754 595 1788 fulgent,
617 1763 677 1781 eum
694 1755 806 1790 patriam
829 1756 976 1791 recipienti,

185 1799 276 1833 quales
287 1800 387 1826 ertmt?
401 1799 444 1827 Sic
459 1805 486 1826 et
501 1801 536 1827 illi
552 1801 675 1828 meliores
689 1801 812 1834 evadent,
827 1807 854 1830 et
874 1804 978 1836 pietatis

184 1852 275 1872 SCI‘IIIO
285 1851 383 1877 curret,
394 1854 446 1872 non
456 1847 542 1873 minus
552 1854 631 1881 quant
642 1847 824 1880 apostolorum
833 1856 898 1875 ίιὲὶό.
912 1848 977 1875 Nam

186 1889 207 1915 si
226 1889 261 1915 illi
277 1897 337 1916 cum
352 1890 490 1917 duodecim
501 1891 586 1918 solum
599 1897 699 1924 essent,
716 1892 836 1920 civitates
851 1894 978 1928 integras,

185 1934 361 1969 regionesque
373 1942 574 1969 converterunt;
590 1937 611 1963 si
627 1945 721 1964 omnes
736 1946 768 1965 ex
784 1943 906 1966 accurata
918 1939 980 1966 vita:

187 1980 291 2007 ratione
303 1981 427 2008 doctores
441 1978 599 2013 efficiantur.
611 1983 696 2017 cogita
713 1988 838 2018 quantam
851 1984 883 2010 ad
899 1985 980 2011 subli-

187 2025 307 2053 mitatem
323 2032 412 2054 nostra
426 2028 479 2054 sint
493 2035 645 2055 ascensura.
665 2029 756 2063 Neque
768 2030 838 2057 enim
853 2031 978 2064 gentilem

549 136 580 163 S.
600 134 738 163 JOANNIS
756 130 992 162 ClrlllYSOSTOMI
1013 130 1170 159 ARCHIEP.
1191 131 1461 160 CONSTANTlNOP.

1766 133 1817 160 4111

1026 187 1065 214 sic
1081 187 1190 215 attrahit
1205 193 1326 215 mortuus
1339 188 1521 220 redivivus,ut
1532 188 1571 215 vir
1580 188 1765 223 philosophice
1779 191 1819 216 \i-

1024 241 1100 261 vens.
1126 234 1167 261 Ad
1190 234 1255 261 illud
1271 235 1341 262 cnim
1366 235 1547 269 spectaculum
1567 235 1702 270 stupebit,
1717 236 1751 263 ab
1767 236 1818 263 hoc

1023 283 1111 306 autem
1127 279 1228 306 lucrum
1241 279 1328 306 faciet.
1343 279 1410 306 illud
1421 279 1520 307 factum
1533 286 1583 312 est,
1598 285 1624 307 et
1641 281 1755 313 transiit;
1767 280 1819 308 hoc

1024 331 1122 358 manet,
1139 331 1164 353 et
1177 334 1283 361 semper
1297 326 1367 353 illius
1382 327 1498 353 animam
1516 326 1622 353 excolit.
1640 326 1737 354 Curam
1752 335 1816 362 ergo

1025 372 1109 399 nostri
1128 380 1248 407 agamus,
1262 377 1290 399 ut
1303 378 1330 399 et
1345 372 1406 399 illos
1418 372 1562 399 lucremur.

1065 417 1149 444 Virtus
1162 418 1267 444 inomni
1281 418 1422 444 conditione
1441 417 1489 444 coli
1506 417 1704 452 patest.—Nihil
1719 425 1818 445 onero-

1024 470 1082 490 sum
1097 464 1191 498 loquor
1206 473 1212 490 :
1228 472 1280 491 non
1291 463 1360 494 dico.
1378 463 1416 490 Ne
1431 471 1541 490 uxorem
1555 463 1638 490 ducas
1650 484 1657 495 .
1673 464 1753 491 urbes
1772 473 1801 491 re
1811 480 1817 484 -

1024 509 1124 543 linque,
1138 517 1152 535 a
1167 509 1247 536 rebus
1268 509 1377 536 turbantis
1393 514 1418 536 te
1434 516 1542 537 remove
1559 519 1565 535 :
1583 509 1640 541 sed,
1658 509 1686 536 In
1700 509 1742 537 his
1756 517 1817 536 ver-

1024 562 1086 582 sans
1099 556 1220 582 virtutem
1237 555 1344 583 exhibe.
1360 556 1464 583 Mallem
1479 556 1578 590 quippe
1597 564 1644 583 eos
1658 557 1703 590 qui
1722 557 1747 584 in
1762 564 1819 584 me-

1025 601 1077 628 diis
1091 601 1200 628 urbibus
1214 608 1355 629 versantur
1371 603 1469 630 virtute
1485 602 1581 630 ﬂorere
1592 623 1599 635 ,
1615 611 1695 638 quam
1710 610 1759 630 eos
1772 604 1817 638 qui

1025 653 1129 675 montes
1141 652 1281 682 occupant.
1294 647 1400 682 Quare?
1412 648 1479 682 Quia
1495 648 1556 675 hinc
1569 649 1680 676 multum
1691 649 1757 676 lucri
1771 657 1816 676 ac-

1023 695 1103 722 cedit.
1121 693 1202 721 Nemo
1217 695 1286 721 enim
1301 695 1430 722 lucernam
1446 695 1567 728 accendit,
1581 700 1603 722 et
1617 696 1687 730 ponit
1701 704 1758 722 eam
1772 696 1817 723 sub

1023 740 1108 767 modio
1120 740 1226 775 (.llattlt.
1243 740 1270 767 5.
1287 741 1342 775 15).
1359 741 1461 768 Idcirco
1476 741 1571 768 vellem
1587 749 1682 768 omnes
1694 741 1817 769 lucernas

1023 793 1102 819 supra
1115 785 1272 812 candelabra
1284 794 1354 817 esse,
1369 791 1395 812 ut
1407 787 1489 814 multa
1500 787 1544 814 lux
1559 786 1750 815 eﬂ‘underetur.
1766 789 1818 815 Ac-

1023 831 1167 858 ecndamus
1187 832 1276 866 itaque
1291 831 1379 867 ignem
1396 833 1480 865 illum,
1502 833 1526 860 id
1541 833 1688 860 efficiamus
1701 839 1728 861 ut
1742 834 1758 860 ii
1772 834 1817 867 qui

1024 879 1050 906 iu
1064 878 1181 905 tenebris
1196 878 1292 905 sedent
1304 899 1310 910 ,
1325 878 1359 905 ab
1369 886 1461 906 errore
1473 879 1627 906 liberentur.
1645 878 1683 906 Ne
1699 879 1762 906 mihi
1775 879 1818 907 di-

1023 932 1068 951 cas
1083 932 1089 949 :
1104 923 1218 951 Uxorem
1232 923 1328 955 habeo,
1349 924 1429 955 ﬁlios,
1441 924 1560 955 domum,
1576 932 1625 952 nec
1638 932 1745 958 possum
1760 925 1818 952 lucc

1023 974 1158 1005 prasstare.
1173 970 1283 997 Etiamsi
1294 970 1366 998 enim
1380 970 1473 997 horum
1489 970 1552 997 nihil
1563 971 1684 1002 haberes,
1694 971 1715 998 si
1729 971 1819 1006 segnis

1023 1017 1198 1048 esses,omnia
1207 1017 1305 1050 pariter
1315 1017 1500 1049 abscederent;
1510 1017 1531 1044 si
1543 1017 1601 1043 hate
1609 1018 1696 1044 omnia
1708 1018 1816 1049 habeas,

1023 1068 1199 1099 strenuusque
1214 1065 1251 1091 sis
1264 1070 1344 1099 atque
1358 1063 1472 1098 probus,
1488 1064 1612 1090 virtutem
1628 1065 1710 1091 coles.
1726 1063 1813 1091 Unum

1023 1110 1150 1145 queritur
1166 1130 1172 1140 ,
1193 1110 1288 1135 anima:
1303 1116 1440 1144 generosa:
1456 1108 1580 1135 alacritas
1595 1117 1601 1135 :
1616 1113 1643 1135 et
1665 1117 1715 1136 nec
1731 1114 1795 1136 astas
1806 1130 1814 1142 ,

1023 1164 1073 1182 nec
1088 1161 1228 1190 paupertas
1238 1176 1247 1187 ,
1262 1163 1312 1182 nec
1326 1155 1425 1181 divitia}
1437 1174 1445 1187 ,
1469 1162 1517 1181 nec
1533 1155 1614 1182 moles
1631 1155 1796 1190 negotiorum
1810 1176 1818 1187 ,

1023 1202 1065 1229 vel
1081 1201 1223 1236 quidquam
1236 1201 1318 1233 aliud,
1334 1201 1524 1235 impedimento
1540 1206 1629 1228 erant.
1644 1201 1709 1228 Nam
1724 1209 1814 1235 senes,

1022 1247 1143 1282 juvenes,
1158 1247 1301 1282 eonjugati,
1319 1247 1417 1274 liberos
1431 1247 1586 1279 edncautes,
1600 1247 1727 1279 artiﬁces,
1746 1248 1818 1274 mili-

1025 1299 1074 1327 tes,
1090 1299 1220 1329 praseepta
1235 1294 1322 1321 omnia
1339 1294 1527 1328 impleverunt.
1545 1293 1649 1321 Etenim
1673 1294 1819 1328 Danielju-

1024 1341 1100 1367 venis
1111 1345 1185 1372 erat,
1199 1340 1297 1375 Joseph
1311 1348 1404 1368 servus
1416 1361 1424 1374 ,
1447 1340 1540 1375 Aquila
1556 1346 1639 1367 artem
1653 1340 1795 1368 exercebat
1809 1359 1815 1369 1

1026 1388 1181 1427 purpuraria
1197 1387 1235 1421 (a)
1251 1386 1365 1414 ofﬁcinae
1379 1391 1502 1421 praeerat,
1518 1386 1586 1413 alios
1601 1391 1692 1413 custos
1703 1387 1819 1413 carceris

1026 1438 1093 1464 erat,
1113 1433 1181 1459 alitis
1195 1432 1327 1465 centurio,
1345 1436 1373 1458 ut
1386 1431 1750 1462 Cornelius:aliusinlirmus
1762 1452 1769 1463 ,
1791 1435 1822 1457 ut.

1026 1478 1201 1509 Timotheus;
1226 1478 1294 1505 alius
1309 1478 1434 1512 fugitivus
1446 1498 1453 1509 ,
1471 1483 1499 1504 ut
1512 1477 1654 1504 Onesimus
1668 1486 1673 1502 :
1690 1476 1738 1504 sed
1753 1477 1822 1503 nihil

1029 1525 1124 1552 horum
1138 1525 1253 1558 cuipiam
1268 1532 1360 1551 eorum
1373 1523 1469 1556 obfuit,
1485 1524 1549 1558 quin
1564 1528 1637 1550 recte
1650 1524 1730 1550 vitam
1746 1523 1824 1550 insli-

1028 1576 1142 1603 tnerent,
1158 1571 1306 1606 etjuvenes
1319 1575 1346 1598 et
1356 1579 1434 1598 senes
1445 1591 1452 1603 ,
1469 1575 1495 1598 et
1512 1571 1582 1598 servi
1605 1575 1631 1597 et
1646 1571 1732 1602 liberi,
1747 1570 1817 1597 mili-

1030 1623 1069 1644 tes
1091 1622 1118 1644 et
1131 1618 1230 1644 idiotas.
1247 1617 1285 1644 Ne
1299 1617 1387 1652 itaque
1409 1625 1492 1644 vanos
1505 1624 1657 1652 qnzeramus
1677 1617 1802 1644 obtentus
1814 1637 1823 1649 ,

1030 1664 1076 1690 sed
1092 1664 1255 1698 propesitum
1277 1663 1422 1690 voluntatis
1436 1670 1560 1696 paremus
1574 1663 1714 1696 optimum.
1728 1662 1823 1696 Cujus—

1030 1711 1069 1738 vis
1083 1710 1243 1738 conditionis
1262 1710 1356 1743 simus,
1371 1710 1494 1736 virtutem
1512 1709 1621 1736 omnino
1634 1716 1804 1743 capessamus
1815 1729 1824 1740 ,

1031 1762 1058 1783 et
1080 1757 1164 1783 l'ulura
1186 1763 1383 1790 consequamur
1405 1755 1472 1782 bona
1486 1776 1494 1788 ,
1515 1755 1599 1790 gratia
1615 1760 1642 1782 et
1662 1754 1826 1789 benignitate

1033 1801 1136 1828 Domini
1161 1801 1244 1828 nostri
1260 1801 1322 1828 Jesu
1337 1800 1447 1832 Christi,
1465 1801 1572 1835 quicum
1590 1800 1660 1828 Patri
1675 1806 1702 1827 et
1714 1799 1823 1834 Spiritui

1032 1853 1124 1875 sancto
1137 1847 1218 1882 gloria
1233 1851 1258 1874 et
1279 1846 1418 1881 imperium
1431 1867 1438 1878 ,
1465 1846 1550 1874 honor
1569 1853 1639 1874 nunc
1658 1850 1686 1873 et
1699 1853 1804 1881 semper
1816 1866 1825 1879 ,

1032 1899 1060 1921 et
1072 1894 1097 1921 in
1111 1894 1207 1920 smcula
1216 1893 1384 1920 surculorum.
1398 1893 1494 1920 Amen.

1034 2035 1041 2060 Ι
1066 2006 1102 2034 (a)
1119 2006 1261 2061 Terpqqaria
1274 2005 1313 2030 illa
1325 2005 1478 2036 ‘t‘hyatirena,
1488 2004 1520 2029 de
1532 2005 1612 2036 quain
1624 2005 1721 2030 Actibus
1732 2008 1826 2036 aposto-

1044 2043 1112 2061 orum
1157 2055 1162 2061 .
1211 2055 1216 2060 .

1044 2043 1112 2061 orum
1125 2043 1162 2067 ιθ,
1178 2043 1216 2060 14,

744 2133 933 2164 HOMIILIA
956 2135 1067 2166 XLIV.
1092 2137 1134 2166 al.
1154 2137 1250 2166 XLV.

187 2204 252 2231 tiu».
268 2203 311 2230 12.
330 2211 354 2229 v.
372 2203 416 2230 116.
442 2203 532 2230 Adhuc
548 2209 632 2231 autem
647 2212 675 2232 co
689 2204 803 2239 loquente
825 2204 859 2231 ad
879 2205 976 2237 turbas,

226 2258 280 2276 scre
293 2254 371 2276 mater
386 2254 408 2276 et
422 2251 514 2285 fratres
527 2251 582 2286 ejus
595 2251 694 2277 stabant
709 2251 772 2286 foris
782 2272 790 2284 ,
806 2257 945 2285 quturcntes
957 2253 980 2279 ei

226 2297 303 2331 loqui.
319 2297 364 2323 47.
381 2296 454 2323 Dixit
473 2302 558 2323 autem
572 2297 675 2332 quidam
690 2298 712 2324 ai
733 2306 742 2324 :
765 2297 832 2324 Ecce
847 2303 926 2324 mater
940 2304 982 2325 tua

224 2348 248 2369 et
271 2343 362 2378 fratres
387 2342 423 2369 tui
437 2343 500 2376 foris
523 2348 604 2375 stant,
620 2348 760 2377 quaerentes
783 2343 827 2370 tibi
843 2343 919 2378 loqui.
936 2344 979 2371 48.

227 2389 289 2425 Ipse
316 2396 399 2416 autent
427 2390 582 2425 respondens
608 2391 700 2417 dicenti
712 2391 760 2418 sibi
785 2392 841 2418 ait:
859 2392 921 2424 Quae
947 2397 983 2419 est

228 2442 309 2463 ntater
320 2445 385 2469 mea,
397 2441 420 2463 cl
432 2437 474 2472 qui
487 2443 546 2464 sunt
557 2439 646 2472 fratres
664 2438 733 2464 mei.’
745 2437 788 2464 49.
805 2437 835 2464 Et
848 2437 984 2465 extendens

228 2491 331 2509 manuni
351 2483 376 2509 in
398 2484 536 2518 discipulos
551 2492 620 2516 suos,
634 2484 698 2511 dixit
714 2492 724 2510 :
744 2483 811 2512 Ecce
832 2489 911 2511 muter
929 2493 985 2511 mea

230 2533 253 2554 ct
269 2530 361 2562 fratres
376 2528 433 2555 mei.

231 2574 257 2600 1.
273 2573 349 2606 Quod
366 2582 451 2608 nuper
465 2574 586 2602 dicebam
601 2575 659 2602 sine
672 2575 771 2603 virtute
783 2575 871 2602 omnia
886 2583 984 2609 supcr-

193 2619 245 2645 ﬂua
259 2626 329 2649 esse,
347 2618 397 2646 hoc
411 2628 481 2647 nunc
494 2621 663 2654 apertissime
677 2620 888 2648 demonstratur.
906 2621 986 2648 Dice-

195 2666 256 2691 bam
277 2672 326 2699 ego
337 2686 343 2697 ,
361 2670 466 2692 aetatem
477 2686 485 2699 ,
502 2672 623 2694 naturam
636 2687 643 2699 ,
657 2666 757 2694 deserti
782 2666 984 2700 habitationem,

194 2717 345 2746 (ta-teraque
360 2711 510 2746 hujusmodi
525 2714 625 2740 inutilia
640 2721 710 2746 esse.
722 2714 744 2741 si
758 2714 906 2741 voluntatis
920 2721 984 2748 pro-

196 2758 311 2791 positum
329 2765 381 2784 non
396 2758 431 2785 sit
450 2758 548 2786 bonum
563 2769 569 2786 :
585 2760 665 2787 hodie
683 2768 748 2787 vero
759 2760 859 2795 aliquid
873 2759 988 2794 amplius

195 2803 322 2830 discimus
333 2825 341 2836 ,
357 2812 391 2831 ne
404 2804 509 2839 quidem
524 2806 657 2834 Christum
673 2806 811 2842 peperisse
832 2810 858 2833 et
880 2805 987 2833 mirabi-

194 2849 275 2877 b‘ilem
288 2849 361 2877 illum
378 2855 480 2885 partum
499 2851 626 2887 edidisse,
639 2852 738 2887 aliquid
752 2852 874 2880 utilitatis
889 2851 986 2879 habere

1035 2209 1092 2235 sine
1107 2208 1214 2235 virtute.
1232 2207 1259 2234 ld
1276 2216 1339 2234 vero
1354 2202 1415 2235 hinc
1429 2207 1543 2235 maxime
1556 2207 1682 2243 liquidum
1691 2213 1733 2236 est
1746 2218 1752 2235 :
1766 2216 1828 2236 nam

1037 2253 1101 2281 dicit
1118 2263 1124 2280 :
1137 2253 1226 2280 Att/mc
1241 2262 1269 2280 eo
1285 2255 1400 2288 loquente
1413 2254 1447 2280 ad
1459 2253 1546 2280 turbas
1556 2274 1564 2286 ,
1581 2254 1646 2281 dicit
1663 2255 1768 2289 quidam
1783 2255 1805 2281 ci
1818 2264 1828 2282 :

1037 2300 1121 2326 Mater
1146 2304 1190 2326 tua
1207 2304 1230 2325 et
1255 2300 1346 2334 fratres
1364 2299 1400 2325 tui
1421 2305 1536 2333 quarunt
1558 2305 1591 2326 te.
1616 2299 1666 2326 Ille
1677 2307 1734 2326 vero
1754 2301 1829 2332 dixit,

1039 2346 1102 2378 Qum
1124 2351 1159 2372 est
1178 2351 1257 2372 mater
1272 2354 1336 2377 mea,
1354 2351 1376 2372 et
1393 2347 1434 2380 qui
1449 2353 1508 2372 sunt
1520 2348 1612 2381 fratres
1631 2347 1698 2373 mei?
1714 2346 1769 2374 Hoc
1781 2354 1830 2373 au-

1037 2397 1090 2420 tem
1105 2392 1220 2425 diccbat,
1237 2399 1289 2419 non
1303 2392 1373 2427 quod
1388 2392 1422 2419 de
1442 2398 1528 2419 matre
1544 2392 1676 2427 puderet,
1692 2401 1741 2420 nec
1759 2393 1830 2428 quod

1037 2438 1194 2473 genitricem
1225 2442 1355 2472 negaret:
1373 2438 1394 2464 si
1411 2438 1482 2464 enim
1504 2438 1529 2465 id
1555 2438 1592 2465 illi
1615 2438 1708 2472 pudori
1725 2439 1827 2469 luisset,

1038 2491 1091 2511 non
1105 2491 1153 2518 per
1165 2488 1270 2511 uterum
1285 2483 1358 2510 illum
1373 2484 1529 2516 transisset;
1551 2484 1598 2511 sed
1614 2489 1642 2511 ut
1654 2484 1807 2511 Ostenderel
1821 2505 1829 2515 ,

1038 2530 1102 2557 nihil
1124 2530 1185 2557 hinc
1208 2530 1285 2557 matri
1301 2530 1421 2557 utilitatis
1455 2534 1644 2564 proventurum
1667 2530 1756 2560 fuisse.
1778 2531 1830 2557 nisi

1038 2581 1170 2611 prmcepta
1198 2576 1287 2603 omnia
1312 2581 1456 2603 servasset.
1480 2576 1546 2603 Nam
1568 2577 1639 2610 quod.
1658 2577 1701 2604 illa
1722 2577 1832 2604 ft-citex

1038 2621 1183 2648 ambitione
1194 2621 1416 2656 proficiscebatur
1431 2630 1436 2647 :
1452 2622 1559 2649 volebat
1572 2622 1642 2649 enim
1658 2623 1757 2656 populo
1770 2631 1832 2649 sese

1038 2671 1174 2694 ostentare
1183 2674 1214 2694 ac
1225 2667 1246 2693 si
1258 2666 1403 2701 imperaret
1413 2668 1477 2700 lilio,
1489 2667 1522 2694 de
1534 2676 1586 2702 quo
1597 2667 1663 2694 nihil
1676 2668 1764 2695 adhuc
1775 2677 1832 2695 ma-

1039 2720 1119 2747 gnum
1132 2712 1335 2746 imaginabatur.
1344 2713 1459 2747 ideoque
1471 2713 1623 2747 importune
1637 2714 1832 2741 accessit.Vido

1040 2767 1104 2793 ergo
1117 2764 1144 2786 et
1159 2759 1216 2794 ejus
1230 2763 1257 2786 et
1278 2759 1388 2786 fratrum
1409 2760 1599 2795 arrogantiam.
1612 2758 1679 2788 Cum
1694 2765 1832 2795 oporteret

1039 2805 1110 2831 enim
1127 2805 1261 2839 ingressos
1283 2805 1374 2832 audire
1392 2813 1453 2832 cum
1473 2805 1560 2838 turba,
1573 2805 1615 2832 vel
1635 2806 1657 2832 si
1678 2805 1703 2832 id
1718 2806 1829 2837 nollent,

1039 2856 1193 2885 exspectare
1209 2850 1344 2879 conciunis
1359 2851 1448 2886 ﬁnem,
1464 2857 1491 2879 et
1502 2856 1565 2880 tunc
1578 2851 1718 2885 accedere,
1732 2859 1747 2878 a
1764 2850 1830 2879 foris
