2068 3132
211 150 262 179 £65

209 211 308 235 vocant
318 214 377 234 eum
393 207 418 233 in
429 211 574 242 conspectu
588 207 717 239 omnium,
727 206 940 242 superﬂuamque
951 214 997 234 ex-

208 253 300 280 hibent
315 253 506 285 ambitionem,
522 258 549 279 ιιι
561 253 713 285 ostendant,
732 260 761 280 se
776 253 813 280 illi
828 261 921 288 magna
936 261 996 280 cum

208 304 343 334 potestate
365 299 508 334 imperare.
532 299 607 332 Quod
632 300 711 326 etiam
736 300 897 332 evangelista
923 299 997 327 incu-

206 345 290 372 sando
303 345 440 377 declarat;
457 345 507 371 hoc
526 344 611 378 ipsum
627 345 698 372 enim
724 344 894 371 subindicaus
906 344 972 371 dixit
988 353 994 371 :

206 390 295 417 Adhuc
317 398 346 416 ea
367 390 481 423 loquente
504 390 538 416 ad
553 391 658 422 turbas;
679 397 710 417 ac
730 390 752 417 si
766 390 885 417 diceret:
899 391 994 417 Annon

206 437 279 464 aliud
296 441 400 472 tempus
412 437 489 463 erat?
503 444 591 463 annon
605 440 727 470 poterant
744 437 857 464 seorsim
873 437 995 471 alloqui?

204 483 272 517 Quid
288 491 367 518 porro
389 483 459 518 loqui
481 483 628 510 volebant?
642 482 707 509 Nam
725 482 747 509 si
762 482 796 509 de
811 482 922 509 veritate
944 482 994 509 do-

204 531 298 557 ctrinae
321 530 417 557 dicturi
441 534 535 561 erant,
549 529 607 556 lucc
620 530 705 564 palam
721 534 747 556 et
768 537 857 557 coram
873 530 994 557 omnibus

204 576 328 610 proferre
339 576 475 611 oportuit,
491 575 523 602 ad
544 576 657 602 aliorum
678 583 784 610 quoque
796 575 935 603 utilitatem
949 584 956 608 ;
970 577 992 603 si

202 622 236 649 de
247 623 305 649 aliis
317 622 351 649 ad
367 629 410 649 res
424 629 486 649 suas
501 622 693 655 spectantibus,
709 630 761 649 non
777 622 816 649 sic
832 623 932 651 instare
946 631 993 658 par

202 671 270 694 erat.
285 667 349 694 Nam
362 668 384 694 si
399 668 435 694 illi
450 672 552 702 patrem
568 668 682 702 sepelire
698 676 749 695 non
772 670 892 702 permisit
905 678 937 697 ne
950 678 993 697 se-

200 712 247 746 qui
262 719 292 739 se
307 712 493 740 intermitteret
509 722 516 739 :
533 713 616 740 multo
631 715 717 741 minus
739 714 894 742 concionem
920 724 992 743 rum-

201 764 266 792 pere
278 757 371 784 debuit
382 765 430 792 pro
442 758 522 785 rebus
542 759 640 786 nullius
653 760 791 786 momenti.
801 760 889 793 Quare
905 760 990 795 palam

200 813 252 839 est,
268 815 314 834 eos
328 807 414 834 solum
427 815 460 835 ex
475 815 539 835 vana
560 808 643 842 gloria
658 808 721 835 illud
743 809 850 845 egisse;
866 810 935 843 quod
952 810 990 836 si-

198 854 328 889 gniﬁcans
349 854 464 882 Joannes
481 854 586 882 dicebat
603 863 610 882 :
635 854 722 886 Neque
735 857 825 890 fratres
837 856 890 891 ejus
905 855 990 882 crede-

198 901 258 927 bant
269 901 294 927 in
309 909 365 927 eum
380 901 388 936 (
401 900 479 928 Joan.
494 902 520 927 7.
533 901 550 929 5
561 900 582 935 );
599 901 756 936 illorumun
768 901 838 929 dicta
853 901 990 929 refcrtad-

197 946 307 974 modum
331 946 434 979 insana,
450 946 544 974 dicens
560 947 632 982 ipsos
653 947 767 974 traxisse
789 947 861 974 illum
883 947 989 974 Jeroso—

196 991 308 1026 Iymam,
323 1000 376 1018 non
392 992 426 1019 ob
436 992 515 1019 aliam
526 999 644 1024 causam,
659 1000 738 1026 quam
752 997 779 1019 ut
789 1001 820 1019 ex
836 993 893 1026 ejus
906 993 988 1028 signis

195 1038 308 1072 gloriam
333 1042 474 1072 captarent
494 1046 501 1064 :
524 1045 584 1064 nam
612 1038 755 1072 inquiunt,
786 1038 817 1065 Si
840 1038 894 1065 [nec
912 1039 986 1074 facis,

195 1083 300 1110 ostende
319 1084 426 1118 leipsum
447 1084 540 1110 munda
555 1091 564 1110 :
580 1092 651 1110 nemo
672 1084 764 1119 quippe
776 1083 802 1110 in
816 1083 912 1110 occulta
927 1085 988 1120 quid

195 1130 271 1164 facit,
286 1135 309 1156 et
320 1130 409 1164 quarrit
420 1130 474 1164 ipse
487 1130 572 1164 palam
585 1129 661 1166 ﬁcri(
676 1129 745 1156 Ibid.
760 1137 783 1156 υ.
800 1130 839 1165 4);
856 1130 912 1165 ipse
923 1138 986 1158 vero

193 1174 257 1201 illos
276 1175 440 1210 increpavit,
463 1175 596 1202 carnalem
613 1175 717 1202 illorum
732 1176 842 1210 culpans
857 1177 985 1203 animum.

193 1220 262 1253 Quia
275 1221 345 1247 enim
360 1220 443 1248 Judmi
459 1221 655 1255 exprobrantes
671 1221 720 1255 ipsi
733 1221 875 1249 dicebant:
894 1221 986 1249 Nonne

193 1266 236 1292 hic
246 1270 280 1292 est
294 1265 359 1301 fabri
371 1266 449 1300 filius,
460 1267 531 1301 cujus
548 1274 593 1293 nos
606 1267 700 1293 scimus
713 1272 810 1301 patrem
824 1271 847 1293 et
860 1269 986 1295 matrem?

192 1318 219 1340 et
233 1313 323 1347 fratres
337 1314 391 1348 ejus
415 1321 498 1340 nonne
517 1313 586 1347 apud
602 1322 648 1340 nos
662 1318 718 1340 sunt
734 1313 744 1348 (
764 1313 858 1341 Matth.
883 1314 925 1341 15.
939 1315 982 1341 55.

192 1360 247 1389 56;
268 1359 349 1386 Marc.
364 1359 391 1387 6.
406 1360 433 1394 5)
443 1360 455 1386 't
466 1359 660 1394 ignobilitatem
674 1359 780 1394 generis
793 1360 983 1394 vituperantes.

191 1410 336 1441 propterea
357 1406 442 1440 ipsum
463 1405 495 1432 ad
518 1406 654 1440 signorum
678 1405 885 1432 ostentationem
900 1413 981 1432 voca-

192 1452 258 1479 bant
272 1460 279 1478 :
296 1452 356 1479 ideo
372 1452 442 1486 ipsos
461 1451 579 1486 depellit,
590 1452 682 1478 volens
694 1451 728 1477 ab
742 1451 792 1478 hac
809 1451 889 1478 animi
904 1452 984 1486 aegri-

191 1499 284 1525 tudine
296 1498 409 1525 liberare
424 1498 486 1533 :qui
502 1498 523 1524 si
533 1501 644 1524 matrem
659 1505 756 1530 negare
768 1497 905 1525 voluisset.
919 1501 983 1524 tunc

191 1550 325 1579 negasset,
337 1551 397 1571 cum
411 1544 436 1570 id
446 1544 493 1578 ipsi
501 1543 585 1571 Judtei
600 1543 742 1578 opprobrio
753 1548 894 1571 verterent.
908 1544 984 1572 Nunc

190 1596 282 1618 autem
298 1595 397 1618 tantam
414 1591 472 1625 ejus
492 1598 582 1618 curam
605 1591 723 1622 exhibet,
740 1595 769 1618 ut
785 1598 843 1618 eam
860 1592 885 1618 in
901 1599 981 1619 cruce

191 1637 336 1671 discipulo,
352 1644 430 1670 quem
443 1637 557 1663 maxime
570 1636 689 1663 omnium
704 1636 837 1671 diligebat,
847 1644 982 1664 commen~

189 1682 278 1711 daret.
294 1690 468 1716 magnamque
480 1682 537 1716 ejus
556 1681 761 1708 sollicitudinem
782 1682 930 1709 exhiberet.
947 1683 982 1709 At

190 1735 265 1754 nunc
278 1735 330 1754 non
346 1727 469 1754 similiter
484 1726 555 1759 facit,
569 1731 595 1754 ut
612 1727 649 1753 illi
660 1731 687 1753 et
700 1726 826 1754 fratribus
840 1728 895 1754 suis
908 1732 982 1755 recte

188 1774 356 1800 consuleret.
368 1773 434 1807 Quia
445 1773 517 1800 enim
534 1773 605 1800 illum
621 1773 721 1800 nudum
737 1773 871 1800 hominem
886 1781 982 1801 cense-

189 1819 267 1850 bant,
288 1823 367 1854 atque
386 1819 457 1846 inani
478 1819 561 1854 gloria
586 1818 742 1854 agebantur,
758 1819 882 1846 morbum
906 1819 981 1847 illum

189 1866 312 1901 depellit,
325 1873 379 1894 non
394 1866 427 1893 ad
436 1866 635 1899 contumeliam,
649 1866 696 1893 sed
705 1866 737 1893 ad
753 1866 979 1894 emendationem.

189 1912 231 1939 'l‘u
245 1917 309 1939 vero
323 1918 357 1938 ne
370 1911 449 1939 verba
466 1911 510 1938 illa
526 1916 626 1938 tantum
641 1911 799 1945 perpendas,
813 1919 873 1946 qua;
890 1912 983 1939 mode-

190 1961 279 1984 ratam
289 1957 427 1984 continent
440 1957 647 1991 increpationem
658 1977 665 1989 ,
682 1957 728 1983 sed
742 1957 822 1984 etiam
849 1958 980 1992 importu-

189 2002 303 2029 nitatem
318 2002 508 2037 audaciamque
523 2001 645 2033 fratrum,
657 2009 688 2029 ac
703 2002 762 2035 quis
775 2003 810 2029 sit
827 2003 872 2030 ille
883 2004 926 2038 qui
941 2003 981 2029 in-

189 2052 284 2081 crepat
298 2057 305 2074 :
318 2056 369 2074 non
383 2048 452 2075 enim
476 2047 563 2074 nudus
583 2048 672 2079 homo,
692 2048 738 2075 sed
757 2049 908 2084 unigenitus
934 2050 980 2077 Dei

190 2093 290 2126 Filius;
305 2098 332 2120 et
352 2093 414 2128 quid
426 2093 520 2121 volens
540 2094 716 2128 increpaverit
732 2103 738 2121 :
755 2102 808 2121 non
822 2095 893 2122 enim
908 2099 935 2122 ut
950 2095 981 2122 il-

189 2140 246 2167 lam
262 2139 288 2166 in
306 2139 413 2167 dubium
427 2139 571 2174 conjiceret
584 2160 592 2172 .
605 2140 651 2167 sed
666 2145 694 2167 ut
707 2148 721 2167 a
736 2141 873 2176 tyrannico
887 2141 980 2169 morbo

192 2185 332 2217 liberaret,
355 2193 387 2212 ac
400 2186 527 2220 paulatim
545 2186 680 2213 induceret
696 2186 728 2213 ad
742 2192 932 2220 congruentem
947 2187 981 2214 de

190 2239 222 2258 se
237 2231 401 2265 opinionem,
416 2231 594 2266 suadet-etque
610 2231 670 2266 ipsi,
685 2239 715 2259 se
729 2239 780 2259 non
799 2232 880 2259 modo
897 2233 979 2260 lilium

190 2277 275 2312 ipsius
288 2284 347 2305 esse
357 2298 365 2310 ,
388 2277 434 2305 sed
458 2277 537 2304 etiam
553 2277 709 2309 Dominum;
723 2278 878 2313 videbisque
892 2279 980 2306 iocre.

190 2323 325 2357 pationem
341 2322 483 2349 admodum
505 2328 532 2350 et
551 2323 600 2350 sibi
615 2328 820 2358 congruentem,
854 2328 881 2351 ct
903 2324 981 2351 matri

191 2369 284 2396 utilem
299 2389 307 2400 ,
333 2369 464 2404 simulque
487 2369 564 2396 valde
590 2375 769 2398 mansuetam.
793 2370 885 2405 Neque
909 2371 980 2398 enim

190 2414 267 2446 dixit,
282 2414 341 2445 Abi.
351 2415 394 2442 dic
408 2415 496 2447 matri,
514 2415 584 2441 illam
600 2422 685 2442 meatu
701 2423 753 2442 non
766 2423 826 2443 esse
843 2420 955 2443 matrem
970 2423 977 2448 ;

190 2460 238 2487 sed
254 2461 372 2495 loquenti
395 2461 539 2494 respondet
559 2461 600 2488 bis
623 2461 713 2488 verbis
733 2470 740 2488 :
762 2461 826 2493 Quae
848 2467 884 2488 est
902 2467 981 2489 mater

190 2514 248 2532 mea
259 2506 272 2532 ?
295 2513 355 2532 cum
370 2513 449 2539 supra
464 2506 542 2533 dictis
560 2506 632 2533 aliud
656 2507 735 2534 etiam
758 2506 887 2534 efﬁciens.
903 2508 981 2541 Quid-

191 2559 254 2578 nam
279 2551 366 2578 illud?
386 2551 421 2579 Ut
435 2560 521 2586 neque
544 2552 591 2583 illi,
607 2560 693 2586 neque
707 2553 750 2580 alii
765 2574 772 2585 ,
785 2553 935 2588 cognatioui
949 2553 980 2580 li-

190 2597 295 2628 dentes.
309 2597 435 2624 virtutem
461 2597 633 2632 negligerent.
651 2598 716 2624 Nam
731 2598 753 2624 si
768 2598 838 2624 illam
855 2598 919 2625 nihil
931 2598 976 2633 ju-

191 2643 271 2670 vabat
283 2643 354 2678 quod
367 2648 452 2671 mater
464 2647 545 2676 esset,
560 2644 610 2671 nisi
625 2648 696 2671 esset
709 2644 798 2670 virtuti
813 2643 928 2677 addicta,
937 2644 980 2671 vix

191 2695 225 2715 ac
243 2696 279 2716 ne
292 2688 335 2715 vix
348 2688 456 2723 quidem
470 2689 538 2716 alius
553 2689 656 2716 ratione
678 2689 843 2723 cognationis
867 2690 980 2717 salutem

191 2739 380 2770 consequetur.
403 2735 465 2763 Sola
489 2736 587 2770 quippe
608 2735 733 2762 nobilitas
756 2740 798 2763 est
818 2737 980 2763 voluntatem

194 2781 243 2808 Dei
256 2781 355 2809 facere.
368 2781 416 2809 Hic
438 2782 583 2809 nobilitatis
601 2781 695 2809 modus
707 2782 800 2809 melior
811 2787 838 2809 ct
853 2788 981 2817 pra-stan-

194 2827 246 2854 tior
260 2831 302 2854 est
319 2827 375 2854 illo.

228 2871 254 2900 2.
283 2872 405 2909 Cognatio
430 2874 551 2910 spiritalis
570 2883 619 2910 qua
645 2875 735 2903 virtute
759 2875 980 2910 praeditis-affines

707 150 740 178 IN
759 149 961 178 MATTH/EUM
981 150 1094 178 HOMIL.
1116 151 1206 179 XLIV.
1228 153 1263 179 al.
1285 153 1363 180 XLV.

1787 156 1840 184 46Ιῖ

1053 217 1149 240 sumus,
1163 209 1218 235 sola
1233 209 1302 236 nobis
1323 211 1432 240 prodest.
1457 210 1539 238 Maria
1547 213 1608 246 jure
1629 213 1699 239 beata
1714 213 1836 248 prtzdica-

1052 258 1103 280 tur.
1125 270 1160 274 —
1183 255 1245 282 Hice
1259 263 1324 290 ergo
1335 264 1396 283 cum
1411 257 1528 284 sciamus
1539 278 1545 289 ,
1559 266 1608 285 nec
1620 258 1653 286 de
1665 258 1727 286 filiis
1739 260 1836 286 virtute

1050 300 1129 327 claris
1150 301 1233 328 altum
1260 302 1394 335 sapiamus
1407 322 1414 334 ,
1432 303 1480 329 nisi
1501 303 1594 330 eadem
1619 311 1668 339 qua
1687 305 1723 331 illi
1741 305 1837 332 virtute

1051 347 1152 381 praediti
1172 349 1273 380 simus;
1290 357 1377 383 neque
1392 349 1424 376 de
1437 350 1575 384 generosis
1596 351 1738 385 probisquc
1752 350 1836 385 patri-

1049 393 1108 425 bus,
1126 395 1175 421 nisi
1198 396 1300 422 similes
1320 396 1372 422 illis
1387 396 1525 423 fuerimus.
1542 396 1632 423 Potest
1649 397 1719 424 enim
1742 397 1797 424 fieri
1809 402 1836 423 ut

1048 440 1092 474 qui
1115 440 1223 473 genuit,
1241 447 1315 475 pater
1335 450 1387 468 non
1413 443 1456 474 sit,
1471 446 1498 468 ct
1512 443 1554 477 qui
1577 449 1630 469 non
1645 443 1746 477 genuit,
1761 447 1836 477 pater

1048 485 1092 511 sit.
1114 482 1281 521 Quapropter
1301 487 1364 514 alibi
1387 495 1446 514 cum
1470 488 1567 514 mulier
1577 488 1698 522 quaedam
1715 487 1834 515 diceret:

1046 529 1140 557 Beatus
1150 537 1232 558 venter
1245 533 1287 566 qui
1300 538 1323 559 te
1337 534 1453 566 portavit,
1468 538 1491 560 et
1504 533 1580 560 ubera
1590 541 1646 569 quin
1659 533 1750 560 auxisti
1759 533 1834 569 (Luc.

1047 577 1090 604 M.
1104 578 1175 613 27);
1190 587 1242 605 non
1259 579 1396 613 respondit
1412 579 1466 611 ille,
1478 579 1571 606 Nullus
1585 587 1628 608 nte
1639 583 1732 607 venter
1743 583 1833 614 porta-

1047 623 1105 656 vit,
1122 624 1193 651 nulla
1208 625 1265 651 suxi
1287 625 1367 652 ubera
1380 634 1387 658 ;
1403 626 1459 658 sed,
1474 625 1619 657 Quinimmo
1629 645 1636 656 ,
1652 625 1717 652 beati
1729 625 1773 659 qui
1792 626 1834 660 fa-

1045 669 1114 695 ciunt
1134 669 1286 696 voluntatem
1300 669 1384 698 Patris
1394 671 1441 697 mei
1452 670 1532 704 (Ibid.
1550 679 1573 697 υ.
1587 670 1651 706 28).
1665 670 1833 704 Viden'quo-

1044 715 1124 742 modo
1133 723 1185 742 non
1198 716 1298 750 uspiam
1312 721 1388 751 neget
1399 718 1545 744 naturalem
1558 717 1625 744 hanc
1635 718 1831 752 cognationem;

1044 761 1090 788 sed
1107 761 1186 788 addat
1201 762 1272 788 illam
1293 762 1448 789 afﬁnitatem
1459 783 1466 796 ,
1480 770 1538 797 qua:
1553 763 1696 790 secundum
1706 763 1830 789 virtutem

1043 807 1100 833 est?
1122 807 1274 834 Pnccnrsor
1287 815 1392 841 quoque.
1406 815 1465 834 cum
1488 809 1568 839 dicit,
1585 808 1716 835 Genimina
1731 808 1830 842 vipera—

1042 861 1098 878 rum
1110 873 1118 884 ,
1142 861 1173 879 ne
1188 853 1321 879 videamini
1335 853 1431 885 dicere,
1447 853 1551 880 Patrem
1570 854 1689 881 habemus
1704 853 1830 880 Abraham

1044 898 1149 933 (Matt/1.
1163 900 1189 927 5.
1200 900 1275 934 7.9),
1290 907 1343 926 ιιοιι
1354 900 1470 927 declarat
1485 908 1530 928 eos
1545 909 1598 928 non
1612 909 1672 928 esse
1685 900 1830 928 secundum

1041 950 1163 972 naturam
1179 954 1212 973 ex
1227 946 1379 973 Abrabaino
1393 951 1478 978 ortos,
1491 946 1538 974 sed
1553 947 1620 973 nihil
1634 947 1687 973 illis
1702 946 1831 981 prodesse

1041 991 1110 1025 quod
1126 999 1158 1018 ex
1175 991 1327 1018 Abrahamo
1346 993 1399 1019 sint
1413 993 1481 1024 orti,
1499 993 1548 1019 nisi
1565 993 1645 1020 etiam
1667 999 1771 1020 morum
1785 999 1831 1019 co-

1039 1038 1192 1070 gnationem
1214 1037 1342 1064 baberent
1365 1046 1371 1063 :
1394 1038 1463 1073 quod
1485 1038 1564 1065 etiam
1580 1038 1702 1065 Christus
1714 1037 1830 1064 declarat

1041 1083 1082 1110 his
1097 1083 1184 1110 verbis
1197 1092 1204 1109 :
1228 1083 1258 1110 Si
1271 1083 1319 1117 ﬁlii
1334 1083 1441 1112 Abrahae
1455 1084 1549 1116 essetis,
1565 1091 1641 1118 opera
1656 1084 1740 1118 utique
1750 1083 1830 1110 Abra-

1040 1129 1079 1155 Ιιίε
1099 1130 1214 1164 faceretis
1240 1129 1248 1165 (
1270 1128 1349 1156 Joan.
1374 1129 1398 1156 8.
1429 1129 1463 1157 59
1493 1131 1501 1163 )
1520 1138 1526 1155 :
1547 1137 1598 1156 non
1621 1137 1667 1156 eos
1687 1137 1702 1156 a
1730 1128 1830 1156 carnali

1039 1176 1196 1209 cognatione
1211 1182 1360 1207 remm'ens.
1376 1175 1422 1203 sed
1434 1176 1532 1203 docens
1547 1176 1624 1203 aliam
1638 1175 1687 1203 hac
1701 1176 1827 1210 majorem

1038 1228 1070 1248 ac
1090 1222 1221 1248 veriorem
1237 1229 1298 1249 esse
1319 1222 1501 1255 quaerendam.
1523 1222 1579 1250 lloc
1599 1223 1678 1250 etiam
1700 1222 1742 1249 hic
1755 1221 1826 1253 facit.

1038 1266 1085 1293 sed
1100 1267 1264 1294 moderatius
1279 1272 1306 1294 et
1325 1267 1411 1294 leuius
1424 1274 1431 1294 :
1447 1275 1507 1294 nam
1524 1267 1558 1295 de
1573 1272 1660 1295 matre
1673 1275 1720 1295 sua
1740 1276 1828 1295 sermo

1039 1312 1193 1339 habebatur.
1206 1312 1295 1347 Neque
1310 1313 1380 1340 enim
1395 1313 1471 1344 dixit.
1481 1313 1538 1340 Non
1550 1318 1591 1340 est
1604 1318 1687 1340 mater
1701 1321 1768 1345 mea,
1781 1321 1827 1340 ne-

1037 1365 1089 1392 que
1115 1358 1150 1384 illi
1177 1358 1272 1385 fratres
1294 1364 1356 1385 sunt
1369 1379 1375 1390 ,
1392 1359 1452 1393 quia
1469 1366 1521 1385 non
1543 1358 1643 1386 faciunt
1664 1359 1826 1386 voluntatem
1847 1380 1850 1385 .

1037 1410 1142 1434 meam;
1156 1411 1241 1438 neque
1251 1404 1410 1431 sententiam
1425 1403 1484 1430 tulit
1495 1403 1538 1430 vel
1550 1404 1738 1431 condemnavit
1753 1412 1760 1430 :
1779 1404 1825 1432 sed

1036 1448 1062 1475 in
1073 1448 1183 1476 arbitrio
1197 1449 1314 1483 ipsortnn
1327 1449 1435 1484 reliquit
1445 1454 1474 1476 ut
1487 1449 1512 1476 id
1528 1449 1636 1481 vellent,
1646 1449 1757 1484 loquens
1765 1457 1825 1476 eum

1036 1494 1238 1521 mansuetudine
1260 1495 1310 1521 sibi
1333 1495 1487 1528 congruenti
1512 1494 1577 1522 :50.
1596 1494 1645 1527 Qui
1664 1495 1729 1522 enim
1743 1495 1823 1531 facit,

1036 1540 1285 1575 inquit,voluntatem
1297 1538 1502 1574 Patris'meiﬁltc
1516 1550 1585 1568 meus
1598 1542 1676 1577 frater
1688 1547 1711 1568 et
1721 1551 1792 1569 soror
1802 1547 1825 1569 et

1035 1591 1114 1613 mater
1128 1591 1172 1613 est.
1188 1587 1275 1621 Quare
1288 1588 1308 1613 si
1325 1587 1364 1614 sic
1387 1587 1466 1614 etiam
1478 1595 1537 1615 esse
1546 1587 1647 1620 volunt,
1659 1587 1727 1615 hanc
1736 1589 1825 1615 ineant

1035 1634 1113 1660 viam.
1137 1634 1244 1660 Etcum
1265 1634 1388 1661 clamavit
1406 1635 1501 1661 mulier
1516 1634 1617 1667 dicens,
1637 1633 1730 1661 Beatus
1743 1639 1826 1661 uenter

1034 1680 1078 1713 qui
1100 1683 1122 1706 te
1142 1679 1261 1714 portarit,
1281 1687 1334 1706 non
1350 1679 1426 1710 dixit,
1443 1679 1499 1706 Non
1516 1684 1556 1706 est
1572 1685 1658 1707 mater
1673 1688 1747 1712 mea;
1763 1680 1822 1714 sed,

1034 1725 1060 1752 Si
1075 1725 1133 1751 vult
1146 1732 1205 1752 esse
1218 1725 1305 1758 beata,
1320 1726 1483 1753 voluntatem
1496 1725 1582 1753 Patris
1593 1727 1644 1753 mei
1656 1726 1742 1753 faciat.
1759 1727 1823 1754 Nam

1034 1770 1080 1805 qui
1095 1770 1155 1798 talis
1170 1777 1220 1802 est,
1236 1775 1263 1797 et
1283 1771 1363 1798 frater
1373 1791 1380 1802 ,
1392 1776 1419 1798 et
1432 1778 1519 1804 soror,
1534 1776 1562 1798 et
1574 1777 1660 1798 mater
1671 1777 1721 1799 est.
1734 1772 1823 1807 Papae,

1034 1821 1161 1851 quantum
1172 1815 1282 1844 honoris
1296 1817 1303 1843 1
1321 1824 1407 1851 papm,
1421 1822 1518 1851 (planta
1532 1822 1573 1844 est
1586 1818 1681 1845 virtus!
1696 1818 1728 1845 ad
1739 1826 1824 1853 quan-

1035 1866 1090 1889 tum
1104 1862 1208 1889 culmen
1228 1870 1257 1890 se
1272 1862 1412 1890 adeuntem
1428 1863 1522 1898 erigit!
1542 1869 1607 1899 quot
1622 1864 1749 1891 mulieres
1762 1865 1824 1892 bea-

1035 1913 1088 1935 tam
1102 1908 1229 1935 dixerunt
1241 1914 1361 1936 sanctam
1380 1909 1451 1936 illam
1471 1910 1603 1945 Virginem
1615 1931 1622 1942 ,
1637 1911 1748 1945 ejusque
1768 1916 1824 1938 nte-

1034 1963 1103 1988 rum,
1117 1959 1144 1982 et
1158 1959 1282 1989 optarunt
1296 1955 1361 1982 tales
1378 1963 1438 1982 esse
1452 1961 1551 1982 matres
1565 1976 1572 1989 ,
1588 1960 1737 1990 casteraque
1755 1956 1823 1991 abji-

1033 2009 1095 2029 cere
1110 2003 1116 2028 !
1133 2001 1200 2035 Quid
1218 2009 1282 2036 ergo
1299 2001 1448 2036 prohibet?
1476 2002 1544 2029 Ecce
1569 2002 1648 2029 latam
1664 2002 1732 2029 viam
1747 2002 1824 2029 nobis

1033 2048 1167 2084 aperit,et
1180 2049 1242 2075 licet
1261 2056 1312 2075 non
1329 2048 1483 2075 mulieribus
1497 2049 1587 2081 modo.
1603 2049 1650 2076 sed
1665 2049 1744 2076 ctiam
1759 2050 1823 2076 viris

1035 2095 1060 2121 in
1076 2094 1121 2121 tali
1132 2094 1212 2121 locari
1225 2093 1336 2127 ordine;
1350 2094 1403 2120 imo
1419 2099 1446 2121 et
1461 2094 1486 2121 in
1501 2094 1578 2128 longe
1592 2095 1696 2128 majori.
1711 2094 1739 2121 Id
1750 2095 1821 2122 enim

1035 2141 1115 2175 longe
1131 2141 1215 2174 magis
1235 2145 1347 2167 matrem
1372 2140 1451 2171 facit,
1474 2148 1553 2174 quam
1577 2145 1676 2174 partus.
1696 2140 1786 2175 Itaque
1800 2141 1822 2168 si

1035 2186 1140 2213 beatum
1154 2190 1196 2213 est
1210 2185 1283 2217 illud,
1298 2185 1382 2212 multo
1397 2185 1482 2219 majus
1504 2190 1532 2212 et
1545 2186 1635 2212 verius
1657 2185 1717 2218 hoc,
1731 2191 1823 2220 utpote

1034 2233 1188 2267 optabilius.
1208 2232 1247 2259 Ne
1269 2232 1351 2267 igitur
1372 2233 1458 2259 solum
1473 2232 1621 2264 desideres,
1635 2232 1682 2259 sed
1697 2237 1724 2260 et
1737 2233 1820 2263 viam,

1034 2286 1092 2313 quae
1104 2283 1129 2305 te
1144 2278 1176 2305 ad
1189 2286 1244 2305 rem
1254 2278 1432 2306 desideratam
1441 2278 1640 2313 ducit,capesse
1653 2286 1712 2305 cum
1726 2286 1822 2313 magno

1038 2324 1136 2351 studio.
1151 2324 1212 2352 llaec
1224 2332 1288 2358 ergo
1300 2331 1359 2352 cum
1377 2324 1488 2351 dixisset
1498 2324 1578 2351 exivit
1594 2323 1628 2351 de
1641 2323 1730 2351 domo.
1745 2324 1822 2351 Vidi-

1034 2372 1095 2398 stin'
1105 2370 1239 2406 quomodo
1252 2375 1279 2398 et
1293 2371 1448 2406 increpavit,
1466 2375 1492 2397 et
1508 2370 1571 2397 fecit
1583 2370 1609 2397 id
1627 2371 1697 2405 quod
1717 2370 1822 2398 deside-

1035 2417 1150 2444 rabant?
1165 2416 1242 2450 Quod
1256 2416 1336 2444 etiam
1352 2416 1377 2443 in
1393 2417 1490 2451 nuptiis
1502 2416 1565 2443 fecit
1575 2415 1670 2450 (Joan.
1684 2416 1710 2442 2.
1728 2417 1755 2443 5.
1768 2416 1785 2442 4
1801 2417 1820 2450 ).

1034 2463 1099 2490 Nam
1111 2468 1138 2490 et
1148 2463 1203 2489 illic
1217 2463 1363 2496 increpavit
1378 2462 1565 2495 intempestive
1580 2466 1725 2496 petentem,
1737 2469 1821 2497 neque

1035 2513 1122 2536 tamen
1139 2508 1300 2543 postulatum
1312 2509 1436 2543 negavit;
1453 2513 1506 2534 tum
1528 2512 1556 2535 ut
1570 2508 1749 2535 imbecillitati
1763 2516 1822 2535 me-

1034 2555 1158 2584 deretur.
1173 2560 1226 2582 tum
1243 2560 1272 2581 ut
1289 2563 1363 2583 suam
1385 2562 1448 2589 erga
1474 2559 1584 2581 matrem
1608 2554 1820 2582 bénevolentiam

1034 2602 1182 2628 exhiberet.
1204 2601 1248 2628 Sic
1263 2606 1290 2628 et
1304 2602 1352 2628 hoc
1365 2601 1423 2628 loco
1434 2601 1520 2628 inanis
1532 2601 1623 2635 gloriae
1638 2601 1759 2628 morbum
1776 2609 1818 2628 sa-

1037 2649 1129 2680 navit,
1144 2654 1171 2675 et
1185 2647 1302 2674 debitum
1317 2648 1394 2674 matri
1411 2647 1538 2674 honorem
1554 2647 1685 2681 praestitit,
1700 2647 1763 2674 licet
1776 2647 1820 2675 illa

1035 2694 1210 2728 inopportuna
1222 2698 1331 2727 peteret.
1348 2693 1357 2728 (
1372 2692 1435 2728 Cap.
1449 2692 1507 2720 Xlll
1523 2692 1532 2728 )
1547 2694 1572 2720 1.
1586 2692 1620 2719 1η
1634 2693 1679 2720 illo
1689 2693 1730 2719 die
1741 2714 1748 2725 ,
1765 2694 1820 2726 ait,

1035 2739 1117 2766 exiens
1129 2738 1147 2765 J
1149 2747 1204 2766 esus
1217 2747 1230 2765 e
1241 2739 1325 2772 domo,
1338 2738 1437 2765 sedebat
1449 2746 1519 2765 secus
1531 2746 1609 2765 mare.
1621 2737 1687 2765 Nam
1701 2738 1722 2765 si
1731 2738 1820 2771 vultis,

1036 2785 1131 2819 inquit,
1147 2784 1238 2811 videre
1247 2788 1274 2811 et
1287 2783 1390 2814 audire,
1405 2783 1460 2818 jam
1472 2791 1539 2810 exeo
1551 2788 1581 2810 ut
1597 2783 1738 2810 disseram.
1754 2783 1820 2816 Quia

1034 2831 1105 2857 enim
1123 2830 1197 2864 signa
1219 2829 1301 2856 multa
1317 2829 1445 2862 faciebat,
1459 2836 1552 2856 rursus
1565 2836 1597 2856 ex
1621 2829 1739 2856 doctrina
1760 2835 1820 2863 pro-

1036 2875 1106 2904 dest.
1122 2876 1155 2903 Et
1171 2875 1268 2904 sedens
1279 2882 1358 2904 secus
1368 2882 1452 2910 mare,
1469 2878 1591 2903 terrenos
1602 2874 1723 2903 homines
1735 2874 1822 2909 pisca-
