2068 3132
271 141 322 169 467

271 200 359 227 batur.
371 199 448 227 Sedit
462 206 527 226 vero
540 205 619 226 secus
633 204 717 228 mare,
732 204 785 224 non
798 196 857 224 sine
869 201 960 222 causa.
972 194 1060 228 Atque

270 245 322 273 hoc
340 245 425 280 ipsum
442 244 614 272 subindicans
637 242 724 278 posuit
740 241 913 276 evangelista.
936 240 971 268 Ut
989 239 1060 267 enim

269 290 471 323 ostenderet,se
479 294 603 317 accurate
618 289 686 316 velle
701 289 835 315 theatrum
847 292 1021 321 congregare,
1030 292 1060 312 se

269 336 321 364 hoc
342 337 393 364 situ
419 337 527 371 posuit,
543 341 572 363 ut
590 335 725 363 neminem
748 342 763 360 a
777 334 859 361 dorso
879 333 1000 365 haberet,
1012 331 1060 359 sed

267 391 364 410 omnes
374 382 406 410 ad
415 391 444 410 se
458 389 616 410 conversos.
631 381 658 408 Ξ.
670 381 701 408 Et
712 384 871 415 congregata:
883 383 951 410 sunt,
965 377 1058 412 inquit,

266 429 301 455 ad
324 437 380 456 eum
403 429 483 456 turbae
504 428 611 460 multas;
634 428 670 454 ita
684 431 712 453 ut
726 426 752 453 iu
767 425 909 452 naviculam
923 424 1060 451 ascendens

266 475 379 507 sederet;
391 479 413 501 et
428 474 508 501 omnis
520 474 592 500 turba
603 473 630 500 in
641 473 713 499 litare
726 471 817 498 stabat.
832 470 939 498 lbivero
952 470 1058 503 sedens,

268 527 317 554 per
328 520 470 554 parabolas
482 519 608 554 loquitur.
624 519 651 545 ὃ.
664 517 699 544 Et
710 518 830 552 loquutus
839 521 874 543 est
891 517 927 543 eis
939 536 946 548 ,
963 515 1058 550 inquit,

266 566 347 593 multa
358 565 618 600 inparabolis.Atqui
634 565 659 591 in
674 569 766 591 monte
780 572 832 590 noti
842 563 877 590 ita
887 562 959 595 fecit,
974 569 1060 596 neque

267 618 315 645 per
331 616 369 638 tot
383 611 523 646 parabolas
545 617 697 638 sermonem
722 609 880 636 contexuit:
896 613 956 635 tunc
975 607 1059 634 turba:

265 658 352 684 solum
376 661 461 688 erant,
476 662 502 684 et
518 657 593 691 plebs
610 655 700 687 rudis;
725 655 768 682 hic
790 662 854 681 vero
870 658 898 682 et
918 653 1013 680 scriba:
1032 657 1059 679 et

266 702 406 730 Pharisaei.
421 702 460 729 Tu
474 710 537 729 vero
558 701 622 728 mihi
637 700 822 728 animadverte
846 707 925 735 quam
946 699 1058 734 pritnam

261 754 349 783 ponat
363 748 529 781 parabolam,
545 753 572 775 et
585 747 720 782 quomodo
733 747 794 774 illas
805 747 945 774 Matthaaus
956 753 1004 781 per
1014 753 1058 772 or-

263 794 354 822 dinem
376 799 467 830 ponat.
492 794 576 828 Quam
591 802 655 829 ergo
667 794 779 828 primam
795 793 881 820 dicit?
894 792 978 824 Quam
1000 800 1057 818 ma-

264 843 336 869 xime
352 843 464 876 primam
478 841 567 869 dicere
578 840 731 875 oportebat,
755 848 813 874 qua:
829 839 978 867 auditorem
1001 838 1058 866 red-

264 887 310 915 dat
319 888 504 915 altentiorem.
526 887 592 914 Nam
603 887 664 922 quia
678 885 849 920 anigmatice
864 885 1057 920 praedicaturus

268 939 336 965 erat,
350 935 501 962 auditorum
514 934 631 961 animum
649 933 734 968 primo
749 940 796 967 per
816 931 969 967 parabolam
983 931 1057 958 exci—

264 986 312 1008 tat.
327 981 391 1009 Ideo
409 981 477 1008 alter
495 979 658 1015 evangelista
680 979 736 1011 ait,
753 979 793 1006 sic
810 979 964 1013 increpasse
979 977 1055 1009 illos,

266 1027 339 1062 qttod
355 1034 407 1054 non
431 1026 611 1060 intelligerent
625 1033 632 1050 :
649 1024 783 1058 Quomodo
797 1032 847 1050 non
861 1024 939 1050 nostis
954 1023 1058 1058 parabo-

265 1073 317 1099 lam
333 1072 342 1108 (
358 1072 440 1100 Marc.
453 1072 479 1099 ι.
493 1072 526 1098 15
542 1071 572 1105 )?
586 1070 640 1098 Nec
653 1070 713 1098 ideo
725 1071 812 1097 solum
827 1070 852 1096 in
868 1069 1002 1104 parabolis
1015 1069 1056 1096 lo-

265 1119 366 1152 quitur,
383 1118 430 1145 sed
444 1122 472 1145 ut
486 1117 587 1152 majore
602 1124 662 1144 cum
677 1116 798 1151 emphasi
812 1116 892 1143 verba
908 1116 1016 1148 laceret,
1030 1120 1057 1143 et

265 1164 350 1199 magis
365 1163 500 1190 memoria:
510 1163 685 1197 imprimeret,
697 1169 793 1197 resque
805 1162 855 1190 sub
864 1167 1000 1196 aspectum
1010 1169 1056 1196 po-

263 1215 349 1238 neret.
365 1210 409 1237 Sic
422 1215 448 1236 et
462 1210 597 1244 prophctm
612 1208 723 1236 faciunt.

297 1256 324 1283 5.
338 1255 452 1282 Christus
463 1255 588 1289 quomodo
596 1254 704 1282 eaiit.—
714 1253 777 1287 Qua:
788 1258 829 1280 est
839 1261 902 1288 ergo
910 1253 1055 1288 parobola?

262 1301 328 1328 Ecce
339 1301 400 1328 exiit
420 1301 462 1335 qui
474 1301 579 1327 seminat
592 1300 726 1327 seminare.
739 1299 814 1326 Unde
825 1300 889 1326 exiit
901 1300 946 1333 qui
959 1300 1055 1334 ubique

262 1353 382 1381 praesens
396 1352 446 1378 est,
458 1346 504 1381 qui
518 1346 607 1373 omnia
623 1345 733 1381 implet?
747 1345 880 1380 quomodo
897 1346 982 1372 exiit?
996 1345 1053 1373 Non

261 1393 332 1426 loco,
345 1393 393 1420 sed
406 1393 498 1420 habitu
512 1397 540 1420 et
553 1391 754 1427 dispensatione
771 1399 822 1426 qua
837 1397 927 1419 nostra
941 1393 1052 1424 curavit,

261 1441 371 1476 propior
390 1440 467 1468 nobis
487 1439 571 1467 factus
584 1440 619 1467 ob
645 1439 771 1466 amictum
786 1439 884 1466 carnis.
898 1439 962 1472 Quia
982 1438 1053 1465 enim

260 1494 309 1515 nos
324 1487 425 1522 ingredi
441 1495 493 1514 non
506 1491 659 1521 poteramus
669 1506 676 1517 ,
691 1485 760 1520 quod
777 1490 882 1520 peccata
899 1490 988 1512 nostra
1003 1493 1053 1512 no-

260 1534 301 1561 bis
313 1533 414 1560 aditum
433 1532 650 1564 intercluderent,
664 1531 721 1566 ipse
734 1531 766 1558 ad
789 1538 837 1558 nos
857 1531 1000 1565 egreditur.
1020 1531 1054 1558 Et

260 1587 306 1606 cur
320 1587 443 1614 egressus
456 1579 519 1606 est?
534 1583 562 1606 ut
575 1578 700 1613 perderet
712 1583 809 1605 terram
827 1579 911 1612 spinis
927 1578 1053 1612 plenam?

260 1625 293 1653 ad
306 1625 454 1660 puniendos
473 1626 625 1660 agricolas?
646 1625 834 1660 Nequaquam;
856 1625 902 1652 sed
923 1625 957 1652 ad
970 1633 1052 1653 exco-

259 1671 364 1698 lendam
378 1670 575 1705 curandamque
590 1675 699 1703 terram,
713 1675 740 1698 et
749 1671 781 1697 ad
797 1671 980 1698 seminandum
997 1672 1053 1705 pie-

258 1716 320 1743 tatis
333 1723 495 1743 sermonem.
520 1715 617 1743 Semeu
636 1715 734 1750 quippe
749 1715 792 1742 hic
806 1715 954 1743 doctrinam
969 1716 1049 1748 dicit;

259 1769 351 1788 arvum
359 1769 432 1794 vero,
444 1761 580 1788 hominum
589 1761 702 1792 animas;
713 1761 911 1794 seminatorem,
921 1761 1048 1796 seipsum.

258 1807 327 1840 Quid
347 1807 425 1841 igitur
438 1806 468 1834 ﬁt
486 1807 520 1834 de
533 1807 584 1834 hoc
603 1807 724 1834 semine?
735 1807 802 1834 Tres
817 1813 929 1841 pereunt
950 1813 1047 1842 partes,

258 1858 310 1879 una
324 1856 455 1879 servatur.
466 1852 492 1879 4.
508 1851 542 1878 Ει
556 1852 617 1878 dum
631 1852 774 1884 seminaret,
785 1853 849 1884 alia,
869 1853 963 1887 inquit,
983 1854 1050 1880 ceci-

258 1898 318 1925 dere
330 1906 400 1924 secus
415 1898 488 1928 viain.
504 1902 527 1924 et
539 1898 780 1924 veneruntvolucres
794 1899 860 1930 caeli,
885 1903 908 1924 et
931 1899 1050 1926 comede~

258 1949 317 1970 runt
326 1952 365 1970 ea.
376 1943 466 1978 Neque
476 1944 555 1976 dixit,
571 1951 601 1971 se
611 1944 718 1978 iecisse,
731 1944 778 1971 sed
800 1944 931 1972 cecidisse
943 1952 1047 1972 semen.

258 1989 286 2016 5.
299 1989 421 2022 Quasdam
431 1983 489 2016 vero
501 1997 576 2024 super
589 1994 698 2024 petrosa,
709 1991 751 2017 ubi
764 1998 814 2016 non
825 1990 948 2017 habebant
957 1996 1050 2018 terram

258 2035 364 2062 multant
375 2043 385 2067 ;
400 2040 424 2062 et
433 2036 551 2062 continuo
561 2041 647 2062 exorta
662 2041 730 2069 sunt,
745 2036 803 2070 quia
813 2044 863 2063 non
877 2036 999 2064 habebant
1009 2038 1049 2064 al-

258 2080 387 2107 titudinem
399 2085 480 2107 terrai.
493 2080 520 2108 6.
533 2080 594 2108 Sole
604 2086 687 2107 autent
697 2086 752 2108 orto
764 2087 943 2114 testuaverunt,
957 2087 979 2110 et
989 2083 1049 2118 quia

258 2133 308 2153 non
323 2125 444 2153 habebant
456 2126 575 2158 radicem,
591 2131 720 2154 aruerunt.
732 2127 758 2154 7.
772 2127 895 2160 Quaedam
909 2133 992 2155 autent
1007 2137 1049 2155 ce-

257 2172 372 2198 ciderunt
384 2172 450 2198 inter
459 2173 562 2204 spinas;
578 2177 601 2198 et
616 2177 745 2199 creuerunt
758 2173 851 2207 spina),
872 2178 895 2200 et
911 2173 1050 2207 su/focave-

258 2223 316 2245 runt
331 2225 371 2245 ea.
385 2217 411 2245 8.
427 2218 551 2251 Quwdam
573 2226 631 2245 vero
645 2219 672 2245 in
686 2223 779 2245 terram
792 2220 901 2252 bonam;
916 2225 939 2247 et
955 2221 1050 2248 dabant

258 2264 369 2299 fructum
379 2284 387 2296 ,
403 2265 474 2290 aliud
487 2265 648 2291 centesimum
658 2285 665 2297 ,
680 2265 751 2292 aliud
765 2267 964 2302 sexagesimum,
979 2267 1051 2294 aliud

258 2310 424 2346 trigesimum.
434 2310 460 2337 9.
474 2310 524 2343 Qui
534 2311 607 2337 habet
618 2319 692 2337 aures
700 2311 829 2344 audiendi,
843 2313 939 2340 audiat.
952 2313 1050 2346 Quarta

258 2364 321 2391 pars
336 2361 441 2384 servata
454 2360 510 2388 est;
527 2363 614 2390 neque
630 2356 673 2383 illa
687 2357 834 2392 :equaliter,
854 2358 900 2385 sed
915 2359 994 2386 etiam
1007 2359 1051 2386 hic

259 2409 384 2436 magnum
400 2400 543 2428 discrimen
557 2405 607 2428 est.
619 2401 666 2428 llis
678 2401 819 2437 signiﬁcat,
831 2411 860 2430 se
875 2403 976 2431 affatim
992 2412 1050 2432 om-

259 2447 338 2474 nibus
351 2446 431 2481 loqui.
445 2446 517 2474 Sicut
532 2446 603 2473 enim
618 2446 640 2474 is
651 2447 695 2481 qui
716 2447 831 2474 seminat
845 2456 897 2475 non
913 2449 1051 2484 distinguit

258 2499 372 2524 arvum,
394 2491 442 2520 sed
465 2492 620 2527 simpliciter
644 2497 672 2520 et
695 2493 923 2521 indiscriminatim
949 2495 1050 2522 semina

260 2537 340 2566 mittit
355 2545 361 2563 2
374 2537 413 2564 sic
425 2541 452 2564 et
465 2537 509 2565 ille
520 2546 573 2565 non
588 2537 722 2575 divitcm,‘
732 2546 784 2565 non
799 2546 942 2573 pauperem
958 2540 1051 2567 distin-

259 2583 324 2616 guit,
345 2589 399 2609 non
412 2583 569 2616 sapientem,
589 2590 642 2610 non
658 2583 839 2617 insipientem.
864 2592 916 2612 non
931 2593 1049 2620 segnem,

260 2634 313 2655 non
328 2627 487 2660 studiosum,
497 2636 551 2656 non
565 2633 714 2661 strenuum,
725 2636 776 2656 non
792 2629 924 2663 timidum,
933 2631 979 2658 sed
995 2639 1050 2658 om-

260 2673 339 2700 nibus
365 2673 540 2708 loquebatur,
560 2682 619 2709 quae
635 2682 680 2701 sua
693 2679 770 2702 erattt
791 2675 921 2709 impletis,
946 2676 1051 2703 etiamsi

258 2719 349 2748 futura
367 2721 521 2755 priesciret:
539 2725 568 2748 ut
586 2721 676 2748 dicere
689 2726 779 2755 posset
793 2730 799 2748 :
816 2721 884 2753 Quid
896 2730 935 2748 me
942 2722 1051 2757 oportuit

260 2768 344 2802 facere
357 2786 364 2798 ,
380 2769 404 2792 et
421 2773 471 2792 non
490 2767 538 2801 feci
550 2765 625 2802 (luti.
639 2767 667 2794 5.
684 2766 730 2801 υἷ’
743 2766 776 2794 Et
789 2766 925 2802 prophetae
944 2767 1051 2802 quidem

260 2810 296 2838 de
309 2810 407 2846 populo
419 2811 493 2845 quasi
508 2811 541 2838 dc
563 2811 639 2838 vinea
655 2812 796 2847 loquuntur
810 2821 816 2839 :
838 2812 917 2840 Vinea
930 2813 1000 2840 enim
1011 2815 1051 2848 fa-

261 2862 304 2886 cta
317 2862 354 2885 est
374 2855 467 2884 dilecte
479 2855 573 2893 (Ibid)
584 2877 592 2890 ,
607 2857 705 2892 inquit;
722 2863 759 2892 et,
774 2857 879 2887 Vineam
890 2858 921 2887 de
934 2858 1050 2894 Egyrta

644 138 671 165 S.
687 137 827 165 Jl)ANNlS
846 134 1084 165 ClIRYSOSTOMI
1103 134 1261 163 ARClllEP.
1281 135 1548 164 CONSTANTINOP.

1859 140 1911 167 468

1116 194 1243 221 transtulit
1259 193 1350 230 (P541.
1364 194 1408 222 '79.
1423 195 1470 230 9);
1485 195 1531 223 ille
1549 203 1614 223 vero
1637 197 1712 231 quasi
1734 197 1769 226 de
1793 198 1909 227 semine.

1115 239 1183 274 Quid
1198 244 1286 267 autem
1298 241 1449 276 significat?
1461 241 1615 277 Promptum
1628 250 1700 270 nunc
1713 243 1769 271 fore
1781 245 1908 272 obedieu'

1115 287 1188 319 tiam,
1203 292 1230 314 et
1242 286 1398 320 faciliorem,
1411 293 1437 314 et
1447 287 1500 315 cito
1513 287 1626 315 fructutn
1641 289 1772 316 daturam.
1784 290 1851 318 Cum
1863 298 1911 318 au-

1115 337 1168 360 tem
1182 333 1259 360 audis
1275 342 1281 360 :
1297 333 1366 360 Exiit
1381 334 1423 368 qui
1434 334 1539 361 seminat
1551 335 1686 368 seminare,
1707 343 1760 362 non
1775 336 1844 363 ident
1857 337 1908 364 ite-

1114 379 1166 406 rari
1179 384 1265 414 putes.
1281 379 1358 414 Smpe
1369 380 1440 407 enini
1455 379 1499 414 qui
1509 380 1623 407 seminat
1633 381 1768 416 egreditur
1782 381 1815 408 ad
1829 382 1908 409 aliam

1114 433 1182 458 rem,
1198 426 1240 453 vel
1260 430 1289 454 ut
1303 425 1411 453 novales
1422 427 1517 458 sulcet,
1538 426 1579 454 vel
1598 432 1627 454 ut
1640 428 1724 455 malas
1740 427 1842 462 plantas
1864 436 1907 455 re-

1113 476 1196 504 secet,
1211 472 1251 499 vel
1277 476 1305 499 ut
1326 472 1417 506 spinas
1440 472 1547 504 evellat,
1574 473 1617 500 vel
1643 473 1714 500 aliud
1733 473 1796 508 quid
1822 473 1907 501 simile

1113 517 1213 545 efﬁciat
1227 526 1234 544 :
1250 517 1306 552 ipse
1325 525 1391 545 vero
1402 517 1435 544 ad
1449 518 1633 545 seminandum
1650 526 1774 553 egressus
1786 524 1836 546 est.

1148 564 1239 591 Semen
1247 564 1312 598 perit
1321 568 1417 595 nostra,
1428 571 1478 590 non
1488 565 1634 591 seminantis
1645 565 1822 599 culpa.Quare
1834 565 1906 592 Chri-

1111 614 1164 637 stus
1185 610 1319 645 allegorice
1339 610 1406 638 male
1418 610 1554 644 dispositas
1569 611 1667 638 animas
1686 611 1906 646 designarent.—

1113 654 1261 688 Undenain,
1277 663 1368 690 qumso
1379 676 1386 688 ,
1407 656 1504 683 factum
1515 660 1566 689 est,
1582 661 1611 683 ut
1625 657 1739 684 maxima
1753 665 1814 692 pars
1825 658 1905 684 semi-

1112 701 1153 727 nis
1175 701 1294 736 periret?
1308 701 1364 729 Non
1379 709 1411 729 ex
1425 702 1575 730 seminante
1591 702 1618 730 id
1628 708 1715 730 ortum
1730 708 1771 731 est
1781 724 1788 736 ,
1803 704 1848 731 sed
1871 712 1902 731 ex

1112 752 1180 774 terra
1193 755 1285 775 semen
1299 747 1463 782 excipiente;
1481 748 1506 775 id
1519 753 1570 782 est,
1581 757 1614 776 ex
1626 749 1714 776 anima
1727 758 1780 777 non
1793 750 1903 778 audien-

1112 797 1146 819 te.
1163 793 1194 820 Et
1207 801 1257 828 qua
1268 793 1301 821 de
1315 801 1394 821 causa
1410 802 1462 820 non
1473 794 1548 827 dicit,
1558 796 1657 823 inertes
1672 796 1722 823 alia
1737 798 1837 824 semina
1845 805 1903 825 sus-

1110 839 1232 873 cepisse,
1249 847 1334 874 eaque
1354 840 1501 874 perdidisse
1513 849 1520 872 ;
1534 841 1586 868 alia
1607 841 1714 873 divites,
1729 847 1757 870 et
1769 850 1800 870 ea
1821 843 1902 871 suﬁ‘o-

1109 893 1202 918 easse;
1216 886 1269 913 alia
1289 886 1396 920 molles,
1419 895 1504 922 eaque
1518 887 1684 922 prodidisse?
1697 889 1755 916 Non
1780 890 1836 917 vult
1855 898 1902 918 eos

1110 931 1295 960 vehementius
1307 933 1440 965 insectari,
1457 941 1491 961 ne
1505 933 1533 960 in
1546 934 1757 969 desperationem
1768 937 1899 971 conjiciat,

1109 978 1155 1004 sed
1170 978 1233 1005 illud
1243 979 1408 1014 arguendum
1419 979 1570 1007 auditorum
1583 981 1755 1009 conscientiae.
1767 982 1899 1017 relinquit.

1110 1023 1165 1050 Non
1182 1029 1270 1051 autem
1283 1032 1375 1052 semen
1389 1029 1491 1053 tantum
1506 1025 1558 1053 hoc
1573 1034 1679 1061 passum
1692 1031 1743 1059 est,
1754 1027 1801 1054 sed
1822 1028 1900 1055 etiam

1109 1079 1217 1105 sagena.
1231 1071 1295 1098 Nam
1306 1076 1334 1098 et
1355 1072 1399 1098 illa
1415 1072 1515 1099 inutilia
1539 1073 1621 1100 multa
1640 1073 1708 1100 tulit.
1725 1073 1798 1100 Hanc
1821 1081 1901 1108 porro

1109 1116 1263 1151 parabolam
1275 1116 1355 1148 dixit,
1372 1121 1399 1144 ut
1412 1117 1558 1152 discipulos
1569 1123 1708 1146 exerceret
1722 1119 1882 1154 duceretque
1891 1141 1898 1151 ,

1109 1167 1138 1189 ut
1151 1162 1172 1189 si
1188 1162 1256 1189 inter
1271 1170 1318 1190 eos
1341 1163 1384 1198 qui
1399 1171 1491 1191 semen
1513 1164 1672 1198 reciperent.
1688 1165 1777 1200 plures
1790 1170 1880 1194 essent
1891 1186 1899 1197 .

1107 1209 1151 1242 qui
1163 1208 1227 1235 illud
1253 1208 1404 1243 perderent,
1420 1217 1453 1237 ne
1477 1210 1567 1237 animo
1584 1211 1765 1238 conciderent.
1792 1210 1858 1238 Nam
1873 1216 1900 1238 et

1109 1254 1220 1282 Domino
1234 1254 1258 1282 id
1274 1255 1387 1288 accidit;
1410 1260 1438 1284 et
1451 1256 1495 1290 qui
1522 1257 1600 1291 plane
1614 1262 1734 1292 noverat,
1758 1258 1814 1286 hare
1840 1266 1898 1286 esse

1107 1300 1203 1333 futura,
1216 1301 1347 1328 seminare
1363 1309 1415 1329 non
1440 1301 1552 1330 destitit.
1568 1303 1601 1330 Et
1618 1311 1668 1338 qua
1689 1304 1722 1331 de
1741 1313 1832 1336 causa,
1856 1306 1897 1332 iu-

1106 1346 1192 1380 quies,
1213 1346 1239 1373 in
1254 1347 1338 1381 spinis
1352 1347 1485 1375 seminare
1497 1369 1504 1380 ,
1521 1356 1599 1383 supra
1617 1355 1729 1384 petram,
1752 1351 1777 1377 itt
1793 1351 1854 1378 via?
1869 1351 1896 1378 ln

1106 1392 1264 1425 seminibus,
1280 1398 1308 1420 et
1323 1392 1348 1419 in
1373 1398 1455 1426 terra,
1475 1394 1546 1421 nulla
1560 1400 1632 1422 esset
1646 1396 1714 1422 ratio
1730 1405 1736 1422 :
1754 1396 1780 1423 in
1794 1398 1897 1424 anima-

1107 1438 1154 1465 bus
1169 1444 1257 1465 auteut
1271 1443 1299 1466 et
1312 1439 1336 1466 in
1351 1438 1486 1472 doctrina,
1501 1441 1526 1467 id
1540 1449 1709 1476 sutnmopere
1724 1442 1894 1471 laudandum.

1105 1484 1226 1518 Agricola
1241 1484 1312 1510 enim
1325 1485 1387 1519 jure
1399 1486 1551 1520 culparetur
1564 1487 1586 1514 si
1611 1486 1636 1514 id
1652 1487 1768 1515 faceret:
1783 1497 1835 1516 non
1849 1497 1895 1523 po-

1106 1533 1157 1556 test
1169 1529 1239 1555 enim
1255 1534 1327 1564 petra
1345 1531 1401 1557 lieri
1422 1536 1503 1564 terra,
1519 1539 1604 1566 neque
1625 1533 1664 1559 via
1692 1540 1744 1560 non
1760 1541 1819 1561 esse
1833 1535 1873 1562 via
1885 1556 1893 1569 ,

1105 1582 1191 1609 neque
1206 1580 1317 1609 possunt
1331 1575 1414 1610 spinae
1427 1584 1479 1603 non
1490 1584 1549 1604 esse
1559 1578 1642 1611 spina:
1657 1586 1663 1603 :
1679 1578 1704 1604 in
1722 1579 1894 1608 rationalibus

1104 1626 1192 1648 autem
1217 1629 1270 1648 non
1287 1622 1326 1649 sic
1343 1630 1348 1648 :
1367 1628 1455 1656 potest
1466 1624 1536 1650 enim
1553 1629 1626 1658 petra
1639 1626 1733 1652 mutari
1746 1626 1893 1654 infertilem

1105 1672 1213 1699 terram,
1229 1668 1323 1702 viaque
1337 1676 1390 1695 non
1402 1669 1469 1695 ultra
1481 1669 1632 1697 conculcari
1644 1671 1677 1698 ab
1690 1672 1814 1699 omnibus
1825 1681 1893 1707 prae-

1105 1713 1280 1745 tereuntibus,
1296 1721 1408 1749 esseque
1421 1715 1525 1750 pinguis
1540 1723 1620 1751 ager;
1632 1718 1769 1752 Spiuacque
1785 1724 1894 1752 possunt

1103 1759 1180 1786 evelli
1193 1780 1200 1791 ,
1215 1760 1250 1787 ita
1265 1761 1400 1788 utsemina
1415 1761 1448 1788 iis
1459 1761 1566 1789 liberata
1578 1762 1812 1792 fructiﬁcent.Nisi
1822 1766 1892 1793 enim

1102 1805 1128 1832 id
1143 1810 1232 1840 posset
1245 1806 1313 1838 ﬁeri,
1331 1814 1382 1834 non
1395 1807 1554 1835 seminasset
1568 1808 1621 1836 ille.
1638 1809 1714 1843 Quod
1730 1811 1754 1838 si
1766 1810 1824 1838 haec
1836 1819 1893 1839 mu-

1103 1851 1167 1878 tatio
1189 1852 1215 1878 in
1238 1852 1362 1879 omnibus
1375 1852 1442 1880 facta
1463 1861 1514 1881 non
1528 1854 1571 1887 sit,
1587 1854 1612 1881 id
1629 1864 1680 1885 non
1692 1863 1726 1883 ex
1739 1856 1893 1887 sentinantc

1104 1897 1242 1930 provenit,
1257 1897 1304 1924 sed
1315 1905 1347 1924 ex
1362 1897 1395 1925 iis
1407 1898 1452 1932 qui
1468 1899 1562 1926 mutari
1587 1901 1739 1930 uoluerunt.
1765 1901 1833 1930 Nam
1848 1903 1893 1930 ille

1101 1941 1209 1974 quidem
1222 1950 1282 1976 qua:
1305 1942 1388 1976 ipsius
1401 1948 1478 1970 cmnt
1490 1943 1578 1971 eﬁ'ecit
1591 1954 1598 1971 :
1612 1946 1634 1972 si
1647 1954 1710 1973 vero
1727 1947 1763 1974 illi
1775 1956 1835 1982 qua:
1848 1956 1891 1976 ac-

1102 1992 1230 2021 ceperant
1252 1987 1286 2014 ab
1306 1995 1339 2015 eo
1361 1989 1550 2022 prodiderunt,
1565 1991 1622 2018 sine
1635 1992 1711 2026 culpa
1732 1993 1777 2021 ille
1789 1999 1830 2021 est
1848 1995 1891 2029 qui

1104 2037 1204 2059 tantam
1227 2033 1414 2068 benignitatem
1439 2035 1569 2062 exhibuit.
1596 2036 1635 2064 'l‘u
1652 2045 1717 2064 vero
1736 2039 1800 2066 illud
1825 2041 1891 2067 mihi

1102 2078 1247 2113 perpende,
1261 2087 1313 2106 non
1324 2087 1403 2106 uuam
1412 2088 1472 2107 esse
1483 2082 1611 2116 perniciei
1624 2084 1702 2114 viam,
1713 2085 1760 2111 sed
1773 2085 1892 2114 diversas

1102 2131 1162 2151 esse
1177 2124 1295 2159 aliasque
1310 2125 1343 2152 ab
1356 2125 1416 2152 aliis
1427 2125 1543 2153 dissitas.
1559 2127 1609 2154 Alii
1623 2137 1737 2164 namque
1755 2131 1803 2158 vim
1820 2132 1892 2159 simi-

1103 2172 1142 2197 les
1151 2175 1223 2202 sunt,
1240 2175 1268 2197 ut
1280 2171 1411 2204 forenses,
1432 2179 1528 2207 segnes
1542 2179 1569 2201 et
1584 2175 1761 2209 negligentes;
1783 2177 1827 2204 alii
1849 2186 1893 2212 pe-

1103 2219 1171 2242 tram
1185 2215 1342 2248 referentes,
1364 2216 1525 2245 inﬁrmiores
1537 2225 1609 2245 sunt.
1628 2219 1672 2246 21.
1690 2220 1764 2253 Quod
1782 2222 1809 2248 in
1824 2228 1893 2257 petra

1102 2261 1238 2288 seminatur
1252 2269 1346 2294 semen,
1359 2262 1453 2297 inquit,
1470 2264 1544 2297 refert
1555 2264 1627 2290 illum
1638 2265 1681 2299 qui
1694 2267 1794 2293 verbum
1811 2268 1891 2300 audit,

1103 2313 1125 2333 et
1137 2308 1221 2333 statim
1232 2315 1287 2334 cum
1301 2308 1393 2342 gaudio
1405 2310 1510 2344 accipit;
1525 2310 1569 2337 21.
1581 2311 1626 2337 sed
1636 2320 1685 2339 non
1699 2313 1770 2340 habet
1782 2315 1892 2341 radicem

1102 2352 1129 2378 in
1141 2352 1232 2387 seipse,
1245 2357 1268 2379 et
1283 2353 1317 2378 ad
1328 2358 1425 2388 tempus
1439 2359 1535 2381 tantum
1544 2357 1656 2384 consistit
1668 2366 1677 2384 :
1692 2358 1736 2385 sed
1748 2359 1893 2386 adueniente

1103 2402 1206 2432 propter
1217 2397 1318 2425 verbum
1327 2399 1480 2433 calamitate,
1494 2401 1533 2428 uel
1546 2404 1745 2438 persequutiane,
1756 2406 1842 2432 statim
1854 2408 1892 2441 of-

1107 2441 1248 2475 fenditJi).
1259 2444 1324 2471 Cum
1333 2453 1391 2472 vero
1397 2446 1455 2480 quis
1464 2447 1539 2474 audit
1547 2449 1651 2476 verbum
1659 2451 1777 2476 ueritatis
1788 2451 1833 2480 ‘,et
1842 2460 1892 2477 non

1103 2487 1237 2523 intelligit,
1260 2490 1325 2516 venit
1339 2490 1476 2525 malignus,
1498 2492 1599 2526 etrapit
1616 2493 1643 2518 id
1663 2494 1731 2527 quod
1744 2495 1892 2522 seminatum

1103 2539 1156 2561 erat
1174 2535 1200 2560 in
1214 2535 1289 2562 corde
1302 2535 1390 2570 ipsius.
1408 2535 1463 2562 Hoc
1474 2541 1510 2563 est
1520 2545 1603 2564 semen
1615 2539 1767 2574 ⁸ίιωςιαιγὶαηι
1783 2542 1891 2576 jactum.

1102 2580 1160 2607 Non
1181 2586 1222 2608 est
1236 2586 1324 2608 autem
1339 2582 1451 2616 :nquale,
1471 2583 1578 2611 nemine
1603 2591 1725 2619 vexante,
1744 2587 1788 2614 vcl
1813 2589 1891 2616 mole-

1103 2626 1181 2653 stiam
1195 2626 1334 2658 inferentc.
1349 2626 1498 2655 doctrinam
1507 2629 1647 2662 exsiccari,
1662 2636 1689 2658 et
1703 2632 1821 2661 instante
1836 2639 1892 2661 tert-

1105 2672 1204 2699 tatione
1220 2671 1333 2706 idipsum
1357 2671 1416 2700 ﬁeri
1430 2681 1436 2699 :
1454 2674 1498 2708 qui
1513 2681 1576 2702 vero
1590 2675 1674 2711 spinis
1689 2677 1790 2705 similes
1813 2684 1891 2712 sunt,

1105 2718 1194 2744 minus
1209 2717 1250 2745 his
1261 2721 1323 2745 sunt
1336 2719 1414 2746 venia
1425 2719 1507 2754 digni.

1135 2764 1162 2792 4.
1183 2764 1222 2792 Ne
1231 2765 1308 2800 igitur
1319 2772 1410 2792 eorum
1421 2766 1555 2802 quidpiam
1567 2767 1709 2803 patiamur,
1725 2769 1782 2798 haec
1793 2770 1891 2798 sentina

1139 2865 1147 2880 ί
1165 2864 1218 2895 Alli,
1231 2865 1326 2892 verbum
1340 2867 1423 2902 regni.
