2068 3132
185 141 238 171 469

186 197 369 234 magnitudine
381 197 463 225 animi
476 201 503 225 et
516 197 640 225 diuturna
661 195 790 224 memoria
809 195 974 230 obtegamus.

187 244 300 272 Etiamsi
313 244 383 271 enim
396 244 482 279 rapiat
493 243 626 276 diabolus,
639 243 666 270 in
679 242 757 270 nobis
769 246 812 270 est
825 249 861 269 ne
873 241 979 277 rapian-

188 295 233 318 tur
247 299 253 317 :
269 290 341 326 quod
361 291 384 318 si
398 290 500 318 semina
513 290 656 322 siccentur,
683 296 738 317 non
753 288 779 316 id
791 289 825 317 ab
837 293 905 315 aestu
920 287 978 315 efﬂ-

187 336 267 364 citur.
292 335 350 363 Non
372 337 444 364 enim
466 335 549 368 dixit,
572 335 636 363 Haec
650 339 759 370 propter
775 338 869 362 aestum
889 333 978 361 exsic-

188 387 248 411 cata
267 387 340 416 sunt,
349 382 407 416 sed,
430 381 505 416 Quod
519 381 630 409 radicem
641 389 692 408 non
704 380 838 408 habebant.
853 379 921 407 Etsi
934 379 978 407 illa

188 429 382 464 praefocantur,
399 435 453 456 non
473 436 488 455 a
501 428 602 464 spinis,
626 427 673 456 sed
697 427 732 455 ab
747 427 780 455 iis
794 426 839 462 qui
862 426 911 454 bas
921 434 980 454 cre-

188 485 265 506 scere
284 477 413 505 siverunt.
427 476 503 504 Licet
524 476 614 509 enim,
636 475 658 503 si
677 474 803 508 volueris,
817 474 867 502 hoc
880 474 979 502 malum

188 530 297 558 germen
313 522 451 558 impedire,
464 529 496 549 ac
508 521 617 552 divitiis.
637 524 668 549 ut
686 520 774 553 decet,
787 520 836 548 uti.
852 520 914 548 Ideo
927 527 979 547 non

189 570 266 602 dixit,
282 569 426 601 Saeculum,
441 568 500 601 sed,
513 567 664 595 Sollicitudo
677 567 783 600 saeculi;
796 574 893 602 neque,
909 567 980 594 Divi-

189 615 245 647 tias,
259 614 318 648 sed,
330 613 448 641 Fallacia
459 613 604 640 divitiarum
616 612 721 647 (Matth.
730 613 774 640 15.
783 612 841 648 22).
852 612 893 640 Ne
902 612 981 647 igitur

190 668 236 688 res
246 660 320 696 ipsas
327 660 476 695 culpemus,
491 659 540 687 sed
549 663 702 694 corruptam
715 658 891 686 voluntatem.
907 658 982 686 Licet

190 707 263 735 enim
279 706 388 734 divitem
404 713 473 738 esse,
486 710 514 733 et
526 713 579 733 non
593 705 679 740 decipi
696 713 703 732 :
720 705 746 733 in
759 704 811 732 hoc
823 712 883 732 esse
894 711 980 733 smon-

190 753 228 784 lo,
244 756 272 780 et
285 751 510 780 sollicitudinibus
521 759 573 779 non
596 750 744 786 prmfocari.
759 751 816 778 Duo
830 751 927 786 quippe
939 751 980 778 vi-

191 799 226 826 tia
241 798 311 826 inter
321 805 352 825 se
365 798 488 833 opposita
502 797 529 825 in
538 797 639 825 divitiis
649 800 728 830 sunt;
739 796 820 830 aliud,
835 796 905 832 quod
918 805 981 824 cru.

191 843 246 872 ciat
260 848 287 872 et
299 843 421 876 olfuscat,
434 848 477 872 est
490 843 655 877 sollicitudo;
669 843 751 877 aliud,
764 843 837 879 quod
847 843 982 871 molliores

192 889 290 922 reddit,
304 893 367 917 sunt
379 888 492 917 deliciae.
506 889 589 916 Recte
603 893 691 916 autem
701 889 778 923 dixit,
789 888 906 916 Fallacia
919 889 982 916 divi-

192 934 296 961 tiarum.
307 933 403 962 Omnia
413 934 544 969 quippein
555 934 654 962 divitiis
667 934 767 962 fallacia
781 938 860 962 sunt:
875 935 982 962 nomina

191 981 291 1017 quippe
317 985 397 1014 sunt,
421 988 475 1009 non
499 981 525 1008 in
540 981 620 1009 rebus
642 981 703 1009 sita.
724 981 830 1009 Etenim
850 982 981 1017 voluptas,

192 1027 287 1062 gloria,
299 1026 503 1061 pulchritudinis
511 1026 638 1058 studium,
650 1026 798 1062 similiaque
808 1027 907 1060 omnia,
922 1035 983 1062 spe-

193 1073 250 1100 cies
262 1072 382 1108 quaedam
396 1076 425 1100 et
438 1072 577 1107 phantasia
599 1076 672 1104 sunt,
696 1081 750 1100 non
768 1080 857 1100 rerum
872 1074 981 1101 veritas.

193 1119 262 1146 Cum
283 1125 348 1154 ergo
371 1118 498 1152 perniciei
520 1117 614 1146 modos
628 1117 756 1152 dixisset,
779 1119 887 1147 demum
909 1119 984 1155 ponit

194 1169 294 1192 terram
308 1164 414 1197 bonam,
428 1171 482 1191 non
497 1163 640 1199 desperare
652 1164 752 1197 sinens,
767 1164 814 1192 sed
828 1172 902 1199 spem
917 1165 984 1192 dans

194 1209 369 1245 pmnitentiae,
381 1209 578 1244 ostendensque
586 1217 665 1244 posse
673 1217 688 1237 a
698 1209 857 1245 supradictis
868 1209 902 1237 ad
913 1210 983 1237 illam

195 1256 336 1284 transitum
351 1255 419 1283 ﬁeri.
444 1255 524 1291 Atqui
546 1255 569 1283 si
584 1262 654 1283 terra
680 1254 749 1283 bona
768 1260 848 1284 estet
869 1256 985 1291 agricola

195 1310 276 1335 unus,
290 1302 445 1336 seminaque
461 1301 566 1334 eadem,
577 1309 625 1329 cur
634 1301 706 1329 aliud
716 1305 834 1334 centum,
848 1301 920 1329 aliud
939 1303 984 1330 se"-

196 1349 305 1384 xaginta
315 1369 323 1382 ,
337 1348 409 1376 aliud
425 1348 530 1384 triginta
545 1348 624 1376 tulit?
636 1348 684 1376 Hic
696 1355 789 1376 rursus
799 1356 831 1376 ex
845 1353 924 1376 terrae
938 1357 985 1376 na-

197 1401 255 1422 tura
270 1394 434 1421 discrimen:
449 1401 510 1421 nam
531 1394 575 1421 ubi
589 1393 659 1422 bona
680 1398 750 1421 terra
764 1398 822 1426 est,
846 1394 928 1422 multa
949 1394 984 1421 ibi

196 1440 356 1468 differentia.
370 1439 451 1467 Vides
465 1447 518 1467 non
533 1439 675 1475 agricolam
690 1447 749 1467 esse
763 1447 886 1473 causam,
900 1447 986 1474 neque

196 1486 300 1513 semina
311 1506 319 1519 ,
334 1485 379 1513 sed
397 1489 494 1513 terram
509 1485 684 1520 excipientem
695 1505 703 1516 ,
725 1492 812 1519 neque
825 1493 857 1512 ex
880 1489 984 1516 natura.

197 1531 245 1559 sed
264 1539 296 1559 ex
312 1531 447 1559 voluntate
456 1531 600 1559 discrimen
614 1531 728 1559 censeri.
743 1531 791 1559 Hic
803 1536 893 1559 autem
906 1531 986 1558 multa

199 1577 247 1605 Dei
258 1577 409 1613 benignitas
429 1577 653 1612 deprehenditur,
672 1577 717 1612 qui
737 1585 788 1604 non
802 1585 882 1605 unam
906 1577 988 1613 exigit

197 1625 303 1652 virtutis
314 1631 484 1656 mensuram;
500 1624 547 1651 sed
571 1624 670 1659 primos
685 1623 798 1652 libenter
816 1624 928 1659 recipit,
943 1632 987 1652 se-

198 1671 299 1699 cundos
312 1678 364 1698 non
377 1670 458 1706 ejicit,
469 1670 561 1698 tertiis
574 1670 619 1698 dat
630 1670 729 1698 locum.
741 1670 804 1698 Hazc
818 1678 898 1706 porro
913 1670 987 1705 dicit,

199 1724 234 1745 ne
252 1720 345 1751 putent
364 1716 382 1743 ii
403 1716 448 1751 qui
464 1716 550 1751 ipsum
564 1720 722 1750 sequuntur,
736 1716 828 1744 auditu
851 1721 988 1751 exceptam

198 1762 348 1790 doctrinam
359 1761 392 1790 ad
403 1761 514 1789 salutem
528 1769 588 1789 esse
599 1762 673 1789 satis.
688 1761 741 1790 Sed
753 1769 812 1796 cur,
826 1763 922 1798 inquit,
936 1770 989 1790 non

196 1813 295 1836 caetera
310 1808 385 1843 ponit
395 1807 470 1841 vitia,
481 1812 511 1835 ut
520 1815 661 1843 corporum
674 1808 928 1843 concupiscentiam,
944 1816 991 1836 va-

198 1862 262 1882 nam
284 1854 416 1889 gloriam?
428 1853 494 1882 Cum
507 1853 605 1882 dixerit
625 1854 831 1883 sollicitudinem
846 1854 926 1890 hujus
938 1863 989 1884 saa—

198 1900 271 1933 cnli,
287 1905 315 1928 et
328 1900 457 1928 fallaciam
469 1899 631 1933 divitiarum,
653 1900 742 1928 omnia
762 1901 859 1935 posuit.
882 1900 948 1928 Nam
964 1906 992 1930 et

200 1954 268 1975 vana
279 1947 362 1982 gloria
375 1951 404 1974 et
424 1950 520 1974 ctetera
534 1946 624 1974 omnia
637 1950 664 1974 et
676 1945 755 1981 hujus
767 1946 857 1974 saeculi
871 1951 934 1974 sunt
943 1968 951 1981 ,
964 1952 992 1975 et

200 1993 233 2020 ad
246 1993 397 2020 divitiarum
407 1992 536 2020 fallaciam
547 1992 636 2020 reduci
650 1997 769 2026 possunt;
778 1992 891 2028 exempli
899 2000 990 2028 causa,

201 2039 334 2073 voluptas,
344 2038 415 2073 gula,
429 2038 538 2071 invidia,
554 2045 621 2065 vana
633 2038 727 2073 gloria,
738 2043 766 2066 et
779 2038 876 2066 similia
890 2039 991 2067 omnia.

200 2084 310 2112 Addidit
333 2088 422 2111 autem
437 2089 466 2111 et
478 2084 549 2111 viam
567 2089 595 2112 et
610 2089 729 2119 petram,
745 2088 775 2112 ut
796 2085 920 2113 ostendat
937 2093 991 2113 non

202 2130 267 2158 satis
284 2137 345 2158 esse
358 2130 407 2157 sia
421 2130 593 2165 pecuniarum
610 2138 702 2158 amore
723 2135 823 2158 tantum
844 2139 894 2159 nos
912 2139 992 2167 expe~

201 2176 306 2203 diamus
315 2184 322 2208 ;
337 2176 382 2204 sed
396 2181 508 2204 cmteras
517 2184 622 2211 quoque
631 2177 742 2205 virtutes
749 2177 912 2206 exercendas
920 2185 990 2206 esse.

204 2221 272 2256 Quid
288 2222 358 2249 enim
373 2221 498 2257 prodest,
521 2222 542 2249 si
558 2222 657 2250 divitiis
671 2230 723 2250 non
736 2223 837 2256 servis,
852 2231 935 2259 esque
951 2228 991 2251 ta-

202 2275 265 2296 men
277 2268 387 2304 ignavus
400 2273 428 2296 et
446 2269 554 2296 mollis?
564 2269 637 2304 quid,
653 2269 676 2297 si
695 2270 805 2305 ignavus
820 2278 872 2297 non
883 2271 920 2298 sis
933 2271 992 2306 qui-

202 2314 282 2348 dem,
303 2315 351 2342 sed
371 2315 461 2350 segnis
475 2315 509 2342 ad
527 2315 675 2343 doctrinam
699 2316 878 2344 audiendam?
901 2317 992 2352 Neque

202 2360 274 2387 enim
286 2360 391 2388 illorum
407 2368 490 2388 unum
503 2361 567 2388 satis
577 2367 618 2389 est
628 2361 660 2389 ad
673 2362 801 2395 salutem;
815 2362 862 2389 sed
877 2370 942 2397 opus
953 2367 994 2390 est

203 2406 290 2440 primo
305 2406 429 2433 audiendi
444 2406 596 2440 sedulitate,
607 2407 704 2435 deinde
713 2407 769 2443 jugi
778 2408 917 2442 memoria,
931 2408 993 2436 hinc

204 2452 263 2479 forti
278 2453 378 2485 animo,
392 2452 545 2480 divitiarum
565 2461 670 2481 necnon
686 2454 853 2482 saecularium
874 2455 991 2482 omnium

206 2503 370 2533 contemptu.
383 2498 445 2527 ldeo
459 2499 530 2527 enim
543 2499 665 2528 audiendi
680 2500 795 2527 studium
810 2501 896 2535 primo
908 2501 991 2536 ponit,

203 2544 352 2579 deindeque
366 2549 472 2579 caztera,
482 2545 543 2581 quia
553 2545 604 2573 hoc
618 2546 704 2580 primo
716 2551 757 2574 est
767 2553 833 2581 opus
848 2547 992 2583 (Quomodo

203 2591 268 2618 enim
279 2591 389 2623 credent,
404 2591 454 2618 nisi
466 2591 572 2618 audiant
589 2591 677 2628 [Rom.
692 2592 735 2620 10,
750 2591 814 2628 ii]?
827 2597 855 2620 ut
868 2600 918 2620 nos
928 2601 993 2628 quo-

204 2645 255 2672 que
279 2637 331 2665 nisi
345 2636 424 2665 dictis
438 2637 606 2665 attendamus
619 2658 627 2670 ,
651 2645 703 2665 non
719 2639 865 2673 poterimus
884 2646 915 2666 ea
934 2647 993 2674 qua:

204 2683 306 2718 agenda
332 2688 395 2711 sunt
420 2683 560 2718 ediscere)
577 2683 696 2712 :deinde
717 2684 797 2711 animi
811 2684 992 2712 fortitudinem

205 2729 278 2764 ponit
289 2733 317 2757 et
330 2737 419 2757 rerum
432 2729 605 2765 praesentium
617 2734 809 2764 contemptum.
821 2729 884 2757 Hac
904 2730 994 2766 itaque

205 2774 353 2809 audientes,
363 2783 411 2803 nos
419 2775 535 2811 undique
545 2775 695 2803 muniamus
706 2784 712 2802 :
728 2775 805 2803 dictis
815 2776 991 2810 attendentes,

206 2822 296 2849 lirmas
310 2822 445 2850 mittentes
453 2823 567 2856 radices,
579 2822 803 2857 saecularibusque
811 2822 935 2850 omnibus
945 2831 994 2850 nos

205 2868 387 2904 expedientes.
400 2867 428 2898 Si
443 2873 530 2897 autem
542 2868 592 2897 alia
604 2867 709 2904 quidem
725 2867 863 2901 faciamus,
877 2868 927 2896 alia
942 2876 990 2897 ne-

660 139 694 168 lN
708 138 913 168 MATTHEUM
932 137 1046 167 HOMIL.
1066 138 1158 167 XLI'V.
1179 140 1214 168 al.
1235 139 1314 168 XLV.

1769 146 1821 172 470

1030 194 1170 230 gligamus,
1195 196 1262 224 nihil
1287 195 1364 225 nobis
1377 197 1507 233 conferet,
1520 205 1552 226 ac
1565 199 1587 226 si
1599 206 1653 227 non
1666 199 1731 234 hoc,
1748 207 1822 229 certe

1030 241 1114 269 altero
1126 242 1206 270 modo
1217 242 1372 277 peribimus.
1381 243 1450 277 Quid
1466 244 1537 272 enim
1561 245 1658 278 refert,
1680 251 1767 274 utrum
1787 247 1822 275 ob

1030 288 1154 322 divitias,
1181 294 1270 318 utrum
1293 290 1328 317 ob
1341 290 1498 326 segnitiem,
1512 295 1601 318 utrum
1626 292 1662 319 ob
1683 293 1821 320 mollitiem

1031 343 1138 370 pessum
1163 337 1273 365 eamus?
1299 337 1365 365 Nam
1391 338 1508 374 agricola
1527 346 1603 374 aeque
1618 339 1690 375 luget
1714 341 1736 367 si
1755 340 1820 371 hoc.

1031 388 1108 416 teque
1122 382 1144 409 si
1156 383 1202 410 illo
1216 383 1297 411 modo
1308 391 1400 411 semen
1413 383 1517 419 perdat.
1528 384 1568 412 Ne
1581 385 1670 420 itaque
1684 386 1754 420 quod
1766 394 1820 413 non

1031 434 1080 462 per
1091 435 1186 456 omnes
1197 429 1292 456 modos
1306 436 1411 464 pereas,
1427 429 1489 457 hinc
1501 430 1712 458 consolationem
1723 430 1821 458 admit-

1032 477 1084 507 tas,
1099 474 1147 502 sed
1159 482 1327 511 quocumque
1343 475 1450 504 tandem
1470 475 1552 504 modo
1564 483 1669 511 pereas,
1683 476 1754 512 iuge.
1764 476 1824 511 Spi-

1032 527 1081 548 nas
1095 521 1283 549 comburamus
1295 541 1302 554 ,
1317 528 1378 556 quae
1391 521 1502 549 verbum
1517 521 1658 550 suli'ocant.
1676 521 1703 550 ld
1725 526 1824 550 norunt

1032 565 1138 599 divites,
1151 566 1196 601 qui
1210 574 1296 602 neque
1310 567 1343 594 ad
1355 567 1422 598 haec,
1434 575 1521 602 neque
1535 568 1568 595 ad
1581 567 1633 595 alia
1653 572 1715 595 sunt
1735 568 1822 595 utiles.

1033 611 1108 639 Servi
1130 619 1249 647 namque
1267 615 1296 640 et
1308 613 1406 648 captivi
1421 613 1602 648 voluptatum,
1629 620 1663 641 ne
1685 613 1718 641 ad
1737 613 1824 641 civilia

1033 657 1139 692 quidem
1162 658 1266 693 negotia
1280 663 1341 686 sunt
1356 659 1451 692 utiles;
1474 659 1497 687 si
1518 667 1571 687 non
1594 659 1628 687 ad
1652 659 1714 692 illa,
1740 659 1825 687 multo

1033 703 1121 730 minus
1141 703 1174 730 ad
1194 703 1320 731 caelestia.
1336 704 1440 740 Duplex
1454 705 1526 732 enim
1547 705 1630 740 pestis
1648 705 1823 740 cogitationes

1033 757 1127 777 eorum
1143 749 1263 783 invadit,
1277 750 1432 778 deliciarum
1455 751 1556 780 scilicet
1575 756 1602 779 et
1616 751 1801 779 sollicitudinis
1817 761 1822 778 :

1033 803 1147 830 quorum
1166 795 1269 831 singula
1290 801 1401 831 possunt
1423 797 1549 832 scapham
1573 797 1740 832 demergere.
1759 796 1824 825 Cum

1034 846 1122 870 autem
1135 842 1215 870 ambo
1225 847 1399 875 concurrunt,
1409 843 1496 879 cogita
1510 848 1608 878 quanta
1621 844 1658 871 sit
1671 848 1824 878 tempestas.

1069 888 1096 916 5.
1113 888 1231 915 Ciborum
1239 888 1337 916 delicia
1350 889 1537 925 redarguuntur
1547 909 1555 922 ,
1569 894 1656 924 utpote
1677 889 1827 924 corporibus

1034 938 1057 961 et
1079 934 1171 961 animis
1184 934 1413 962 etiamm—Nec
1434 934 1540 962 mireris
1559 935 1582 962 si
1601 934 1712 962 delicias
1735 934 1825 969 spinas

1035 986 1122 1009 vocet.
1137 981 1177 1008 'l‘u
1202 981 1285 1014 enim,
1299 981 1360 1016 quia
1375 981 1426 1009 hoc
1436 980 1501 1009 vitio
1511 981 1601 1008 ebrius
1616 988 1655 1013 es,
1666 980 1693 1008 id
1709 980 1824 1016 ignoras:

1034 1029 1079 1064 qui
1100 1036 1165 1056 vero
1190 1027 1249 1056 sani
1274 1031 1346 1060 sunt,
1362 1032 1462 1055 norunt
1481 1035 1527 1056 eas
1547 1027 1730 1055 vehementius
1747 1034 1827 1062 quam

1035 1074 1125 1109 spinas
1136 1081 1270 1109 pungere:
1286 1072 1389 1101 deliciae
1400 1073 1458 1108 plus
1470 1080 1550 1108 quam
1560 1072 1754 1100 sollicitudines
1763 1073 1823 1099 ani-

1035 1127 1106 1147 mam
1117 1118 1288 1151 labefaciunt,
1302 1118 1490 1154 gravioresque
1505 1123 1533 1146 et
1554 1118 1659 1150 corpori
1683 1122 1710 1145 et
1731 1118 1827 1145 animae

1035 1165 1144 1201 pariunt
1156 1165 1274 1193 dolores.
1288 1165 1380 1200 Neque
1392 1165 1463 1192 enim
1479 1164 1539 1199 quis
1552 1164 1588 1192 ita
1599 1164 1732 1192 sauciatur
1744 1163 1826 1196 curis,

1037 1216 1067 1240 ut
1080 1213 1212 1240 satietate.
1239 1211 1350 1246 Quando
1364 1211 1435 1239 enim
1450 1211 1510 1247 quis
1524 1215 1551 1238 et
1570 1218 1666 1238 somno
1688 1211 1806 1245 privatus
1819 1231 1826 1242 ,

1037 1266 1069 1287 ac
1083 1258 1180 1294 capitis
1194 1262 1399 1293 temporumque
1412 1257 1580 1293 aegritudine,
1596 1262 1624 1285 et
1633 1257 1766 1285 viscerum
1778 1256 1827 1284 do-

1038 1306 1137 1334 loribus
1147 1305 1278 1333 distentus
1291 1304 1382 1338 fuerit,
1393 1304 1479 1340 cogita
1489 1308 1553 1339 quot
1562 1303 1646 1339 spinis
1659 1303 1717 1331 haec
1725 1303 1828 1338 gravio-

1037 1359 1066 1379 ra
1080 1351 1143 1378 sint.
1158 1351 1197 1378 Ac
1210 1349 1434 1385 quemadmodum
1448 1349 1533 1384 spina).
1543 1356 1710 1384 quacumque
1723 1355 1757 1376 ex
1771 1355 1828 1383 par-

1041 1401 1068 1424 te
1081 1396 1232 1432 eapiantur,
1246 1402 1341 1423 manus
1354 1399 1494 1423 cruentam
1506 1403 1514 1422 :
1528 1395 1568 1422 sic
1579 1399 1607 1422 et
1618 1393 1722 1422 deliciae
1735 1393 1828 1429 pedes,

1038 1450 1144 1476 manus,
1154 1446 1245 1477 caput,
1259 1441 1362 1476 oculos,
1375 1446 1403 1469 et
1415 1441 1504 1469 omnia
1519 1440 1626 1468 demum
1637 1440 1757 1468 membra
1770 1448 1830 1475 pes-

1038 1488 1173 1522 sumdant,
1193 1488 1301 1523 illaeque
1329 1488 1411 1516 aridae
1436 1487 1662 1522 infructuosaaque
1676 1491 1739 1515 sunt
1759 1486 1829 1514 sicut

1039 1534 1135 1570 spinae,
1150 1538 1178 1562 et
1191 1534 1276 1569 magis
1289 1541 1368 1569 quam
1383 1533 1437 1561 illa:
1450 1537 1547 1561 nocent
1559 1533 1586 1561 in
1598 1532 1750 1568 praecipuis.
1762 1532 1828 1560 Nam

1039 1584 1067 1607 et
1076 1584 1239 1608 senectutem
1252 1584 1315 1608 ante
1329 1584 1435 1614 tempus
1449 1578 1586 1611 inducunt,
1603 1586 1699 1606 sensus
1711 1578 1831 1614 sopiunt,
1851 1594 1856 1601 α

1039 1625 1229 1661 cogitationem
1242 1625 1361 1654 tenebris
1373 1624 1533 1657 oll‘undunt,
1553 1629 1671 1652 mentem
1694 1628 1772 1652 acute
1793 1624 1831 1652 vi-

1040 1668 1148 1696 dentem
1162 1672 1309 1702 excaicant,
1321 1667 1461 1696 ﬂaccidum
1475 1674 1574 1702 corpus
1584 1666 1723 1700 efﬁciunt,
1748 1667 1832 1701 majo-

1041 1722 1098 1743 rem
1109 1719 1256 1743 stercorum
1270 1714 1373 1749 copiam
1388 1714 1555 1746 recondunt,
1584 1712 1654 1740 mala
1667 1717 1813 1748 congerunt
1825 1733 1832 1746 ,

1041 1762 1128 1798 majus
1140 1769 1208 1790 onus
1218 1766 1246 1790 et
1258 1761 1362 1798 pondus
1376 1761 1492 1789 faciunt:
1517 1760 1580 1788 hinc
1589 1760 1740 1796 frequentes
1755 1767 1834 1787 casus

1042 1814 1069 1836 et
1080 1807 1175 1841 ruinae,
1190 1807 1272 1835 multa
1283 1806 1428 1841 naufragia.
1437 1806 1501 1840 Cur,
1515 1813 1617 1842 quaiso,
1630 1813 1728 1841 corpus
1738 1805 1834 1840 impia.

1042 1855 1129 1891 guas?
1143 1855 1223 1882 Ante
1235 1853 1399 1882 immolaturi
1410 1853 1523 1881 sumus?
1535 1860 1569 1880 an
1583 1853 1610 1880 in
1623 1859 1715 1880 mensa
1729 1853 1834 1887 apposi—

1043 1899 1455 1934 turi?Avcsrectcimpinguas;
1480 1899 1534 1927 imo
1565 1906 1600 1926 ne
1618 1905 1683 1926 aves
1708 1897 1834 1933 quidem:

1042 1955 1104 1976 cum
1122 1947 1194 1975 enim
1222 1947 1334 1982 pingues
1360 1950 1439 1979 sunt,
1466 1945 1500 1974 ad
1522 1952 1616 1973 sanum
1637 1944 1732 1972 edendi
1757 1952 1834 1971 usum

1043 1998 1106 2021 sunt
1115 1993 1231 2021 inutiles.
1247 1992 1362 2019 Tantum
1378 1992 1478 2019 malum
1503 1995 1545 2019 est
1570 1991 1690 2019 ciborum
1714 1990 1836 2025 voluptas

1044 2040 1137 2073 nimia,
1152 2039 1270 2067 utetiam
1284 2039 1310 2066 in
1324 2038 1409 2066 brutis
1422 2037 1572 2073 perniciosa
1587 2036 1632 2064 sit.
1646 2036 1711 2063 Nam
1734 2036 1778 2062 illa
1791 2043 1836 2062 sa-

1044 2086 1151 2114 turitate
1166 2085 1246 2112 nimia
1266 2088 1292 2112 et
1302 2084 1353 2112 sibi
1367 2088 1394 2111 et
1405 2083 1482 2111 nobis
1505 2083 1606 2110 inutilia
1621 2082 1761 2110 efficimus.
1786 2081 1836 2110 Su-

1044 2131 1208 2167 perlluitates
1231 2131 1329 2165 quippe
1349 2129 1497 2165 indigeste,
1512 2134 1539 2157 et
1549 2129 1656 2156 humida
1668 2128 1780 2164 putredo
1803 2128 1837 2155 ab

1044 2177 1088 2204 illa
1102 2176 1186 2204 oritur
1206 2175 1373 2211 pinguedine.
1393 2175 1458 2208 Quae
1484 2182 1547 2202 vero
1568 2174 1692 2201 animalia
1719 2181 1772 2201 non
1801 2174 1836 2200 ita

1045 2222 1163 2256 aluntur,
1179 2222 1226 2249 sed
1240 2221 1315 2256 quasi
1336 2221 1459 2257 jejunant
1472 2225 1499 2249 et
1514 2221 1645 2254 laborant,
1664 2221 1708 2248 illa
1729 2225 1801 2248 certe
1811 2226 1837 2248 ct

1044 2269 1094 2296 sibi
1109 2273 1138 2296 et
1149 2268 1207 2295 aliis
1219 2267 1357 2295 utilissima
1371 2272 1443 2299 sunt,
1459 2271 1514 2294 tum
1537 2267 1570 2294 ad
1592 2267 1693 2300 cibum,
1722 2271 1777 2294 tum
1803 2267 1836 2293 ad

1044 2314 1095 2341 alia
1108 2313 1196 2341 omnia
1215 2322 1221 2339 :
1241 2313 1338 2348 quique
1359 2313 1391 2340 iis
1414 2317 1574 2345 vescuntur,
1595 2312 1711 2340 firmiore
1724 2312 1838 2348 gaudent

1044 2359 1206 2390 valetudine;
1225 2359 1269 2393 qui
1282 2363 1371 2385 autem
1392 2357 1586 2393 pinguioribus,
1597 2358 1662 2393 ipsis
1678 2358 1780 2386 similes
1794 2358 1834 2385 fa-

1045 2406 1092 2438 cti,
1109 2405 1239 2433 tardiores
1255 2411 1325 2438 sunt,
1343 2405 1450 2438 inﬁrmi,
1475 2405 1595 2441 duroque
1618 2406 1724 2433 vinculo
1751 2406 1834 2441 ligati.

1045 2452 1113 2479 Nihil
1127 2453 1197 2479 enim
1219 2452 1254 2479 ita
1276 2452 1380 2486 corpori
1401 2452 1509 2480 noxium
1525 2456 1554 2479 ut
1568 2452 1687 2479 ciborum
1711 2452 1832 2480 deliciae:

1045 2499 1111 2526 nihil
1125 2499 1161 2526 ita
1186 2498 1286 2533 rumpit
1303 2503 1331 2525 et
1342 2498 1430 2525 obruit
1443 2498 1546 2533 ipsum,
1572 2502 1602 2525 ut
1615 2498 1755 2533 ingluvies.
1776 2498 1837 2526 Ideo

1046 2544 1108 2572 hinc
1119 2545 1234 2572 maxime
1254 2544 1360 2571 illorum
1383 2544 1521 2571 stultitiam
1542 2545 1602 2580 quis
1625 2545 1746 2578 miretur;
1767 2546 1837 2580 quod

1045 2599 1099 2619 non
1109 2591 1161 2619 sibi
1176 2594 1286 2626 pareant
1299 2595 1327 2617 ut
1338 2591 1427 2618 c:eteri
1441 2590 1555 2618 utribus.
1568 2590 1634 2618 Nam
1645 2591 1690 2626 qui
1702 2591 1762 2618 vina
1775 2599 1839 2619 ven-

1047 2637 1123 2669 dunt,
1139 2637 1232 2664 nolunt
1244 2636 1305 2672 plus
1315 2644 1392 2671 aequo
1403 2641 1477 2664 utres
1486 2636 1597 2671 implere
1608 2657 1616 2670 ,
1638 2644 1672 2665 ne
1689 2641 1813 2672 rumpant
1830 2647 1836 2663 :

1046 2684 1073 2711 hi
1081 2691 1145 2711 vero
1151 2683 1277 2710 miserum
1290 2687 1421 2716 ventrem,
1436 2691 1469 2710 ne
1481 2682 1531 2710 hac
1543 2683 1649 2718 quidem
1657 2691 1720 2711 cura
1729 2683 1836 2718 dignum

1045 2735 1169 2763 censent;
1183 2729 1229 2757 sed
1243 2734 1381 2764 postquam
1398 2730 1472 2757 illum
1485 2730 1738 2766 impleverintatque
1750 2738 1839 2766 rupe—

1046 2778 1110 2810 rint,
1120 2784 1203 2811 usque
1213 2776 1246 2803 ad
1259 2783 1348 2809 aures,
1358 2783 1447 2809 nares,
1460 2777 1548 2804 fauces
1558 2777 1620 2805 vino
1630 2777 1744 2812 replent,
1753 2777 1838 2812 dupli—

1047 2831 1104 2850 cem
1119 2822 1180 2849 hinc
1191 2822 1323 2857 parientes
1332 2823 1490 2857 angustiam,
1501 2827 1528 2850 et
1538 2823 1652 2858 spiritui,
1662 2828 1689 2851 et
1697 2824 1721 2851 vi
1733 2823 1770 2850 illi
1779 2831 1838 2858 quae

1051 2868 1149 2897 animal
1165 2873 1248 2897 totum
1261 2867 1425 2896 moderatur.
1438 2869 1477 2897 An
1495 2869 1554 2897 ideo
1572 2869 1619 2897 tibi
1637 2874 1727 2904 guttur
1747 2869 1838 2897 datum
