2068 3132
225 119 272 146 li7l
595 126 622 154 S.
643 125 781 153 JOANNIS
799 124 1034 154 CHRYSOSTOMI
1053 125 1209 154 ARCHIEP.
1229 126 1495 157 CONSTANTINOP.

220 190 273 218 est,
294 193 321 211 υι
334 191 419 219 usque
431 182 464 210 ad
478 190 510 210 os
532 182 599 210 illud
610 182 672 209 vino
685 172 798 217 aliisque
810 181 943 216 corruptis
957 187 1013 208 ma—

225 232 301 260 teriis
324 230 451 266 replens?
476 229 535 256 Non
560 228 620 257 ideo
635 228 725 256 datum
747 233 789 256 est
801 248 809 260 ,
823 235 840 255 o
854 227 935 254 homo
945 247 952 259 ,
967 226 1015 254 scd

224 279 358 314 praecipue
370 282 398 304 ut
409 277 464 304 Deo
474 283 564 308 canas,
587 280 615 303 et
627 283 717 303 sacras
733 282 827 309 preces
839 274 945 301 emittas
956 293 963 305 ,
978 273 1016 301 le-

226 333 273 360 ges
287 324 390 352 divinas
400 324 482 358 legas,
498 322 661 357 consiliaque
671 321 718 348 des
730 321 852 355 proximo
865 321 1013 355 profutura.

225 372 266 400 Tu
281 378 344 399 vero
361 370 434 405 quasi
458 370 502 396 illa
516 373 617 396 tantum
630 368 664 395 de
677 374 757 394 causa
770 366 860 394 datum
874 371 964 399 esset,
980 373 1015 393 ne

225 417 365 445 minimum
388 415 496 451 quidem
523 414 589 442 sinis
616 414 702 447 ipsum
713 412 862 440 ministerio
871 418 1014 439 sacroser-

224 463 293 497 vire,
308 462 357 490 sed
370 465 451 489 totam
465 460 546 488 vitam
562 460 624 487 huic
639 459 762 494 pessiqu
776 458 897 486 servituti
920 458 1013 485 tradis.

223 510 263 536 Ac
288 506 511 543 quemadmodum
526 506 550 532 si
572 505 632 540 quis
645 503 775 532 citharam
797 511 907 531 sumens
923 503 1015 530 aureis

224 554 320 581 fidibus
342 556 506 587 compactam
520 572 528 585 ,
547 558 579 578 ac
600 551 710 585 pulchre
736 550 939 582 concinnatam,
960 557 1014 576 non

222 600 256 627 ad
270 599 375 627 dulcem
389 598 598 626 modulationem
613 596 740 631 pulsaret,
760 595 808 623 sed
822 595 885 622 fimo
898 595 1014 630 repleret

222 653 254 672 ac
265 645 321 672 luto
340 653 347 671 :
372 644 412 672 sic
426 648 454 671 et
473 643 500 669 bi
515 642 625 670 faciunt.
643 641 746 668 Fimum
761 648 829 668 voco
842 649 895 668 non
906 641 1011 673 cibum,

223 691 271 719 sed
285 691 413 723 delicias,
437 694 464 717 et
479 690 552 716 illam
567 693 668 716 tantam
682 687 925 722 intemperantiam.
947 687 1014 714 Nam

221 737 293 772 quod
307 740 382 764 extra
395 736 582 763 necessitatem
592 739 644 767 est,
659 742 710 761 non
726 734 811 765 cibus.
828 733 874 760 sed
889 733 946 760 lues
960 738 1011 760 est.

223 785 321 812 Venter
333 784 405 811 enim
418 783 451 810 ad
464 783 589 810 alimenta
603 783 689 809 solum
701 780 855 816 accipienda
867 780 944 808 datus
955 785 1011 813 est;

225 839 257 860 os
273 836 302 859 et
321 831 411 859 fauces
424 835 452 858 et
474 830 561 865 lingua
573 835 598 857 et
608 829 640 856 ad
653 828 703 856 hoc
716 833 744 856 et
756 828 789 855 ad
805 828 857 855 alia
872 827 913 854 liis
929 828 1014 862 magis

220 877 388 906 necessaria:
405 876 542 911 multoque
562 875 646 910 magis
656 882 743 909 neque
764 878 857 901 venter
878 873 912 900 ad
936 873 1012 900 cibos

220 925 341 959 quolibet
359 923 439 951 modo
449 922 637 957 excipiendos,
659 921 707 949 sed
730 920 881 948 moderatos
896 925 1010 948 tantum.

209 971 303 1007 ,ldque
315 970 433 999 ostendit
447 971 516 1005 ipse,
531 969 594 996 dum
609 969 682 996 mille
696 968 783 995 modis
796 968 912 1000 clamat,
925 975 1010 1002 quan,

221 1017 255 1045 do
274 1017 325 1053 ipsi
351 1024 399 1052 per
422 1017 491 1044 lianc
515 1015 624 1043 nimiunn
646 1014 749 1048 cepiam
763 1020 905 1045 uocemus;
927 1021 1012 1047 neque

1810 135 1862 162 473

1070 183 1167 210 clamat
1176 183 1277 217 solum,
1292 184 1340 212 sed
1353 186 1434 213 etiam
1448 187 1474 213 id
1486 187 1561 222 quasi
1569 187 1695 223 iujuriam
1712 190 1860 225 ulciscitur,

1067 233 1253 265 extremasque
1276 232 1392 266 reposcit
1418 240 1521 267 poenas.
1537 233 1628 262 Primo
1651 235 1734 270 pedes
1760 239 1859 272 punit,

1067 275 1112 309 qui
1125 283 1175 303 nos
1186 275 1221 303 ad
1244 276 1302 304 illas
1323 278 1453 313 pessimas
1478 279 1622 314 deportant
1639 282 1748 316 epulas:
1763 282 1861 311 deinde

1068 329 1163 349 manus
1175 323 1249 358 ligat,
1261 324 1332 358 quod
1345 329 1383 352 tot
1396 329 1426 353 et
1436 330 1510 353 tanta
1519 326 1671 355 ministrent
1684 337 1689 354 :
1715 328 1859 357 multorum

1066 369 1146 395 etiam
1160 375 1192 396 os
1205 368 1347 397 distortum
1362 370 1412 398 fuit
1422 391 1430 403 ,
1454 371 1526 399 oculi
1544 377 1572 400 et
1587 378 1667 407 caput
1688 373 1859 403 laborarunt.

1065 415 1106 441 Ac
1119 414 1199 442 veluti
1213 422 1315 448 servus,
1329 423 1390 443 cum
1400 417 1462 451 quid
1473 417 1544 445 vires
1554 418 1686 446 excedens
1698 427 1779 454 agere
1789 427 1859 454 prae-

1066 459 1172 494 cipitur,
1189 460 1315 488 efferatus
1329 469 1528 497 nonnumquam
1543 463 1683 498 imperanti
1706 465 1857 493 maledicit:

1065 506 1105 534 sic
1112 511 1139 534 et
1152 511 1245 534 venter
1256 508 1308 535 vim
1324 514 1427 542 passus,
1442 516 1502 536 cum
1514 509 1556 536 his
1571 509 1698 537 membris
1711 511 1792 538 etiam
1806 519 1855 539 ce-

1066 551 1174 578 rebrum
1189 559 1261 587 saepe
1276 552 1420 580 labefactat
1438 558 1466 581 et.
1489 554 1586 589 perdit.
1609 555 1736 590 Deosque
1756 556 1859 591 optime

1067 597 1193 632 providit,
1206 603 1234 625 ut
1243 606 1277 625 ex
1289 599 1466 627 immoderato
1479 607 1528 627 usu
1544 604 1646 628 tantum
1657 601 1784 629 damnum
1811 610 1858 630 ac-

1066 643 1214 679 cedat,quo
1222 651 1284 671 cum
1298 644 1395 672 lubens
1410 645 1593 680 philosophari
1608 647 1736 681 nolueris,
1752 648 1795 675 vel
1815 649 1858 676 in-

1066 690 1135 717 vitus
1149 690 1243 717 saltem
1258 698 1292 718 ex
1304 695 1376 718 metu
1391 695 1472 719 tantae
1486 692 1611 726 perniciei
1628 693 1765 721 moderate
1777 701 1858 728 agere

1065 732 1163 760 discas.
1179 733 1242 760 Haec
1256 740 1316 760 cum
1329 735 1454 768 sciamus,
1465 734 1583 762 ciborum
1593 735 1702 763 delicias
1713 735 1855 771 fugiamus,

1066 779 1298 814 moderationique
1311 780 1476 813 Studeamus,
1491 785 1520 808 ut
1533 785 1561 809 et
1573 782 1695 816 corporis
1706 782 1858 810 valetudine

1066 825 1195 858 fruamur,
1212 830 1238 852 et
1249 826 1365 853 animam
1377 826 1530 854 inﬁrmitate
1541 827 1614 854 omni
1628 827 1783 860 liberemus,
1798 827 1854 854 sic-

1065 879 1117 906 que
1128 870 1214 898 futura
1226 878 1421 906 consequamur
1434 871 1503 900 bona
1516 892 1524 905 ,
1548 873 1631 908 gratia
1647 877 1675 900 et
1694 873 1857 908 benignitate

1067 917 1170 944 Domini
1198 917 1282 944 nostri
1310 917 1373 945 Jesu
1394 917 1516 952 Christi,
1544 919 1587 946 cui
1612 919 1696 954 gloria
1720 923 1748 946 et
1770 920 1855 954 impe-

1065 964 1151 996 rium,
1167 971 1237 991 nunc
1258 969 1285 991 et
1306 972 1430 999 semper,
1457 969 1485 993 et
1511 966 1537 993 in
1564 966 1661 994 sarcula
1685 966 1854 995 mulorum.

1066 1013 1161 1037 Anien.

729 1646 818 1675 FINIS
836 1645 920 1676 TOMI
936 1641 1208 1680 QUINQUAGESIMI
1225 1641 1373 1674 SEPTIMI.‘
