2068 3132
696 258 902 301 ΞᾹΝΟΤΙ
945 257 1155 302 PATRIS
1192 256 1410 303 NOSTRI

302 410 832 503 JOANNIS
910 409 1811 502 CHRYSOSTOMI

745 614 981 637 ARCHIEPISCOPI
1003 614 1369 637 CONSTANTINOPOLITANI

511 730 831 762 COMMENTARIUS
861 730 903 761 iN
934 731 964 762 S.
997 731 1244 763 MATTHIEUM
1275 731 1600 764 EVANGELISTAM.

991 873 1119 882 .—

792 957 962 988 HOMiLH
988 957 1082 986 XLV.
1105 957 1146 987 al.
1172 956 1279 986 XLVI.

234 1076 299 1103 (lui.
319 1076 360 1102 15.
377 1083 403 1102 v.
426 1074 468 1102 iO.
491 1073 523 1100 Et
545 1072 688 1099 accedentes
709 1071 827 1105 discipuli
847 1070 964 1096 dixerunt
984 1075 1024 1095 et:

274 1123 359 1155 Quare
370 1122 394 1147 in
407 1120 534 1156 parabolis
547 1119 657 1153 loqueris
670 1119 725 1145 eis?
754 1117 797 1144 Η.
819 1115 878 1151 Ipse
890 1121 973 1142 autent
983 1123 1025 1142 re-

269 1167 393 1201 spondens
403 1166 465 1192 dixit
477 1166 512 1191 eis
523 1173 531 1191 :
543 1165 609 1196 Quia
622 1163 689 1190 vobis
702 1163 790 1189 datum
800 1167 835 1188 est
850 1170 922 1188 nosse
933 1166 1026 1197 myste-

268 1214 308 1239 ria
333 1213 402 1247 regni
421 1212 552 1244 caelorum,
568 1211 619 1236 illis
634 1215 717 1236 autem
731 1217 781 1236 non
792 1208 879 1235 datum
889 1213 936 1235 est.

270 1259 295 1285 1.
319 1257 508 1292 υἰεεῐριιΙονιιηι
536 1256 670 1291 prudentia
687 1260 708 1281 et
727 1255 829 1280 caritas.
844 1253 962 1280 Liberum
980 1262 1025 1280 ar-

233 1305 334 1332 bitrium
349 1313 392 1339 per
402 1303 510 1338 gratiam
524 1311 573 1329 non
585 1302 691 1328 tollitur.
715 1316 750 1322 ——
771 1300 834 1328 Jure
859 1301 1024 1327 admiremur

232 1351 386 1386 discipulos,
399 1350 468 1384 quod
480 1349 598 1376 discendi
614 1348 712 1382 cupidi,
729 1347 814 1375 sciant
823 1347 929 1382 quando
942 1347 1023 1373 inter-

232 1397 379 1432 rogandum
397 1397 441 1424 sit.
462 1395 520 1422 Non
535 1395 604 1422 enim
617 1394 740 1421 omnibus
756 1393 932 1428 prarsentibus
946 1392 970 1419 id
986 1392 1024 1418 ia-

231 1444 320 1471 ciunt:
342 1442 413 1477 quod
429 1442 567 1468 Mattlneus
581 1441 616 1468 ita
630 1441 803 1476 signiﬁcavit:
823 1439 854 1466 Et
866 1439 1020 1465 accedemes.

232 1489 288 1515 Hoc
313 1495 393 1523 porro
408 1495 459 1514 non
478 1494 509 1514 ex
531 1485 766 1520 conjectnradico:
793 1484 895 1511 Marcus
911 1484 1022 1511 enimid

231 1535 330 1562 clarius
344 1533 478 1564 indicavit,
492 1541 552 1560 cum
568 1532 605 1558 ait
628 1532 699 1567 ipsos
712 1531 823 1558 seorsim
837 1530 870 1557 ad
882 1530 954 1556 illum
974 1537 1018 1556 ac-

231 1580 344 1607 cessisse
358 1579 454 1612 (Marc.
469 1578 495 1605 4.
511 1578 568 1610 10).
593 1577 636 1604 Sic
650 1582 675 1604 et
690 1581 800 1604 mtrem
815 1580 841 1602 ct
855 1575 949 1602 fratres
963 1575 1022 1609 ejus

231 1625 321 1651 facere
334 1623 445 1650 decebat
456 1643 462 1655 ,
480 1630 532 1649 non
548 1629 642 1649 vocare
663 1622 743 1653 foras,
759 1625 786 1647 et
800 1628 859 1647 sese
875 1624 1020 1647 ostentare.

232 1670 370 1705 Perpende
380 1674 468 1696 autem
484 1669 621 1696 caritatem
637 1668 767 1702 ipsorum,
781 1671 906 1702 quantam
921 1667 1022 1694 scilicet

230 1718 342 1745 aliorum
356 1724 446 1744 curam
461 1719 564 1750 gerant,
579 1722 609 1741 ac
622 1715 694 1749 prius
703 1722 761 1748 qum
770 1713 802 1740 ad
817 1713 876 1740 illos
887 1713 1020 1748 pertinent

229 1766 362 1796 quzurant,
377 1760 474 1788 deinde
488 1768 545 1786 sua.
563 1759 623 1792 Cur,
638 1759 777 1793 inquiunt,
800 1759 825 1784 in
837 1757 964 1793 parabolis
979 1758 1017 1784 lo-

229 1809 312 1843 queris
327 1808 360 1834 ad
372 1807 431 1834 res?
443 1807 500 1833 Non
514 1806 647 1838 dixerunt,
668 1806 722 1832 Cur
739 1805 763 1831 in
781 1804 912 1839 parabolis
927 1804 1018 1838 loque-

229 1854 266 1881 ris
279 1854 376 1881 nobis?
397 1853 460 1880 Nam
476 1857 502 1880 et
515 1853 577 1879 alibi
589 1859 659 1886 sepe
670 1851 793 1878 videntur
810 1851 879 1878 bono
895 1858 954 1877 esse
968 1858 1012 1877 er-

228 1908 260 1934 ga
271 1906 362 1926 omnes
376 1899 470 1925 allecti:
483 1907 490 1930 ;
506 1903 534 1925 ut
549 1905 608 1925 cum
619 1897 721 1928 dicunt,
738 1897 840 1924 Dimitte
857 1896 940 1923 turbas
954 1903 964 1927 ;
979 1900 1016 1927 et,

227 1946 283 1973 Scis
293 1944 359 1980 quod
371 1935 544 1970 sraudnlizuti
554 1944 603 1968 sint
617 1942 690 1977 (Lur.
701 1943 725 1967 υ.
741 1941 782 1967 12.
792 1940 885 1966 Matth.
902 1941 944 1967 15.
956 1941 1010 1974 12).

228 1990 298 2023 Quid
326 1997 390 2024 ergo
414 1989 555 2016 Christus?
582 1987 651 2020 Quia
675 1987 743 2013 vobis
761 1987 852 2012 datum
879 1990 916 2012 est
939 1994 1012 2012 nosse

231 2036 384 2070 mysterium
400 2035 471 2069 regni
489 2034 610 2061 cwlorant
623 2042 631 2060 :
643 2034 695 2060 illis
707 2038 795 2059 autem
806 2033 896 2059 datam
910 2040 960 2058 non
974 2036 1018 2058 est.

227 2080 294 2107 Illud
310 2085 398 2106 autem
409 2079 486 2111 dixit,
501 2086 553 2104 non
567 2077 753 2104 necessitatem
764 2077 891 2103 imlucens
903 2096 910 2107 ,
931 2083 1017 2110 neque

227 2131 327 2154 cortem
342 2124 483 2158 quamdam
499 2128 599 2150 temere
613 2127 640 2149 et
649 2122 806 2156 simpliciter
818 2122 924 2148 missam
937 2129 944 2152 ;
969 2120 1015 2147 sed

226 2170 371 2198 ostendens
382 2169 454 2203 ipsos
469 2169 518 2196 sibi
532 2175 638 2195 causam
649 2174 710 2194 esse
721 2165 875 2201 malorum',
887 2171 916 2193 ut
927 2165 1015 2192 decla-

227 2221 277 2247 ret,
295 2215 393 2242 donum
407 2214 471 2241 illud
486 2221 544 2241 esse
557 2234 563 2245 ,
585 2217 612 2240 et
634 2213 746 2247 gratiam
775 2220 889 2246 superne
915 2212 1013 2238 datam.

225 2260 316 2295 Neque
327 2265 414 2286 tatncn
426 2259 486 2293 quia
501 2258 600 2285 donum
608 2262 658 2290 est,
675 2257 734 2283 idt-o
748 2257 861 2283 liberum
875 2256 1013 2283 arbitrium

225 2311 266 2333 est
280 2305 429 2333 sublatum:
445 2303 470 2331 id
480 2302 549 2338 quod
560 2310 592 2330 ex
600 2303 772 2336 sequentibus
785 2302 952 2329 manifestum
963 2305 1013 2328 est.

229 2351 295 2379 \‘ide
310 2351 389 2386 igitur
403 2348 556 2384 quomodo,
572 2353 600 2375 nt
622 2355 708 2382 neque
730 2347 766 2375 illi
789 2347 941 2382 desperent,
968 2354 1014 2374 ne-

226 2405 278 2432 que
293 2397 319 2424 hi
334 2396 496 2431 negligenter
509 2399 598 2430 agant,
609 2394 748 2421 audientes
764 2393 827 2420 illud
839 2393 930 2420 datum
941 2400 1012 2425 esse,

224 2449 307 2477 penes
320 2449 368 2468 nos
383 2448 443 2468 che
456 2440 560 2467 initium
575 2439 654 2467 dicat.
670 2439 712 2466 i2.
731 2439 886 2473 Quicumque
894 2439 958 2465 enim
968 2439 1014 2465 Ita-

225 2487 273 2520 bet,
288 2486 423 2513 dabiturei
437 2506 443 2517 ,
469 2490 492 2512 ιιι
515 2484 671 2511 abundabit:
692 2484 840 2519 quicumque
862 2489 944 2510 autem
964 2492 1014 2510 non

225 2533 309 2566 habet,
321 2537 343 2559 et
364 2532 431 2565 quod
453 2531 552 2558 videtur
569 2530 658 2557 habere
674 2533 802 2565 auferetur
816 2529 846 2556 ab
867 2538 904 2556 eo.
934 2529 1013 2556 Multa

225 2577 388 2604 obscuritate
416 2577 521 2612 plenum
538 2581 579 2603 est
594 2576 618 2603 id
630 2576 699 2610 quod
715 2575 829 2607 dicitur,
842 2575 1015 2602 inell'abiletn-

226 2623 416 2658 quejustitiam
432 2622 558 2650 ostendit.
574 2622 631 2650 lluc
645 2626 733 2648 anteiit
748 2621 878 2656 signiﬁcat
893 2628 900 2646 :
927 2620 956 2647 Ei
968 2620 1012 2654 qui

256 2713 262 2726 ι
282 2709 436 2745 Alit_hahent.
449 2709 491 2735 sed
503 2710 627 2745 ostendens
638 2709 701 2741 ipsos
712 2709 758 2735 sibi
768 2709 826 2741 ipsis
837 2715 884 2735 mm
893 2708 1014 2735 attenden-

221 2745 258 2767 11⁷ε
266 2742 370 2766 euntium
383 2747 433 2766 εδδ(
445 2748 541 2766 numam
553 2742 679 2766 mutarunt.

1084 1067 1217 1097 destderto
1227 1075 1251 1096 el
1264 1070 1350 1097 studio
1362 1070 1455 1104 plenus
1468 1076 1518 1104 est,
1531 1072 1663 1100 dabuntur
1674 1082 1688 1101 a
1704 1075 1757 1102 Deo
1766 1077 1869 1104 omnia:

1081 1114 1106 1141 ei
1128 1122 1192 1142 vero
1206 1116 1250 1150 qui
1265 1115 1306 1142 his
1322 1124 1419 1144 vacuus
1434 1122 1493 1150 est,
1520 1125 1570 1145 nec
1595 1126 1626 1146 ea
1649 1128 1708 1154 qua:
1728 1129 1810 1156 penes
1838 1130 1869 1150 se

1081 1164 1143 1186 sunt
1156 1159 1236 1192 facit,
1261 1168 1348 1196 neqtte
1361 1169 1392 1188 ea
1407 1169 1466 1196 qua:
1481 1170 1494 1188 a
1513 1163 1567 1190 Deo
1580 1168 1641 1190 sunt
1665 1165 1796 1193 dabuntur
1819 1167 1867 1193 illi.

1080 1205 1155 1237 Nam,
1181 1206 1214 1233 Et
1233 1207 1299 1241 quod
1313 1208 1408 1234 videtur
1422 1208 1522 1241 habere,
1534 1209 1628 1244 inquit,
1641 1212 1770 1246 auferetur
1779 1213 1810 1239 ab
1820 1221 1848 1239 eo
1859 1222 1869 1240 :

1080 1259 1133 1278 non
1149 1252 1202 1279 Deo
1215 1252 1364 1286 auferente,
1376 1254 1422 1281 sed
1433 1261 1479 1281 sua
1495 1262 1546 1282 non
1557 1257 1700 1289 prmbentc.
1715 1257 1770 1284 [Ioc
1780 1263 1806 1285 et
1818 1266 1867 1286 nos

1079 1297 1206 1325 iacimus:
1224 1307 1284 1326 cum
1297 1299 1415 1327 ridemus
1427 1300 1567 1334 quemdam
1578 1302 1694 1336 segniter
1705 1303 1868 1338 audientem.

1079 1348 1105 1371 et
1115 1345 1221 1372 monitis
1233 1345 1324 1373 multis
1338 1354 1389 1373 non
1400 1347 1589 1380 attendentem,
1606 1349 1714 1377 silemns
1729 1349 1868 1385 deinceps.

1078 1391 1143 1418 Nam
1157 1391 1177 1417 si
1194 1399 1302 1420 monere
1329 1400 1486 1427 pergamus,
1507 1401 1618 1429 augetur
1630 1396 1764 1430 segnities.
1788 1397 1869 1432 Cupi-

1078 1437 1140 1464 dum
1152 1442 1239 1464 autem
1253 1438 1373 1465 discendi
1384 1440 1552 1472 attrahimus,
1566 1441 1702 1476 multaque
1716 1443 1795 1470 verba
1808 1444 1868 1471 l'un-

1079 1484 1176 1511 dimus.
1193 1485 1307 1512 Pulchre
1317 1493 1380 1513 vero
1392 1486 1467 1518 dixit,
1480 1487 1513 1514 Et
1526 1489 1593 1523 quod
1602 1489 1698 1515 videtur
1707 1489 1805 1516 habere.
1814 1490 1868 1517 Ne-

1077 1539 1129 1565 que
1140 1532 1208 1558 enim
1222 1531 1272 1558 hoc
1284 1533 1368 1566 ipsum
1381 1532 1470 1560 habet.
1487 1534 1588 1562 Deinde
1603 1535 1659 1562 haec
1669 1536 1781 1562 clariora
1805 1537 1866 1564 ειΠί-

1077 1577 1112 1602 cit
1126 1597 1132 1607 ,
1149 1577 1293 1603 ostendens
1311 1577 1372 1611 quid
1382 1578 1415 1604 sit
1425 1578 1499 1612 illud,
1511 1579 1621 1606 Habenti
1631 1580 1740 1614 dabitur,
1757 1581 1797 1607 his
1807 1589 1866 1608 ver-

1076 1622 1134 1649 bis:
1157 1622 1193 1648 Ab
1207 1631 1235 1648 eo
1248 1628 1331 1649 anteiit
1342 1624 1385 1658 qui
1396 1632 1444 1650 nan
1454 1624 1535 1655 habet.
1549 1630 1571 1652 et
1585 1626 1653 1659 quod
1668 1626 1765 1654 ridetur
1775 1627 1866 1653 habere

1076 1671 1204 1703 auferetur
1214 1669 1244 1694 ab
1259 1677 1296 1695 eo.
1315 1669 1356 1696 15.
1371 1669 1432 1696 Ideo
1442 1690 1448 1700 ,
1465 1670 1547 1704 inquit
1561 1691 1567 1702 ,
1581 1671 1607 1698 in
1625 1671 1753 1705 parabolis
1777 1672 1866 1706 loquor

1075 1713 1137 1747 ipsis
1148 1733 1155 1745 ,
1179 1713 1237 1747 quia
1248 1714 1356 1740 violantes
1369 1722 1418 1740 non
1430 1715 1521 1741 vident.
1539 1715 1618 1750 Atqui
1644 1716 1779 1750 aperiendi
1793 1737 1799 1748 ,
1825 1717 1866 1744 in-

1074 1760 1158 1794 quies,
1177 1760 1292 1794 ipsorum
1308 1761 1376 1787 oculi
1389 1765 1474 1792 erant,
1491 1761 1512 1788 si
1525 1769 1576 1788 non
1586 1762 1702 1789 videant.
1719 1763 1815 1790 Verum
1841 1764 1864 1791 si

1074 1812 1105 1832 cx
1116 1809 1207 1831 natura
1219 1805 1397 1836 carcitascrat,
1421 1807 1525 1840 aperire
1548 1807 1704 1841 oportebat;
1719 1807 1778 1841 quia
1800 1815 1864 1835 vero

1073 1851 1219 1877 voluntaria
1233 1851 1348 1884 comitas,
1360 1851 1419 1878 ideo
1431 1859 1481 1878 non
1498 1851 1652 1886 simpliciler
1663 1852 1740 1878 dixit.
1753 1852 1809 1879 Non
1825 1853 1864 1878 ri-

1073 1895 1146 1928 dent;
1159 1896 1216 1927 scd,
1229 1895 1348 1922 Videntes
1358 1904 1408 1923 non
1419 1896 1513 1927 vident;
1525 1897 1559 1923 ita
1569 1900 1634 1923 utex
1646 1904 1736 1923 eorum
1745 1897 1862 1930 nequitia

1072 1941 1177 1968 ca‘citas
1189 1941 1233 1968 sit.
1251 1941 1376 1969 Viderant
1385 1944 1454 1968 cnim
1464 1941 1599 1969 dmmonas
1610 1949 1743 1976 egressos,
1755 1947 1781 1969 et
1791 1942 1863 1970 dicc-

1073 1987 1135 2014 banl
1145 1998 1150 2015 :
1162 1988 1192 2014 In
1201 1987 1336 2015 Beelzebub
1349 1989 1461 2023 principe
1473 1988 1654 2014 dwmoniorum
1662 1988 1861 2022 ejicitdwmonia

1072 2034 1179 2070 (Matt/1.
1193 2035 1219 2062 9.
1230 2035 1246 2061 5
1253 2034 1285 2069 ί).
1296 2034 1441 2061 Audierant
1452 2034 1524 2060 illum
1533 2034 1605 2068 ipsos
1612 2033 1667 2060 Deo
1673 2033 1858 2067 adducentem,

1072 2085 1165 2107 etcum
1175 2080 1230 2106 Deo
1239 2087 1360 2114 maguum
1367 2085 1526 2105 consensum
1535 2077 1714 2110 exhibentem,
1723 2084 1749 2105 et
1758 2078 1860 2106 dicunt:

1073 2124 1122 2151 llic
1132 2133 1182 2151 non
1193 2129 1228 2151 est
1240 2133 1271 2151 ea:
1283 2124 1344 2150 Dea.
1357 2124 1423 2157 Quia
1435 2123 1514 2158 igitur
1523 2123 1654 2150 contraria
1665 2127 1692 2150 et
1700 2123 1762 2150 visis
1775 2127 1802 2150 et
1812 2131 1860 2150 au.

1071 2170 1132 2197 ditis
1146 2169 1525 2203 exhibebant,ldeo,inquit,et
1533 2169 1618 2196 visum
1629 2172 1655 2196 ct
1664 2169 1781 2196 auditum
1795 2169 1860 2204 ipsis

1071 2215 1170 2242 aufero.
1186 2214 1256 2241 Nihil
1266 2214 1337 2241 enim
1353 2214 1415 2241 hinc
1435 2214 1486 2240 illis
1499 2213 1558 2248 plus
1566 2213 1678 2246 accedit,
1701 2213 1750 2240 nisi
1774 2214 1860 2248 major

1071 2259 1216 2287 damnatio.
1228 2259 1285 2286 Non
1300 2258 1380 2286 modo
1392 2259 1464 2285 enim
1479 2266 1530 2285 non
1542 2257 1688 2285 credebant
1701 2279 1708 2290 ,
1723 2257 1770 2286 sed
1778 2259 1858 2285 etiam

1070 2306 1252 2340 increpabant,
1265 2305 1441 2337 accusabant.
1458 2304 1568 2331 insidias
1597 2304 1744 2331 struebant.
1760 2303 1858 2330 Verum

1068 2359 1123 2379 non
1139 2351 1189 2379 hoc
1206 2351 1284 2383 dirit;
1305 2358 1357 2377 non
1377 2350 1433 2376 vult
1457 2349 1528 2376 enim
1554 2356 1684 2376 onerosus
1707 2348 1860 2376 accusando

1069 2405 1141 2426 esse.
1156 2397 1232 2424 Initio
1243 2397 1340 2431 quippe
1358 2403 1410 2422 non
1423 2395 1461 2422 sic
1475 2402 1535 2422 cum
1552 2394 1604 2421 illis
1624 2393 1788 2426 disserebat,
1809 2394 1856 2420 sed

1069 2452 1129 2471 eum
1145 2450 1238 2477 magna
1253 2441 1459 2476 perspicuitate:
1483 2440 1543 2474 quia
1566 2447 1629 2466 vero
1644 2446 1704 2466 sese
1719 2442 1857 2473 perverte-

1069 2489 1142 2520 banl,
1156 2489 1181 2515 in
1196 2486 1329 2522 parabolis
1344 2485 1451 2512 demum
1480 2485 1608 2518 loquitur.
1632 2483 1733 2510 Deinde
1751 2491 1784 2509 ne
1799 2483 1860 2517 quis

1069 2538 1176 2570 putaret
1190 2534 1246 2560 lucc
1270 2540 1316 2567 per
1328 2531 1488 2558 calumniam
1508 2530 1574 2561 diei,
1598 2537 1646 2556 nec
1659 2529 1777 2556 dicerent
1801 2528 1837 2554 illi
1853 2538 1858 2554 :

1069 2580 1194 2608 Inimicus
1207 2584 1297 2606 noster
1310 2582 1352 2605 est
1366 2578 1387 2604 is
1403 2578 1448 2611 qui
1463 2577 1628 2607 criminatur,
1643 2575 1798 2610 prophetam
1813 2574 1861 2600 ad-

1069 2627 1142 2654 ducit
1152 2627 1245 2654 eadem
1258 2627 1312 2660 ipsa
1329 2624 1519 2659 pt'ol'ercntem.
1543 2623 1586 2649 H.
1603 2621 1729 2654 lmplctur
1742 2621 1810 2646 enim
1833 2621 1859 2645 in

1069 2676 1140 2710 ipsis,
1159 2674 1253 2708 inquit,
1269 2671 1402 2707 prophetia
1415 2670 1491 2696 lsaiw
1502 2669 1586 2695 din‘ns
1600 2676 1607 2692 :
1621 2667 1714 2694 Auditu
1728 2666 1838 2692 audit-tis
1851 2686 1858 2695 ,

1069 2727 1091 2749 et
1111 2729 1161 2748 non
1185 2719 1256 2746 intuli
1267 2718 1348 2752 gelis;
1362 2722 1383 2744 ct
1397 2717 1451 2743 risu
1473 2714 1630 2750 percipietis,
1648 2718 1668 2738 et
1682 2720 1732 2738 non
1746 2710 1861 2738 videbitis
