2068 3132
230 166 280 197 ιτδ

229 228 239 261 (
253 225 315 252 leai.
329 222 354 250 ὃ.
365 222 382 250 9
394 221 414 257 ).
429 219 521 248 Viden‘
533 226 612 255 quant
625 222 747 246 accurate
763 217 890 252 propheta
911 220 1020 244 accttset

232 269 314 299 illos?
328 268 417 302 Neque
431 267 501 294 enim
511 265 567 300 ipse
580 264 656 296 dixit,
670 263 728 290 Non
742 263 837 290 videtis
849 271 856 294 ;
881 262 928 290 sed
939 282 946 293 ,
978 261 1022 288 Vi-

230 315 330 346 debitis,
343 319 366 341 et
381 321 431 340 non
444 311 568 339 videbitis‘
583 318 590 342 ;
615 317 702 344 neque
715 309 800 340 dixit,
815 308 872 335 Non
884 307 997 335 audietis
1013 314 1021 338 ;

231 361 277 389 sed
290 382 298 394 ,
319 359 441 390 Audietis,
457 362 480 384 et
500 365 550 383 non
567 355 721 390 intelligetis.
738 354 826 388 Quare
846 353 894 387 ipsi
921 353 1023 387 seipsos

232 407 318 443 primo
329 404 512 434 excluserunt,
522 408 599 428 aures
612 401 781 430 obturantes,
794 399 887 426 oculos
897 398 1023 425 clauden-

231 457 283 483 tes,
294 458 342 478 cor
355 449 530 476 obdurantes.
546 446 604 474 Non
621 445 700 472 modo
711 444 781 473 enim
794 452 845 470 non
863 443 1022 474 audiebant,

231 496 277 524 sed
291 500 319 523 et
336 495 379 524 I5.
392 493 508 521 Graviter
519 491 674 522 audiebant;
701 489 782 525 idque
794 489 955 519 faciebaut‘,
983 489 1023 515 itt-

232 543 308 578 quit,
325 539 466 574 Nequando
480 541 668 568 conuertantur,
690 540 713 563 et
736 543 822 563 sanem
848 543 908 567 eos;
938 534 1024 561 inten-

234 596 290 616 sam
304 588 410 615 illorum
426 584 572 620 nequitiam
588 582 708 610 indicans
718 602 726 615 ,
741 585 768 609 et
777 580 945 608 aversionem
969 585 1024 607 stu-

235 635 279 662 dio
295 637 425 668 paratam.

268 679 296 705 2.
318 677 419 705 Domini
442 674 612 702 misericordia
634 674 661 701 in
684 673 801 700 Iudaeos.
825 671 961 699 Peccatum
976 680 1026 698 non

234 732 266 751 ea:
275 727 366 751 natura
375 726 421 753 est,
432 725 475 747 aut
490 728 521 747 ea;
534 719 687 746 necessitate.
699 733 733 738 —
748 718 802 745 Hoc
811 722 900 745 autem
910 717 983 747 dicit,
999 721 1028 743 ut

235 770 294 796 illos
307 767 425 795 attrahat
438 766 591 800 incitctque,
605 769 632 791 et
644 763 778 796 ostendat,
790 763 812 790 si
825 766 1027 793 convertantur,

235 822 266 843 se
286 814 359 848 ipsos
372 816 529 839 sanaturum
544 817 605 837 esse
620 817 627 836 :
643 816 674 836 ac
688 809 710 835 si
725 808 785 843 quis
806 807 917 839 diceret,
939 805 1028 833 Noluit

236 867 280 887 me
299 858 400 890 videre,
417 861 443 884 et
457 856 570 891 gratiam
595 854 700 881 habeo:
716 861 778 880 nam
802 853 824 880 si
839 859 883 880 me
904 852 1028 887 dignatus

237 905 341 936 fuisset,
351 902 441 930 statim
454 900 601 929 ﬂectendus
611 907 694 927 eram.
705 899 760 926 Hoc
772 905 853 933 porro
863 897 927 925 dicit
939 901 1029 924 osten-

237 949 305 977 dens
319 946 453 983 quomodo
466 945 653 973 reconciliatus
672 944 776 971 fuisset.
792 942 836 970 Sic
850 947 878 970 et
897 942 948 969 hoc
968 942 1028 968 loco

238 996 295 1023 ait:
314 993 459 1028 Nequando
478 995 665 1024 conuertantur,
680 995 703 1017 et
714 997 801 1017 canem
811 997 852 1016 eos
861 996 871 1021 ,'
885 987 1030 1016 ostendens

241 1047 321 1077 posse
332 1039 391 1067 illos
403 1038 534 1071 converti,
543 1041 571 1065 et
582 1044 630 1071 per
643 1035 826 1071 ptenitentiam
837 1034 948 1061 salutem
962 1040 1030 1060 con-

240 1085 316 1120 sequi
332 1093 338 1112 :
363 1091 446 1119 seque
460 1091 513 1110 non
527 1082 560 1110 ad
573 1082 684 1118 gloriam
700 1088 786 1114 suam,
801 1079 848 1107 sed
869 1079 902 1106 ad
924 1079 1029 1106 illorum

241 1131 354 1158 salutem
376 1129 464 1156 omnia
479 1128 575 1155 facere.
602 1127 630 1154 Si
651 1126 722 1154 enim
738 1126 866 1153 noluisset
879 1131 926 1152 eos
938 1123 1031 1150 audire

241 1181 270 1204 et
282 1175 396 1208 servari,
414 1175 493 1202 silere
506 1173 657 1208 oportebat,
675 1180 728 1200 non
750 1172 777 1199 in
793 1171 926 1206 parabolis
942 1170 1029 1208 loqui:

242 1229 314 1249 nunc
325 1224 412 1247 autem
425 1220 476 1247 hoc
487 1219 544 1254 ipso
556 1218 646 1245 incitat
655 1217 724 1250 illos,
734 1216 804 1252 quod
815 1216 928 1243 obscure
941 1215 1032 1249 loqua-

243 1271 297 1294 tur.
311 1266 376 1293 Nam
398 1265 468 1292 Deus
489 1272 540 1291 non
564 1264 616 1290 vult
637 1266 741 1289 mortem
763 1261 920 1297 peccatoris;
939 1260 982 1287 sed
1006 1264 1033 1286 ut

244 1316 403 1339 convertatur
413 1315 437 1337 et
449 1311 514 1337 vivat
533 1309 637 1345 (Ezeclt.
652 1309 696 1336 18.
711 1308 767 1342 25).
783 1307 858 1340 Quod
872 1312 958 1334 autem
973 1313 1034 1340 pec-

244 1362 332 1385 catum
348 1364 400 1384 non
414 1364 445 1383 ex
462 1360 556 1383 natura
570 1355 604 1382 sit
617 1358 662 1381 aut
674 1362 707 1381 ex
721 1353 878 1380 necessitate
894 1356 920 1379 et
934 1351 1035 1378 violen-

246 1404 292 1435 tia,
307 1402 366 1430 audi
379 1401 442 1436 quid
457 1401 585 1436 apostolis
600 1399 670 1427 dicat
685 1408 691 1426 :
708 1399 752 1426 16.
775 1397 855 1424 Vestri
867 1402 949 1424 autem
969 1396 1034 1423 beati

247 1448 324 1481 oculi,
337 1448 395 1482 quia
407 1446 501 1480 vident,
513 1451 535 1472 et
546 1453 630 1476 aures,
644 1444 703 1478 quia
723 1444 849 1474 audiunt;
864 1451 916 1469 ttott
930 1442 963 1469 de
977 1441 1035 1468 visu

247 1493 288 1520 vel
313 1492 402 1519 auditu
422 1491 542 1526 corporis
568 1491 688 1524 loquens,
705 1488 752 1516 sed
770 1488 804 1515 de
822 1488 880 1515 visu
898 1492 925 1514 et
945 1486 1036 1513 auditu

248 1538 355 1566 mentis.
376 1537 461 1565 Judtei
476 1537 546 1564 enim
560 1536 641 1563 etiam
664 1535 691 1562 hi
705 1539 790 1566 erant,
808 1538 887 1569 atque
901 1533 926 1560 in
943 1532 1036 1560 iisdem

248 1584 352 1612 educati
366 1593 372 1611 :
388 1584 451 1618 ipsis
465 1589 552 1610 tamen
567 1582 633 1609 nihil
650 1581 740 1608 nocuit
752 1580 900 1614 prophetia,
912 1579 972 1614 quia
988 1578 1037 1605 bo-

249 1637 344 1657 norum
366 1629 481 1656 radicem
498 1628 631 1655 habebant
646 1631 717 1654 recte
738 1626 853 1658 insitam,
874 1624 1037 1660 propositum

250 1682 346 1709 nempe
366 1678 394 1701 et
407 1673 580 1700 voluntatem.
599 1671 691 1699 Videu‘
706 1671 780 1702 illud,
800 1670 876 1697 Vobis
890 1670 977 1696 datum
992 1673 1039 1701 est,

252 1727 304 1746 non
319 1719 506 1746 necessitatem
532 1717 641 1744 inditam
666 1715 835 1751 signiﬁcare?
857 1714 948 1749 Neque
967 1713 1039 1741 enim

250 1764 322 1792 beati
337 1763 472 1798 prtedicsti
494 1763 616 1794 fuissent,
631 1762 681 1789 ttisi
700 1762 798 1789 bonum
812 1760 875 1788 illud
887 1768 954 1794 opus
967 1759 1041 1793 ipso-

251 1818 310 1839 rum
323 1809 426 1837 fuisset.
435 1809 474 1837 Ne
483 1809 582 1836 dixeris
597 1810 679 1840 enim,
690 1808 763 1834 illttm
774 1807 888 1833 obscure
902 1807 1041 1840 loquutum

252 1855 355 1883 fuisse:
372 1859 494 1889 poterant
506 1854 577 1881 enim
597 1853 635 1880 illi
651 1858 678 1880 et
690 1851 817 1880 accedere
830 1851 1040 1885 etinterrogare,

251 1900 475 1936 quemadmodum
488 1904 515 1927 et
531 1899 670 1934 discipuli;
696 1898 742 1925 sed
768 1903 876 1932 torpore
899 1905 930 1924 ac
956 1896 1043 1931 negli-

251 1947 342 1983 gentia
362 1947 477 1981 correpti
500 1946 652 1973 noltteruut.
669 1944 704 1972 Et
717 1944 779 1980 quid
795 1944 866 1977 diro,
881 1941 1044 1970 noluerunt?

253 1993 356 2021 Etenim
370 1997 462 2019 contra
477 1992 639 2019 nitebantur.
656 1991 713 2018 Non
731 1991 817 2018 solttm
830 1991 901 2017 enim
915 1998 968 2016 non
983 1997 1045 2017 cre-

252 2037 352 2065 debant
363 2044 413 2064 nec
423 2037 573 2069 audiebant,
584 2036 631 2063 sed
639 2036 718 2063 etiam
728 2035 927 2070 impugnabant,
937 2039 963 2062 ct
975 2042 1046 2070 a‘gre

253 2083 397 2110 admodum
417 2082 489 2110 dicta
504 2082 657 2114 audiebant,
675 2081 745 2116 quod
768 2081 924 2115 prophetam
947 2080 1047 2107 iudttcit

254 2135 434 2160 accusantem,
445 2135 505 2154 cum
517 2126 592 2158 dicit,
608 2126 723 2153 Graviter
734 2126 879 2152 audierunt.
893 2126 928 2152 At
941 2133 994 2152 non
1007 2125 1047 2153 illi

256 2174 323 2201 tales
343 2174 470 2200 fuerunt:
493 2176 655 2207 quapropter
666 2171 757 2198 beatos
777 2171 882 2198 dicebat
904 2178 960 2197 eos.
986 2170 1048 2197 Alio

212 2243 217 2246 .
254 2226 362 2254 quoque
376 2218 455 2245 modo
467 2218 608 2245 conﬁrmat
628 2218 699 2252 ipsos
713 2217 754 2243 his
768 2216 858 2244 verbis
874 2224 881 2242 :
908 2217 950 2243 I7.
968 2216 1048 2242 Amen

256 2265 352 2300 quippe
363 2264 419 2291 dico
432 2263 512 2296 vobis,
522 2264 594 2290 multi
608 2263 736 2298 prop/telae
747 2267 772 2289 et
785 2263 850 2298 justi
864 2263 994 2289 voluerunt
1009 2262 1048 2288 vi-

258 2312 318 2337 dere
323 2314 379 2346 quae
386 2318 429 2336 vos
437 2310 561 2342 uidetis,et
569 2317 618 2335 non
626 2309 776 2341 viderunt,et
785 2308 874 2334 audire
881 2316 937 2342 qua:
944 2308 1047 2341 auditis,

257 2360 281 2383 et
295 2363 346 2382 non
358 2355 509 2387 audierunt;
525 2361 621 2389 nempe
636 2354 777 2381 adventum
798 2360 897 2385 meum,
909 2352 1047 2385 miracula,

258 2408 363 2433 vocem,
372 2400 527 2427 doctrinam.
547 2399 596 2427 Hic
611 2406 690 2433 porro
709 2405 756 2425 eos
768 2406 821 2425 nou
835 2398 914 2425 modo
938 2397 1050 2432 perditis

259 2447 318 2474 istis
331 2452 358 2474 et
370 2454 482 2481 nequam
498 2445 660 2478 hominibus,
675 2445 722 2472 sed
743 2443 976 2479 etiannprteclaris
997 2443 1048 2470 illis

258 2493 409 2526 anteponit,
424 2499 485 2519 cum
499 2491 564 2518 dicit
574 2498 621 2518 eos
633 2490 765 2518 beatiores
779 2490 832 2517 illis
845 2489 925 2517 esse?
936 2488 988 2516 Cur
1002 2496 1050 2515 au-

261 2538 335 2566 tem?
348 2538 414 2572 Quia
440 2545 493 2564 non
517 2536 597 2564 modo
612 2544 671 2571 qua:
691 2536 775 2564 Judari
794 2543 848 2562 non
864 2535 986 2562 viderunt
1000 2535 1050 2569 ipsi

260 2583 394 2615 videbant,
411 2583 458 2610 sed
474 2583 554 2610 etiam
568 2589 599 2609 ea
614 2589 674 2616 quae
688 2581 767 2616 prisci
783 2581 820 2608 illi
839 2581 931 2608 videre
949 2587 1051 2607 concu-

262 2630 395 2666 pierant'.
408 2630 447 2656 Illi
461 2636 576 2664 namque
589 2628 640 2655 ﬁde
655 2631 758 2654 tantum
769 2626 909 2659 viderunt;
924 2626 950 2652 bi
964 2630 1051 2652 autem

263 2678 328 2712 ipsis
348 2677 443 2708 oculis,
458 2681 484 2703 et
498 2676 575 2710 longe
589 2674 695 2702 clarius.
708 2673 807 2701 Videu'
831 2671 965 2708 quomodo
977 2676 1051 2698 vete-

262 2731 320 2752 rcm
335 2723 419 2757 legem
434 2722 530 2748 iterum
548 2728 609 2747 cum
622 2727 689 2747 nova
704 2719 822 2754 copulet,
835 2717 980 2744 ostendens
995 2716 1053 2743 illos

296 2791 304 2805 ¹
322 2791 391 2819 Forte
402 2786 544 2819 legendum,
556 2790 634 2819 Νεῃιιε
645 2785 718 2819 _enim
732 2783 869 2819 imitated,
880 2789 926 2807 non
939 2782 990 2808 risit
1000 2789 1058 2814 pet-

263 2818 374 2852 cipietis;
384 2813 456 2852 sest
466 2813 671 2852 t'isupercipietis,
684 2818 707 2840 et
718 2813 765 2839 non
774 2813 889 2839 videbitis.
903 2821 914 2836 »

295 2852 306 2867 ι
324 2847 376 2880 Alit,
388 2849 461 2880 idque
472 2847 582 2880 [αριριαι.

297 2882 307 2898 ³
323 2876 379 2906 Duo
458 2876 556 2910 addunt,
566 2881 587 2903 et
600 2883 645 2902 non
657 2876 773 2902 viderant.

715 160 746 188 IN
767 158 969 188 MATTIIIEU.“
989 158 1104 187 IlO.\IIL.
1127 158 1204 186 XLV.
1226 158 1262 186 al.
1283 158 1374 186 XLVI.

1813 161 1862 188 674

1077 224 1128 243 non
1154 215 1234 243 modo
1259 215 1344 244 futura
1367 215 1475 248 vidisse,
1490 215 1536 242 sed
1552 215 1632 243 ctiatn
1647 216 1722 243 valde
1736 217 1864 252 concupi-

1074 262 1163 289 visse?
1178 262 1268 296 Neque
1283 261 1306 289 si
1325 261 1404 289 alieni
1417 261 1471 293 dci,
1487 265 1514 289 et
1535 261 1596 288 huic
1610 261 1737 289 contrarii
1749 262 1866 289 cultores

1076 309 1198 342 fuissent,
1213 308 1239 335 id
1252 307 1458 335 desiderassent.
1471 307 1515 334 18.
1529 306 1579 334 Vos
1593 315 1660 340 vero,
1674 307 1767 342 inquit,
1777 307 1869 341 quibus

1075 355 1102 381 id
1116 355 1202 381 detaut
1216 359 1260 386 est,
1275 355 1361 381 audite
1374 353 1521 388 parabolam
1544 354 1707 385 seminantis;
1730 359 1757 381 et
1777 359 1868 380 narrat

1075 409 1106 428 ca
1122 409 1180 436 qum
1204 408 1284 436 supra
1308 401 1435 433 diximus,
1450 400 1484 428 de
1499 400 1611 435 segnitie
1634 405 1661 427 et
1673 400 1819 435 diligentia,
1834 401 1870 428 de

1077 453 1147 475 metu
1161 452 1187 475 et
1203 447 1368 479 fortitudine,
1380 447 1414 474 de
1427 446 1526 474 divitiis
1540 451 1567 473 et
1582 450 1738 481 paupertate
1751 456 1758 473 :
1775 451 1868 473 osten-

1076 493 1142 520 dens
1149 492 1307 520 etdamnttm
1319 492 1381 520 inde
1389 496 1416 519 et
1425 492 1566 519 utilitatem
1576 491 1638 518 hinc
1650 497 1761 525 partam.
1770 491 1870 518 Deinde

1076 538 1166 565 varios
1185 538 1286 565 inducit
1307 537 1413 564 virtutis
1432 537 1535 564 modos.
1551 536 1617 563 Nam
1640 536 1792 563 misericors
1805 544 1866 562 cum

1077 583 1122 615 sit,
1136 591 1189 610 non
1210 591 1291 610 unam
1313 583 1418 618 aperuit
1432 582 1517 615 viatn,
1532 589 1620 616 neque
1641 581 1718 615 dixit,
1735 580 1791 608 Nisi
1811 582 1873 615 quis

1077 628 1252 656 centesimum
1277 628 1391 655 fructum
1415 627 1523 660 fecerit,
1549 627 1571 654 is
1597 626 1713 658 decidit;
1740 626 1798 659 sed,
1821 626 1871 659 Qui

1077 675 1287 707 sexagesimum,
1312 673 1366 700 imo
1389 673 1433 707 qui
1460 672 1624 707 trigesimum
1649 671 1761 705 fecerit,
1782 671 1872 699 salvus

1079 719 1137 746 erit.
1156 718 1223 746 Illud
1234 724 1325 746 autem
1339 719 1378 746 sic
1390 718 1530 754 disposuit,
1547 723 1574 745 ut
1585 718 1686 745 facilior
1700 718 1742 745 via
1757 718 1789 745 ad
1803 718 1872 744 salu-

1081 770 1134 792 tem
1145 769 1225 792 esset.
1236 765 1269 791 Et
1283 769 1309 791 ιιι
1322 772 1385 799 ergo
1399 772 1451 791 non
1467 768 1543 799 potes
1558 764 1735 799 virginitatem
1747 763 1872 791 servare?

1080 811 1157 839 Caste
1176 811 1338 838 connubiutn
1358 811 1442 838 ineas.
1458 810 1515 837 Non
1532 814 1607 844 potes
1620 817 1681 837 esse
1694 810 1752 837 sine
1767 816 1874 845 posses-

1081 858 1177 885 sione?
1206 857 1244 884 De
1268 857 1345 884 bonis
1371 857 1422 883 tuis
1444 856 1551 890 largire.
1566 856 1623 882 Non
1649 861 1724 890 potes
1744 855 1794 882 hoc
1807 861 1876 882 onus

1082 903 1114 930 fet
1123 903 1170 930 rc?
1192 902 1258 930 Cum
1272 902 1377 929 Christo
1391 901 1459 929 bona
1478 901 1575 928 divide.
1597 901 1654 928 Non
1681 902 1720 928 vis
1741 901 1791 935 ipsi
1810 901 1875 928 dare

1082 949 1190 976 omnia?
1208 949 1254 976 Vel
1270 947 1419 980 dimidiam,
1435 947 1476 975 vel
1491 947 1595 974 tertiam
1611 951 1714 981 partetu
1729 946 1801 973 dato.
1812 946 1876 973 Fra-

1083 1000 1123 1023 ter
1138 999 1198 1022 tuus
1225 998 1267 1023 est
1286 998 1311 1021 et
1332 994 1445 1022 coheres
1463 997 1526 1019 tuus
1544 1000 1551 1018 :
1572 991 1614 1019 fac
1634 991 1708 1019 illum
1727 990 1771 1018 hic
1796 991 1876 1018 etiam

1083 1040 1254 1068 coheredem.
1271 1039 1452 1074 Qumcumque
1465 1037 1503 1065 illi
1516 1037 1633 1070 dederis,
1653 1037 1701 1064 tibi
1722 1037 1772 1072 ipsi
1790 1036 1876 1063 dabis.

1083 1086 1140 1113 Non
1161 1085 1236 1112 audis
1251 1083 1314 1119 quid
1336 1083 1402 1111 dicit
1422 1083 1573 1118 propheta?
1594 1083 1757 1118 Propiuquos
1775 1081 1878 1109 seminis

1086 1132 1122 1158 tui
1136 1139 1166 1158 ne
1178 1130 1302 1164 despicias
1318 1129 1393 1165 (luti.
1408 1130 1453 1157 58.
1467 1130 1508 1163 7).
1524 1129 1554 1156 Si
1568 1137 1633 1157 vero
1645 1134 1773 1164 cognatos
1787 1128 1879 1162 despi-

1085 1184 1148 1204 cere
1164 1184 1215 1202 non
1239 1179 1356 1210 oportet,
1371 1175 1455 1201 multo
1477 1174 1564 1202 ntinus
1587 1174 1737 1207 Dominum,
1752 1173 1796 1208 qui
1817 1180 1881 1200 cum

1086 1221 1203 1250 dominio
1214 1221 1293 1248 etiam
1301 1220 1470 1255 "cognationis
1483 1220 1527 1254 jus
1538 1223 1625 1248 tecum
1639 1219 1728 1252 habet,
1741 1219 1881 1252 multoque

1087 1269 1163 1304 plura
1175 1268 1236 1294 alia.
1246 1267 1313 1294 Nam
1329 1266 1485 1301 participem
1501 1271 1526 1293 te
1538 1265 1600 1293 fecit
1612 1265 1743 1293 bonorum
1757 1272 1878 1296 suorunt,

1088 1322 1148 1342 cum
1164 1313 1228 1340 nihil
1242 1321 1257 1340 a
1274 1316 1299 1340 te
1313 1312 1471 1347 accepisset,
1488 1316 1515 1339 et
1538 1311 1589 1339 hoc
1603 1311 1727 1338 inetfabili
1751 1310 1880 1338 beneﬁcio

1090 1364 1116 1388 te
1130 1359 1203 1395 prior
1222 1361 1403 1394 provocasset.
1417 1357 1556 1391 Quomodo
1579 1357 1659 1392 igitur
1680 1365 1732 1384 non
1749 1361 1820 1384 esset
1831 1364 1881 1384 cx—

1090 1410 1182 1433 tremae
1196 1405 1337 1432 dementiae
1352 1407 1413 1438 post
1434 1408 1534 1430 tantum
1550 1402 1649 1430 donum
1672 1402 1813 1436 benignum
1828 1409 1884 1429 non

1089 1450 1170 1484 efﬁci,
1182 1457 1232 1478 nec
1251 1449 1336 1476 vicem
1347 1448 1428 1475 ullam
1443 1455 1491 1483 pro
1509 1451 1581 1474 tanta
1595 1447 1679 1482 gratia
1694 1446 1815 1477 reddere.
1830 1446 1882 1472 mi-

1090 1497 1162 1523 nima
1175 1503 1223 1530 pro
1238 1494 1359 1530 magnis?
1382 1494 1448 1521 Nam
1471 1494 1527 1528 ipse
1541 1498 1567 1521 te
1579 1493 1636 1520 (ιωιί
1651 1493 1784 1520 Ιιωιυειιαιι
1798 1492 1880 1524 fecit;

1092 1547 1120 1570 ιιι
1134 1550 1196 1569 vero
1207 1541 1256 1576 ipsi
1268 1549 1302 1568 ne
1315 1545 1482 1568 terrenorum
1493 1539 1599 1574 quidem
1610 1538 1746 1574 quidpiam
1761 1536 1886 1573 largiris?

1092 1587 1151 1622 Ipse
1166 1587 1263 1614 nullius
1286 1591 1311 1613 te
1327 1585 1388 1613 boui
1408 1589 1555 1618 auctorem,
1572 1584 1620 1611 sed
1634 1589 1661 1611 et
1683 1584 1819 1611 inimicum
1833 1583 1884 1610 sibi

1093 1632 1291 1665 reconciliavit;
1307 1636 1333 1659 tu
1349 1639 1414 1659 vero
1428 1638 1478 1658 nec
1491 1631 1576 1658 amico
1589 1637 1639 1657 nec
1654 1629 1816 1657 bcnefactori
1833 1629 1884 1663 ipsi

1092 1678 1227 1713 quidpiam
1253 1677 1389 1710 retribuis,
1405 1684 1565 1712 quamquam
1588 1681 1615 1702 et
1636 1681 1697 1703 ante
1720 1683 1841 1710 regnum,
1858 1679 1886 1701 cl

1094 1729 1156 1751 ante
1169 1728 1265 1750 ca>tera
1284 1722 1384 1753 omnia.
1399 1730 1432 1749 ex
1445 1729 1478 1749 eo
1498 1721 1556 1757 ipso
1570 1721 1641 1756 quod
1656 1720 1714 1754 das,
1728 1721 1840 1756 gratiam
1859 1719 1885 1746 ei

1094 1769 1193 1796 referre
1208 1767 1326 1795 debeas?
1340 1767 1445 1794 Etenim
1462 1767 1547 1793 liherli
1558 1766 1608 1801 (ιι),
1623 1767 1667 1800 qui
1682 1766 1761 1793 heros
1773 1773 1836 1792 sttos
1851 1764 1888 1791 ad

1095 1814 1245 1842 convivium
1261 1813 1384 1845 invitant,
1400 1820 1452 1839 non
1471 1811 1590 1845 prarbere
1605 1811 1728 1846 gratiam,
1746 1810 1792 1837 scd
1815 1810 1886 1837 acri-

1097 1867 1159 1894 pere
1173 1862 1285 1886 censent
1296 1878 1305 1892 ,
1327 1858 1370 1885 hic
1383 1865 1447 1884 vero
1458 1862 1562 1884 cottlra.
1578 1857 1634 1884 Non
1648 1858 1719 1884 enim
1733 1865 1828 1883 servus
1840 1857 1888 1882 do.

1097 1905 1209 1937 mitium,
1227 1903 1272 1930 sed
1294 1903 1418 1931 dominus
1429 1910 1535 1929 servum
1556 1902 1628 1937 prior
1643 1902 1751 1929 vocavit
1764 1901 1796 1928 ad
1811 1909 1890 1928 mett-

1097 1957 1172 1982 sam;
1188 1954 1215 1976 tu
1229 1956 1292 1975 vero
1313 1956 1347 1976 ne
1369 1953 1461 1983 postea
1473 1947 1582 1982 quidem
1597 1947 1671 1974 illuni
1685 1954 1764 1973 vocas
1777 1946 1788 1973 ?
1812 1946 1889 1973 Prius

1098 2000 1124 2022 te
1139 1994 1189 2021 sub
1204 1998 1301 2021 tectum
1315 2001 1392 2020 suurn
1414 1992 1578 2025 introduxit;
1604 1997 1631 2019 tu
1653 1999 1716 2020 vero
1731 1999 1779 2018 nec
1792 1998 1890 2018 secun-

1098 2039 1148 2068 dus
1161 2040 1185 2066 id
1201 2039 1278 2073 agis?
1300 2039 1338 2065 ‘I‘e
1360 2038 1459 2065 nudum
1474 2037 1575 2069 induit;
1600 2041 1628 2064 tu
1649 2045 1713 2064 vero
1739 2037 1825 2071 ipsum
1842 2043 1890 2062 nco

1100 2086 1267 2121 peregrinum
1280 2084 1397 2118 excipis?
1411 2084 1516 2110 Primus
1530 2083 1575 2110 tibi
1590 2091 1622 2110 ex
1638 2083 1720 2110 calice
1734 2089 1783 2109 suo
1799 2086 1889 2116 polum

1099 2130 1188 2162 dedit;
1206 2134 1233 2156 ιιι
1250 2137 1312 2157 vero
1328 2136 1361 2156 ue
1373 2136 1467 2163 aquam
1484 2128 1590 2162 quidem
1606 2127 1727 2162 frigidam
1743 2127 1811 2154 das?
1837 2127 1889 2153 Po-

1101 2180 1156 2203 tum
1171 2175 1245 2202 dedit
1259 2175 1306 2201 tibi
1326 2174 1454 2209 Spiritum
1472 2178 1613 2205 sanctum;
1631 2177 1657 2200 ιιι
1673 2179 1781 2199 verone
1795 2179 1891 2206 corpo-

1100 2229 1172 2249 ream
1195 2221 1265 2247 sitim
1279 2220 1336 2255 cjus
1356 2219 1455 2246 sedas?
1477 2219 1571 2246 Potum
1594 2218 1668 2245 dedit
1683 2217 1809 2253 Spiritqu
1833 2217 1889 2248 tibi,

1100 2266 1261 2294 cruciatibus
1283 2265 1382 2300 digno;
1406 2268 1434 2291 tu
1454 2271 1520 2290 vero
1539 2263 1672 2290 sitientem
1689 2262 1815 2296 despicis,
1832 2269 1894 2289 cum

1102 2315 1190 2338 tamen
1202 2318 1234 2337 cx
1245 2309 1327 2344 ipsius
1340 2309 1417 2336 bouis
1427 2308 1515 2335 omnia
1529 2307 1672 2343 largiturus
1694 2307 1751 2334 sis?

1137 2367 1164 2394 ὅ.
1181 2366 1345 2400 Eleemosyua
1359 2363 1694 2392 commendatur.—Nonne
1706 2369 1829 2398 magnum
1843 2362 1895 2390 d’n-

1102 2413 1142 2440 cis
1154 2417 1180 2440 te
1194 2412 1316 2447 poculum
1330 2410 1393 2438 illud
1406 2415 1506 2442 tenere,
1517 2417 1550 2437 ex
1563 2416 1615 2444 quo
1629 2409 1762 2436 bibiturus
1771 2407 1895 2435 Christus

1104 2464 1155 2490 est.
1172 2463 1199 2486 et
1211 2459 1296 2493 ipsum
1310 2458 1350 2484 ori
1365 2456 1539 2484 admoturus?
1563 2456 1659 2482 Annon
1681 2455 1766 2486 vides,
1779 2454 1829 2481 soli
1850 2462 1894 2481 sa-

1105 2503 1207 2531 ccrdoti
1233 2503 1313 2530 licere
1340 2502 1476 2537 sanguinis
1500 2501 1610 2528 calicem
1634 2501 1738 2527 tradere
1750 2499 1808 2534 (b)?
1830 2499 1895 2533 Ego.

1106 2549 1189 2585 inquit
1203 2548 1256 2580 ille,
1267 2547 1323 2575 haec
1337 2555 1388 2574 nou
1406 2551 1457 2574 tam
1470 2550 1592 2573 accurate
1603 2544 1730 2580 dispicio;
1745 2545 1792 2572 sed
1805 2544 1827 2571 si
1839 2543 1897 2578 ipse

1107 2595 1213 2623 dederis
1225 2593 1336 2628 accipio.
1348 2592 1459 2620 Etiamsi
1471 2592 1555 2619 laicus
1567 2591 1615 2624 sis,
1626 2598 1678 2618 non
1694 2598 1799 2622 recuso,
1810 2597 1896 2625 neque

1107 2640 1178 2675 quod
1190 2638 1252 2666 dedi
1271 2642 1374 2674 repeto.
1394 2637 1452 2665 Non
1473 2637 1543 2664 enim
1558 2636 1714 2671 sanguinem
1727 2644 1832 2670 quacro,
1848 2635 1896 2663 sed

1108 2693 1202 2721 aquam
1214 2683 1345 2719 frigidam.
1352 2682 1445 2718 Cogita
1452 2682 1494 2710 cui
1505 2686 1595 2718 potum
1607 2681 1663 2714 des,
1670 2686 1697 2708 et
1707 2680 1893 2716 perhorresco.

1139 2770 1176 2801 (α)
1192 2769 1219 2794 In
1229 2772 1318 2801 Graeco,
1331 2774 1407 2801 unm,
1417 2767 1481 2801 quod
1494 2770 1533 2792 est
1543 2767 1572 2801 ad
1582 2765 1899 2801 litteramxdomestieizsed

1109 2795 1149 2825 hic
1158 2795 1197 2831 a'gi
1209 2799 1307 2824 omnino
1312 2795 1415 2831 'videtur
1421 2795 1602 2831 dedomesticis
1607 2797 1656 2822 illis
1667 2795 1720 2828 qui,
1729 2797 1782 2821 beri
1791 2796 1829 2821 sui
1840 2795 1904 2821 Iibe-

1109 2829 1214 2861 t‘alitate,
1230 2831 1366 2854 libertatem
1378 2829 1458 2861 adepti
1472 2832 1550 2853 erant.

1143 2862 1179 2893 (1))
1196 2857 1241 2886 soli
1253 2860 1371 2886 sacerdoti
1384 2857 1472 2885 licebat
1482 2859 1606 2890 sanguinis
1618 2858 1718 2884 calicem
1730 2857 1838 2883 tradere.
