2068 3132
206 177 254 202 475
574 179 602 206 8.
623 179 760 208 JUANNIS
779 180 1013 207 CHRYSUSTUMI
1034 180 1192 209 ARCHIEP.
1208 181 1475 212 CONSTANTINOP.
1789 185 1838 213 ιτα

201 234 293 269 Cogita
306 239 331 262 te
339 234 439 263 Christi
453 236 620 264 sacerdotem
635 237 704 270 ﬁeri,
719 245 778 264 cum
793 246 871 264 manu
888 236 994 272 propria

201 279 248 306 das
271 287 324 307 non
348 289 468 312 carnem,
492 281 538 309 scd
564 290 674 316 pauent,
691 291 743 310 non
765 284 931 317 sanguinem,
948 283 994 310 sed
1012 279 1015 282 ’

201 327 311 354 calicem
329 335 403 362 aquae
428 328 540 363 frigidm.
561 329 647 356 lttduit
661 334 686 356 te
701 330 860 356 vestimento
873 329 992 360 salutari,

199 377 225 399 et
237 372 286 399 hoc
299 381 345 407 per
360 375 492 408 seipsutn;
510 380 536 401 tu
552 375 645 402 saltem
658 383 704 409 per
717 383 822 402 servum
833 375 993 402 iudue.Glo-

200 419 300 446 riosum
317 424 343 447 te
365 420 426 447 fecit
452 421 477 447 in
502 421 589 452 c:clis;
617 426 643 447 tu
658 429 671 447 a
689 421 785 455 frigore
810 421 883 447 illum
907 421 990 454 eripe,

200 472 250 491 nec
266 473 317 492 nou
339 466 372 493 ab
388 466 512 493 imlecora
533 467 662 493 nuditate.
678 466 838 501 Angelornm
862 471 887 493 te
901 467 992 494 conci~

199 518 258 537 vem
283 511 362 544 fecit;
389 517 416 538 ιιι
433 513 518 546 ipsum
535 513 584 539 sttb
601 518 670 539 lecto
692 513 795 547 excipe,
811 514 904 540 saltem
924 514 993 540 sicut

200 565 282 584 unum
306 567 338 585 ex
365 560 469 585 lamulis
487 560 537 586 tuis
552 560 623 586 domi
640 561 775 594 excipias;
798 560 848 587 hoc
870 561 990 588 diverso-

199 604 267 629 rium
285 611 337 629 non
356 612 461 636 recuso,
479 605 539 631 licet
555 609 638 631 totum
661 605 706 632 tibi
720 606 815 632 caelum
830 607 990 640 aperuerint.

198 647 235 675 Te
246 657 258 675 a
275 651 434 683 gravissimo
448 658 558 677 carcere
570 651 671 686 eripui;
689 652 739 679 hoc
751 660 765 678 a
778 657 802 678 te
818 660 869 678 non
884 657 989 686 expeto,

198 703 247 721 nec
263 695 333 725 dico,
357 696 437 731 Eripe
454 705 513 727 uie;
535 697 581 724 sed
605 698 626 724 si
650 706 692 724 me
709 698 825 724 vinctum
848 699 948 730 videas,
965 699 989 725 id

197 740 261 766 mihi
285 740 317 766 ad
333 742 542 768 consolationent
559 742 623 770 satis
637 749 687 769 est.
705 743 836 770 Murtuum
858 748 883 771 te
903 745 989 770 susci-

198 785 270 817 tavi;
295 786 320 812 id
343 794 356 812 a
380 791 405 813 te
418 795 470 813 non
487 789 573 822 exigo,
589 789 635 814 sed
658 789 729 819 dico.
744 797 786 815 nte
800 795 928 823 aegrotum
944 797 989 816 so-

197 830 332 858 lummodo
347 833 446 859 visites.
468 833 532 860 Cum
549 842 612 868 ergo
629 839 700 861 tanta
715 835 769 861 sint
787 835 866 868 dona,
884 841 989 870 tatnque

196 875 262 902 levia
281 882 451 911 expetantur,
468 887 517 905 nec
531 884 618 906 tamen
634 880 677 907 illa
700 881 876 914 prmbeamus,
890 885 987 916 quanta

197 928 248 948 uuu
264 924 347 950 simus
360 924 431 958 digni
449 925 568 959 gcltenua
580 927 592 952 ἲ
606 926 668 953 Jure
680 927 705 953 itt
720 928 806 962 ignem
820 928 925 955 abimus
940 935 989 962 pa-

197 973 283 994 ratum
297 969 404 995 diabolo
417 975 442 997 et
454 971 557 1005 angelis
569 973 637 1005 ejus,
650 980 710 999 cum
725 980 777 999 non
792 974 893 1007 majore
907 981 986 1008 quam

195 1018 269 1046 petra
284 1022 362 1041 sensu
379 1016 481 1049 pra-diti
497 1018 591 1044 sitnus.
607 1018 719 1050 Quantte
732 1019 803 1045 enim
826 1020 988 1054 stupidilatis

193 1064 248 1091 est,
262 1069 353 1095 quieso
373 1067 407 1093 te,
424 1071 552 1093 nos,cum
568 1069 638 1091 tanta
660 1066 852 1100 acceperimus,
873 1071 900 1093 et
915 1071 986 1094 tanta

194 1107 329 1139 accepturi
345 1108 439 1139 simus,
456 1116 547 1136 servos
561 1117 621 1136 esse
632 1111 814 1144 pecuniarum,
827 1120 893 1147 quas
910 1113 987 1147 paulo

195 1157 285 1183 postea
302 1152 342 1178 vel
363 1153 435 1180 inviti
453 1154 655 1189 relinquemus?
676 1157 707 1183 Et
729 1157 773 1184 alii
795 1159 904 1192 quidem
926 1160 985 1185 atti-

195 1205 266 1224 matn
291 1199 422 1226 dederunt
448 1201 541 1235 ipsam,
559 1207 584 1228 et
600 1195 763 1236 sanguinem
791 1204 934 1232 fuderunt:
958 1211 986 1232 tu

194 1249 257 1270 vero
274 1251 307 1271 ne
322 1246 454 1279 Superﬂua
475 1247 584 1281 quidem
610 1248 713 1283 largiris
741 1256 851 1284 propter
874 1258 983 1286 regnum

1048 239 1186 271 ca‘lorum,
1200 244 1309 274 propter
1325 244 1363 267 tot
1376 241 1508 269 coronas?
1523 242 1556 269 Et
1570 250 1623 277 qua
1642 243 1738 279 dignus
1758 245 1841 274 fueris

1049 284 1135 314 venia,
1153 292 1203 319 qua
1215 286 1396 318 excusatione,
1415 287 1460 322 qui
1479 288 1580 315 sentina
1596 289 1622 316 in
1639 293 1737 317 terram
1752 290 1839 319 liben-

1049 333 1089 355 tcr
1105 330 1225 363 projicis,
1243 331 1288 365 qui
1304 331 1369 358 nulli
1393 333 1430 359 rei
1450 333 1537 367 parcis
1552 333 1585 361 ad
1601 335 1727 368 pecunias
1740 337 1842 365 fmnore

1049 375 1192 408 locandas;
1207 383 1267 404 cum
1283 382 1373 405 autem
1393 378 1479 413 agitur
1492 379 1524 406 de
1546 379 1659 407 Domino
1675 389 1722 416 per
1741 390 1841 417 egenos

1047 421 1154 454 alendo,
1172 422 1331 451 inhumanus
1349 424 1485 459 durusque
1499 425 1549 453 es?
1575 426 1636 454 Haec
1649 427 1738 463 itaque
1751 430 1839 458 omnia

1046 467 1204 501 cogitantes,
1224 469 1366 503 animoque
1388 475 1552 504 reputantes,
1567 479 1627 505 qua:
1646 474 1838 507 acceperimus,

1054 517 1114 544 quae
1126 512 1263 545 accepturi
1274 512 1371 546 simus,
1384 521 1444 548 quae
1460 522 1475 541 a
1495 515 1574 543 nobis
1589 523 1762 552 expetantur,
1776 527 1836 547 ont—

1055 562 1115 582 nem
1143 564 1238 584 curam
1258 563 1379 586 nostram
1404 561 1430 586 in
1447 561 1635 595 spiritualibus
1649 564 1839 592 exhibeamus.

1046 602 1132 629 Simus
1158 604 1263 632 tandem
1279 606 1409 633 mansueti
1425 611 1451 634 et
1473 607 1592 641 humani,
1615 616 1649 636 ne
1673 609 1838 637 intolerabile

1045 649 1202 683 supplicium
1214 650 1291 677 nobis
1298 651 1472 679 attrahamus.
1480 652 1544 685 Quae
1553 654 1624 680 enim
1636 661 1685 681 nos
1695 655 1836 683 damnandi

1044 701 1123 720 causa
1140 703 1192 722 nott
1208 696 1334 730 suppetit,
1349 696 1393 731 qui
1416 704 1475 724 cum
1499 702 1537 724 tot
1558 699 1691 734 tantisque
1706 700 1835 734 fruamur,

1045 749 1094 768 nec
1117 749 1239 776 magnum
1255 742 1316 776 quid
1337 748 1501 778 expetatura
1517 745 1611 777 nobis;
1633 746 1686 772 itno
1708 746 1767 772 talia
1788 755 1838 774 cx-

1043 791 1177 821 petantur,
1191 795 1251 822 qua:
1265 788 1305 814 vel
1326 788 1400 815 inviti
1422 788 1465 816 hic
1486 789 1677 824 relinquemus,
1693 795 1794 818 tantum
1806 792 1833 819 in

1043 832 1123 859 rebus
1134 833 1305 860 s:ccularibus
1316 835 1430 861 studium
1447 835 1649 869 impendamus?
1662 836 1762 864 Horum
1778 838 1835 865 sin-

1042 878 1103 912 gula
1126 883 1188 906 sunt
1206 879 1239 906 ad
1260 886 1308 906 nos
1328 880 1493 908 damnandos
1517 883 1600 914 satis;
1626 883 1646 909 si
1670 891 1732 910 vero
1746 885 1834 912 omnia

1043 924 1121 951 simul
1136 930 1306 956 concurrant,
1318 933 1377 959 qua:
1390 934 1451 960 spes
1466 927 1560 954 salutis
1573 929 1643 954 erit?
1659 928 1692 956 Ut
1705 937 1767 964 ergo
1777 938 1836 956 oin-

1042 977 1102 996 nem
1119 970 1186 997 lianc
1201 970 1399 998 damnationem
1414 971 1555 1006 fugiamus,
1577 973 1718 1008 quanulatn
1741 974 1834 1002 saltem

1041 1023 1102 1050 erga
1119 1023 1218 1050 egenos
1241 1015 1426 1043 liberalitatem
1454 1018 1635 1044 exhibeamus.
1652 1019 1696 1046 Sic
1719 1020 1788 1046 enim
1808 1024 1835 1047 et

1043 1062 1222 1095 [II‘lL‘SClllibllS
1238 1067 1265 1089 et
1279 1062 1374 1089 futuris
1389 1063 1507 1090 fruemur
1529 1064 1605 1091 bonis
1622 1075 1628 1092 :
1653 1073 1711 1100 quin
1735 1066 1834 1092 utinam

1042 1115 1091 1134 nos
1115 1115 1208 1135 omnes
1229 1108 1335 1143 assequi
1357 1109 1501 1143 contingat,
1518 1110 1601 1144 gratia
1627 1115 1654 1137 et
1674 1111 1835 1146 benignitate

1043 1152 1147 1179 Domini
1164 1153 1246 1179 nostri
1260 1153 1322 1180 Jesu
1335 1153 1445 1187 Christi,
1457 1155 1498 1181 cui
1513 1155 1596 1190 gloria
1610 1160 1638 1182 et
1650 1155 1789 1191 imperium
1805 1157 1831 1184 iu

1042 1198 1138 1225 Sit-cuia
1154 1198 1324 1227 saeculorum.
1341 1200 1437 1227 Amen.

200 1313 1622 1328 Ὴῴ,

742 1366 916 1399 ΗΟΜΠᾸΑ
938 1369 1049 1399 XLVI.
1073 1369 1116 1401 al.
1146 1370 1274 1400 XLVII.

193 1431 258 1460 (ΣΑι).
274 1435 318 1461 l5.
335 1443 362 1461 ν.
379 1435 423 1462 ει.
454 1437 538 1463 Alium
563 1438 709 1471 parabolam
729 1441 859 1475 proposuit
879 1441 925 1472 eis,
944 1442 986 1468 di-

230 1488 288 1506 cens
300 1489 309 1507 :
322 1481 413 1509 Simile
425 1482 521 1516 factum
534 1489 569 1510 est
581 1493 684 1518 regnum
704 1486 822 1513 ttvlorum
837 1487 931 1512 homini
943 1487 987 1522 qui

226 1526 334 1552 sentiunt
353 1527 444 1554 bonum
460 1536 542 1555 semen
565 1530 591 1556 iu
612 1539 672 1565 agro
685 1539 739 1557 suo.
759 1531 804 1560 23,
820 1531 883 1559 Cum
902 1537 986 1559 autent

240 1572 377 1599 dormirent
393 1573 517 1605 homines,
534 1576 599 1601 venit
613 1577 667 1610 ejus
679 1576 804 1608 inimicus,
821 1583 843 1604 et
855 1578 985 1604 seminavit

226 1617 325 1643 zizunio
342 1627 386 1652 per
399 1620 510 1646 medium
528 1621 614 1653 tritici,
627 1627 649 1647 et
664 1622 735 1648 abiit.
752 1622 797 1649 26.
810 1622 846 1658 (tt)
863 1623 925 1650 Cum
938 1632 985 1650 au-

227 1667 274 1688 tem
288 1664 402 1690 crevisset
416 1665 492 1691 herba
506 1671 529 1692 et
542 1668 651 1701 fructum
666 1667 773 1702 fecisset,
790 1673 849 1695 tunc
860 1677 985 1704 apparue-

227 1714 286 1735 runt
300 1715 323 1735 et
343 1711 450 1736 zizania.
467 1711 511 1737 9.7.
534 1712 683 1739 ricccdcntes
698 1721 753 1739 vero
775 1714 838 1740 servi
863 1715 985 1749 patrisfa-

227 1755 322 1788 milias,
343 1757 461 1783 dixerunt
483 1758 529 1784 ei:
551 1758 666 1791 Domine,
682 1767 764 1786 nonne
785 1759 879 1786 bonum
900 1769 983 1787 semen

225 1802 356 1829 seminasli
370 1803 396 1829 in
412 1812 474 1839 agro
489 1805 552 1830 tuo?
576 1805 642 1831 unde
659 1814 717 1840 ergo
731 1806 851 1833 zizania?
873 1807 918 1833 28.
934 1806 983 1839 Qui

226 1847 290 1873 dixit
303 1848 339 1874 eis
348 1856 357 1874 :
371 1847 492 1876 Inimicus
506 1850 579 1876 homo
594 1851 641 1876 hoc
654 1852 721 1884 fecit.
737 1852 810 1878 Servi
820 1856 902 1878 autent
913 1852 984 1879 dixe-

226 1901 284 1921 runt
295 1896 334 1923 ei:
352 1895 394 1923 Vis
403 1905 473 1931 ergo,
483 1897 600 1924 abeamus
610 1903 632 1923 et
645 1898 794 1933 colligamus
807 1900 857 1926 ea?
875 1899 920 1926 ‘20.
934 1899 983 1926 ille

226 1946 309 1967 tmtcnt
325 1941 406 1968 dixit:
423 1941 494 1974 Non,
516 1951 547 1969 ne
559 1945 623 1977 [orla
644 1943 789 1978 colligentes
802 1944 910 1976 zizania,
925 1953 982 1971 era-

226 1987 312 2012 tliretis
329 1987 404 2013 simul
422 1996 479 2014 cum
494 1989 529 2015 eis
549 1993 572 2014 et
592 1989 710 2016 triticum.
727 1989 770 2016 50.
788 1989 870 2016 Sinite
879 1995 983 2024 utraque

226 2041 336 2059 crescere
346 2042 423 2064 usque
434 2034 467 2060 ad
478 2043 581 2061 inessent
593 2043 601 2061 :
615 2039 639 2061 et
652 2040 711 2061 tunc
721 2035 804 2062 dicam
816 2036 982 2063 messoribus:

226 2079 342 2113 Colligite
357 2080 465 2113 primum
479 2081 586 2107 zizunia.

229 2127 251 2151 l.
275 2125 360 2159 Hujus
375 2131 396 2152 et
411 2127 548 2159 superioris
569 2127 697 2160 parabon
711 2127 856 2154 discrimen.
880 2127 981 2155 Diaboti

189 2180 297 2198 errorem
312 2172 452 2198 inducentis
466 2173 584 2199 versutia.
602 2172 747 2207 Vigilantia:
761 2175 902 2200 necessitas.
921 2173 982 2201 Hre-

189 2219 292 2244 rrtirum
306 2219 418 2244 occidere
438 2227 487 2245 non
508 2224 614 2253 oportet.
627 2219 739 2252 —Qui»l
763 2220 871 2247 interest
887 2220 981 2247 discri-

189 2264 267 2291 minis
284 2265 352 2291 iuter
367 2265 435 2291 hanc
446 2270 473 2291 et
488 2265 652 2298 superiorem
677 2265 851 2298 parabolam?
869 2265 923 2292 lllic
939 2266 980 2292 lo-

187 2310 277 2343 quitur
298 2310 330 2336 de
351 2310 383 2337 iis
409 2310 452 2344 qui
479 2318 530 2337 non
553 2310 740 2341 attenderunt,
757 2310 803 2337 sed
831 2311 980 2338 resilientes

187 2357 290 2383 semina
313 2356 482 2390 projccerunt
495 2365 500 2382 :
517 2356 559 2383 ltic
572 2356 604 2383 de
619 2356 803 2382 limreticorttm
818 2356 931 2383 cautibus
943 2357 980 2382 lo—

187 2403 286 2434 quitur.
304 2401 341 2428 Nc
359 2402 428 2428 enim
444 2401 589 2435 discipulos
603 2402 732 2433 turbaret,
749 2402 880 2435 praedixit,
908 2407 980 2435 post-

186 2455 266 2481 quam
282 2447 410 2473 docuerat
424 2447 492 2479 illos,
503 2454 550 2474 cur
565 2447 589 2474 in
605 2447 736 2481 parabolis
753 2447 914 2481 loqueretur.
931 2447 980 2473 Pa-

187 2493 276 2520 rabola
292 2494 333 2521 illa
349 2493 463 2523 dicebat,
478 2501 530 2519 non
544 2498 695 2527 susceptum
720 2493 805 2526 ipsum
819 2501 825 2524 ;
853 2493 910 2520 lucc
931 2501 979 2520 au-

187 2543 251 2570 tem,
263 2543 434 2572 corruptores
444 2539 522 2565 simul
535 2545 683 2573 susceptus.
703 2539 763 2565 "ch
773 2539 871 2573 quippe
881 2539 979 2566 diaboli

188 2584 304 2611 versutia
320 2589 370 2617 est,
387 2589 415 2610 ιιι
427 2592 487 2611 cum
512 2585 623 2611 veritate
637 2593 742 2618 Semper
755 2585 926 2611 commiscent
938 2593 980 2611 cr-

188 2638 288 2662 rorcm,
302 2630 343 2656 cui
367 2631 485 2657 veritatis
507 2630 624 2658 colorem
641 2635 667 2656 et
682 2630 882 2657 similitudinem
903 2630 979 2657 affin-

187 2680 240 2709 gat,
259 2675 291 2700 ita
316 2680 343 2701 ιιι
358 2676 491 2709 simplices
508 2675 585 2702 facile
602 2676 794 2702 circumvenire
809 2677 900 2710 possit.
918 2676 979 2703 ldeo

189 2731 240 2748 non
267 2721 316 2748 alia
343 2722 452 2754 semina,
468 2730 546 2756 quant
570 2723 669 2749 zizania
694 2722 769 2753 dixit,
793 2723 862 2757 quod
886 2731 977 2750 semen

187 2767 277 2801 specie
298 2767 405 2802 quidem
420 2767 551 2794 frumento
572 2767 658 2794 simile
682 2773 732 2794 est.
755 2767 855 2794 Deinde
871 2769 978 2794 ntodum

189 2813 344 2840 insidiarum
359 2812 511 2839 dicit.Dum
525 2813 663 2840 dormirent
674 2813 796 2845 homines,
812 2814 905 2848 inquit.
921 2814 976 2840 Non

216 2881 252 2911 (a)
269 2885 326 2910 Qua:
344 2883 481 2911 sequuntur
497 2881 621 2911 usquead
631 2881 725 2905 iniliunt
738 2880 842 2904 homilim
853 2881 942 2905 desunt
953 2880 976 2904 in

186 2911 269 2936 Morel.
283 2919 288 2936 :
303 2911 347 2936 sed
360 2911 481 2935 habentur
493 2911 516 2935 in
529 2910 598 2935 satil.
612 2915 638 2936 et
650 2911 674 2935 in
687 2911 776 2943 aliquot
788 2911 960 2943 Mattttseriptis.

1041 1449 1152 1475 parvum
1179 1440 1223 1468 hic
1245 1441 1404 1476 prmsulibus
1426 1441 1583 1476 proponitur
1606 1442 1782 1477 pratcipitium
1804 1446 1833 1470 et

1042 1486 1196 1520 periculum,
1212 1486 1308 1521 quibus
1322 1487 1436 1514 maxime
1451 1487 1507 1514 arvi
1521 1495 1583 1514 cura
1599 1487 1756 1515 demandata
1769 1493 1830 1521 est;

1040 1540 1128 1566 neque
1142 1532 1194 1559 illis
1212 1537 1322 1563 tantum,
1337 1532 1383 1560 sed
1398 1533 1478 1560 etiam
1501 1533 1623 1560 subditis.
1645 1533 1766 1561 Ostendit
1784 1542 1831 1561 au-

1041 1582 1103 1609 tem,
1121 1585 1239 1605 errorem
1254 1582 1312 1612 post
1326 1578 1461 1605 veritatem
1483 1578 1605 1610 venisse;
1628 1579 1653 1606 id
1665 1579 1736 1614 quod
1750 1580 1831 1607 etiam

1039 1631 1128 1651 rerum
1153 1629 1264 1652 eventus
1294 1625 1459 1652 testilicatur.
1489 1624 1555 1651 Nam
1586 1630 1644 1659 post
1677 1627 1829 1660 prophetas,

1039 1668 1296 1704 p>eudopropltet:e;
1319 1673 1378 1703 post
1401 1669 1546 1703 apostolos,
1563 1669 1787 1704 pseudoapostoli,
1803 1676 1830 1698 et

1037 1719 1097 1749 post
1112 1715 1256 1746 Christum,
1273 1715 1463 1742 Anticliristus.
1486 1714 1541 1741 Nisi
1556 1715 1627 1742 enint
1650 1715 1771 1742 diabolus
1792 1717 1830 1743 vi<

1038 1759 1108 1786 derit
1123 1759 1185 1793 quid
1207 1759 1304 1786 itnitari
1329 1760 1422 1793 possit,
1439 1764 1484 1786 aut
1497 1759 1594 1794 quibus
1619 1759 1748 1792 insidiari,
1764 1760 1828 1787 nihil

1038 1805 1194 1832 insidiarum
1211 1805 1295 1839 ponit,
1311 1805 1377 1832 nihil
1392 1805 1475 1832 novit.
1498 1805 1573 1832 Nunc
1596 1813 1670 1840 ergo,
1685 1806 1747 1840 quia
1763 1806 1830 1833 vidit

1037 1851 1116 1877 alium
1128 1851 1302 1878 centesimum
1317 1850 1425 1882 fecisse,
1434 1850 1516 1877 alium
1528 1851 1736 1885 sexagesimum,
1746 1851 1829 1879 alium

1037 1896 1213 1930 trigesimum,
1227 1896 1279 1923 alia
1294 1895 1420 1930 deinceps
1436 1895 1535 1923 incedit
1553 1897 1605 1923 via.
1629 1895 1695 1929 Quia
1710 1896 1780 1923 enim
1803 1896 1828 1923 id

1035 1942 1106 1976 quod
1125 1941 1227 1969 radices
1241 1946 1366 1976 posuerat
1379 1942 1502 1976 abripere
1522 1949 1575 1969 non
1598 1946 1712 1976 poterat,
1740 1949 1828 1977 neque

1035 1988 1176 2020 suffocare,
1192 1988 1233 2016 vel
1247 1988 1418 2021 comburere,
1436 1995 1484 2022 per
1505 1988 1583 2015 aliam
1609 1987 1738 2014 fallaciam
1762 1988 1829 2015 insi-

1035 2034 1133 2068 diatur,
1150 2042 1197 2062 sua
1219 2035 1341 2062 inserens
1365 2034 1435 2061 aliis.
1453 2034 1486 2061 Et
1513 2033 1538 2060 in
1561 2041 1614 2068 quo
1636 2033 1770 2065 differunt,
1785 2034 1829 2061 in-

1035 2081 1120 2114 quies,
1139 2080 1164 2106 hi
1181 2080 1345 2107 dormientes
1359 2080 1392 2106 ah
1417 2080 1449 2106 iis
1469 2079 1514 2114 qui
1530 2087 1578 2114 per
1593 2080 1663 2106 viam
1685 2080 1827 2114 signiﬁcati

1035 2125 1160 2153 fuerant“!
1175 2126 1251 2158 Quod
1266 2125 1388 2152 videlicet
1403 2125 1437 2152 ibi
1452 2125 1541 2152 statim
1563 2125 1725 2159 abripuerit;
1741 2133 1829 2160 neque

1035 2172 1105 2198 enim
1121 2171 1224 2198 radices
1239 2179 1338 2205 ponere
1352 2170 1473 2205 permisit
1487 2178 1493 2196 ε
1512 2170 1555 2197 hic
1568 2178 1632 2197 vero
1646 2170 1748 2204 majore
1761 2179 1828 2206 opus

1035 2216 1156 2243 habuerit
1172 2216 1295 2243 artilicin.
1321 2216 1382 2242 Hinc
1405 2221 1494 2242 autem
1510 2215 1574 2242 dicit
1589 2215 1721 2248 Christus,
1737 2220 1765 2242 ut
1776 2216 1828 2243 do-

1034 2268 1093 2289 ceat
1116 2269 1222 2296 semper
1238 2270 1296 2289 esse
1317 2262 1491 2297 vigilandum.
1507 2261 1617 2289 Etiamsi
1632 2262 1714 2294 enim,
1731 2261 1826 2297 inquit,

1035 2309 1092 2336 inec
1113 2314 1274 2336 nocutnenta
1288 2309 1408 2343 effugias,
1423 2309 1493 2335 aliud
1504 2308 1591 2335 adhuc
1603 2313 1735 2343 superest.
1752 2309 1827 2336 Sicut

1033 2355 1104 2382 ettitu
1120 2355 1155 2381 ibi
1171 2362 1217 2389 per
1230 2355 1308 2386 viam,
1324 2362 1371 2388 per
1390 2360 1490 2388 petram
1505 2358 1532 2380 ct
1551 2362 1598 2388 per
1620 2355 1730 2389 spinas;
1746 2355 1784 2381 sic
1798 2360 1827 2382 et

1034 2400 1076 2426 hic
1091 2407 1138 2434 per
1152 2407 1274 2426 somnum
1298 2400 1428 2433 pernicies
1443 2399 1564 2426 accedit:
1581 2405 1745 2434 quapropter
1759 2401 1825 2427 assi.

1033 2445 1084 2472 dua
1101 2452 1167 2479 opus
1182 2449 1223 2471 est
1242 2444 1371 2472 custodia.
1387 2444 1447 2470 ideo
1461 2443 1566 2471 dicebat
1580 2453 1586 2470 :
1605 2444 1655 2477 Qui
1669 2450 1753 2471 autent
1765 2453 1828 2479 per-

1032 2491 1180 2518 severaverit
1201 2499 1277 2523 usque
1290 2490 1316 2516 in
1330 2491 1416 2524 linem,
1439 2490 1478 2516 llic
1491 2491 1577 2518 saluus
1592 2491 1637 2517 erit
1659 2491 1764 2526 (Matth.
1780 2491 1823 2521 10.

1032 2537 1088 2571 2‘2).
1106 2537 1198 2564 Simile
1211 2536 1347 2571 qttidpiatu
1363 2537 1387 2563 in
1402 2537 1533 2570 principio
1542 2537 1648 2564 accidit.
1664 2537 1738 2564 Multi
1752 2538 1825 2565 enitn

1033 2583 1165 2609 antistites
1190 2582 1326 2616 improbos
1351 2582 1423 2609 viros
1439 2581 1631 2609 hzeresiarchas
1653 2583 1772 2609 occultos
1795 2583 1823 2610 in

1034 2630 1166 2657 licclesias
1192 2629 1360 2661 indueentcs,
1386 2628 1536 2663 huiusmodi
1565 2628 1667 2656 insidiis
1689 2629 1824 2657 struendis

1033 2676 1184 2702 facultatem
1204 2682 1325 2709 magnam
1353 2675 1501 2708 pra‘bucre.
1525 2673 1616 2709 Neque
1640 2674 1710 2700 cnim
1733 2674 1824 2702 labore

1031 2729 1097 2756 opus
1121 2725 1162 2748 est
1176 2719 1293 2752 diabolo,
1310 2725 1448 2755 postquam
1472 2719 1623 2754 hujusmodi
1649 2719 1771 2747 humines
1798 2720 1826 2747 in

1032 2768 1120 2795 tncdio
1134 2767 1256 2794 inseruit.
1280 2767 1313 2793 Et
1324 2766 1458 2800 quomodo
1475 2766 1530 2793 ﬁeri
1547 2770 1646 2800 potest,
1663 2765 1778 2800 inquies,
1795 2770 1824 2792 ut

1031 2823 1082 2840 non
1097 2812 1250 2840 dormiant?
1271 2811 1389 2839 Naturali
1404 2811 1510 2845 quidem
1525 2818 1630 2843 somno,
1645 2811 1701 2838 lieri
1714 2811 1823 2845 nequit;

1031 2868 1053 2884 γι
1065 2859 1174 2886 luntatis
1185 2865 1289 2888 somno,
1306 2864 1392 2885 secus.
1409 2857 1576 2891 Quapropter
1587 2857 1685 2883 Paulus
1702 2856 1822 2884 dicebat:

1037 2903 1255 2941 t'igilatc,statcin
1265 2903 1362 2939 [ide(l.
1372 2902 1598 2939 Cot'.16.l3).Ncc
1608 2903 1712 2930 noxiam
1722 2905 1822 2937 solum,
