2068 3132
237 162 287 195 m
717 157 750 187 tN
768 156 971 187 manusua
991 156 1104 186 BOMIL.
1125 142 1225 187 xm.‘
1237 160 1272 188 al.
1294 159 1393 189 vau.

237 220 284 250 sed
297 223 327 248 et
339 217 502 254 superﬂuam
518 223 577 245 rem
587 215 714 244 ostendit.
726 215 794 243 Nam
807 219 948 250 postquam
962 222 1026 249 ager

235 267 324 295 cultus
337 265 465 298 fuit,cum
478 263 549 291 nulla
564 270 595 290 re
602 269 670 297 opus
684 267 806 295 est,tunc
816 261 944 293 seminat;
955 260 1026 295 quod

235 317 264 340 et
279 311 396 339 ltmrettci
412 310 521 340 faciunt,
537 309 583 344 qui
599 309 704 335 nonnisi
721 313 829 342 propter
850 315 945 334 vanam
969 307 1027 342 glo-

237 356 305 384 riam
318 363 450 384 venenum
466 363 543 382 suum
559 354 691 388 iujiciuut.
716 353 805 388 Neque
819 361 849 380 ex
866 353 907 379 his
926 358 1025 380 tantum

237 401 338 434 verbis,
352 401 398 428 sed
414 400 495 428 etiam
509 407 542 427 ex
558 399 740 434 sequentilnts,
753 404 834 425 totam
851 399 956 426 illorum
970 406 1028 425 sce-

237 455 300 474 nam
312 451 436 474 accurate
445 445 587 473 describit:
602 444 665 472 Cum
679 445 822 479 pulluluvit,
836 445 928 478 inquit,
940 443 1025 476 Iarba,

237 497 260 518 et
275 493 387 528 fructum
401 492 537 522 tulit,tnn¢
550 495 722 526 apparuerunt
740 494 762 516 et
777 489 876 516 zizania
891 497 900 515 :
918 489 988 523 quod
1000 493 1027 516 et

237 537 287 571 ipsi
303 536 414 564 faciunt.
425 536 504 564 Initio
519 543 634 570 namque
648 542 708 562 sese
720 535 873 562 occultant:
888 538 1026 569 postquam

236 588 302 609 vero
313 582 444 616 majorem
457 589 587 616 accepere
596 581 734 612 ﬁduciam,
749 585 776 607 et
794 581 898 615 copiam
914 581 1019 607 dicendi

237 627 311 654 nacti
336 632 416 657 sunt.
446 633 511 654 tunc
541 627 618 654 virus
650 625 804 653 elfundunt.
839 625 895 652 Cur
926 630 1018 652 autent

237 678 331 698 servos
358 672 472 703 inducit,
490 679 549 704 qua:
576 671 697 698 accidere
721 669 879 697 narrantes?
896 669 929 697 Ut
959 670 1023 697 ltine

234 721 327 741 ausam
343 715 455 749 arripiat
476 714 582 742 dicendi
607 723 662 742 non
682 715 844 742 occidettdos
869 715 929 742 illos
953 723 1022 742 esse.

235 760 373 788 Inimicum
387 761 523 788 hominem
537 766 614 788 vocat
625 761 710 794 illum,
722 761 756 788 ob
767 761 863 788 dantna
874 769 933 796 quae
947 762 1025 789 infert

235 805 388 833 hminibus
402 814 410 834 :
431 807 558 834 damnum
572 807 644 834 enim
658 814 707 834 nos
722 807 840 839 impetit;
857 807 946 834 damni
961 814 1025 834 vero

234 852 338 880 initium
351 860 403 880 non
415 853 477 880 odio
488 853 582 885 nostri,
595 853 641 881 sed
651 853 712 880 odio
723 853 767 880 Dei
781 853 877 880 factum
889 858 941 880 est.
951 853 1025 881 Unde

233 899 321 933 palam
335 903 387 931 est,
405 899 486 927 Deum
502 907 550 927 nos
563 900 646 934 magis
660 900 782 934 diligere,
794 907 873 934 quant
887 907 934 926 nos
948 907 963 926 tt
977 907 1025 926 no-

232 944 274 972 bis
290 944 354 980 ipsis
379 945 532 980 diligamur.
549 946 600 973 Sed
626 946 733 973 aliunde
756 946 848 972 videre
863 949 904 973 est.
925 945 1023 973 diaboli

232 992 388 1018 versutiam.
404 991 460 1018 Non
485 992 556 1019 enint
580 993 694 1019 antehae
717 993 867 1024 seminavit,
881 993 942 1027 quia
958 992 1023 1019 nihil

230 1036 302 1071 quod
315 1035 438 1071 perderet
452 1037 562 1070 habuit;
578 1037 625 1064 sed
650 1045 709 1064 eum
722 1038 810 1065 omnia
827 1038 903 1072 plena
920 1041 1022 1070 essent,

232 1087 261 1109 ut
273 1086 356 1110 totum
372 1083 497 1118 agricolze
518 1083 636 1110 studium
650 1083 844 1111 labefactaret:
863 1084 902 1111 sic
916 1084 1023 1112 inimico

232 1135 295 1162 erga
310 1128 384 1155 illum
401 1129 490 1156 animo
505 1133 600 1156 cuncta
614 1129 736 1156 faciebat.
750 1129 816 1157 Vide
830 1133 917 1156 autem
932 1137 1022 1157 servo-

230 1181 290 1201 rum
305 1174 483 1210 diligentiam.
507 1175 574 1202 Nam
587 1175 689 1202 zizania
703 1175 756 1202 cito
769 1175 886 1203 evellere
901 1176 1021 1211 cupiunt,

230 1220 334 1248 etiamsi
350 1220 376 1248 id
400 1228 452 1248 non
473 1221 644 1248 considerate
666 1222 764 1248 faciant
790 1231 796 1249 :
822 1221 891 1254 quod
917 1222 1022 1249 illorum

229 1265 299 1293 circa
314 1266 416 1294 semina
431 1267 637 1294 sollicitudinem
653 1267 781 1299 declarat,
797 1268 936 1302 argnitqne
950 1268 1023 1302 ipsos

230 1310 263 1338 ad
279 1319 360 1338 unum
374 1316 475 1339 tantum
491 1313 634 1346 respicere,
644 1320 698 1339 non
712 1320 764 1346 quo
780 1317 856 1347 pacto
869 1312 914 1340 ille
929 1320 1022 1348 ptenas

228 1355 273 1384 det
288 1364 294 1384 :
312 1364 398 1391 neque
412 1358 482 1384 enim
507 1357 570 1384 illud
586 1358 621 1384 ita
646 1361 740 1392 urget;
759 1357 805 1385 scd
833 1365 867 1384 ne
889 1358 961 1391 jacta
977 1365 1020 1385 se-

230 1401 300 1429 mina
321 1407 442 1437 pereant.
457 1402 518 1430 ldeo
534 1403 559 1430 id
575 1403 694 1438 Cogitant
717 1408 743 1430 ut
761 1403 882 1430 morbum
898 1404 1022 1431 celeriter

227 1447 355 1475 avellant.
379 1448 445 1476 Illud
469 1455 534 1476 vero
558 1456 612 1476 non
637 1449 728 1476 statim
752 1449 858 1476 efﬁcere
871 1454 1019 1483 c0uantur;

227 1500 315 1527 neque
328 1493 400 1520 enim
414 1493 440 1520 id
455 1494 504 1521 sibi
518 1499 660 1528 art-ngant:
682 1494 728 1522 sed
742 1494 842 1521 domini
861 1495 1020 1522 sententiam

227 1542 382 1572 exspectant
399 1539 519 1566 dicentes
535 1548 541 1566 :
563 1538 626 1566 Vis?
639 1539 706 1573 Quid
727 1540 807 1574 igitur
822 1541 967 1568 dominus?
994 1541 1021 1568 ld

227 1587 301 1610 vetat
311 1583 418 1611 dicens:
438 1584 479 1611 Ne
492 1586 558 1620 forte
570 1585 701 1612 eradicetis
710 1585 787 1612 simul
799 1590 821 1612 et
834 1586 954 1612 triticum.
965 1586 1020 1614 Hoc

227 1635 309 1664 porro
322 1629 439 1662 dicebat,
454 1634 483 1657 ut
497 1630 563 1658 bella
588 1630 729 1666 etcdesque
750 1631 915 1666 prohiberet.
929 1632 1020 1667 Neque

227 1676 298 1702 enim
311 1675 465 1704 Itareticnm
479 1677 602 1704 cecidere
618 1681 723 1712 oportet
740 1690 746 1705 ;
764 1685 825 1704 nam
839 1678 878 1706 sic
899 1679 1018 1706 irreeon-

226 1721 342 1749 ciliabile
356 1723 456 1750 bellum
475 1723 501 1750 in
516 1723 608 1751 orbem
626 1723 805 1752 induceretur.

264 1767 291 1796 2.
306 1768 377 1804 Erga
396 1770 525 1797 hereticos
547 1770 672 1805 quomodo
693 1771 828 1806 agendum.
852 1770 1019 1798 Mansuetudo

226 1812 329 1842 Christi.
346 1814 459 1842 Granum
472 1816 568 1851 sinapis
581 1816 705 1851 quomodo
721 1816 905 1850 prwdicatianis
916 1822 1019 1849 aposto-

227 1859 309 1886 lorum
321 1860 352 1887 sit
364 1861 457 1896 ﬁgura.
477 1860 514 1888 1E
517 1869 612 1888 rumine
625 1861 818 1895 praedicantibus
831 1870 880 1888 non
890 1862 1016 1890 timendw.

225 1917 259 1926 -—
268 1905 314 1933 His
325 1911 414 1934 autem
425 1907 527 1934 duobus
538 1907 681 1934 ratiociniis
695 1911 815 1934 movetur
828 1907 860 1933 ad
871 1907 929 1934 illus
941 1907 1018 1935 culti-

225 1950 455 1986 bendostprimo,
476 1952 546 1987 quod
567 1951 726 1978 frumentum
742 1959 793 1978 non
811 1952 951 1984 lmderent;
973 1960 1018 1980 se-

224 1996 320 2028 cundo,
340 1997 412 2031 qttod
426 1996 462 2023 illi
482 1997 619 2024 iucurabili
640 1997 733 2024 nmrbo
752 1997 902 2024 laborantes
915 1998 1017 2032 suppli-

224 2041 295 2068 cium
310 2041 397 2068 luituri
409 2047 508 2069 essent.
521 2042 687 2077 Quapropter
699 2042 721 2069 si
735 2043 774 2069 vis
787 2042 846 2069 illos
857 2043 943 2077 puniri
960 2043 1017 2070 sine

224 2085 349 2114 frumenti
372 2094 449 2119 noxa,
472 2092 595 2121 exstincta
617 2093 720 2121 tempus
739 2093 926 2121 opportunum.
948 2087 1016 2121 Quid

223 2135 313 2159 autem
326 2131 397 2159 aliud
411 2132 460 2159 sibi
474 2133 528 2159 vult
542 2140 602 2159 eum
618 2133 692 2165 dicit,
710 2132 750 2159 Ne
762 2133 891 2160 eradicelis
905 2133 981 2160 simul
993 2138 1016 2160 et

224 2181 344 2213 triticum,
357 2188 436 2216 quam
451 2181 500 2208 hoc
511 2181 581 2216 quod
597 2181 708 2208 dicimus
722 2189 728 2207 τ
742 2180 770 2208 Si
784 2188 857 2207 arma
871 2181 1015 2214 moveatis,

224 2229 253 2252 ut
268 2225 407 2254 haereticos
420 2226 557 2258 occidatis,
578 2226 676 2253 multos
695 2227 774 2253 etiam
789 2231 942 2254 sanctorum
963 2235 1015 2255 una

223 2270 307 2298 occidi
328 2279 436 2299 necesse
451 2275 508 2304 est;
525 2272 565 2299 vel
578 2272 657 2298 etiatu
671 2272 745 2299 mnlti
767 2279 801 2299 ex
815 2272 871 2299 istis
890 2273 1014 2305 zizaniis,

224 2320 253 2343 ut
263 2316 407 2344 verisimile
417 2321 467 2348 est,
479 2322 667 2344 convertentur
681 2317 706 2344 in
721 2317 898 2344 frumentum?
908 2318 936 2346 Si
951 2326 1015 2353 ergo

223 2361 296 2395 prius
309 2361 369 2389 illos
382 2362 533 2394 eradicetis,
547 2362 681 2390 frumento
690 2363 769 2390 etiam
785 2369 898 2390 venturo
909 2365 1024 2396 nocebi-_

224 2406 267 2438 tis,
281 2406 302 2433 si
319 2407 379 2434 illos
393 2407 437 2442 qui
451 2408 546 2434 mutari
560 2413 586 2434 et
599 2408 662 2435 boni
676 2408 744 2435 el‘liei
760 2412 879 2443 possunt,
895 2408 1015 2436 eradice-

223 2451 267 2478 tis.
281 2451 338 2478 Non
353 2452 432 2487 igitur
444 2452 567 2487 prohibet
582 2452 720 2480 ltmretieos
739 2454 894 2488 reprimere,
909 2454 1014 2481 illorum

222 2504 269 2524 ora
291 2498 439 2530 obstruere,
461 2499 609 2526 libertatem
629 2498 754 2533 loquendi
773 2506 907 2530 coercere,
928 2504 1014 2526 coetus

221 2549 314 2570 eorum
334 2543 450 2576 solvere,
474 2549 548 2578 pacta
571 2551 712 2578 respuere.
728 2544 773 2571 Sed
789 2544 911 2572 occidere
933 2549 1012 2572 vetat.

223 2586 262 2614 Tu
289 2595 352 2615 vero
374 2588 445 2616 illius
464 2589 691 2616 mansuetudinem
713 2589 857 2625 perpende,
880 2590 1014 2625 quomodo

222 2633 323 2661 scilicet
341 2642 395 2661 nou
408 2635 566 2662 sententiam
587 2635 672 2662 soluat
693 2635 786 2662 efferat
799 2639 826 2662 et
840 2635 943 2670 jubeat,
965 2635 1012 2662 sed

222 2678 301 2706 etiam
316 2680 446 2707 rationem
460 2685 585 2715 exponat.
599 2681 666 2714 Quid
681 2688 745 2715 ergo
758 2681 871 2713 eveniet,
887 2682 908 2708 si
930 2689 961 2709 us
971 2689 1013 2716 lue

223 2724 249 2750 in
272 2725 352 2753 ﬁnem
375 2726 475 2754 zizanla
496 2727 638 2754 maneant?
659 2727 729 2753 Tum:
749 2727 833 2753 dicam
853 2728 1011 2761 messoribus,

223 2769 318 2805 inquit,
330 2770 447 2807 Colligite
458 2772 567 2807 primum
578 2773 687 2806 simnia,
703 2777 726 2799 et
737 2772 841 2808 alligata
852 2781 881 2799 ea
893 2774 919 2800 in
934 2773 1007 2808 fusci-

222 2816 293 2843 cttloa
306 2817 340 2843 ad
353 2819 560 2845 eomburendum.
571 2819 690 2846 Revoeat
703 2819 767 2853 ipsis
782 2819 808 2846 in
820 2825 935 2847 mentem
951 2827 1011 2846 νει-ι

223 2860 256 2889 ba
267 2861 388 2898 Joannis,
403 2864 499 2899 quibus
513 2864 569 2901 ipse
581 2863 664 2899 index
678 2863 862 2899 inducebatur,
875 2865 990 2901 dicitque
1001 2873 1010 2891 :

1819 165 1870 194 ΠΒ

1081 214 1166 242 donec
1187 222 1271 250 prope
1289 216 1452 244 frumentum
1472 222 1545 246 stant
1566 219 1665 247 zizania
1677 241 1686 254 ,
1707 221 1870 256 parcendum

1082 260 1145 294 ipsis
1167 267 1244 293 esse;
1267 266 1355 296 potest
1375 263 1445 290 enim
1463 263 1519 290 fieri
1531 269 1559 291 ut
1575 265 1734 292 frumentum
1749 267 1869 294 efﬁcian-

1082 311 1132 332 tur.
1158 306 1224 333 Cum
1245 312 1332 334 autent
1349 309 1421 335 nullo
1439 315 1575 343 reportata
1590 311 1663 338 lucro
1680 312 1867 345 abscesserinl,

1081 356 1144 379 tunc
1159 352 1218 379 illws
1232 353 1391 381 inevitabilis
1405 355 1470 382 ttllio
1483 356 1606 389 excipiet.
1620 357 1708 384 Dicam
1721 359 1787 384 enim
1804 367 1868 385 mrs-

1079 397 1185 429 soribur,
1212 399 1305 433 inquit,
1331 398 1447 435 Colligite
1468 402 1575 434 primunt
1597 401 1708 429 zizanla.
1731 403 1784 430 Cur
1807 403 1867 430 Pri-

1081 443 1170 469 mum."
1192 443 1230 470 Ne
1248 449 1396 472 terreantur
1420 446 1467 478 illi,
1490 447 1564 481 quasi
1588 448 1702 474 triticum
1728 456 1787 475 cum
1817 450 1868 477 illis

1079 487 1224 515 auferatur.
1251 488 1284 516 Et
1306 491 1410 526 alligata
1429 500 1458 518 ea
1479 492 1504 519 in
1518 493 1652 526 ftuciculot
1670 494 1704 520 ad
1718 495 1867 521 comburen-

1079 532 1139 558 dunt
1151 541 1159 565 ;
1172 534 1281 560 triticum
1291 541 1375 562 autent
1391 542 1539 571 congregute
1551 538 1577 564 in
1588 538 1713 565 horreum.
1729 540 1772 566 5L
1783 540 1868 566 Aliam

1080 579 1226 611 parabolum
1246 584 1363 614 apposuit
1378 583 1414 608 eis
1429 582 1513 609 dicens
1529 591 1538 609 :
1551 582 1642 610 Simile
1651 589 1687 610 est
1699 593 1805 619 regnum
1818 593 1869 611 cte-

1080 622 1160 649 larum
1170 632 1250 658 grano
1263 626 1367 660 sinapis.
1390 627 1455 659 Quia
1471 628 1541 654 enim
1555 628 1632 661 dixit,
1649 637 1680 656 ex
1697 630 1798 656 sentiae
1814 634 1868 657 tres

1077 673 1167 701 partes
1190 671 1285 704 perire,
1308 679 1439 707 unamque
1464 675 1576 707 servari,
1595 679 1621 701 et
1645 675 1670 701 in
1695 675 1744 702 hac
1763 683 1868 710 quoque

1078 719 1182 740 servata
1200 720 1273 748 parte
1287 721 1326 742 tot
1340 722 1464 752 tantaque
1484 720 1623 747 imminere
1643 721 1812 754 detrimenta,
1834 729 1868 748 ne

1077 757 1204 789 dicerent.
1217 760 1249 787 Et
1262 762 1367 796 quinam
1383 770 1534 798 quantoque
1544 773 1655 793 numero
1670 767 1760 794 ﬁdeles
1773 768 1867 795 erunt?

1078 802 1147 830 hunc
1167 811 1272 839 quoque
1295 813 1394 834 metunt
1413 809 1509 842 aufert,
1531 811 1591 837 illos
1606 819 1653 844 per
1664 813 1816 846 paraltolant
1831 813 1867 840 sis

1077 849 1153 882 napis
1176 850 1208 876 ad
1232 850 1309 878 ﬁdenti
1331 853 1467 886 inducens,
1488 855 1684 891 ostendensque
1700 857 1865 890 prtedieatio-

1077 902 1138 921 rtem
1159 895 1256 931 ubique
1276 905 1445 931 pervasurum
1467 907 1537 927 esse.
1557 900 1619 928 Ideo
1632 902 1711 929 oleris
1725 903 1866 937 imaginem

1077 939 1103 966 in
1121 941 1236 967 medium
1250 942 1360 969 adduxit
1374 943 1434 971 huic
1448 950 1604 979 argumento
1618 947 1759 974 admodum
1770 956 1867 983 oppor-

1078 989 1167 1012 tunam
1181 995 1187 1012 :
1204 986 1248 1013 52.
1272 987 1345 1020 Quod
1363 989 1445 1016 minus
1458 996 1503 1022 est,
1525 991 1619 1025 inquit,
1635 993 1748 1020 omnibus
1763 995 1866 1021 semiui-

1077 1031 1139 1063 bus;
1152 1040 1209 1058 cum
1219 1038 1300 1059 autem
1312 1036 1424 1066 creverit,
1441 1037 1524 1070 majus
1537 1041 1572 1063 est
1586 1038 1700 1065 omnibus
1710 1039 1827 1071 oleribus,
1843 1045 1867 1067 et

1076 1076 1104 1110 ﬁt
1116 1077 1201 1110 urbor,
1216 1078 1251 1104 ita
1264 1083 1291 1105 ut
1305 1079 1418 1107 volucres
1431 1081 1487 1108 εωίὶ
1499 1082 1606 1113 umiant,
1623 1088 1645 1109 et
1664 1084 1690 1110 in
1714 1085 1790 1111 ramis
1812 1087 1866 1120 ejus

1075 1121 1194 1149 habitent
1216 1123 1404 1158 Magnitudinis
1425 1127 1495 1153 enitn
1520 1128 1645 1155 indicium
1664 1129 1801 1158 declarare
1816 1139 1864 1158 ro-

1075 1167 1133 1194 luit.
1150 1168 1204 1201 Sic,
1228 1169 1323 1204 inquit,
1346 1175 1374 1198 et
1395 1172 1421 1198 itt
1446 1173 1635 1206 prtedicatione
1647 1176 1707 1202 erit.
1729 1176 1794 1203 Nam
1809 1185 1866 1204 Otll-

1075 1212 1148 1240 illum
1164 1215 1338 1242 inﬁrmissimi
1355 1221 1431 1243 erant
1452 1217 1591 1251 discipuli,
1621 1221 1792 1255 omniumque
1814 1223 1864 1248 nti-

1075 1259 1138 1286 nimi
1154 1268 1161 1285 :
1177 1266 1294 1288 attamen
1316 1265 1375 1297 quia
1398 1270 1492 1298 magna
1509 1264 1534 1290 in
1556 1265 1618 1298 ipsis
1633 1267 1716 1293 virtus
1735 1272 1801 1298 erat,
1819 1276 1865 1302 per

1075 1309 1158 1332 totttm
1172 1307 1265 1334 orbem
1279 1307 1362 1336 effusa
1375 1314 1426 1336 est.
1446 1309 1547 1336 Deinde
1562 1311 1611 1337 sub
1626 1311 1673 1338 hac
1689 1312 1803 1347 imagine
1814 1314 1865 1340 ler-

1074 1356 1193 1378 mentum
1209 1354 1305 1387 posuit,
1322 1354 1413 1381 dicens
1429 1363 1435 1381 :
1450 1355 1495 1382 55.
1512 1354 1604 1383 Simile
1616 1362 1651 1383 est
1664 1365 1768 1391 regnum
1788 1360 1864 1385 cwlo-

1074 1405 1131 1424 runt
1142 1399 1273 1433 fermento,
1288 1400 1355 1434 quod
1368 1406 1498 1436 acceptum
1512 1402 1603 1429 mulier
1617 1403 1747 1430 abscondit
1758 1405 1784 1431 in
1800 1405 1864 1438 [uri-

1075 1452 1115 1471 πω
1134 1447 1195 1472 satis
1216 1446 1304 1479 tribus,
1328 1447 1407 1474 donec
1429 1450 1607 1483 fermentatum
1625 1455 1661 1476 est
1679 1455 1768 1477 totum.
1791 1452 1864 1479 Sicut

1075 1491 1145 1518 enim
1168 1491 1328 1519 fermentum
1348 1493 1438 1520 multa:
1460 1493 1552 1521 lat-inte
1566 1495 1619 1522 vim
1633 1503 1707 1522 suam
1723 1496 1804 1530 indit,
1826 1498 1865 1525 sic

1074 1541 1102 1563 et
1114 1544 1163 1564 vos
1177 1542 1259 1564 totmn
1277 1539 1403 1566 mundttm
1416 1540 1589 1567 eonvertetis.
1611 1541 1643 1568 Et
1663 1541 1723 1568 vide
1746 1542 1864 1577 pruden-

1074 1581 1148 1609 tiam.
1169 1582 1275 1610 Natura:
1295 1584 1421 1619 imagines
1442 1585 1529 1618 al'l‘crt,
1551 1593 1604 1620 qua
1616 1587 1748 1619 ostendat,
1764 1593 1790 1614 ut
1808 1588 1864 1615 lucc

1074 1629 1219 1655 secundum
1245 1629 1393 1657 naturalem
1420 1638 1509 1657 rerum
1533 1632 1630 1658 seriem
1654 1633 1805 1660 necessario
1827 1634 1864 1661 ita

1073 1674 1149 1707 ﬁunt,
1171 1675 1209 1702 sic
1233 1680 1260 1702 et
1282 1675 1341 1703 ista.
1367 1675 1405 1703 Ne
1423 1676 1487 1703 mihi
1501 1676 1600 1704 dixeris
1614 1685 1621 1704 :
1635 1677 1702 1711 Quid
1717 1679 1864 1713 poterimus

1073 1721 1211 1749 duodecim
1227 1721 1350 1750 homines
1366 1723 1392 1749 in
1406 1726 1507 1750 tantam
1526 1723 1722 1750 multitudinem
1746 1725 1864 1752 inciden-

1073 1766 1132 1793 tes?
1151 1766 1216 1793 Nam
1237 1767 1351 1801 idipsum
1372 1769 1487 1796 maxime
1505 1769 1630 1796 virtutem
1645 1774 1759 1796 vestram
1773 1770 1864 1805 splen-

1071 1811 1161 1838 didam
1182 1812 1278 1845 reddit,
1295 1813 1365 1847 quod
1381 1813 1542 1840 mttltitudini
1556 1813 1665 1841 admixti
1679 1823 1731 1842 non
1746 1814 1862 1850 fugiatis.

1071 1858 1299 1891 Quemadmodum
1314 1864 1342 1886 et
1354 1859 1513 1887 fermentum
1528 1864 1590 1886 tunc
1613 1868 1727 1887 maSSam
1747 1860 1863 1889 fermen-

1072 1907 1119 1934 tat,
1139 1911 1199 1931 cum
1223 1904 1315 1932 farina:
1337 1905 1513 1938 admovetur;
1534 1913 1584 1933 nec
1599 1906 1678 1933 modo
1691 1906 1859 1940 admovetur,

1070 1950 1117 1976 sed
1141 1950 1174 1976 ita
1195 1954 1224 1976 ut
1242 1950 1401 1984 misceatur;
1426 1959 1477 1977 non
1501 1951 1571 1978 enim
1598 1951 1755 1985 simpliciter
1775 1952 1860 1985 dixit,

1072 1995 1171 2026 Posuit,
1184 1997 1242 2029 sed,
1255 1996 1410 2023 Abscondit:
1425 1997 1463 2023 sic
1477 2001 1504 2023 et
1516 2004 1563 2023 vos
1574 1998 1727 2031 agglutinati
1742 1998 1860 2032 etjuncti

1070 2050 1130 2070 cum
1147 2042 1365 2076 impugnantibus
1378 2050 1436 2072 vos,
1457 2043 1528 2076 ipsos
1547 2043 1717 2076 superabitis.
1742 2044 1773 2070 Et
1791 2045 1861 2071 sicut

1070 2087 1133 2115 illud
1149 2088 1270 2114 obruitur
1284 2087 1308 2114 in
1324 2095 1420 2120 massa,
1437 2087 1483 2114 sed
1499 2094 1551 2114 non
1566 2088 1702 2122 perditur,
1727 2089 1773 2116 sed
1794 2096 1860 2123 pan-

1071 2133 1142 2160 latim
1155 2133 1202 2160 toti
1218 2140 1313 2159 massae
1326 2133 1377 2159 vim
1393 2140 1468 2160 suam
1487 2133 1552 2160 indit
1570 2143 1576 2160 :
1592 2133 1705 2167 idipsum
1722 2134 1748 2160 in
1761 2135 1858 2168 przcdi-

1068 2179 1172 2206 catioue
1191 2179 1335 2212 continget.
1353 2177 1392 2205 Ne
1410 2178 1497 2212 itaque
1519 2178 1579 2213 quia
1603 2179 1700 2205 audias
1724 2187 1858 2206 a'rumnas

1069 2225 1190 2260 pra-dixi,
1215 2225 1275 2251 ideo
1297 2224 1412 2251 timentis
1429 2233 1435 2251 :
1452 2232 1513 2251 nam
1529 2225 1567 2252 sic
1585 2225 1716 2259 splendidi
1737 2226 1812 2252 eritis
1832 2230 1860 2254 et

1068 2270 1157 2297 omnia
1182 2269 1351 2303 superabitis.
1377 2269 1438 2296 Tria
1454 2277 1533 2303 porro
1547 2274 1603 2296 sata
1618 2270 1660 2296 hic
1679 2270 1760 2297 multa
1774 2271 1858 2305 signi.

1069 2315 1163 2347 ﬁcant;
1188 2315 1257 2342 hunc
1269 2316 1367 2350 quippe
1381 2321 1520 2342 numerum
1536 2315 1605 2342 solet
1623 2323 1671 2350 pro
1689 2316 1858 2344 multitudine

1068 2360 1204 2387 adbibere.
1229 2359 1267 2387 Ne
1291 2360 1395 2387 mireris
1418 2364 1518 2392 autem,
1540 2360 1562 2387 si
1582 2360 1617 2388 de
1634 2368 1716 2395 regno
1735 2361 1860 2396 loquens,

1067 2415 1177 2442 gramtm
1199 2413 1226 2434 et
1246 2407 1405 2433 fermentum
1428 2411 1569 2438 memoret,
1593 2405 1745 2434 hominibus
1759 2408 1858 2442 quippe

1068 2453 1224 2488 loquebatur
1241 2452 1370 2486 imperitis
1390 2456 1417 2479 et
1438 2452 1546 2486 ignaris,
1567 2459 1635 2487 quos
1653 2459 1720 2486 opus
1739 2457 1797 2480 erat
1816 2453 1857 2480 his

1067 2499 1142 2533 erigi.
1160 2497 1225 2525 Nam
1240 2498 1275 2524 ita
1290 2497 1425 2531 simplices
1439 2501 1526 2529 erant,
1542 2501 1570 2524 ut
1585 2502 1676 2532 postea
1691 2498 1772 2524 multa
1788 2505 1857 2532 opus

1068 2544 1196 2571 haberent
1216 2544 1444 2578 interpretatione.
1469 2543 1518 2571 Ubi
1533 2548 1595 2570 sunt
1605 2545 1736 2579 gentiles?
1755 2545 1854 2572 Christl

1067 2590 1191 2616 virtutem
1204 2589 1333 2621 ediscant,
1348 2596 1436 2616 rerqu
1448 2590 1587 2616 veritatem
1600 2590 1813 2624 conspicientes;
1830 2595 1858 2617 et

1067 2635 1117 2662 hac
1135 2640 1246 2669 utraque
1267 2635 1302 2662 de
1323 2642 1403 2662 causa
1428 2635 1502 2662 illum
1523 2635 1646 2668 adorent,
1670 2639 1697 2663 et
1711 2636 1781 2670 quod
1800 2644 1857 2663 rem

1068 2685 1167 2708 tantam
1188 2680 1352 2715 praedixerit,
1378 2684 1405 2707 et
1425 2679 1496 2715 quod
1518 2681 1588 2707 illam
1609 2681 1768 2715 impleverit.
1790 2681 1856 2708 Nam

1066 2727 1123 2762 ipse
1138 2731 1178 2754 est
1191 2726 1236 2762 qui
1251 2727 1301 2753 vim
1316 2726 1447 2753 fermento
1463 2727 1538 2753 indit.
1558 2727 1620 2754 ideo
1633 2727 1795 2754 multitudini
1810 2727 1857 2754 ad-

1067 2773 1172 2800 miscuit
1192 2780 1239 2800 eos
1258 2772 1303 2808 qui
1323 2772 1350 2799 in
1374 2780 1403 2800 se
1427 2772 1582 2806 credebant,
1606 2778 1634 2800 ut
1654 2773 1856 2807 intelligentiam

1067 2823 1185 2846 nostram
1200 2823 1293 2846 mutuo
1307 2819 1454 2847 tradamus.
1475 2819 1560 2847 Nemo
1571 2819 1605 2847 de
1623 2819 1754 2854 paucitate
1767 2819 1856 2846 causi-

1069 2865 1172 2893 cetur.
1198 2864 1276 2892 Multa
1300 2864 1398 2900 quippe
1417 2868 1459 2892 est
1481 2864 1678 2900 praedicationis
1703 2864 1801 2893 virtus;
1825 2867 1854 2891 et
