  <div class='ocr_page' id='page_1' title='image "/cluster/home/n/w/nwhite01/storage/ocr_20150623/57-58/njp.32101077772653/417.png"; bbox 0 0 2068 3132; ppageno 0'>
   <div class='ocr_carea' id='block_1_1' title="bbox 231 157 279 184">
    <p class='ocr_par' dir='ltr' id='par_1_1' title="bbox 231 157 279 184">
     <span class='ocr_line' id='line_1_1' title="bbox 231 157 279 184; baseline 0.021 -1"><span class='ocrx_word' id='word_1_1' title='bbox 231 157 279 184; x_wconf 66' lang='grc' dir='ltr'><strong>ιτς)</strong></span> 
     </span>
    </p>
   </div>
   <div class='ocr_carea' id='block_1_2' title="bbox 228 210 1017 248">
    <p class='ocr_par' dir='ltr' id='par_1_2' title="bbox 228 210 1017 248">
     <span class='ocr_line' id='line_1_2' title="bbox 228 210 1017 248; baseline -0.004 -8"><span class='ocrx_word' id='word_1_2' title='bbox 228 214 299 248; x_wconf 86' lang='lat' dir='ltr'><strong>quod</strong></span> <span class='ocrx_word' id='word_1_3' title='bbox 323 213 407 240; x_wconf 82' lang='lat' dir='ltr'><strong>semel</strong></span> <span class='ocrx_word' id='word_1_4' title='bbox 429 211 616 239; x_wconf 84' lang='lat' dir='ltr'><strong>fermentatum</strong></span> <span class='ocrx_word' id='word_1_5' title='bbox 640 216 697 244; x_wconf 87' lang='lat' dir='ltr'><strong>est,</strong></span> <span class='ocrx_word' id='word_1_6' title='bbox 722 210 881 239; x_wconf 86' lang='lat' dir='ltr'><strong>fermentum</strong></span> <span class='ocrx_word' id='word_1_7' title='bbox 909 210 1017 244; x_wconf 84' lang='lat' dir='ltr'><strong>reliquis</strong></span> 
     </span>
    </p>
   </div>
   <div class='ocr_carea' id='block_1_3' title="bbox 229 255 1018 292">
    <p class='ocr_par' dir='ltr' id='par_1_3' title="bbox 229 255 1018 292">
     <span class='ocr_line' id='line_1_3' title="bbox 229 255 1018 292; baseline -0.008 -5"><span class='ocrx_word' id='word_1_8' title='bbox 229 260 353 287; x_wconf 80' lang='lat' dir='ltr'><strong>efficitur.</strong></span> <span class='ocrx_word' id='word_1_9' title='bbox 379 259 418 285; x_wconf 86' lang='lat' dir='ltr'><strong>Ac</strong></span> <span class='ocrx_word' id='word_1_10' title='bbox 438 257 660 292; x_wconf 82' lang='lat' dir='ltr'><strong>quemadmodum</strong></span> <span class='ocrx_word' id='word_1_11' title='bbox 679 257 793 285; x_wconf 74' lang='lat' dir='ltr'><strong>scintilla</strong></span> <span class='ocrx_word' id='word_1_12' title='bbox 814 263 873 283; x_wconf 89' lang='lat' dir='ltr'><strong>cum</strong></span> <span class='ocrx_word' id='word_1_13' title='bbox 899 256 924 282; x_wconf 93' lang='lat' dir='ltr'><strong>in</strong></span> <span class='ocrx_word' id='word_1_14' title='bbox 949 255 1018 289; x_wconf 81' lang='lat' dir='ltr'><strong>ligna</strong></span> 
     </span>
    </p>
   </div>
   <div class='ocr_carea' id='block_1_4' title="bbox 228 301 1017 337">
    <p class='ocr_par' dir='ltr' id='par_1_4' title="bbox 228 301 1017 337">
     <span class='ocr_line' id='line_1_4' title="bbox 228 301 1017 337; baseline -0.006 -4"><span class='ocrx_word' id='word_1_15' title='bbox 228 305 330 337; x_wconf 75' lang='lat' dir='ltr'><strong>incidit,</strong></span> <span class='ocrx_word' id='word_1_16' title='bbox 351 304 489 332; x_wconf 88' lang='lat' dir='ltr'><strong>combusta</strong></span> <span class='ocrx_word' id='word_1_17' title='bbox 510 304 535 330; x_wconf 91' lang='lat' dir='ltr'><strong>in</strong></span> <span class='ocrx_word' id='word_1_18' title='bbox 549 303 682 330; x_wconf 80' lang='lat' dir='ltr'><strong>flammam</strong></span> <span class='ocrx_word' id='word_1_19' title='bbox 705 303 847 334; x_wconf 73' lang='lat' dir='ltr'><strong>convertit,</strong></span> <span class='ocrx_word' id='word_1_20' title='bbox 860 307 887 329; x_wconf 91' lang='lat' dir='ltr'><strong>et</strong></span> <span class='ocrx_word' id='word_1_21' title='bbox 906 302 946 329; x_wconf 90' lang='lat' dir='ltr'><strong>sic</strong></span> <span class='ocrx_word' id='word_1_22' title='bbox 967 301 1017 328; x_wconf 90' lang='lat' dir='ltr'><strong>alia</strong></span> 
     </span>
    </p>
   </div>
   <div class='ocr_carea' id='block_1_5' title="bbox 229 347 1016 385">
    <p class='ocr_par' dir='ltr' id='par_1_5' title="bbox 229 347 1016 385">
     <span class='ocr_line' id='line_1_5' title="bbox 229 347 1016 385; baseline -0.009 -6"><span class='ocrx_word' id='word_1_23' title='bbox 229 352 329 379; x_wconf 80' lang='lat' dir='ltr'><strong>invadit</strong></span> <span class='ocrx_word' id='word_1_24' title='bbox 344 360 350 378; x_wconf 88' lang='lat'>:</span> <span class='ocrx_word' id='word_1_25' title='bbox 368 351 403 378; x_wconf 89' lang='lat' dir='ltr'><strong>ita</strong></span> <span class='ocrx_word' id='word_1_26' title='bbox 416 355 442 377; x_wconf 86' lang='lat' dir='ltr'><strong>et</strong></span> <span class='ocrx_word' id='word_1_27' title='bbox 456 350 618 385; x_wconf 70' lang='lat' dir='ltr'><strong>prmdicatio.</strong></span> <span class='ocrx_word' id='word_1_28' title='bbox 643 349 701 376; x_wconf 88' lang='lat' dir='ltr'><strong>Non</strong></span> <span class='ocrx_word' id='word_1_29' title='bbox 721 349 788 375; x_wconf 86' lang='lat' dir='ltr'><strong>dixit</strong></span> <span class='ocrx_word' id='word_1_30' title='bbox 804 352 891 374; x_wconf 89' lang='lat' dir='ltr'><strong>tamen</strong></span> <span class='ocrx_word' id='word_1_31' title='bbox 908 347 1016 381; x_wconf 84' lang='lat' dir='ltr'><strong>ignem,</strong></span> 
     </span>
    </p>
   </div>
   <div class='ocr_carea' id='block_1_6' title="bbox 227 392 1017 429">
    <p class='ocr_par' dir='ltr' id='par_1_6' title="bbox 227 392 1017 429">
     <span class='ocr_line' id='line_1_6' title="bbox 227 392 1017 429; baseline -0.008 -6"><span class='ocrx_word' id='word_1_32' title='bbox 227 397 274 424; x_wconf 79' lang='lat' dir='ltr'><strong>sed</strong></span> <span class='ocrx_word' id='word_1_33' title='bbox 290 396 465 427; x_wconf 87' lang='lat' dir='ltr'><strong>fermentum;</strong></span> <span class='ocrx_word' id='word_1_34' title='bbox 481 395 583 429; x_wconf 85' lang='lat' dir='ltr'><strong>quare?</strong></span> <span class='ocrx_word' id='word_1_35' title='bbox 596 394 661 427; x_wconf 85' lang='lat' dir='ltr'><strong>Quia</strong></span> <span class='ocrx_word' id='word_1_36' title='bbox 677 393 710 420; x_wconf 89' lang='lat' dir='ltr'><strong>ibi</strong></span> <span class='ocrx_word' id='word_1_37' title='bbox 727 400 778 420; x_wconf 92' lang='lat' dir='ltr'><strong>non</strong></span> <span class='ocrx_word' id='word_1_38' title='bbox 802 397 884 419; x_wconf 92' lang='lat' dir='ltr'><strong>totum</strong></span> <span class='ocrx_word' id='word_1_39' title='bbox 905 392 938 418; x_wconf 91' lang='lat' dir='ltr'><strong>ab</strong></span> <span class='ocrx_word' id='word_1_40' title='bbox 958 392 1017 425; x_wconf 87' lang='lat' dir='ltr'><strong>igne</strong></span> 
     </span>
    </p>
   </div>
   <div class='ocr_carea' id='block_1_7' title="bbox 226 431 1017 474">
    <p class='ocr_par' dir='ltr' id='par_1_7' title="bbox 226 431 1017 474">
     <span class='ocr_line' id='line_1_7' title="bbox 226 431 1017 474; baseline -0.006 -5"><span class='ocrx_word' id='word_1_41' title='bbox 226 431 323 474; x_wconf 81' lang='lat' dir='ltr'><strong>oritur,</strong></span> <span class='ocrx_word' id='word_1_42' title='bbox 345 442 391 469; x_wconf 84' lang='lat' dir='ltr'><strong>sed</strong></span> <span class='ocrx_word' id='word_1_43' title='bbox 416 442 494 468; x_wconf 93' lang='lat' dir='ltr'><strong>simul</strong></span> <span class='ocrx_word' id='word_1_44' title='bbox 518 442 597 468; x_wconf 84' lang='lat' dir='ltr'><strong>etiam</strong></span> <span class='ocrx_word' id='word_1_45' title='bbox 618 449 632 467; x_wconf 91' lang='lat' dir='ltr'><strong>a</strong></span> <span class='ocrx_word' id='word_1_46' title='bbox 646 440 724 473; x_wconf 70' lang='lat' dir='ltr'><strong>lignis</strong></span> <span class='ocrx_word' id='word_1_47' title='bbox 739 439 873 470; x_wconf 77' lang='lat' dir='ltr'><strong>incensis;</strong></span> <span class='ocrx_word' id='word_1_48' title='bbox 898 438 939 465; x_wconf 88' lang='lat' dir='ltr'><strong>hic</strong></span> <span class='ocrx_word' id='word_1_49' title='bbox 954 446 1017 465; x_wconf 75' lang='lat' dir='ltr'><strong>vero</strong></span> 
     </span>
    </p>
   </div>
   <div class='ocr_carea' id='block_1_8' title="bbox 227 484 1017 522">
    <p class='ocr_par' dir='ltr' id='par_1_8' title="bbox 227 484 1017 522">
     <span class='ocr_line' id='line_1_8' title="bbox 227 484 1017 522; baseline -0.006 -6"><span class='ocrx_word' id='word_1_50' title='bbox 227 491 386 516; x_wconf 73' lang='lat' dir='ltr'><strong>fermentum</strong></span> <span class='ocrx_word' id='word_1_51' title='bbox 413 495 459 522; x_wconf 88' lang='lat' dir='ltr'><strong>per</strong></span> <span class='ocrx_word' id='word_1_52' title='bbox 481 495 510 514; x_wconf 81' lang='lat' dir='ltr'><strong>se</strong></span> <span class='ocrx_word' id='word_1_53' title='bbox 534 491 616 514; x_wconf 91' lang='lat' dir='ltr'><strong>totum</strong></span> <span class='ocrx_word' id='word_1_54' title='bbox 637 485 729 513; x_wconf 87' lang='lat' dir='ltr'><strong>efficit.</strong></span> <span class='ocrx_word' id='word_1_55' title='bbox 753 485 829 517; x_wconf 84' lang='lat' dir='ltr'><strong>Quod</strong></span> <span class='ocrx_word' id='word_1_56' title='bbox 852 485 873 511; x_wconf 89' lang='lat' dir='ltr'><strong>si</strong></span> <span class='ocrx_word' id='word_1_57' title='bbox 897 484 1017 511; x_wconf 92' lang='lat' dir='ltr'><strong>homines</strong></span> 
     </span>
    </p>
   </div>
   <div class='ocr_carea' id='block_1_9' title="bbox 226 531 1016 565">
    <p class='ocr_par' dir='ltr' id='par_1_9' title="bbox 226 531 1016 565">
     <span class='ocr_line' id='line_1_9' title="bbox 226 531 1016 565; baseline -0.004 -5"><span class='ocrx_word' id='word_1_58' title='bbox 226 535 366 562; x_wconf 75' lang='lat' dir='ltr'><strong>duodecim</strong></span> <span class='ocrx_word' id='word_1_59' title='bbox 389 539 472 560; x_wconf 90' lang='lat' dir='ltr'><strong>totum</strong></span> <span class='ocrx_word' id='word_1_60' title='bbox 486 533 578 560; x_wconf 86' lang='lat' dir='ltr'><strong>orbem</strong></span> <span class='ocrx_word' id='word_1_61' title='bbox 590 533 794 562; x_wconf 87' lang='lat' dir='ltr'><strong>ferinentarunt,</strong></span> <span class='ocrx_word' id='word_1_62' title='bbox 819 531 905 565; x_wconf 84' lang='lat' dir='ltr'><strong>cogita</strong></span> <span class='ocrx_word' id='word_1_63' title='bbox 920 535 1016 564; x_wconf 85' lang='lat' dir='ltr'><strong>quanta</strong></span> 
     </span>
    </p>
   </div>
   <div class='ocr_carea' id='block_1_10' title="bbox 227 577 1014 615">
    <p class='ocr_par' dir='ltr' id='par_1_10' title="bbox 227 577 1014 615">
     <span class='ocr_line' id='line_1_10' title="bbox 227 577 1014 615; baseline -0.005 -8"><span class='ocrx_word' id='word_1_64' title='bbox 227 582 259 608; x_wconf 84' lang='lat' dir='ltr'><strong>sit</strong></span> <span class='ocrx_word' id='word_1_65' title='bbox 277 581 392 615; x_wconf 88' lang='lat' dir='ltr'><strong>nequitia</strong></span> <span class='ocrx_word' id='word_1_66' title='bbox 409 585 508 612; x_wconf 89' lang='lat' dir='ltr'><strong>nostra,</strong></span> <span class='ocrx_word' id='word_1_67' title='bbox 531 579 610 613; x_wconf 86' lang='lat' dir='ltr'><strong>quod,</strong></span> <span class='ocrx_word' id='word_1_68' title='bbox 635 586 694 605; x_wconf 87' lang='lat' dir='ltr'><strong>cuni</strong></span> <span class='ocrx_word' id='word_1_69' title='bbox 709 582 782 604; x_wconf 89' lang='lat' dir='ltr'><strong>tanto</strong></span> <span class='ocrx_word' id='word_1_70' title='bbox 798 585 907 604; x_wconf 86' lang='lat' dir='ltr'><strong>numero</strong></span> <span class='ocrx_word' id='word_1_71' title='bbox 922 577 1014 610; x_wconf 87' lang='lat' dir='ltr'><strong>simus,</strong></span> 
     </span>
    </p>
   </div>
   <div class='ocr_carea' id='block_1_11' title="bbox 228 621 1014 660">
    <p class='ocr_par' dir='ltr' id='par_1_11' title="bbox 228 621 1014 660">
     <span class='ocr_line' id='line_1_11' title="bbox 228 621 1014 660; baseline -0.004 -9"><span class='ocrx_word' id='word_1_72' title='bbox 228 634 280 652; x_wconf 89' lang='lat' dir='ltr'><strong>non</strong></span> <span class='ocrx_word' id='word_1_73' title='bbox 304 632 444 660; x_wconf 83' lang='lat' dir='ltr'><strong>possumus</strong></span> <span class='ocrx_word' id='word_1_74' title='bbox 463 629 549 651; x_wconf 82' lang='lat' dir='ltr'><strong>tamen</strong></span> <span class='ocrx_word' id='word_1_75' title='bbox 570 631 616 650; x_wconf 84' lang='lat' dir='ltr'><strong>eos</strong></span> <span class='ocrx_word' id='word_1_76' title='bbox 636 624 679 658; x_wconf 88' lang='lat' dir='ltr'><strong>qni</strong></span> <span class='ocrx_word' id='word_1_77' title='bbox 699 627 843 657; x_wconf 86' lang='lat' dir='ltr'><strong>supersunt</strong></span> <span class='ocrx_word' id='word_1_78' title='bbox 860 621 1014 654; x_wconf 81' lang='lat' dir='ltr'><strong>emendare,</strong></span> 
     </span>
    </p>
   </div>
   <div class='ocr_carea' id='block_1_12' title="bbox 225 667 1015 706">
    <p class='ocr_par' dir='ltr' id='par_1_12' title="bbox 225 667 1015 706">
     <span class='ocr_line' id='line_1_12' title="bbox 225 667 1015 706; baseline -0.004 -10"><span class='ocrx_word' id='word_1_79' title='bbox 225 680 292 706; x_wconf 78' lang='lat' dir='ltr'><strong>quos</strong></span> <span class='ocrx_word' id='word_1_80' title='bbox 305 671 467 706; x_wconf 87' lang='lat' dir='ltr'><strong>oportuisset</strong></span> <span class='ocrx_word' id='word_1_81' title='bbox 480 670 521 696; x_wconf 89' lang='lat' dir='ltr'><strong>vel</strong></span> <span class='ocrx_word' id='word_1_82' title='bbox 536 669 607 696; x_wconf 90' lang='lat' dir='ltr'><strong>mille</strong></span> <span class='ocrx_word' id='word_1_83' title='bbox 621 668 727 696; x_wconf 79' lang='lat' dir='ltr'><strong>mundis</strong></span> <span class='ocrx_word' id='word_1_84' title='bbox 740 667 772 695; x_wconf 88' lang='lat' dir='ltr'><strong>ad</strong></span> <span class='ocrx_word' id='word_1_85' title='bbox 784 667 1015 695; x_wconf 85' lang='lat' dir='ltr'><strong>fermentationem</strong></span> 
     </span>
    </p>
   </div>
   <div class='ocr_carea' id='block_1_13' title="bbox 226 718 357 744">
    <p class='ocr_par' dir='ltr' id='par_1_13' title="bbox 226 718 357 744">
     <span class='ocr_line' id='line_1_13' title="bbox 226 718 357 744; baseline 0 0"><span class='ocrx_word' id='word_1_86' title='bbox 226 718 357 744; x_wconf 78' lang='lat' dir='ltr'><strong>sufﬁcere.</strong></span> 
     </span>
    </p>
   </div>
   <div class='ocr_carea' id='block_1_14' title="bbox 261 757 1016 794">
    <p class='ocr_par' dir='ltr' id='par_1_14' title="bbox 261 757 1016 794">
     <span class='ocr_line' id='line_1_14' title="bbox 261 757 1016 794; baseline -0.007 -6"><span class='ocrx_word' id='word_1_87' title='bbox 261 763 287 789; x_wconf 82' lang='grc'>5.</span> <span class='ocrx_word' id='word_1_88' title='bbox 310 761 370 788; x_wconf 84' lang='lat' dir='ltr'><strong>Non</strong></span> <span class='ocrx_word' id='word_1_89' title='bbox 386 761 517 792; x_wconf 81' lang='lat' dir='ltr'><strong>miracula,</strong></span> <span class='ocrx_word' id='word_1_90' title='bbox 531 759 574 786; x_wconf 74' lang='lat' dir='ltr'><strong>sed</strong></span> <span class='ocrx_word' id='word_1_91' title='bbox 588 760 666 786; x_wconf 79' lang='lat' dir='ltr'><strong>virtus</strong></span> <span class='ocrx_word' id='word_1_92' title='bbox 679 759 805 794; x_wconf 74' lang='lat' dir='ltr'><strong>Apostolis</strong></span> <span class='ocrx_word' id='word_1_93' title='bbox 818 762 841 784; x_wconf 86' lang='lat' dir='ltr'><strong>et</strong></span> <span class='ocrx_word' id='word_1_94' title='bbox 852 758 909 784; x_wconf 79' lang='lat' dir='ltr'><strong>aliis</strong></span> <span class='ocrx_word' id='word_1_95' title='bbox 922 757 1016 784; x_wconf 78' lang='lat' dir='ltr'><strong>sanctis</strong></span> 
     </span>
    </p>
   </div>
   <div class='ocr_carea' id='block_1_15' title="bbox 225 803 1014 841">
    <p class='ocr_par' dir='ltr' id='par_1_15' title="bbox 225 803 1014 841">
     <span class='ocr_line' id='line_1_15' title="bbox 225 803 1014 841; baseline -0.006 -7"><span class='ocrx_word' id='word_1_96' title='bbox 225 815 308 834; x_wconf 81' lang='lat' dir='ltr'><strong>rerum</strong></span> <span class='ocrx_word' id='word_1_97' title='bbox 331 806 528 841; x_wconf 78' lang='lat' dir='ltr'><strong>magnitudinem</strong></span> <span class='ocrx_word' id='word_1_98' title='bbox 552 805 666 832; x_wconf 85' lang='lat' dir='ltr'><strong>contulit.</strong></span> <span class='ocrx_word' id='word_1_99' title='bbox 689 818 724 824; x_wconf 82' lang='lat'><strong>-——</strong></span> <span class='ocrx_word' id='word_1_100' title='bbox 749 805 800 836; x_wconf 78' lang='lat' dir='ltr'><strong>At,</strong></span> <span class='ocrx_word' id='word_1_101' title='bbox 826 803 947 838; x_wconf 80' lang='lat' dir='ltr'><strong>inquies,</strong></span> <span class='ocrx_word' id='word_1_102' title='bbox 978 803 1014 829; x_wconf 86' lang='lat' dir='ltr'><strong>illi</strong></span> 
     </span>
    </p>
   </div>
   <div class='ocr_carea' id='block_1_16' title="bbox 225 847 1014 885">
    <p class='ocr_par' dir='ltr' id='par_1_16' title="bbox 225 847 1014 885">
     <span class='ocr_line' id='line_1_16' title="bbox 225 847 1014 885; baseline -0.004 -8"><span class='ocrx_word' id='word_1_103' title='bbox 225 851 336 885; x_wconf 56' lang='lat' dir='ltr'><strong>apostoli</strong></span> <span class='ocrx_word' id='word_1_104' title='bbox 358 856 444 878; x_wconf 86' lang='lat' dir='ltr'><strong>erant.</strong></span> <span class='ocrx_word' id='word_1_105' title='bbox 473 850 506 877; x_wconf 89' lang='lat' dir='ltr'><strong>Et</strong></span> <span class='ocrx_word' id='word_1_106' title='bbox 518 850 580 884; x_wconf 91' lang='lat' dir='ltr'><strong>quid</strong></span> <span class='ocrx_word' id='word_1_107' title='bbox 594 850 644 877; x_wconf 89' lang='lat' dir='ltr'><strong>hoc</strong></span> <span class='ocrx_word' id='word_1_108' title='bbox 658 850 718 876; x_wconf 82' lang='lat' dir='ltr'><strong>est?</strong></span> <span class='ocrx_word' id='word_1_109' title='bbox 739 849 832 876; x_wconf 86' lang='lat' dir='ltr'><strong>Annon</strong></span> <span class='ocrx_word' id='word_1_110' title='bbox 847 847 939 875; x_wconf 82' lang='lat' dir='ltr'><strong>eadem</strong></span> <span class='ocrx_word' id='word_1_111' title='bbox 959 847 1014 881; x_wconf 78' lang='lat' dir='ltr'><strong>ipsa</strong></span> 
     </span>
    </p>
   </div>
   <div class='ocr_carea' id='block_1_17' title="bbox 224 893 1014 930">
    <p class='ocr_par' dir='ltr' id='par_1_17' title="bbox 224 893 1014 930">
     <span class='ocr_line' id='line_1_17' title="bbox 224 893 1014 930; baseline -0.006 -8"><span class='ocrx_word' id='word_1_112' title='bbox 224 904 275 930; x_wconf 83' lang='lat' dir='ltr'><strong>qlia</strong></span> <span class='ocrx_word' id='word_1_113' title='bbox 291 901 317 922; x_wconf 88' lang='grc' dir='ltr'><strong>ιιι</strong></span> <span class='ocrx_word' id='word_1_114' title='bbox 331 895 483 922; x_wconf 88' lang='lat' dir='ltr'><strong>conditione</strong></span> <span class='ocrx_word' id='word_1_115' title='bbox 497 895 596 921; x_wconf 86' lang='lat' dir='ltr'><strong>erant?</strong></span> <span class='ocrx_word' id='word_1_116' title='bbox 611 902 702 921; x_wconf 81' lang='lat' dir='ltr'><strong>nonne</strong></span> <span class='ocrx_word' id='word_1_117' title='bbox 719 894 744 920; x_wconf 90' lang='lat' dir='ltr'><strong>in</strong></span> <span class='ocrx_word' id='word_1_118' title='bbox 759 893 908 920; x_wconf 86' lang='lat' dir='ltr'><strong>civitatibus</strong></span> <span class='ocrx_word' id='word_1_119' title='bbox 923 899 1014 918; x_wconf 90' lang='lat' dir='ltr'><strong>versa-</strong></span> 
     </span>
    </p>
   </div>
   <div class='ocr_carea' id='block_1_18' title="bbox 224 937 1013 967">
    <p class='ocr_par' dir='ltr' id='par_1_18' title="bbox 224 937 1013 967">
     <span class='ocr_line' id='line_1_18' title="bbox 224 937 1013 967; baseline -0.006 0"><span class='ocrx_word' id='word_1_120' title='bbox 224 941 340 967; x_wconf 79' lang='lat' dir='ltr'><strong>bantur?</strong></span> <span class='ocrx_word' id='word_1_121' title='bbox 363 948 449 966; x_wconf 89' lang='lat' dir='ltr'><strong>annon</strong></span> <span class='ocrx_word' id='word_1_122' title='bbox 474 939 628 966; x_wconf 79' lang='lat' dir='ltr'><strong>earumdem</strong></span> <span class='ocrx_word' id='word_1_123' title='bbox 651 943 790 965; x_wconf 90' lang='lat' dir='ltr'><strong>consortes</strong></span> <span class='ocrx_word' id='word_1_124' title='bbox 809 937 905 964; x_wconf 84' lang='lat' dir='ltr'><strong>erant?</strong></span> <span class='ocrx_word' id='word_1_125' title='bbox 925 943 1013 962; x_wconf 88' lang='lat' dir='ltr'><strong>annon</strong></span> 
     </span>
    </p>
   </div>
   <div class='ocr_carea' id='block_1_19' title="bbox 225 982 1014 1018">
    <p class='ocr_par' dir='ltr' id='par_1_19' title="bbox 225 982 1014 1018">
     <span class='ocr_line' id='line_1_19' title="bbox 225 982 1014 1018; baseline -0.005 -6"><span class='ocrx_word' id='word_1_126' title='bbox 225 992 296 1012; x_wconf 82' lang='lat' dir='ltr'><strong>artes</strong></span> <span class='ocrx_word' id='word_1_127' title='bbox 320 985 500 1013; x_wconf 75' lang='lat' dir='ltr'><strong>exercebant?</strong></span> <span class='ocrx_word' id='word_1_128' title='bbox 522 993 585 1011; x_wconf 92' lang='lat' dir='ltr'><strong>num</strong></span> <span class='ocrx_word' id='word_1_129' title='bbox 601 985 685 1018; x_wconf 80' lang='lat' dir='ltr'><strong>angeli</strong></span> <span class='ocrx_word' id='word_1_130' title='bbox 703 983 798 1011; x_wconf 82' lang='lat' dir='ltr'><strong>erant?</strong></span> <span class='ocrx_word' id='word_1_131' title='bbox 824 990 885 1009; x_wconf 91' lang='lat' dir='ltr'><strong>num</strong></span> <span class='ocrx_word' id='word_1_132' title='bbox 900 990 932 1009; x_wconf 89' lang='lat' dir='ltr'><strong>ex</strong></span> <span class='ocrx_word' id='word_1_133' title='bbox 949 982 1014 1008; x_wconf 81' lang='lat' dir='ltr'><strong>ca-lo</strong></span> 
     </span>
    </p>
   </div>
   <div class='ocr_carea' id='block_1_20' title="bbox 224 1027 1012 1064">
    <p class='ocr_par' dir='ltr' id='par_1_20' title="bbox 224 1027 1012 1064">
     <span class='ocr_line' id='line_1_20' title="bbox 224 1027 1012 1064; baseline -0.008 -5"><span class='ocrx_word' id='word_1_134' title='bbox 224 1031 435 1059; x_wconf 79' lang='lat' dir='ltr'><strong>descenderant?</strong></span> <span class='ocrx_word' id='word_1_135' title='bbox 457 1030 518 1063; x_wconf 88' lang='lat' dir='ltr'><strong>Sed,</strong></span> <span class='ocrx_word' id='word_1_136' title='bbox 536 1030 649 1064; x_wconf 87' lang='lat' dir='ltr'><strong>inquies,</strong></span> <span class='ocrx_word' id='word_1_137' title='bbox 666 1029 741 1063; x_wconf 79' lang='lat' dir='ltr'><strong>signa</strong></span> <span class='ocrx_word' id='word_1_138' title='bbox 756 1029 883 1055; x_wconf 81' lang='lat' dir='ltr'><strong>fecerant.</strong></span> <span class='ocrx_word' id='word_1_139' title='bbox 905 1027 962 1054; x_wconf 83' lang='lat' dir='ltr'><strong>Non</strong></span> <span class='ocrx_word' id='word_1_140' title='bbox 976 1027 1012 1053; x_wconf 73' lang='lat' dir='ltr'><strong>si~</strong></span> 
     </span>
    </p>
   </div>
   <div class='ocr_carea' id='block_1_21' title="bbox 223 1073 1014 1113">
    <p class='ocr_par' dir='ltr' id='par_1_21' title="bbox 223 1073 1014 1113">
     <span class='ocr_line' id='line_1_21' title="bbox 223 1073 1014 1113; baseline -0.009 -8"><span class='ocrx_word' id='word_1_141' title='bbox 223 1086 275 1113; x_wconf 78' lang='lat' dir='ltr'><strong>gna</strong></span> <span class='ocrx_word' id='word_1_142' title='bbox 290 1083 362 1105; x_wconf 86' lang='lat' dir='ltr'><strong>certe</strong></span> <span class='ocrx_word' id='word_1_143' title='bbox 379 1078 450 1110; x_wconf 85' lang='lat' dir='ltr'><strong>ipsos</strong></span> <span class='ocrx_word' id='word_1_144' title='bbox 464 1076 597 1103; x_wconf 86' lang='lat' dir='ltr'><strong>mirabiles</strong></span> <span class='ocrx_word' id='word_1_145' title='bbox 610 1076 764 1102; x_wconf 80' lang='lat' dir='ltr'><strong>elfecernnt.</strong></span> <span class='ocrx_word' id='word_1_146' title='bbox 779 1074 922 1109; x_wconf 85' lang='lat' dir='ltr'><strong>Usquequo</strong></span> <span class='ocrx_word' id='word_1_147' title='bbox 935 1073 1014 1099; x_wconf 88' lang='lat' dir='ltr'><strong>mira-</strong></span> 
     </span>
    </p>
   </div>
   <div class='ocr_carea' id='block_1_22' title="bbox 224 1118 1013 1157">
    <p class='ocr_par' dir='ltr' id='par_1_22' title="bbox 224 1118 1013 1157">
     <span class='ocr_line' id='line_1_22' title="bbox 224 1118 1013 1157; baseline -0.006 -7"><span class='ocrx_word' id='word_1_148' title='bbox 224 1125 290 1151; x_wconf 88' lang='lat' dir='ltr'><strong>enlis</strong></span> <span class='ocrx_word' id='word_1_149' title='bbox 314 1124 364 1150; x_wconf 81' lang='lat' dir='ltr'><strong>illis</strong></span> <span class='ocrx_word' id='word_1_150' title='bbox 388 1123 420 1149; x_wconf 86' lang='lat' dir='ltr'><strong>ad</strong></span> <span class='ocrx_word' id='word_1_151' title='bbox 443 1123 571 1157; x_wconf 80' lang='lat' dir='ltr'><strong>ignaviam</strong></span> <span class='ocrx_word' id='word_1_152' title='bbox 592 1126 710 1148; x_wconf 82' lang='lat' dir='ltr'><strong>nostram</strong></span> <span class='ocrx_word' id='word_1_153' title='bbox 730 1120 868 1155; x_wconf 78' lang='lat' dir='ltr'><strong>tegendam</strong></span> <span class='ocrx_word' id='word_1_154' title='bbox 890 1118 1013 1146; x_wconf 82' lang='lat' dir='ltr'><strong>utemur?</strong></span> 
     </span>
    </p>
   </div>
   <div class='ocr_carea' id='block_1_23' title="bbox 226 1163 1012 1200">
    <p class='ocr_par' dir='ltr' id='par_1_23' title="bbox 226 1163 1012 1200">
     <span class='ocr_line' id='line_1_23' title="bbox 226 1163 1012 1200; baseline -0.006 -5"><span class='ocrx_word' id='word_1_155' title='bbox 226 1169 291 1196; x_wconf 90' lang='lat' dir='ltr'><strong>Vide</strong></span> <span class='ocrx_word' id='word_1_156' title='bbox 305 1172 456 1195; x_wconf 85' lang='lat' dir='ltr'><strong>sanctorum</strong></span> <span class='ocrx_word' id='word_1_157' title='bbox 470 1167 591 1198; x_wconf 89' lang='lat' dir='ltr'><strong>chorum,</strong></span> <span class='ocrx_word' id='word_1_158' title='bbox 616 1166 660 1200; x_wconf 89' lang='lat' dir='ltr'><strong>qui</strong></span> <span class='ocrx_word' id='word_1_159' title='bbox 678 1174 731 1192; x_wconf 90' lang='lat' dir='ltr'><strong>non</strong></span> <span class='ocrx_word' id='word_1_160' title='bbox 746 1165 881 1192; x_wconf 82' lang='lat' dir='ltr'><strong>miraculis</strong></span> <span class='ocrx_word' id='word_1_161' title='bbox 893 1164 946 1190; x_wconf 90' lang='lat' dir='ltr'><strong>illis</strong></span> <span class='ocrx_word' id='word_1_162' title='bbox 959 1163 1012 1190; x_wconf 88' lang='lat' dir='ltr'><strong>ful-</strong></span> 
     </span>
    </p>
   </div>
   <div class='ocr_carea' id='block_1_24' title="bbox 223 1209 1013 1247">
    <p class='ocr_par' dir='ltr' id='par_1_24' title="bbox 223 1209 1013 1247">
     <span class='ocr_line' id='line_1_24' title="bbox 223 1209 1013 1247; baseline -0.008 -6"><span class='ocrx_word' id='word_1_163' title='bbox 223 1216 267 1241; x_wconf 89' lang='lat' dir='ltr'><strong>sit.</strong></span> <span class='ocrx_word' id='word_1_164' title='bbox 291 1214 364 1241; x_wconf 84' lang='lat' dir='ltr'><strong>lllulti</strong></span> <span class='ocrx_word' id='word_1_165' title='bbox 377 1214 447 1240; x_wconf 89' lang='lat' dir='ltr'><strong>enim</strong></span> <span class='ocrx_word' id='word_1_166' title='bbox 462 1213 505 1247; x_wconf 91' lang='lat' dir='ltr'><strong>qui</strong></span> <span class='ocrx_word' id='word_1_167' title='bbox 519 1211 655 1239; x_wconf 63' lang='lat' dir='ltr'><strong>dminones</strong></span> <span class='ocrx_word' id='word_1_168' title='bbox 670 1211 814 1244; x_wconf 84' lang='lat' dir='ltr'><strong>ejecerant,</strong></span> <span class='ocrx_word' id='word_1_169' title='bbox 836 1210 895 1244; x_wconf 85' lang='lat' dir='ltr'><strong>quia</strong></span> <span class='ocrx_word' id='word_1_170' title='bbox 914 1209 1013 1244; x_wconf 90' lang='lat' dir='ltr'><strong>iniqui-</strong></span> 
     </span>
    </p>
   </div>
   <div class='ocr_carea' id='block_1_25' title="bbox 223 1254 1011 1292">
    <p class='ocr_par' dir='ltr' id='par_1_25' title="bbox 223 1254 1011 1292">
     <span class='ocr_line' id='line_1_25' title="bbox 223 1254 1011 1292; baseline -0.009 -6"><span class='ocrx_word' id='word_1_171' title='bbox 223 1265 302 1286; x_wconf 83' lang='lat' dir='ltr'><strong>tatem</strong></span> <span class='ocrx_word' id='word_1_172' title='bbox 322 1259 423 1292; x_wconf 76' lang='lat' dir='ltr'><strong>operati</strong></span> <span class='ocrx_word' id='word_1_173' title='bbox 444 1262 514 1288; x_wconf 89' lang='lat' dir='ltr'><strong>sunt,</strong></span> <span class='ocrx_word' id='word_1_174' title='bbox 537 1256 674 1282; x_wconf 78' lang='lat' dir='ltr'><strong>mirabiles</strong></span> <span class='ocrx_word' id='word_1_175' title='bbox 688 1263 740 1281; x_wconf 85' lang='lat' dir='ltr'><strong>non</strong></span> <span class='ocrx_word' id='word_1_176' title='bbox 755 1255 871 1286; x_wconf 87' lang='lat' dir='ltr'><strong>fuerunt,</strong></span> <span class='ocrx_word' id='word_1_177' title='bbox 887 1254 934 1282; x_wconf 85' lang='lat' dir='ltr'><strong>sed</strong></span> <span class='ocrx_word' id='word_1_178' title='bbox 947 1262 1011 1289; x_wconf 88' lang='lat' dir='ltr'><strong>sup-</strong></span> 
     </span>
    </p>
   </div>
   <div class='ocr_carea' id='block_1_26' title="bbox 224 1299 1012 1338">
    <p class='ocr_par' dir='ltr' id='par_1_26' title="bbox 224 1299 1012 1338">
     <span class='ocr_line' id='line_1_26' title="bbox 224 1299 1012 1338; baseline -0.005 -8"><span class='ocrx_word' id='word_1_179' title='bbox 224 1303 309 1338; x_wconf 86' lang='lat' dir='ltr'><strong>pliciis</strong></span> <span class='ocrx_word' id='word_1_180' title='bbox 329 1307 390 1329; x_wconf 90' lang='lat' dir='ltr'><strong>sunt</strong></span> <span class='ocrx_word' id='word_1_181' title='bbox 408 1302 506 1328; x_wconf 89' lang='lat' dir='ltr'><strong>all&#39;ecti.</strong></span> <span class='ocrx_word' id='word_1_182' title='bbox 528 1300 645 1335; x_wconf 84' lang='lat' dir='ltr'><strong>Ecquid,</strong></span> <span class='ocrx_word' id='word_1_183' title='bbox 669 1300 790 1334; x_wconf 83' lang='lat' dir='ltr'><strong>inquies,</strong></span> <span class='ocrx_word' id='word_1_184' title='bbox 815 1299 875 1326; x_wconf 85' lang='lat' dir='ltr'><strong>illos</strong></span> <span class='ocrx_word' id='word_1_185' title='bbox 902 1307 1012 1334; x_wconf 81' lang='lat' dir='ltr'><strong>magnos</strong></span> 
     </span>
    </p>
   </div>
   <div class='ocr_carea' id='block_1_27' title="bbox 222 1344 1010 1381">
    <p class='ocr_par' dir='ltr' id='par_1_27' title="bbox 222 1344 1010 1381">
     <span class='ocr_line' id='line_1_27' title="bbox 222 1344 1010 1381; baseline -0.006 -5"><span class='ocrx_word' id='word_1_186' title='bbox 222 1347 328 1376; x_wconf 75' lang='lat' dir='ltr'><strong>effecit?</strong></span> <span class='ocrx_word' id='word_1_187' title='bbox 347 1348 520 1381; x_wconf 86' lang='lat' dir='ltr'><strong>Contemptus</strong></span> <span class='ocrx_word' id='word_1_188' title='bbox 541 1346 721 1380; x_wconf 79' lang='lat' dir='ltr'><strong>pecuniarum,</strong></span> <span class='ocrx_word' id='word_1_189' title='bbox 749 1353 823 1372; x_wconf 78' lang='lat' dir='ltr'><strong>vana:</strong></span> <span class='ocrx_word' id='word_1_190' title='bbox 847 1345 937 1379; x_wconf 76' lang='lat' dir='ltr'><strong>gloria:</strong></span> <span class='ocrx_word' id='word_1_191' title='bbox 961 1344 1010 1372; x_wconf 92' lang='lat' dir='ltr'><strong>de-</strong></span> 
     </span>
    </p>
   </div>
   <div class='ocr_carea' id='block_1_28' title="bbox 222 1390 1011 1429">
    <p class='ocr_par' dir='ltr' id='par_1_28' title="bbox 222 1390 1011 1429">
     <span class='ocr_line' id='line_1_28' title="bbox 222 1390 1011 1429; baseline -0.004 -9"><span class='ocrx_word' id='word_1_192' title='bbox 222 1399 339 1429; x_wconf 82' lang='lat' dir='ltr'><strong>spectus,</strong></span> <span class='ocrx_word' id='word_1_193' title='bbox 351 1392 526 1427; x_wconf 74' lang='lat' dir='ltr'><strong>sequestratio</strong></span> <span class='ocrx_word' id='word_1_194' title='bbox 540 1399 555 1418; x_wconf 91' lang='lat' dir='ltr'><strong>a</strong></span> <span class='ocrx_word' id='word_1_195' title='bbox 568 1392 646 1418; x_wconf 89' lang='lat' dir='ltr'><strong>bonis</strong></span> <span class='ocrx_word' id='word_1_196' title='bbox 660 1391 842 1418; x_wconf 58' lang='lat' dir='ltr'><strong>saecularibus.</strong></span> <span class='ocrx_word' id='word_1_197' title='bbox 859 1391 908 1424; x_wconf 85' lang='lat' dir='ltr'><strong>Qui</strong></span> <span class='ocrx_word' id='word_1_198' title='bbox 921 1391 942 1417; x_wconf 88' lang='lat' dir='ltr'><strong>si</strong></span> <span class='ocrx_word' id='word_1_199' title='bbox 954 1390 1011 1418; x_wconf 61' lang='lat' dir='ltr'><strong>hinc</strong></span> 
     </span>
    </p>
   </div>
   <div class='ocr_carea' id='block_1_29' title="bbox 222 1437 1009 1472">
    <p class='ocr_par' dir='ltr' id='par_1_29' title="bbox 222 1437 1009 1472">
     <span class='ocr_line' id='line_1_29' title="bbox 222 1437 1009 1472; baseline -0.004 -6"><span class='ocrx_word' id='word_1_200' title='bbox 222 1447 275 1466; x_wconf 88' lang='lat' dir='ltr'><strong>non</strong></span> <span class='ocrx_word' id='word_1_201' title='bbox 290 1439 454 1469; x_wconf 85' lang='lat' dir='ltr'><strong>habuissent,</strong></span> <span class='ocrx_word' id='word_1_202' title='bbox 471 1438 518 1465; x_wconf 86' lang='lat' dir='ltr'><strong>sed</strong></span> <span class='ocrx_word' id='word_1_203' title='bbox 529 1438 611 1464; x_wconf 88' lang='lat' dir='ltr'><strong>animi</strong></span> <span class='ocrx_word' id='word_1_204' title='bbox 625 1437 725 1464; x_wconf 87' lang='lat' dir='ltr'><strong>morbis</strong></span> <span class='ocrx_word' id='word_1_205' title='bbox 738 1437 897 1472; x_wconf 85' lang='lat' dir='ltr'><strong>paruissent.</strong></span> <span class='ocrx_word' id='word_1_206' title='bbox 907 1437 1009 1464; x_wconf 86' lang='lat' dir='ltr'><strong>etiamsi</strong></span> 
     </span>
    </p>
   </div>
   <div class='ocr_carea' id='block_1_30' title="bbox 222 1482 1010 1514">
    <p class='ocr_par' dir='ltr' id='par_1_30' title="bbox 222 1482 1010 1514">
     <span class='ocr_line' id='line_1_30' title="bbox 222 1482 1010 1514; baseline -0.005 -2"><span class='ocrx_word' id='word_1_207' title='bbox 222 1489 361 1512; x_wconf 89' lang='lat' dir='ltr'><strong>sexcentos</strong></span> <span class='ocrx_word' id='word_1_208' title='bbox 381 1489 501 1510; x_wconf 87' lang='lat' dir='ltr'><strong>mortuos</strong></span> <span class='ocrx_word' id='word_1_209' title='bbox 523 1482 706 1514; x_wconf 83' lang='lat' dir='ltr'><strong>suscitassent,</strong></span> <span class='ocrx_word' id='word_1_210' title='bbox 728 1490 782 1509; x_wconf 90' lang='lat' dir='ltr'><strong>non</strong></span> <span class='ocrx_word' id='word_1_211' title='bbox 797 1482 876 1509; x_wconf 84' lang='lat' dir='ltr'><strong>modo</strong></span> <span class='ocrx_word' id='word_1_212' title='bbox 890 1482 923 1509; x_wconf 87' lang='lat' dir='ltr'><strong>ad</strong></span> <span class='ocrx_word' id='word_1_213' title='bbox 939 1482 1010 1508; x_wconf 93' lang='lat' dir='ltr'><strong>nihi-</strong></span> 
     </span>
    </p>
   </div>
   <div class='ocr_carea' id='block_1_31' title="bbox 222 1527 1009 1562">
    <p class='ocr_par' dir='ltr' id='par_1_31' title="bbox 222 1527 1009 1562">
     <span class='ocr_line' id='line_1_31' title="bbox 222 1527 1009 1562; baseline -0.003 -6"><span class='ocrx_word' id='word_1_214' title='bbox 222 1530 275 1556; x_wconf 90' lang='lat' dir='ltr'><strong>lum</strong></span> <span class='ocrx_word' id='word_1_215' title='bbox 289 1529 368 1556; x_wconf 87' lang='lat' dir='ltr'><strong>utiles</strong></span> <span class='ocrx_word' id='word_1_216' title='bbox 384 1529 505 1560; x_wconf 82' lang='lat' dir='ltr'><strong>fuissent,</strong></span> <span class='ocrx_word' id='word_1_217' title='bbox 529 1527 576 1555; x_wconf 88' lang='lat' dir='ltr'><strong>sed</strong></span> <span class='ocrx_word' id='word_1_218' title='bbox 599 1528 678 1555; x_wconf 83' lang='lat' dir='ltr'><strong>etiam</strong></span> <span class='ocrx_word' id='word_1_219' title='bbox 694 1527 850 1562; x_wconf 88' lang='lat' dir='ltr'><strong>deeeptores</strong></span> <span class='ocrx_word' id='word_1_220' title='bbox 863 1533 888 1554; x_wconf 90' lang='lat' dir='ltr'><strong>et</strong></span> <span class='ocrx_word' id='word_1_221' title='bbox 901 1527 1009 1554; x_wconf 81' lang='lat' dir='ltr'><strong>fallaces</strong></span> 
     </span>
    </p>
   </div>
   <div class='ocr_carea' id='block_1_32' title="bbox 225 1570 1009 1606">
    <p class='ocr_par' dir='ltr' id='par_1_32' title="bbox 225 1570 1009 1606">
     <span class='ocr_line' id='line_1_32' title="bbox 225 1570 1009 1606; baseline -0.003 -8"><span class='ocrx_word' id='word_1_222' title='bbox 225 1572 308 1600; x_wconf 85' lang='lat' dir='ltr'><strong>habiti</strong></span> <span class='ocrx_word' id='word_1_223' title='bbox 324 1573 448 1600; x_wconf 83' lang='lat' dir='ltr'><strong>fuissent.</strong></span> <span class='ocrx_word' id='word_1_224' title='bbox 458 1572 504 1600; x_wconf 88' lang='lat' dir='ltr'><strong>Sic</strong></span> <span class='ocrx_word' id='word_1_225' title='bbox 512 1577 583 1600; x_wconf 87' lang='lat' dir='ltr'><strong>certe</strong></span> <span class='ocrx_word' id='word_1_226' title='bbox 595 1573 650 1599; x_wconf 83' lang='lat' dir='ltr'><strong>vita</strong></span> <span class='ocrx_word' id='word_1_227' title='bbox 663 1573 720 1606; x_wconf 89' lang='lat' dir='ltr'><strong>ipsa</strong></span> <span class='ocrx_word' id='word_1_228' title='bbox 730 1577 770 1599; x_wconf 89' lang='lat' dir='ltr'><strong>est</strong></span> <span class='ocrx_word' id='word_1_229' title='bbox 779 1579 838 1606; x_wconf 70' lang='lat' dir='ltr'><strong>qua:</strong></span> <span class='ocrx_word' id='word_1_230' title='bbox 846 1571 944 1605; x_wconf 87' lang='lat' dir='ltr'><strong>ubique</strong></span> <span class='ocrx_word' id='word_1_231' title='bbox 957 1570 1009 1596; x_wconf 86' lang='lat' dir='ltr'><strong>l&#39;ul-</strong></span> 
     </span>
    </p>
   </div>
   <div class='ocr_carea' id='block_1_33' title="bbox 224 1615 1029 1652">
    <p class='ocr_par' dir='ltr' id='par_1_33' title="bbox 224 1615 1029 1652">
     <span class='ocr_line' id='line_1_33' title="bbox 224 1615 1029 1652; baseline 0.01 -9"><span class='ocrx_word' id='word_1_232' title='bbox 224 1622 278 1652; x_wconf 95' lang='lat' dir='ltr'><strong>get,</strong></span> <span class='ocrx_word' id='word_1_233' title='bbox 287 1618 434 1652; x_wconf 66' lang='lat' dir='ltr'><strong>quinetiam</strong></span> <span class='ocrx_word' id='word_1_234' title='bbox 445 1617 560 1651; x_wconf 84' lang='lat' dir='ltr'><strong>Spiritus</strong></span> <span class='ocrx_word' id='word_1_235' title='bbox 567 1617 678 1652; x_wconf 70' lang='lat' dir='ltr'><strong>gratiam</strong></span> <span class='ocrx_word' id='word_1_236' title='bbox 687 1617 807 1644; x_wconf 78' lang='lat' dir='ltr'><strong>attraxit.</strong></span> <span class='ocrx_word' id='word_1_237' title='bbox 817 1615 893 1648; x_wconf 82' lang='lat' dir='ltr'><strong>Q&quot;0d</strong></span> <span class='ocrx_word' id='word_1_238' title='bbox 901 1615 1008 1650; x_wconf 59' lang='lat' dir='ltr'><strong>Signum</strong></span> <span class='ocrx_word' id='word_1_239' title='bbox 1026 1621 1029 1625; x_wconf 51' lang='grc'>⁷</span> 
     </span>
    </p>
   </div>
   <div class='ocr_carea' id='block_1_34' title="bbox 225 1659 1007 1697">
    <p class='ocr_par' dir='ltr' id='par_1_34' title="bbox 225 1659 1007 1697">
     <span class='ocr_line' id='line_1_34' title="bbox 225 1659 1007 1697; baseline -0.005 -7"><span class='ocrx_word' id='word_1_240' title='bbox 225 1663 289 1690; x_wconf 77' lang='lat' dir='ltr'><strong>fecit</strong></span> <span class='ocrx_word' id='word_1_241' title='bbox 304 1662 434 1694; x_wconf 80' lang='lat' dir='ltr'><strong>Joannes.</strong></span> <span class='ocrx_word' id='word_1_242' title='bbox 452 1663 497 1697; x_wconf 85' lang='lat' dir='ltr'><strong>qui</strong></span> <span class='ocrx_word' id='word_1_243' title='bbox 516 1667 556 1690; x_wconf 89' lang='lat' dir='ltr'><strong>tot</strong></span> <span class='ocrx_word' id='word_1_244' title='bbox 571 1663 693 1690; x_wconf 82' lang='lat' dir='ltr'><strong>civitates</strong></span> <span class='ocrx_word' id='word_1_245' title='bbox 703 1662 756 1690; x_wconf 88' lang='lat' dir='ltr'><strong>sibi</strong></span> <span class='ocrx_word' id='word_1_246' title='bbox 772 1661 910 1689; x_wconf 75' lang='lat' dir='ltr'><strong>devinxit?</strong></span> <span class='ocrx_word' id='word_1_247' title='bbox 928 1659 1007 1693; x_wconf 86' lang='lat' dir='ltr'><strong>Quod</strong></span> 
     </span>
    </p>
   </div>
   <div class='ocr_carea' id='block_1_35' title="bbox 220 1707 1008 1743">
    <p class='ocr_par' dir='ltr' id='par_1_35' title="bbox 220 1707 1008 1743">
     <span class='ocr_line' id='line_1_35' title="bbox 220 1707 1008 1743; baseline 0.001 -9"><span class='ocrx_word' id='word_1_248' title='bbox 220 1708 290 1735; x_wconf 87' lang='lat' dir='ltr'><strong>enim</strong></span> <span class='ocrx_word' id='word_1_249' title='bbox 305 1707 462 1735; x_wconf 87' lang='lat' dir='ltr'><strong>miraculum</strong></span> <span class='ocrx_word' id='word_1_250' title='bbox 478 1708 579 1734; x_wconf 86' lang='lat' dir='ltr'><strong>nullum</strong></span> <span class='ocrx_word' id='word_1_251' title='bbox 593 1708 714 1740; x_wconf 88' lang='lat' dir='ltr'><strong>ediderit,</strong></span> <span class='ocrx_word' id='word_1_252' title='bbox 737 1708 798 1735; x_wconf 84' lang='lat' dir='ltr'><strong>audi</strong></span> <span class='ocrx_word' id='word_1_253' title='bbox 819 1709 1008 1743; x_wconf 77' lang='lat' dir='ltr'><strong>evangelistam</strong></span> 
     </span>
    </p>
   </div>
   <div class='ocr_carea' id='block_1_36' title="bbox 219 1752 1008 1788">
    <p class='ocr_par' dir='ltr' id='par_1_36' title="bbox 219 1752 1008 1788">
     <span class='ocr_line' id='line_1_36' title="bbox 219 1752 1008 1788; baseline 0 -8"><span class='ocrx_word' id='word_1_254' title='bbox 219 1753 351 1780; x_wconf 83' lang='lat' dir='ltr'><strong>dicentem</strong></span> <span class='ocrx_word' id='word_1_255' title='bbox 368 1762 374 1779; x_wconf 86' lang='lat'>:</span> <span class='ocrx_word' id='word_1_256' title='bbox 391 1752 502 1779; x_wconf 76' lang='lat' dir='ltr'><strong>Joannes</strong></span> <span class='ocrx_word' id='word_1_257' title='bbox 515 1753 613 1787; x_wconf 77' lang='lat' dir='ltr'><strong>quidem</strong></span> <span class='ocrx_word' id='word_1_258' title='bbox 627 1753 724 1780; x_wconf 86' lang='lat' dir='ltr'><strong>nullum</strong></span> <span class='ocrx_word' id='word_1_259' title='bbox 738 1754 795 1786; x_wconf 79' lang='lat' dir='ltr'><strong>fecit</strong></span> <span class='ocrx_word' id='word_1_260' title='bbox 808 1754 907 1788; x_wconf 77' lang='lat' dir='ltr'><strong>signum</strong></span> <span class='ocrx_word' id='word_1_261' title='bbox 919 1753 1008 1788; x_wconf 83' lang='lat' dir='ltr'><strong>(Jaan.</strong></span> 
     </span>
    </p>
   </div>
   <div class='ocr_carea' id='block_1_37' title="bbox 220 1798 1009 1832">
    <p class='ocr_par' dir='ltr' id='par_1_37' title="bbox 220 1798 1009 1832">
     <span class='ocr_line' id='line_1_37' title="bbox 220 1798 1009 1832; baseline 0 -6"><span class='ocrx_word' id='word_1_262' title='bbox 220 1799 262 1826; x_wconf 79' lang='lat' dir='ltr'><strong>l0.</strong></span> <span class='ocrx_word' id='word_1_263' title='bbox 278 1799 333 1832; x_wconf 64' lang='lat' dir='ltr'><strong>All).</strong></span> <span class='ocrx_word' id='word_1_264' title='bbox 350 1798 425 1826; x_wconf 85' lang='lat' dir='ltr'><strong>Unde</strong></span> <span class='ocrx_word' id='word_1_265' title='bbox 437 1798 607 1825; x_wconf 86' lang='lat' dir='ltr'><strong>admirandus</strong></span> <span class='ocrx_word' id='word_1_266' title='bbox 620 1798 670 1825; x_wconf 85' lang='lat' dir='ltr'><strong>fuit</strong></span> <span class='ocrx_word' id='word_1_267' title='bbox 685 1799 789 1825; x_wconf 88' lang='lat' dir='ltr'><strong>llelias?</strong></span> <span class='ocrx_word' id='word_1_268' title='bbox 803 1800 896 1825; x_wconf 78' lang='lat' dir='ltr'><strong>Annon</strong></span> <span class='ocrx_word' id='word_1_269' title='bbox 911 1807 927 1826; x_wconf 85' lang='lat' dir='ltr'><strong>a</strong></span> <span class='ocrx_word' id='word_1_270' title='bbox 941 1799 1009 1826; x_wconf 81' lang='lat' dir='ltr'><strong>fidu-</strong></span> 
     </span>
    </p>
   </div>
   <div class='ocr_carea' id='block_1_38' title="bbox 219 1844 1008 1879">
    <p class='ocr_par' dir='ltr' id='par_1_38' title="bbox 219 1844 1008 1879">
     <span class='ocr_line' id='line_1_38' title="bbox 219 1844 1008 1879; baseline 0.001 -9"><span class='ocrx_word' id='word_1_271' title='bbox 219 1844 269 1875; x_wconf 84' lang='lat' dir='ltr'><strong>cia,</strong></span> <span class='ocrx_word' id='word_1_272' title='bbox 282 1851 331 1879; x_wconf 88' lang='lat' dir='ltr'><strong>qua</strong></span> <span class='ocrx_word' id='word_1_273' title='bbox 341 1851 429 1878; x_wconf 77' lang='lat' dir='ltr'><strong>regem</strong></span> <span class='ocrx_word' id='word_1_274' title='bbox 439 1844 560 1870; x_wconf 81' lang='lat' dir='ltr'><strong>monuit?</strong></span> <span class='ocrx_word' id='word_1_275' title='bbox 572 1851 660 1870; x_wconf 87' lang='lat' dir='ltr'><strong>annon</strong></span> <span class='ocrx_word' id='word_1_276' title='bbox 674 1851 688 1870; x_wconf 87' lang='lat' dir='ltr'><strong>a</strong></span> <span class='ocrx_word' id='word_1_277' title='bbox 702 1844 761 1871; x_wconf 88' lang='lat' dir='ltr'><strong>zelo</strong></span> <span class='ocrx_word' id='word_1_278' title='bbox 775 1851 823 1870; x_wconf 81' lang='lat' dir='ltr'><strong>suo</strong></span> <span class='ocrx_word' id='word_1_279' title='bbox 834 1851 895 1878; x_wconf 82' lang='lat' dir='ltr'><strong>erga</strong></span> <span class='ocrx_word' id='word_1_280' title='bbox 908 1844 1008 1871; x_wconf 87' lang='lat' dir='ltr'><strong>Deum?</strong></span> 
     </span>
    </p>
   </div>
   <div class='ocr_carea' id='block_1_39' title="bbox 219 1890 1007 1924">
    <p class='ocr_par' dir='ltr' id='par_1_39' title="bbox 219 1890 1007 1924">
     <span class='ocr_line' id='line_1_39' title="bbox 219 1890 1007 1924; baseline 0.001 -8"><span class='ocrx_word' id='word_1_281' title='bbox 219 1898 307 1917; x_wconf 81' lang='lat' dir='ltr'><strong>annon</strong></span> <span class='ocrx_word' id='word_1_282' title='bbox 322 1899 335 1916; x_wconf 89' lang='lat' dir='ltr'><strong>a</strong></span> <span class='ocrx_word' id='word_1_283' title='bbox 352 1894 517 1924; x_wconf 77' lang='lat' dir='ltr'><strong>paupertate,</strong></span> <span class='ocrx_word' id='word_1_284' title='bbox 531 1897 545 1916; x_wconf 67' lang='grc' dir='ltr'>τι</span> <span class='ocrx_word' id='word_1_285' title='bbox 560 1890 669 1922; x_wconf 84' lang='lat' dir='ltr'><strong>melote,</strong></span> <span class='ocrx_word' id='word_1_286' title='bbox 693 1898 707 1915; x_wconf 85' lang='lat' dir='ltr'><strong>a</strong></span> <span class='ocrx_word' id='word_1_287' title='bbox 722 1890 859 1924; x_wconf 87' lang='lat' dir='ltr'><strong>spelunca,</strong></span> <span class='ocrx_word' id='word_1_288' title='bbox 878 1897 892 1916; x_wconf 91' lang='lat' dir='ltr'><strong>a</strong></span> <span class='ocrx_word' id='word_1_289' title='bbox 908 1890 1007 1917; x_wconf 91' lang='lat' dir='ltr'><strong>monti-</strong></span> 
     </span>
    </p>
   </div>
   <div class='ocr_carea' id='block_1_40' title="bbox 219 1935 1007 1971">
    <p class='ocr_par' dir='ltr' id='par_1_40' title="bbox 219 1935 1007 1971">
     <span class='ocr_line' id='line_1_40' title="bbox 219 1935 1007 1971; baseline 0 -9"><span class='ocrx_word' id='word_1_290' title='bbox 219 1935 268 1962; x_wconf 83' lang='lat' dir='ltr'><strong>bus</strong></span> <span class='ocrx_word' id='word_1_291' title='bbox 279 1935 362 1962; x_wconf 81' lang='lat' dir='ltr'><strong>?Nam</strong></span> <span class='ocrx_word' id='word_1_292' title='bbox 373 1935 446 1970; x_wconf 81' lang='lat' dir='ltr'><strong>signa</strong></span> <span class='ocrx_word' id='word_1_293' title='bbox 462 1936 549 1963; x_wconf 84' lang='lat' dir='ltr'><strong>omnia</strong></span> <span class='ocrx_word' id='word_1_294' title='bbox 564 1941 622 1970; x_wconf 86' lang='lat' dir='ltr'><strong>post</strong></span> <span class='ocrx_word' id='word_1_295' title='bbox 636 1935 692 1962; x_wconf 68' lang='lat' dir='ltr'><strong>hmc</strong></span> <span class='ocrx_word' id='word_1_296' title='bbox 705 1935 775 1962; x_wconf 83' lang='lat' dir='ltr'><strong>fecit.</strong></span> <span class='ocrx_word' id='word_1_297' title='bbox 787 1935 847 1963; x_wconf 83' lang='lat' dir='ltr'><strong>Jobi</strong></span> <span class='ocrx_word' id='word_1_298' title='bbox 861 1944 923 1963; x_wconf 76' lang='lat' dir='ltr'><strong>vero</strong></span> <span class='ocrx_word' id='word_1_299' title='bbox 936 1936 1007 1971; x_wconf 91' lang='lat' dir='ltr'><strong>quod</strong></span> 
     </span>
    </p>
   </div>
   <div class='ocr_carea' id='block_1_41' title="bbox 219 1982 1005 2017">
    <p class='ocr_par' dir='ltr' id='par_1_41' title="bbox 219 1982 1005 2017">
     <span class='ocr_line' id='line_1_41' title="bbox 219 1982 1005 2017; baseline 0.003 -9"><span class='ocrx_word' id='word_1_300' title='bbox 219 1983 323 2017; x_wconf 82' lang='lat' dir='ltr'><strong>signum</strong></span> <span class='ocrx_word' id='word_1_301' title='bbox 347 1982 438 2009; x_wconf 86' lang='lat' dir='ltr'><strong>videns</strong></span> <span class='ocrx_word' id='word_1_302' title='bbox 463 1982 584 2009; x_wconf 87' lang='lat' dir='ltr'><strong>diabolus</strong></span> <span class='ocrx_word' id='word_1_303' title='bbox 604 1982 803 2015; x_wconf 76' lang='lat' dir='ltr'><strong>obstupefactus</strong></span> <span class='ocrx_word' id='word_1_304' title='bbox 822 1983 882 2010; x_wconf 86' lang='lat' dir='ltr'><strong>est?</strong></span> <span class='ocrx_word' id='word_1_305' title='bbox 897 1983 1005 2017; x_wconf 81' lang='lat' dir='ltr'><strong>Signum</strong></span> 
     </span>
    </p>
   </div>
   <div class='ocr_carea' id='block_1_42' title="bbox 217 2027 1005 2063">
    <p class='ocr_par' dir='ltr' id='par_1_42' title="bbox 217 2027 1005 2063">
     <span class='ocr_line' id='line_1_42' title="bbox 217 2027 1005 2063; baseline 0.003 -9"><span class='ocrx_word' id='word_1_306' title='bbox 217 2033 290 2055; x_wconf 90' lang='lat' dir='ltr'><strong>certe</strong></span> <span class='ocrx_word' id='word_1_307' title='bbox 305 2028 416 2059; x_wconf 93' lang='lat' dir='ltr'><strong>nullum,</strong></span> <span class='ocrx_word' id='word_1_308' title='bbox 432 2027 479 2055; x_wconf 87' lang='lat' dir='ltr'><strong>sed</strong></span> <span class='ocrx_word' id='word_1_309' title='bbox 493 2028 572 2054; x_wconf 87' lang='lat' dir='ltr'><strong>vitam</strong></span> <span class='ocrx_word' id='word_1_310' title='bbox 590 2028 756 2062; x_wconf 67' lang='lat' dir='ltr'><strong>praeclaram,</strong></span> <span class='ocrx_word' id='word_1_311' title='bbox 770 2029 924 2063; x_wconf 78' lang='lat' dir='ltr'><strong>patientiam</strong></span> <span class='ocrx_word' id='word_1_312' title='bbox 940 2029 1005 2056; x_wconf 85' lang='lat' dir='ltr'><strong>ada-</strong></span> 
     </span>
    </p>
   </div>
   <div class='ocr_carea' id='block_1_43' title="bbox 219 2072 1004 2107">
    <p class='ocr_par' dir='ltr' id='par_1_43' title="bbox 219 2072 1004 2107">
     <span class='ocr_line' id='line_1_43' title="bbox 219 2072 1004 2107; baseline 0.001 -8"><span class='ocrx_word' id='word_1_313' title='bbox 219 2077 307 2100; x_wconf 84' lang='lat' dir='ltr'><strong>mante</strong></span> <span class='ocrx_word' id='word_1_314' title='bbox 324 2073 419 2107; x_wconf 86' lang='lat' dir='ltr'><strong>qnnvis</strong></span> <span class='ocrx_word' id='word_1_315' title='bbox 450 2072 604 2099; x_wconf 88' lang='lat' dir='ltr'><strong>lirniiorem.</strong></span> <span class='ocrx_word' id='word_1_316' title='bbox 619 2072 695 2105; x_wconf 83' lang='lat' dir='ltr'><strong>Quod</strong></span> <span class='ocrx_word' id='word_1_317' title='bbox 709 2073 811 2106; x_wconf 84' lang='lat' dir='ltr'><strong>signum</strong></span> <span class='ocrx_word' id='word_1_318' title='bbox 828 2073 908 2100; x_wconf 87' lang='lat' dir='ltr'><strong>David</strong></span> <span class='ocrx_word' id='word_1_319' title='bbox 924 2073 1004 2106; x_wconf 78' lang='lat' dir='ltr'><strong>fecit,</strong></span> 
     </span>
    </p>
   </div>
   <div class='ocr_carea' id='block_1_44' title="bbox 215 2116 1006 2153">
    <p class='ocr_par' dir='ltr' id='par_1_44' title="bbox 215 2116 1006 2153">
     <span class='ocr_line' id='line_1_44' title="bbox 215 2116 1006 2153; baseline -0.001 -10"><span class='ocrx_word' id='word_1_320' title='bbox 215 2119 320 2153; x_wconf 81' lang='lat' dir='ltr'><strong>juvenis</strong></span> <span class='ocrx_word' id='word_1_321' title='bbox 342 2126 402 2145; x_wconf 91' lang='lat' dir='ltr'><strong>cum</strong></span> <span class='ocrx_word' id='word_1_322' title='bbox 425 2123 507 2149; x_wconf 83' lang='lat' dir='ltr'><strong>esset,</strong></span> <span class='ocrx_word' id='word_1_323' title='bbox 532 2122 560 2144; x_wconf 90' lang='lat' dir='ltr'><strong>ut</strong></span> <span class='ocrx_word' id='word_1_324' title='bbox 583 2118 652 2145; x_wconf 88' lang='lat' dir='ltr'><strong>Deus</strong></span> <span class='ocrx_word' id='word_1_325' title='bbox 674 2117 775 2145; x_wconf 87' lang='lat' dir='ltr'><strong>diceret</strong></span> <span class='ocrx_word' id='word_1_326' title='bbox 791 2127 797 2145; x_wconf 86' lang='lat'><strong>:</strong></span> <span class='ocrx_word' id='word_1_327' title='bbox 814 2116 1006 2150; x_wconf 78' lang='lat' dir='ltr'><strong>lnveniDavid,</strong></span> 
     </span>
    </p>
   </div>
   <div class='ocr_carea' id='block_1_45' title="bbox 218 2164 1005 2198">
    <p class='ocr_par' dir='ltr' id='par_1_45' title="bbox 218 2164 1005 2198">
     <span class='ocr_line' id='line_1_45' title="bbox 218 2164 1005 2198; baseline 0.001 -8"><span class='ocrx_word' id='word_1_328' title='bbox 218 2165 298 2198; x_wconf 83' lang='lat' dir='ltr'><strong>ﬁliuni</strong></span> <span class='ocrx_word' id='word_1_329' title='bbox 310 2164 481 2195; x_wconf 68' lang='lat' dir='ltr'><strong>Jessc;viruni</strong></span> <span class='ocrx_word' id='word_1_330' title='bbox 495 2165 631 2190; x_wconf 76' lang='lat' dir='ltr'><strong>secundum</strong></span> <span class='ocrx_word' id='word_1_331' title='bbox 644 2172 688 2190; x_wconf 86' lang='lat' dir='ltr'><strong>cor</strong></span> <span class='ocrx_word' id='word_1_332' title='bbox 700 2172 782 2190; x_wconf 80' lang='lat' dir='ltr'><strong>meum</strong></span> <span class='ocrx_word' id='word_1_333' title='bbox 798 2165 865 2198; x_wconf 80' lang='lat' dir='ltr'><strong>(Act.</strong></span> <span class='ocrx_word' id='word_1_334' title='bbox 884 2164 925 2192; x_wconf 78' lang='lat' dir='ltr'><strong>l3.</strong></span> <span class='ocrx_word' id='word_1_335' title='bbox 938 2164 1005 2198; x_wconf 70' lang='lat'><strong>22)?</strong></span> 
     </span>
    </p>
   </div>
   <div class='ocr_carea' id='block_1_46' title="bbox 217 2209 1004 2244">
    <p class='ocr_par' dir='ltr' id='par_1_46' title="bbox 217 2209 1004 2244">
     <span class='ocr_line' id='line_1_46' title="bbox 217 2209 1004 2244; baseline 0 -7"><span class='ocrx_word' id='word_1_336' title='bbox 217 2211 359 2242; x_wconf 82' lang='lat' dir='ltr'><strong>Abraham,</strong></span> <span class='ocrx_word' id='word_1_337' title='bbox 376 2211 447 2237; x_wconf 82' lang='lat' dir='ltr'><strong>Isaac</strong></span> <span class='ocrx_word' id='word_1_338' title='bbox 457 2215 483 2237; x_wconf 90' lang='lat' dir='ltr'><strong>et</strong></span> <span class='ocrx_word' id='word_1_339' title='bbox 495 2209 577 2237; x_wconf 87' lang='lat' dir='ltr'><strong>.lacob</strong></span> <span class='ocrx_word' id='word_1_340' title='bbox 589 2217 668 2244; x_wconf 86' lang='lat' dir='ltr'><strong>quem</strong></span> <span class='ocrx_word' id='word_1_341' title='bbox 683 2215 816 2236; x_wconf 89' lang='lat' dir='ltr'><strong>mortuum</strong></span> <span class='ocrx_word' id='word_1_342' title='bbox 828 2211 1004 2237; x_wconf 73' lang='lat' dir='ltr'><strong>suscitarunt?</strong></span> 
     </span>
    </p>
   </div>
   <div class='ocr_carea' id='block_1_47' title="bbox 216 2255 1004 2292">
    <p class='ocr_par' dir='ltr' id='par_1_47' title="bbox 216 2255 1004 2292">
     <span class='ocr_line' id='line_1_47' title="bbox 216 2255 1004 2292; baseline -0.001 -8"><span class='ocrx_word' id='word_1_343' title='bbox 216 2265 295 2292; x_wconf 87' lang='lat' dir='ltr'><strong>quem</strong></span> <span class='ocrx_word' id='word_1_344' title='bbox 312 2257 445 2290; x_wconf 84' lang='lat' dir='ltr'><strong>leprosum</strong></span> <span class='ocrx_word' id='word_1_345' title='bbox 459 2255 638 2282; x_wconf 79' lang='lat' dir='ltr'><strong>mandarunt?</strong></span> <span class='ocrx_word' id='word_1_346' title='bbox 660 2257 700 2282; x_wconf 80' lang='lat' dir='ltr'><strong>An</strong></span> <span class='ocrx_word' id='word_1_347' title='bbox 716 2255 832 2290; x_wconf 80' lang='lat' dir='ltr'><strong>ignoras,</strong></span> <span class='ocrx_word' id='word_1_348' title='bbox 853 2256 936 2290; x_wconf 82' lang='lat' dir='ltr'><strong>signa,</strong></span> <span class='ocrx_word' id='word_1_349' title='bbox 954 2257 1004 2284; x_wconf 89' lang='lat' dir='ltr'><strong>nisi</strong></span> 
     </span>
    </p>
   </div>
   <div class='ocr_carea' id='block_1_48' title="bbox 217 2301 1004 2337">
    <p class='ocr_par' dir='ltr' id='par_1_48' title="bbox 217 2301 1004 2337">
     <span class='ocr_line' id='line_1_48' title="bbox 217 2301 1004 2337; baseline 0.001 -8"><span class='ocrx_word' id='word_1_350' title='bbox 217 2303 365 2337; x_wconf 79' lang='lat' dir='ltr'><strong>vigilemus,</strong></span> <span class='ocrx_word' id='word_1_351' title='bbox 390 2302 545 2336; x_wconf 90' lang='lat' dir='ltr'><strong>plerumque</strong></span> <span class='ocrx_word' id='word_1_352' title='bbox 560 2302 677 2329; x_wconf 82' lang='lat' dir='ltr'><strong>nocere?</strong></span> <span class='ocrx_word' id='word_1_353' title='bbox 698 2301 743 2329; x_wconf 86' lang='lat' dir='ltr'><strong>Sic</strong></span> <span class='ocrx_word' id='word_1_354' title='bbox 761 2303 834 2329; x_wconf 88' lang='lat' dir='ltr'><strong>inulti</strong></span> <span class='ocrx_word' id='word_1_355' title='bbox 848 2302 1004 2330; x_wconf 88' lang='lat' dir='ltr'><strong>Corinthio-</strong></span> 
     </span>
    </p>
   </div>
   <div class='ocr_carea' id='block_1_49' title="bbox 217 2347 1004 2376">
    <p class='ocr_par' dir='ltr' id='par_1_49' title="bbox 217 2347 1004 2376">
     <span class='ocr_line' id='line_1_49' title="bbox 217 2347 1004 2376; baseline 0.003 -2"><span class='ocrx_word' id='word_1_356' title='bbox 217 2355 275 2374; x_wconf 85' lang='lat' dir='ltr'><strong>rum</strong></span> <span class='ocrx_word' id='word_1_357' title='bbox 289 2347 333 2374; x_wconf 82' lang='lat' dir='ltr'><strong>alii</strong></span> <span class='ocrx_word' id='word_1_358' title='bbox 348 2347 381 2373; x_wconf 88' lang='lat' dir='ltr'><strong>ab</strong></span> <span class='ocrx_word' id='word_1_359' title='bbox 395 2347 453 2373; x_wconf 89' lang='lat' dir='ltr'><strong>aliis</strong></span> <span class='ocrx_word' id='word_1_360' title='bbox 473 2347 576 2373; x_wconf 73' lang='lat' dir='ltr'><strong>discissi</strong></span> <span class='ocrx_word' id='word_1_361' title='bbox 591 2351 653 2373; x_wconf 91' lang='lat' dir='ltr'><strong>sunt</strong></span> <span class='ocrx_word' id='word_1_362' title='bbox 666 2356 671 2373; x_wconf 95' lang='lat'>:</span> <span class='ocrx_word' id='word_1_363' title='bbox 686 2347 724 2373; x_wconf 91' lang='lat' dir='ltr'><strong>sic</strong></span> <span class='ocrx_word' id='word_1_364' title='bbox 738 2347 811 2373; x_wconf 84' lang='lat' dir='ltr'><strong>Illulli</strong></span> <span class='ocrx_word' id='word_1_365' title='bbox 823 2347 1004 2376; x_wconf 82' lang='lat' dir='ltr'><strong>Romanorum</strong></span> 
     </span>
    </p>
   </div>
   <div class='ocr_carea' id='block_1_50' title="bbox 215 2392 1004 2428">
    <p class='ocr_par' dir='ltr' id='par_1_50' title="bbox 215 2392 1004 2428">
     <span class='ocr_line' id='line_1_50' title="bbox 215 2392 1004 2428; baseline 0.001 -8"><span class='ocrx_word' id='word_1_366' title='bbox 215 2393 403 2426; x_wconf 83' lang='lat' dir='ltr'><strong>superbierunt</strong></span> <span class='ocrx_word' id='word_1_367' title='bbox 430 2402 438 2418; x_wconf 91' lang='lat'>:</span> <span class='ocrx_word' id='word_1_368' title='bbox 463 2393 501 2419; x_wconf 85' lang='lat' dir='ltr'><strong>sic</strong></span> <span class='ocrx_word' id='word_1_369' title='bbox 521 2392 613 2419; x_wconf 85' lang='lat' dir='ltr'><strong>Simon</strong></span> <span class='ocrx_word' id='word_1_370' title='bbox 633 2392 734 2426; x_wconf 85' lang='lat' dir='ltr'><strong>ejectns</strong></span> <span class='ocrx_word' id='word_1_371' title='bbox 759 2397 810 2420; x_wconf 87' lang='lat' dir='ltr'><strong>est.</strong></span> <span class='ocrx_word' id='word_1_372' title='bbox 829 2393 872 2420; x_wconf 88' lang='lat' dir='ltr'><strong>Sic</strong></span> <span class='ocrx_word' id='word_1_373' title='bbox 894 2394 939 2420; x_wconf 88' lang='lat' dir='ltr'><strong>ille</strong></span> <span class='ocrx_word' id='word_1_374' title='bbox 959 2394 1004 2428; x_wconf 91' lang='lat' dir='ltr'><strong>qui</strong></span> 
     </span>
    </p>
   </div>
   <div class='ocr_carea' id='block_1_51' title="bbox 215 2437 1001 2472">
    <p class='ocr_par' dir='ltr' id='par_1_51' title="bbox 215 2437 1001 2472">
     <span class='ocr_line' id='line_1_51' title="bbox 215 2437 1001 2472; baseline 0.001 -8"><span class='ocrx_word' id='word_1_375' title='bbox 215 2437 351 2464; x_wconf 82' lang='lat' dir='ltr'><strong>Christum</strong></span> <span class='ocrx_word' id='word_1_376' title='bbox 366 2437 441 2472; x_wconf 85' lang='lat' dir='ltr'><strong>sequi</strong></span> <span class='ocrx_word' id='word_1_377' title='bbox 459 2441 606 2471; x_wconf 87' lang='lat' dir='ltr'><strong>optaverat,</strong></span> <span class='ocrx_word' id='word_1_378' title='bbox 629 2437 787 2470; x_wconf 85' lang='lat' dir='ltr'><strong>reprobalus</strong></span> <span class='ocrx_word' id='word_1_379' title='bbox 808 2442 858 2470; x_wconf 89' lang='lat' dir='ltr'><strong>est,</strong></span> <span class='ocrx_word' id='word_1_380' title='bbox 881 2439 1001 2471; x_wconf 87' lang='lat' dir='ltr'><strong>audiens,</strong></span> 
     </span>
    </p>
   </div>
   <div class='ocr_carea' id='block_1_52' title="bbox 222 2480 1002 2517">
    <p class='ocr_par' dir='ltr' id='par_1_52' title="bbox 222 2480 1002 2517">
     <span class='ocr_line' id='line_1_52' title="bbox 222 2480 1002 2517; baseline -0.001 -9"><span class='ocrx_word' id='word_1_381' title='bbox 222 2482 313 2516; x_wconf 70' lang='lat' dir='ltr'><strong>Vulpes</strong></span> <span class='ocrx_word' id='word_1_382' title='bbox 327 2484 410 2517; x_wconf 68' lang='lat' dir='ltr'><strong>foveas</strong></span> <span class='ocrx_word' id='word_1_383' title='bbox 424 2482 525 2514; x_wconf 84' lang='lat' dir='ltr'><strong>habent,</strong></span> <span class='ocrx_word' id='word_1_384' title='bbox 541 2486 565 2508; x_wconf 84' lang='lat' dir='ltr'><strong>et</strong></span> <span class='ocrx_word' id='word_1_385' title='bbox 580 2480 691 2508; x_wconf 74' lang='lat' dir='ltr'><strong>volucres</strong></span> <span class='ocrx_word' id='word_1_386' title='bbox 703 2483 757 2508; x_wconf 70' lang='lat' dir='ltr'><strong>mli</strong></span> <span class='ocrx_word' id='word_1_387' title='bbox 772 2483 845 2509; x_wconf 82' lang='lat' dir='ltr'><strong>nidos</strong></span> <span class='ocrx_word' id='word_1_388' title='bbox 855 2482 960 2516; x_wconf 76' lang='lat' dir='ltr'><strong>(Matth.</strong></span> <span class='ocrx_word' id='word_1_389' title='bbox 975 2483 1002 2511; x_wconf 85' lang='lat'><strong>8.</strong></span> 
     </span>
    </p>
   </div>
   <div class='ocr_carea' id='block_1_53' title="bbox 214 2528 1001 2564">
    <p class='ocr_par' dir='ltr' id='par_1_53' title="bbox 214 2528 1001 2564">
     <span class='ocr_line' id='line_1_53' title="bbox 214 2528 1001 2564; baseline 0.004 -10"><span class='ocrx_word' id='word_1_390' title='bbox 214 2528 265 2560; x_wconf 67' lang='lat'><strong>20;</strong></span> <span class='ocrx_word' id='word_1_391' title='bbox 282 2528 345 2554; x_wconf 80' lang='lat' dir='ltr'><strong>Luc.</strong></span> <span class='ocrx_word' id='word_1_392' title='bbox 360 2529 386 2555; x_wconf 83' lang='lat'><strong>9.</strong></span> <span class='ocrx_word' id='word_1_393' title='bbox 402 2528 457 2563; x_wconf 78' lang='lat'><strong>58).</strong></span> <span class='ocrx_word' id='word_1_394' title='bbox 475 2528 574 2555; x_wconf 91' lang='lat' dir='ltr'><strong>llorum</strong></span> <span class='ocrx_word' id='word_1_395' title='bbox 590 2529 696 2563; x_wconf 84' lang='lat' dir='ltr'><strong>singuli,</strong></span> <span class='ocrx_word' id='word_1_396' title='bbox 710 2530 765 2556; x_wconf 89' lang='lat' dir='ltr'><strong>sive</strong></span> <span class='ocrx_word' id='word_1_397' title='bbox 777 2530 846 2564; x_wconf 90' lang='lat' dir='ltr'><strong>quod</strong></span> <span class='ocrx_word' id='word_1_398' title='bbox 860 2531 984 2564; x_wconf 88' lang='lat' dir='ltr'><strong>pecunias</strong></span> <span class='ocrx_word' id='word_1_399' title='bbox 995 2551 1001 2563; x_wconf 94' lang='lat'><strong>,</strong></span> 
     </span>
    </p>
   </div>
   <div class='ocr_carea' id='block_1_54' title="bbox 215 2573 1004 2608">
    <p class='ocr_par' dir='ltr' id='par_1_54' title="bbox 215 2573 1004 2608">
     <span class='ocr_line' id='line_1_54' title="bbox 215 2573 1004 2608; baseline 0.004 -8"><span class='ocrx_word' id='word_1_400' title='bbox 215 2574 271 2600; x_wconf 86' lang='lat' dir='ltr'><strong>sive</strong></span> <span class='ocrx_word' id='word_1_401' title='bbox 291 2573 362 2608; x_wconf 89' lang='lat' dir='ltr'><strong>quod</strong></span> <span class='ocrx_word' id='word_1_402' title='bbox 384 2574 495 2608; x_wconf 76' lang='lat' dir='ltr'><strong>gloriam</strong></span> <span class='ocrx_word' id='word_1_403' title='bbox 510 2582 542 2600; x_wconf 87' lang='lat' dir='ltr'><strong>ex</strong></span> <span class='ocrx_word' id='word_1_404' title='bbox 562 2574 644 2608; x_wconf 80' lang='lat' dir='ltr'><strong>signis</strong></span> <span class='ocrx_word' id='word_1_405' title='bbox 665 2579 825 2608; x_wconf 75' lang='lat' dir='ltr'><strong>qumrercnt,</strong></span> <span class='ocrx_word' id='word_1_406' title='bbox 849 2575 1004 2603; x_wconf 87' lang='lat' dir='ltr'><strong>exciderunt</strong></span> 
     </span>
    </p>
   </div>
   <div class='ocr_carea' id='block_1_55' title="bbox 214 2619 1003 2653">
    <p class='ocr_par' dir='ltr' id='par_1_55' title="bbox 214 2619 1003 2653">
     <span class='ocr_line' id='line_1_55' title="bbox 214 2619 1003 2653; baseline 0.004 -8"><span class='ocrx_word' id='word_1_407' title='bbox 214 2624 241 2646; x_wconf 89' lang='lat' dir='ltr'><strong>et</strong></span> <span class='ocrx_word' id='word_1_408' title='bbox 268 2619 413 2653; x_wconf 86' lang='lat' dir='ltr'><strong>perierunt.</strong></span> <span class='ocrx_word' id='word_1_409' title='bbox 443 2619 511 2646; x_wconf 84' lang='lat' dir='ltr'><strong>Vitae</strong></span> <span class='ocrx_word' id='word_1_410' title='bbox 534 2624 622 2646; x_wconf 89' lang='lat' dir='ltr'><strong>autem</strong></span> <span class='ocrx_word' id='word_1_411' title='bbox 656 2624 779 2646; x_wconf 83' lang='lat' dir='ltr'><strong>accurata</strong></span> <span class='ocrx_word' id='word_1_412' title='bbox 803 2621 948 2653; x_wconf 87' lang='lat' dir='ltr'><strong>sanctitas,</strong></span> <span class='ocrx_word' id='word_1_413' title='bbox 976 2626 1003 2649; x_wconf 90' lang='lat' dir='ltr'><strong>et</strong></span> 
     </span>
    </p>
   </div>
   <div class='ocr_carea' id='block_1_56' title="bbox 215 2666 1002 2702">
    <p class='ocr_par' dir='ltr' id='par_1_56' title="bbox 215 2666 1002 2702">
     <span class='ocr_line' id='line_1_56' title="bbox 215 2666 1002 2702; baseline 0.004 -11"><span class='ocrx_word' id='word_1_414' title='bbox 215 2666 340 2692; x_wconf 86' lang='lat' dir='ltr'><strong>virtutum</strong></span> <span class='ocrx_word' id='word_1_415' title='bbox 366 2673 441 2691; x_wconf 86' lang='lat' dir='ltr'><strong>amor</strong></span> <span class='ocrx_word' id='word_1_416' title='bbox 463 2673 514 2692; x_wconf 90' lang='lat' dir='ltr'><strong>non</strong></span> <span class='ocrx_word' id='word_1_417' title='bbox 536 2667 615 2692; x_wconf 87' lang='lat' dir='ltr'><strong>modo</strong></span> <span class='ocrx_word' id='word_1_418' title='bbox 635 2673 688 2693; x_wconf 91' lang='lat' dir='ltr'><strong>non</strong></span> <span class='ocrx_word' id='word_1_419' title='bbox 709 2667 776 2700; x_wconf 86' lang='lat' dir='ltr'><strong>parit</strong></span> <span class='ocrx_word' id='word_1_420' title='bbox 797 2667 876 2694; x_wconf 87' lang='lat' dir='ltr'><strong>talem</strong></span> <span class='ocrx_word' id='word_1_421' title='bbox 899 2667 1002 2702; x_wconf 83' lang='lat' dir='ltr'><strong>cupitli-</strong></span> 
     </span>
    </p>
   </div>
   <div class='ocr_carea' id='block_1_57' title="bbox 216 2709 1001 2746">
    <p class='ocr_par' dir='ltr' id='par_1_57' title="bbox 216 2709 1001 2746">
     <span class='ocr_line' id='line_1_57' title="bbox 216 2709 1001 2746; baseline 0.005 -10"><span class='ocrx_word' id='word_1_422' title='bbox 216 2715 308 2742; x_wconf 88' lang='lat' dir='ltr'><strong>tatem,</strong></span> <span class='ocrx_word' id='word_1_423' title='bbox 333 2709 380 2738; x_wconf 87' lang='lat' dir='ltr'><strong>sed</strong></span> <span class='ocrx_word' id='word_1_424' title='bbox 395 2710 417 2738; x_wconf 84' lang='lat' dir='ltr'><strong>si</strong></span> <span class='ocrx_word' id='word_1_425' title='bbox 432 2711 501 2737; x_wconf 86' lang='lat' dir='ltr'><strong>adsit</strong></span> <span class='ocrx_word' id='word_1_426' title='bbox 514 2711 609 2738; x_wconf 89' lang='lat' dir='ltr'><strong>aufert.</strong></span> <span class='ocrx_word' id='word_1_427' title='bbox 633 2711 690 2746; x_wconf 82' lang='lat' dir='ltr'><strong>Ipse</strong></span> <span class='ocrx_word' id='word_1_428' title='bbox 707 2720 770 2739; x_wconf 89' lang='lat' dir='ltr'><strong>vero</strong></span> <span class='ocrx_word' id='word_1_429' title='bbox 782 2712 916 2745; x_wconf 84' lang='lat' dir='ltr'><strong>Christus,</strong></span> <span class='ocrx_word' id='word_1_430' title='bbox 941 2721 1001 2740; x_wconf 91' lang='lat' dir='ltr'><strong>cum</strong></span> 
     </span>
    </p>
   </div>
   <div class='ocr_carea' id='block_1_58' title="bbox 213 2755 1000 2793">
    <p class='ocr_par' dir='ltr' id='par_1_58' title="bbox 213 2755 1000 2793">
     <span class='ocr_line' id='line_1_58' title="bbox 213 2755 1000 2793; baseline 0.006 -11"><span class='ocrx_word' id='word_1_431' title='bbox 213 2756 285 2791; x_wconf 66' lang='lat' dir='ltr'><strong>leges</strong></span> <span class='ocrx_word' id='word_1_432' title='bbox 299 2755 376 2783; x_wconf 89' lang='lat' dir='ltr'><strong>darct</strong></span> <span class='ocrx_word' id='word_1_433' title='bbox 386 2756 531 2791; x_wconf 82' lang='lat' dir='ltr'><strong>discipulis,</strong></span> <span class='ocrx_word' id='word_1_434' title='bbox 543 2757 606 2792; x_wconf 89' lang='lat' dir='ltr'><strong>quid</strong></span> <span class='ocrx_word' id='word_1_435' title='bbox 620 2757 745 2785; x_wconf 85' lang='lat' dir='ltr'><strong>dicebat?</strong></span> <span class='ocrx_word' id='word_1_436' title='bbox 756 2767 800 2791; x_wconf 91' lang='lat' dir='ltr'><strong>an,</strong></span> <span class='ocrx_word' id='word_1_437' title='bbox 815 2759 894 2793; x_wconf 81' lang='lat' dir='ltr'><strong>Signa</strong></span> <span class='ocrx_word' id='word_1_438' title='bbox 911 2759 1000 2793; x_wconf 88' lang='lat' dir='ltr'><strong>facite,</strong></span> 
     </span>
    </p>
   </div>
   <div class='ocr_carea' id='block_1_59' title="bbox 215 2801 1000 2840">
    <p class='ocr_par' dir='ltr' id='par_1_59' title="bbox 215 2801 1000 2840">
     <span class='ocr_line' id='line_1_59' title="bbox 215 2801 1000 2840; baseline 0.008 -13"><span class='ocrx_word' id='word_1_439' title='bbox 215 2806 243 2827; x_wconf 92' lang='lat' dir='ltr'><strong>ut</strong></span> <span class='ocrx_word' id='word_1_440' title='bbox 255 2801 361 2828; x_wconf 79' lang='lat' dir='ltr'><strong>videant</strong></span> <span class='ocrx_word' id='word_1_441' title='bbox 374 2801 515 2829; x_wconf 81' lang='lat' dir='ltr'><strong>homines?</strong></span> <span class='ocrx_word' id='word_1_442' title='bbox 537 2803 707 2838; x_wconf 83' lang='lat' dir='ltr'><strong>Nequaquam</strong></span> <span class='ocrx_word' id='word_1_443' title='bbox 725 2813 731 2830; x_wconf 94' lang='lat'>:</span> <span class='ocrx_word' id='word_1_444' title='bbox 749 2804 796 2831; x_wconf 87' lang='lat' dir='ltr'><strong>scd</strong></span> <span class='ocrx_word' id='word_1_445' title='bbox 811 2805 893 2840; x_wconf 84' lang='lat' dir='ltr'><strong>quid?</strong></span> <span class='ocrx_word' id='word_1_446' title='bbox 907 2805 1000 2833; x_wconf 80' lang='lat' dir='ltr'><strong>Luceat</strong></span> 
     </span>
    </p>
   </div>
   <div class='ocr_carea' id='block_1_60' title="bbox 213 2847 1000 2887">
    <p class='ocr_par' dir='ltr' id='par_1_60' title="bbox 213 2847 1000 2887">
     <span class='ocr_line' id='line_1_60' title="bbox 213 2847 1000 2887; baseline 0.01 -13"><span class='ocrx_word' id='word_1_447' title='bbox 213 2847 258 2874; x_wconf 75' lang='lat' dir='ltr'><strong>lita:</strong></span> <span class='ocrx_word' id='word_1_448' title='bbox 276 2852 356 2875; x_wconf 72' lang='lat' dir='ltr'><strong>uestra</strong></span> <span class='ocrx_word' id='word_1_449' title='bbox 377 2856 461 2876; x_wconf 84' lang='lat' dir='ltr'><strong>coram</strong></span> <span class='ocrx_word' id='word_1_450' title='bbox 482 2847 633 2885; x_wconf 61' lang='lat' dir='ltr'><strong>hominibus,</strong></span> <span class='ocrx_word' id='word_1_451' title='bbox 654 2855 682 2877; x_wconf 85' lang='lat' dir='ltr'><strong>ut</strong></span> <span class='ocrx_word' id='word_1_452' title='bbox 701 2850 802 2878; x_wconf 78' lang='lat' dir='ltr'><strong>videant</strong></span> <span class='ocrx_word' id='word_1_453' title='bbox 823 2859 899 2887; x_wconf 78' lang='lat' dir='ltr'><strong>opera</strong></span> <span class='ocrx_word' id='word_1_454' title='bbox 919 2858 1000 2882; x_wconf 73' lang='lat' dir='ltr'><strong>vestra</strong></span> 
     </span>
    </p>
   </div>
   <div class='ocr_carea' id='block_1_61' title="bbox 596 134 1489 187">
    <p class='ocr_par' dir='ltr' id='par_1_61' title="bbox 596 134 1489 187">
     <span class='ocr_line' id='line_1_61' title="bbox 596 134 1489 187; baseline 0.007 -6"><span class='ocrx_word' id='word_1_455' title='bbox 596 154 623 182; x_wconf 87' lang='lat' dir='ltr'><strong>S.</strong></span> <span class='ocrx_word' id='word_1_456' title='bbox 644 153 782 181; x_wconf 69' lang='lat' dir='ltr'><strong>JOANNIS</strong></span> <span class='ocrx_word' id='word_1_457' title='bbox 801 134 1036 181; x_wconf 32' lang='lat' dir='ltr'><strong>(IlanYSOS&#39;l&#39;Ol‘ll</strong></span> <span class='ocrx_word' id='word_1_458' title='bbox 1051 153 1210 185; x_wconf 80' lang='lat' dir='ltr'><strong>ARClllEP.</strong></span> <span class='ocrx_word' id='word_1_459' title='bbox 1225 156 1489 187; x_wconf 78' lang='lat' dir='ltr'><strong>CONSTANTINOP.</strong></span> 
     </span>
    </p>
   </div>
   <div class='ocr_carea' id='block_1_62' title="bbox 1810 166 1862 194">
    <p class='ocr_par' dir='ltr' id='par_1_62' title="bbox 1810 166 1862 194">
     <span class='ocr_line' id='line_1_62' title="bbox 1810 166 1862 194; baseline 0 0"><span class='ocrx_word' id='word_1_460' title='bbox 1810 166 1862 194; x_wconf 68' lang='lat'><strong>480</strong></span> 
     </span>
    </p>
   </div>
   <div class='ocr_carea' id='block_1_63' title="bbox 1074 211 1862 252">
    <p class='ocr_par' dir='ltr' id='par_1_63' title="bbox 1074 211 1862 252">
     <span class='ocr_line' id='line_1_63' title="bbox 1074 211 1862 252; baseline 0.019 -15"><span class='ocrx_word' id='word_1_461' title='bbox 1074 211 1148 245; x_wconf 80' lang='lat' dir='ltr'><strong>bona,</strong></span> <span class='ocrx_word' id='word_1_462' title='bbox 1169 218 1193 239; x_wconf 83' lang='lat' dir='ltr'><strong>et</strong></span> <span class='ocrx_word' id='word_1_463' title='bbox 1209 214 1351 249; x_wconf 82' lang='lat' dir='ltr'><strong>gloriﬁcent</strong></span> <span class='ocrx_word' id='word_1_464' title='bbox 1374 215 1479 244; x_wconf 61' lang='lat' dir='ltr'><strong>Patrem</strong></span> <span class='ocrx_word' id='word_1_465' title='bbox 1498 222 1606 246; x_wconf 66' lang='lat' dir='ltr'><strong>uestrum</strong></span> <span class='ocrx_word' id='word_1_466' title='bbox 1625 220 1669 251; x_wconf 77' lang='lat' dir='ltr'><strong>qui</strong></span> <span class='ocrx_word' id='word_1_467' title='bbox 1689 221 1716 248; x_wconf 84' lang='lat' dir='ltr'><strong>in</strong></span> <span class='ocrx_word' id='word_1_468' title='bbox 1737 223 1805 251; x_wconf 67' lang='lat' dir='ltr'><strong>aelii</strong></span> <span class='ocrx_word' id='word_1_469' title='bbox 1825 230 1862 252; x_wconf 79' lang='lat' dir='ltr'><strong>eu</strong></span> 
     </span>
    </p>
   </div>
   <div class='ocr_carea' id='block_1_64' title="bbox 1072 256 1860 304">
    <p class='ocr_par' dir='ltr' id='par_1_64' title="bbox 1072 256 1860 304">
     <span class='ocr_line' id='line_1_64' title="bbox 1072 256 1860 304; baseline 0.02 -23"><span class='ocrx_word' id='word_1_470' title='bbox 1072 256 1177 304; x_wconf 50' lang='lat' dir='ltr'><strong>(illati/1:</strong></span> <span class='ocrx_word' id='word_1_471' title='bbox 1191 258 1217 285; x_wconf 87' lang='lat'><strong>5.</strong></span> <span class='ocrx_word' id='word_1_472' title='bbox 1232 259 1287 294; x_wconf 85' lang='lat' dir='ltr'><strong>l6).</strong></span> <span class='ocrx_word' id='word_1_473' title='bbox 1303 261 1381 289; x_wconf 85' lang='lat' dir='ltr'><strong>Petro</strong></span> <span class='ocrx_word' id='word_1_474' title='bbox 1393 269 1499 298; x_wconf 88' lang='lat' dir='ltr'><strong>quoque</strong></span> <span class='ocrx_word' id='word_1_475' title='bbox 1514 271 1566 291; x_wconf 91' lang='lat' dir='ltr'><strong>non</strong></span> <span class='ocrx_word' id='word_1_476' title='bbox 1580 265 1657 299; x_wconf 83' lang='lat' dir='ltr'><strong>dixit,</strong></span> <span class='ocrx_word' id='word_1_477' title='bbox 1678 266 1705 294; x_wconf 89' lang='lat' dir='ltr'><strong>Si</strong></span> <span class='ocrx_word' id='word_1_478' title='bbox 1719 275 1761 295; x_wconf 92' lang='lat' dir='ltr'><strong>me</strong></span> <span class='ocrx_word' id='word_1_479' title='bbox 1774 276 1860 304; x_wconf 82' lang='lat' dir='ltr'><strong>amas,</strong></span> 
     </span>
    </p>
   </div>
   <div class='ocr_carea' id='block_1_65' title="bbox 1070 301 1862 350">
    <p class='ocr_par' dir='ltr' id='par_1_65' title="bbox 1070 301 1862 350">
     <span class='ocr_line' id='line_1_65' title="bbox 1070 301 1862 350; baseline 0.02 -23"><span class='ocrx_word' id='word_1_480' title='bbox 1070 301 1145 335; x_wconf 74' lang='lat' dir='ltr'><strong>signa</strong></span> <span class='ocrx_word' id='word_1_481' title='bbox 1158 302 1215 336; x_wconf 87' lang='lat' dir='ltr'><strong>fac;</strong></span> <span class='ocrx_word' id='word_1_482' title='bbox 1238 305 1295 338; x_wconf 89' lang='lat' dir='ltr'><strong>sed,</strong></span> <span class='ocrx_word' id='word_1_483' title='bbox 1318 305 1399 334; x_wconf 75' lang='lat' dir='ltr'><strong>Pasce</strong></span> <span class='ocrx_word' id='word_1_484' title='bbox 1417 315 1474 335; x_wconf 75' lang='lat' dir='ltr'><strong>oves</strong></span> <span class='ocrx_word' id='word_1_485' title='bbox 1495 317 1562 336; x_wconf 70' lang='lat' dir='ltr'><strong>metu</strong></span> <span class='ocrx_word' id='word_1_486' title='bbox 1582 309 1671 344; x_wconf 79' lang='lat' dir='ltr'><strong>(Joan.</strong></span> <span class='ocrx_word' id='word_1_487' title='bbox 1689 312 1734 340; x_wconf 77' lang='lat'><strong>2|.</strong></span> <span class='ocrx_word' id='word_1_488' title='bbox 1752 313 1806 350; x_wconf 79' lang='lat' dir='ltr'><strong>l5).</strong></span> <span class='ocrx_word' id='word_1_489' title='bbox 1827 301 1862 344; x_wconf 77' lang='lat' dir='ltr'><strong>Ei</strong></span> 
     </span>
    </p>
   </div>
   <div class='ocr_carea' id='block_1_66' title="bbox 1070 351 1861 389">
    <p class='ocr_par' dir='ltr' id='par_1_66' title="bbox 1070 351 1861 389">
     <span class='ocr_line' id='line_1_66' title="bbox 1070 351 1861 389; baseline 0.02 -16"><span class='ocrx_word' id='word_1_490' title='bbox 1070 353 1129 374; x_wconf 84' lang='lat' dir='ltr'><strong>cum</strong></span> <span class='ocrx_word' id='word_1_491' title='bbox 1146 356 1253 385; x_wconf 86' lang='lat' dir='ltr'><strong>semper</strong></span> <span class='ocrx_word' id='word_1_492' title='bbox 1266 351 1339 378; x_wconf 92' lang='lat' dir='ltr'><strong>illum</strong></span> <span class='ocrx_word' id='word_1_493' title='bbox 1352 353 1456 381; x_wconf 69' lang='lat' dir='ltr'><strong>caeteris</strong></span> <span class='ocrx_word' id='word_1_494' title='bbox 1469 361 1616 389; x_wconf 75' lang='lat' dir='ltr'><strong>prmponat,</strong></span> <span class='ocrx_word' id='word_1_495' title='bbox 1628 365 1679 385; x_wconf 89' lang='lat' dir='ltr'><strong>una</strong></span> <span class='ocrx_word' id='word_1_496' title='bbox 1693 366 1752 386; x_wconf 89' lang='lat' dir='ltr'><strong>cum</strong></span> <span class='ocrx_word' id='word_1_497' title='bbox 1763 360 1861 389; x_wconf 83' lang='lat' dir='ltr'><strong>Jacobo</strong></span> 
     </span>
    </p>
   </div>
   <div class='ocr_carea' id='block_1_67' title="bbox 1070 392 1861 442">
    <p class='ocr_par' dir='ltr' id='par_1_67' title="bbox 1070 392 1861 442">
     <span class='ocr_line' id='line_1_67' title="bbox 1070 392 1861 442; baseline 0.021 -24"><span class='ocrx_word' id='word_1_498' title='bbox 1070 396 1096 418; x_wconf 89' lang='lat' dir='ltr'><strong>et</strong></span> <span class='ocrx_word' id='word_1_499' title='bbox 1111 392 1224 427; x_wconf 78' lang='lat' dir='ltr'><strong>Joanne,</strong></span> <span class='ocrx_word' id='word_1_500' title='bbox 1249 396 1330 428; x_wconf 89' lang='lat' dir='ltr'><strong>unde,</strong></span> <span class='ocrx_word' id='word_1_501' title='bbox 1353 406 1456 433; x_wconf 67' lang='lat' dir='ltr'><strong>quaeso,</strong></span> <span class='ocrx_word' id='word_1_502' title='bbox 1473 402 1620 435; x_wconf 66' lang='lat' dir='ltr'><strong>prmponit?</strong></span> <span class='ocrx_word' id='word_1_503' title='bbox 1642 411 1704 431; x_wconf 93' lang='lat' dir='ltr'><strong>num</strong></span> <span class='ocrx_word' id='word_1_504' title='bbox 1723 413 1737 431; x_wconf 88' lang='lat' dir='ltr'><strong>a</strong></span> <span class='ocrx_word' id='word_1_505' title='bbox 1760 407 1861 442; x_wconf 76' lang='lat' dir='ltr'><strong>signis?</strong></span> 
     </span>
    </p>
   </div>
   <div class='ocr_carea' id='block_1_68' title="bbox 1069 439 1861 484">
    <p class='ocr_par' dir='ltr' id='par_1_68' title="bbox 1069 439 1861 484">
     <span class='ocr_line' id='line_1_68' title="bbox 1069 439 1861 484; baseline 0.021 -20"><span class='ocrx_word' id='word_1_506' title='bbox 1069 439 1148 473; x_wconf 83' lang='lat' dir='ltr'><strong>Atqui</strong></span> <span class='ocrx_word' id='word_1_507' title='bbox 1163 448 1256 469; x_wconf 89' lang='lat' dir='ltr'><strong>omnes</strong></span> <span class='ocrx_word' id='word_1_508' title='bbox 1267 442 1390 477; x_wconf 88' lang='lat' dir='ltr'><strong>discipuli</strong></span> <span class='ocrx_word' id='word_1_509' title='bbox 1405 445 1525 480; x_wconf 88' lang='lat' dir='ltr'><strong>leprosos</strong></span> <span class='ocrx_word' id='word_1_510' title='bbox 1539 448 1713 484; x_wconf 88' lang='lat' dir='ltr'><strong>mundabant,</strong></span> <span class='ocrx_word' id='word_1_511' title='bbox 1741 439 1861 482; x_wconf 68' lang='lat' dir='ltr'><strong>moi-tuos</strong></span> 
     </span>
    </p>
   </div>
   <div class='ocr_carea' id='block_1_69' title="bbox 1069 485 1861 528">
    <p class='ocr_par' dir='ltr' id='par_1_69' title="bbox 1069 485 1861 528">
     <span class='ocr_line' id='line_1_69' title="bbox 1069 485 1861 528; baseline 0.02 -18"><span class='ocrx_word' id='word_1_512' title='bbox 1069 485 1233 513; x_wconf 86' lang='lat' dir='ltr'><strong>suscitabant</strong></span> <span class='ocrx_word' id='word_1_513' title='bbox 1247 495 1254 519; x_wconf 93' lang='lat'><strong>;</strong></span> <span class='ocrx_word' id='word_1_514' title='bbox 1270 489 1449 524; x_wconf 84' lang='lat' dir='ltr'><strong>omnibusque</strong></span> <span class='ocrx_word' id='word_1_515' title='bbox 1470 491 1596 519; x_wconf 84' lang='lat' dir='ltr'><strong>similiter</strong></span> <span class='ocrx_word' id='word_1_516' title='bbox 1617 498 1775 528; x_wconf 86' lang='lat' dir='ltr'><strong>potestatem</strong></span> <span class='ocrx_word' id='word_1_517' title='bbox 1797 505 1861 525; x_wconf 92' lang='lat' dir='ltr'><strong>con-</strong></span> 
     </span>
    </p>
   </div>
   <div class='ocr_carea' id='block_1_70' title="bbox 1069 531 1860 572">
    <p class='ocr_par' dir='ltr' id='par_1_70' title="bbox 1069 531 1860 572">
     <span class='ocr_line' id='line_1_70' title="bbox 1069 531 1860 572; baseline 0.019 -16"><span class='ocrx_word' id='word_1_518' title='bbox 1069 531 1159 557; x_wconf 82' lang='lat' dir='ltr'><strong>cessit.</strong></span> <span class='ocrx_word' id='word_1_519' title='bbox 1176 531 1229 558; x_wconf 85' lang='lat' dir='ltr'><strong>Cur</strong></span> <span class='ocrx_word' id='word_1_520' title='bbox 1243 540 1307 568; x_wconf 82' lang='lat' dir='ltr'><strong>ergo</strong></span> <span class='ocrx_word' id='word_1_521' title='bbox 1328 540 1382 562; x_wconf 91' lang='lat' dir='ltr'><strong>tres</strong></span> <span class='ocrx_word' id='word_1_522' title='bbox 1397 535 1433 562; x_wconf 90' lang='lat' dir='ltr'><strong>illi</strong></span> <span class='ocrx_word' id='word_1_523' title='bbox 1447 538 1703 572; x_wconf 82' lang='lat' dir='ltr'><strong>anteponebantur?</strong></span> <span class='ocrx_word' id='word_1_524' title='bbox 1723 541 1764 568; x_wconf 88' lang='lat' dir='ltr'><strong>Ex</strong></span> <span class='ocrx_word' id='word_1_525' title='bbox 1779 543 1860 571; x_wconf 92' lang='lat' dir='ltr'><strong>animi</strong></span> 
     </span>
    </p>
   </div>
   <div class='ocr_carea' id='block_1_71' title="bbox 1069 577 1860 620">
    <p class='ocr_par' dir='ltr' id='par_1_71' title="bbox 1069 577 1860 620">
     <span class='ocr_line' id='line_1_71' title="bbox 1069 577 1860 620; baseline 0.018 -18"><span class='ocrx_word' id='word_1_526' title='bbox 1069 583 1164 610; x_wconf 85' lang='lat' dir='ltr'><strong>nempe</strong></span> <span class='ocrx_word' id='word_1_527' title='bbox 1179 577 1287 606; x_wconf 89' lang='lat' dir='ltr'><strong>virtute.</strong></span> <span class='ocrx_word' id='word_1_528' title='bbox 1300 579 1392 607; x_wconf 68' lang='lat' dir='ltr'><strong>Viden”</strong></span> <span class='ocrx_word' id='word_1_529' title='bbox 1407 581 1506 616; x_wconf 86' lang='lat' dir='ltr'><strong>ubique</strong></span> <span class='ocrx_word' id='word_1_530' title='bbox 1519 583 1587 610; x_wconf 88' lang='lat' dir='ltr'><strong>bona</strong></span> <span class='ocrx_word' id='word_1_531' title='bbox 1600 592 1667 619; x_wconf 91' lang='lat' dir='ltr'><strong>opus</strong></span> <span class='ocrx_word' id='word_1_532' title='bbox 1680 594 1739 614; x_wconf 86' lang='lat' dir='ltr'><strong>esse</strong></span> <span class='ocrx_word' id='word_1_533' title='bbox 1755 588 1818 620; x_wconf 86' lang='lat' dir='ltr'><strong>vita,</strong></span> <span class='ocrx_word' id='word_1_534' title='bbox 1834 593 1860 617; x_wconf 76' lang='lat' dir='ltr'><strong>et</strong></span> 
     </span>
    </p>
   </div>
   <div class='ocr_carea' id='block_1_72' title="bbox 1069 622 1859 668">
    <p class='ocr_par' dir='ltr' id='par_1_72' title="bbox 1069 622 1859 668">
     <span class='ocr_line' id='line_1_72' title="bbox 1069 622 1859 668; baseline 0.019 -21"><span class='ocrx_word' id='word_1_535' title='bbox 1069 622 1148 648; x_wconf 86' lang='lat' dir='ltr'><strong>rectis</strong></span> <span class='ocrx_word' id='word_1_536' title='bbox 1168 624 1313 657; x_wconf 79' lang='lat' dir='ltr'><strong>operibus?</strong></span> <span class='ocrx_word' id='word_1_537' title='bbox 1335 625 1377 653; x_wconf 72' lang='lat' dir='ltr'><strong>Ex</strong></span> <span class='ocrx_word' id='word_1_538' title='bbox 1399 627 1533 662; x_wconf 70' lang='lat' dir='ltr'><strong>fructibus,</strong></span> <span class='ocrx_word' id='word_1_539' title='bbox 1554 631 1636 665; x_wconf 90' lang='lat' dir='ltr'><strong>enim,</strong></span> <span class='ocrx_word' id='word_1_540' title='bbox 1659 632 1753 668; x_wconf 89' lang='lat' dir='ltr'><strong>inquit,</strong></span> <span class='ocrx_word' id='word_1_541' title='bbox 1774 642 1859 662; x_wconf 70' lang='lat' dir='ltr'><strong>eorum</strong></span> 
     </span>
    </p>
   </div>
   <div class='ocr_carea' id='block_1_73' title="bbox 1067 669 1508 710">
    <p class='ocr_par' dir='ltr' id='par_1_73' title="bbox 1067 669 1508 710">
     <span class='ocr_line' id='line_1_73' title="bbox 1067 669 1508 710; baseline 0.023 -18"><span class='ocrx_word' id='word_1_542' title='bbox 1067 669 1219 702; x_wconf 74' lang='lat' dir='ltr'><strong>cognoscetis</strong></span> <span class='ocrx_word' id='word_1_543' title='bbox 1234 678 1276 697; x_wconf 76' lang='lat' dir='ltr'><strong>eos</strong></span> <span class='ocrx_word' id='word_1_544' title='bbox 1290 671 1396 706; x_wconf 81' lang='lat' dir='ltr'><strong>(Matth.</strong></span> <span class='ocrx_word' id='word_1_545' title='bbox 1410 673 1436 700; x_wconf 86' lang='lat'><strong>7.</strong></span> <span class='ocrx_word' id='word_1_546' title='bbox 1452 674 1508 710; x_wconf 77' lang='grc'><strong>16).</strong></span> 
     </span>
    </p>
   </div>
   <div class='ocr_carea' id='block_1_74' title="bbox 1102 713 1856 761">
    <p class='ocr_par' dir='ltr' id='par_1_74' title="bbox 1102 713 1856 761">
     <span class='ocr_line' id='line_1_74' title="bbox 1102 713 1856 761; baseline 0.021 -23"><span class='ocrx_word' id='word_1_547' title='bbox 1102 713 1129 739; x_wconf 78' lang='grc'><strong>4.</strong></span> <span class='ocrx_word' id='word_1_548' title='bbox 1144 713 1211 747; x_wconf 85' lang='lat' dir='ltr'><strong>Quid</strong></span> <span class='ocrx_word' id='word_1_549' title='bbox 1225 719 1312 743; x_wconf 87' lang='lat' dir='ltr'><strong>autem</strong></span> <span class='ocrx_word' id='word_1_550' title='bbox 1325 717 1403 745; x_wconf 80' lang='lat' dir='ltr'><strong>vitam</strong></span> <span class='ocrx_word' id='word_1_551' title='bbox 1419 724 1537 748; x_wconf 89' lang='lat' dir='ltr'><strong>nostram</strong></span> <span class='ocrx_word' id='word_1_552' title='bbox 1551 723 1705 751; x_wconf 83' lang='lat' dir='ltr'><strong>constituit?</strong></span> <span class='ocrx_word' id='word_1_553' title='bbox 1719 725 1759 752; x_wconf 84' lang='lat' dir='ltr'><strong>An</strong></span> <span class='ocrx_word' id='word_1_554' title='bbox 1771 725 1856 761; x_wconf 76' lang='lat' dir='ltr'><strong>signa,</strong></span> 
     </span>
    </p>
   </div>
   <div class='ocr_carea' id='block_1_75' title="bbox 1067 764 1858 807">
    <p class='ocr_par' dir='ltr' id='par_1_75' title="bbox 1067 764 1858 807">
     <span class='ocr_line' id='line_1_75' title="bbox 1067 764 1858 807; baseline 0.021 -24"><span class='ocrx_word' id='word_1_555' title='bbox 1067 764 1100 807; x_wconf 76' lang='lat' dir='ltr'><strong>an</strong></span> <span class='ocrx_word' id='word_1_556' title='bbox 1114 764 1166 785; x_wconf 87' lang='lat' dir='ltr'><strong>vita</strong></span> <span class='ocrx_word' id='word_1_557' title='bbox 1181 765 1253 787; x_wconf 85' lang='lat' dir='ltr'><strong>recte</strong></span> <span class='ocrx_word' id='word_1_558' title='bbox 1268 766 1295 788; x_wconf 90' lang='lat' dir='ltr'><strong>et</strong></span> <span class='ocrx_word' id='word_1_559' title='bbox 1305 770 1428 791; x_wconf 83' lang='lat' dir='ltr'><strong>accurate</strong></span> <span class='ocrx_word' id='word_1_560' title='bbox 1438 767 1514 793; x_wconf 84' lang='lat' dir='ltr'><strong>aeta?</strong></span> <span class='ocrx_word' id='word_1_561' title='bbox 1529 767 1615 795; x_wconf 84' lang='lat' dir='ltr'><strong>Vitam</strong></span> <span class='ocrx_word' id='word_1_562' title='bbox 1628 775 1701 797; x_wconf 87' lang='lat' dir='ltr'><strong>certe</strong></span> <span class='ocrx_word' id='word_1_563' title='bbox 1712 778 1770 799; x_wconf 88' lang='lat' dir='ltr'><strong>esse</strong></span> <span class='ocrx_word' id='word_1_564' title='bbox 1782 772 1858 807; x_wconf 87' lang='lat' dir='ltr'><strong>liqui-</strong></span> 
     </span>
    </p>
   </div>
   <div class='ocr_carea' id='block_1_76' title="bbox 1066 802 1858 849">
    <p class='ocr_par' dir='ltr' id='par_1_76' title="bbox 1066 802 1858 849">
     <span class='ocr_line' id='line_1_76' title="bbox 1066 802 1858 849; baseline 0.023 -21"><span class='ocrx_word' id='word_1_565' title='bbox 1066 802 1130 829; x_wconf 92' lang='lat' dir='ltr'><strong>dum</strong></span> <span class='ocrx_word' id='word_1_566' title='bbox 1144 809 1184 831; x_wconf 90' lang='lat' dir='ltr'><strong>est</strong></span> <span class='ocrx_word' id='word_1_567' title='bbox 1199 814 1207 831; x_wconf 86' lang='lat'><strong><em>:</em></strong></span> <span class='ocrx_word' id='word_1_568' title='bbox 1222 806 1296 840; x_wconf 83' lang='lat' dir='ltr'><strong>signa</strong></span> <span class='ocrx_word' id='word_1_569' title='bbox 1310 815 1375 835; x_wconf 87' lang='lat' dir='ltr'><strong>vero</strong></span> <span class='ocrx_word' id='word_1_570' title='bbox 1398 810 1460 837; x_wconf 86' lang='lat' dir='ltr'><strong>inde</strong></span> <span class='ocrx_word' id='word_1_571' title='bbox 1481 811 1581 840; x_wconf 90' lang='lat' dir='ltr'><strong>ducunt</strong></span> <span class='ocrx_word' id='word_1_572' title='bbox 1600 815 1778 849; x_wconf 86' lang='lat' dir='ltr'><strong>occasionem,</strong></span> <span class='ocrx_word' id='word_1_573' title='bbox 1791 802 1819 845; x_wconf 77' lang='lat' dir='ltr'><strong>ei</strong></span> <span class='ocrx_word' id='word_1_574' title='bbox 1832 817 1858 847; x_wconf 86' lang='lat' dir='ltr'><strong>iii</strong></span> 
     </span>
    </p>
   </div>
   <div class='ocr_carea' id='block_1_77' title="bbox 1066 848 1856 897">
    <p class='ocr_par' dir='ltr' id='par_1_77' title="bbox 1066 848 1856 897">
     <span class='ocr_line' id='line_1_77' title="bbox 1066 848 1856 897; baseline 0.022 -24"><span class='ocrx_word' id='word_1_575' title='bbox 1066 855 1127 897; x_wconf 69' lang='lat' dir='ltr'><strong>eum</strong></span> <span class='ocrx_word' id='word_1_576' title='bbox 1141 848 1219 877; x_wconf 88' lang='lat' dir='ltr'><strong>linem</strong></span> <span class='ocrx_word' id='word_1_577' title='bbox 1231 851 1364 880; x_wconf 87' lang='lat' dir='ltr'><strong>desinunt.</strong></span> <span class='ocrx_word' id='word_1_578' title='bbox 1380 854 1444 882; x_wconf 77' lang='lat' dir='ltr'><strong>Nam</strong></span> <span class='ocrx_word' id='word_1_579' title='bbox 1457 857 1501 890; x_wconf 88' lang='lat' dir='ltr'><strong>qui</strong></span> <span class='ocrx_word' id='word_1_580' title='bbox 1511 857 1591 885; x_wconf 85' lang='lat' dir='ltr'><strong>vitam</strong></span> <span class='ocrx_word' id='word_1_581' title='bbox 1602 859 1710 887; x_wconf 84' lang='lat' dir='ltr'><strong>exhibet</strong></span> <span class='ocrx_word' id='word_1_582' title='bbox 1718 848 1856 897; x_wconf 87' lang='lat' dir='ltr'><strong>optimam,</strong></span> 
     </span>
    </p>
   </div>
   <div class='ocr_carea' id='block_1_78' title="bbox 1066 892 1855 944">
    <p class='ocr_par' dir='ltr' id='par_1_78' title="bbox 1066 892 1855 944">
     <span class='ocr_line' id='line_1_78' title="bbox 1066 892 1855 944; baseline 0.023 -26"><span class='ocrx_word' id='word_1_583' title='bbox 1066 892 1135 944; x_wconf 64' lang='lat' dir='ltr'><strong>hanc</strong></span> <span class='ocrx_word' id='word_1_584' title='bbox 1149 895 1198 944; x_wconf 76' lang='lat' dir='ltr'><strong>sibi</strong></span> <span class='ocrx_word' id='word_1_585' title='bbox 1212 897 1320 925; x_wconf 86' lang='lat' dir='ltr'><strong>attrahit</strong></span> <span class='ocrx_word' id='word_1_586' title='bbox 1334 900 1460 933; x_wconf 80' lang='lat' dir='ltr'><strong>gratiam;</strong></span> <span class='ocrx_word' id='word_1_587' title='bbox 1476 903 1521 937; x_wconf 87' lang='lat' dir='ltr'><strong>qui</strong></span> <span class='ocrx_word' id='word_1_588' title='bbox 1535 911 1598 930; x_wconf 88' lang='lat' dir='ltr'><strong>vero</strong></span> <span class='ocrx_word' id='word_1_589' title='bbox 1610 905 1721 939; x_wconf 75' lang='lat' dir='ltr'><strong>gratiam</strong></span> <span class='ocrx_word' id='word_1_590' title='bbox 1737 892 1834 944; x_wconf 71' lang='lat' dir='ltr'><strong>accipit</strong></span> 
     </span>
    </p>
   </div>
   <div class='ocr_carea' id='block_1_79' title="bbox 1066 937 1856 989">
    <p class='ocr_par' dir='ltr' id='par_1_79' title="bbox 1066 937 1856 989">
     <span class='ocr_line' id='line_1_79' title="bbox 1066 937 1856 989; baseline 0.024 -26"><span class='ocrx_word' id='word_1_591' title='bbox 1066 937 1127 989; x_wconf 70' lang='lat' dir='ltr'><strong>ideo</strong></span> <span class='ocrx_word' id='word_1_592' title='bbox 1140 940 1235 989; x_wconf 63' lang='lat' dir='ltr'><strong>accipit</strong></span> <span class='ocrx_word' id='word_1_593' title='bbox 1247 962 1254 974; x_wconf 89' lang='lat'><strong>,</strong></span> <span class='ocrx_word' id='word_1_594' title='bbox 1271 947 1299 969; x_wconf 87' lang='lat' dir='ltr'><strong>ut</strong></span> <span class='ocrx_word' id='word_1_595' title='bbox 1312 944 1424 972; x_wconf 85' lang='lat' dir='ltr'><strong>aliorum</strong></span> <span class='ocrx_word' id='word_1_596' title='bbox 1439 947 1519 974; x_wconf 84' lang='lat' dir='ltr'><strong>vitam</strong></span> <span class='ocrx_word' id='word_1_597' title='bbox 1534 937 1667 978; x_wconf 72' lang='lat' dir='ltr'><strong>emendet.</strong></span> <span class='ocrx_word' id='word_1_598' title='bbox 1683 937 1856 989; x_wconf 52' lang='lat' dir='ltr'><strong>Quandoqui;</strong></span> 
     </span>
    </p>
   </div>
   <div class='ocr_carea' id='block_1_80' title="bbox 1065 982 1859 1027">
    <p class='ocr_par' dir='ltr' id='par_1_80' title="bbox 1065 982 1859 1027">
     <span class='ocr_line' id='line_1_80' title="bbox 1065 982 1859 1027; baseline 0.023 -18"><span class='ocrx_word' id='word_1_599' title='bbox 1065 982 1126 1010; x_wconf 90' lang='lat' dir='ltr'><strong>dem</strong></span> <span class='ocrx_word' id='word_1_600' title='bbox 1141 984 1262 1013; x_wconf 87' lang='lat' dir='ltr'><strong>Christus</strong></span> <span class='ocrx_word' id='word_1_601' title='bbox 1276 987 1402 1017; x_wconf 90' lang='lat' dir='ltr'><strong>miracula</strong></span> <span class='ocrx_word' id='word_1_602' title='bbox 1418 991 1460 1018; x_wconf 90' lang='lat' dir='ltr'><strong>illa</strong></span> <span class='ocrx_word' id='word_1_603' title='bbox 1475 992 1535 1020; x_wconf 90' lang='lat' dir='ltr'><strong>ideo</strong></span> <span class='ocrx_word' id='word_1_604' title='bbox 1548 994 1620 1026; x_wconf 87' lang='lat' dir='ltr'><strong>fecit,</strong></span> <span class='ocrx_word' id='word_1_605' title='bbox 1637 1000 1664 1023; x_wconf 90' lang='lat' dir='ltr'><strong>ut</strong></span> <span class='ocrx_word' id='word_1_606' title='bbox 1679 982 1740 1024; x_wconf 75' lang='lat' dir='ltr'><strong>inde</strong></span> <span class='ocrx_word' id='word_1_607' title='bbox 1755 982 1859 1027; x_wconf 53' lang='lat' dir='ltr'><strong>nde-di—</strong></span> 
     </span>
    </p>
   </div>
   <div class='ocr_carea' id='block_1_81' title="bbox 1064 1029 1856 1074">
    <p class='ocr_par' dir='ltr' id='par_1_81' title="bbox 1064 1029 1856 1074">
     <span class='ocr_line' id='line_1_81' title="bbox 1064 1029 1856 1074; baseline 0.024 -20"><span class='ocrx_word' id='word_1_608' title='bbox 1064 1035 1132 1062; x_wconf 83' lang='lat' dir='ltr'><strong>gnus</strong></span> <span class='ocrx_word' id='word_1_609' title='bbox 1143 1029 1176 1056; x_wconf 85' lang='lat' dir='ltr'><strong>ad</strong></span> <span class='ocrx_word' id='word_1_610' title='bbox 1192 1038 1221 1058; x_wconf 89' lang='lat' dir='ltr'><strong>se</strong></span> <span class='ocrx_word' id='word_1_611' title='bbox 1235 1031 1357 1061; x_wconf 87' lang='lat' dir='ltr'><strong>homines</strong></span> <span class='ocrx_word' id='word_1_612' title='bbox 1370 1036 1535 1070; x_wconf 77' lang='lat' dir='ltr'><strong>pet-trahens,</strong></span> <span class='ocrx_word' id='word_1_613' title='bbox 1550 1039 1675 1068; x_wconf 84' lang='lat' dir='ltr'><strong>virtutem</strong></span> <span class='ocrx_word' id='word_1_614' title='bbox 1690 1044 1715 1069; x_wconf 92' lang='lat' dir='ltr'><strong>in</strong></span> <span class='ocrx_word' id='word_1_615' title='bbox 1728 1043 1856 1074; x_wconf 88' lang='lat' dir='ltr'><strong>mundum</strong></span> 
     </span>
    </p>
   </div>
   <div class='ocr_carea' id='block_1_82' title="bbox 1066 1073 1855 1118">
    <p class='ocr_par' dir='ltr' id='par_1_82' title="bbox 1066 1073 1855 1118">
     <span class='ocr_line' id='line_1_82' title="bbox 1066 1073 1855 1118; baseline 0.023 -18"><span class='ocrx_word' id='word_1_616' title='bbox 1066 1073 1213 1103; x_wconf 82' lang='lat' dir='ltr'><strong>induceret.</strong></span> <span class='ocrx_word' id='word_1_617' title='bbox 1235 1077 1297 1105; x_wconf 92' lang='lat' dir='ltr'><strong>ldeo</strong></span> <span class='ocrx_word' id='word_1_618' title='bbox 1318 1081 1460 1109; x_wconf 83' lang='lat' dir='ltr'><strong>maximam</strong></span> <span class='ocrx_word' id='word_1_619' title='bbox 1479 1083 1589 1118; x_wconf 79' lang='lat' dir='ltr'><strong>hujusce</strong></span> <span class='ocrx_word' id='word_1_620' title='bbox 1604 1087 1641 1113; x_wconf 89' lang='lat' dir='ltr'><strong>rei</strong></span> <span class='ocrx_word' id='word_1_621' title='bbox 1656 1094 1746 1115; x_wconf 86' lang='lat' dir='ltr'><strong>curam</strong></span> <span class='ocrx_word' id='word_1_622' title='bbox 1766 1073 1855 1118; x_wconf 44' lang='lat' dir='ltr'><strong>haberi</strong></span> 
     </span>
    </p>
   </div>
   <div class='ocr_carea' id='block_1_83' title="bbox 1065 1119 1855 1168">
    <p class='ocr_par' dir='ltr' id='par_1_83' title="bbox 1065 1119 1855 1168">
     <span class='ocr_line' id='line_1_83' title="bbox 1065 1119 1855 1168; baseline 0.022 -22"><span class='ocrx_word' id='word_1_623' title='bbox 1065 1119 1159 1168; x_wconf 80' lang='lat' dir='ltr'><strong>Neque</strong></span> <span class='ocrx_word' id='word_1_624' title='bbox 1170 1122 1240 1149; x_wconf 91' lang='lat' dir='ltr'><strong>enim</strong></span> <span class='ocrx_word' id='word_1_625' title='bbox 1254 1124 1317 1151; x_wconf 88' lang='lat' dir='ltr'><strong>solis</strong></span> <span class='ocrx_word' id='word_1_626' title='bbox 1331 1126 1413 1160; x_wconf 80' lang='lat' dir='ltr'><strong>signis</strong></span> <span class='ocrx_word' id='word_1_627' title='bbox 1426 1129 1490 1155; x_wconf 87' lang='lat' dir='ltr'><strong>satis</strong></span> <span class='ocrx_word' id='word_1_628' title='bbox 1505 1129 1594 1163; x_wconf 90' lang='lat' dir='ltr'><strong>habet,</strong></span> <span class='ocrx_word' id='word_1_629' title='bbox 1608 1132 1654 1159; x_wconf 88' lang='lat' dir='ltr'><strong>sed</strong></span> <span class='ocrx_word' id='word_1_630' title='bbox 1669 1137 1696 1160; x_wconf 90' lang='lat' dir='ltr'><strong>et</strong></span> <span class='ocrx_word' id='word_1_631' title='bbox 1707 1134 1855 1168; x_wconf 80' lang='lat' dir='ltr'><strong>gehennam</strong></span> 
     </span>
    </p>
   </div>
   <div class='ocr_carea' id='block_1_84' title="bbox 1064 1166 1856 1213">
    <p class='ocr_par' dir='ltr' id='par_1_84' title="bbox 1064 1166 1856 1213">
     <span class='ocr_line' id='line_1_84' title="bbox 1064 1166 1856 1213; baseline 0.023 -23"><span class='ocrx_word' id='word_1_632' title='bbox 1064 1166 1249 1200; x_wconf 86' lang='lat' dir='ltr'><strong>comminatur,</strong></span> <span class='ocrx_word' id='word_1_633' title='bbox 1259 1173 1286 1196; x_wconf 86' lang='lat' dir='ltr'><strong>et</strong></span> <span class='ocrx_word' id='word_1_634' title='bbox 1294 1177 1405 1204; x_wconf 80' lang='lat' dir='ltr'><strong>regnum</strong></span> <span class='ocrx_word' id='word_1_635' title='bbox 1416 1174 1556 1207; x_wconf 89' lang='lat' dir='ltr'><strong>promittit,</strong></span> <span class='ocrx_word' id='word_1_636' title='bbox 1564 1176 1655 1210; x_wconf 87' lang='lat' dir='ltr'><strong>sicque</strong></span> <span class='ocrx_word' id='word_1_637' title='bbox 1663 1166 1856 1213; x_wconf 64' lang='lat' dir='ltr'><strong>inexspectata</strong></span> 
     </span>
    </p>
   </div>
   <div class='ocr_carea' id='block_1_85' title="bbox 1064 1211 1853 1261">
    <p class='ocr_par' dir='ltr' id='par_1_85' title="bbox 1064 1211 1853 1261">
     <span class='ocr_line' id='line_1_85' title="bbox 1064 1211 1853 1261; baseline 0.022 -24"><span class='ocrx_word' id='word_1_638' title='bbox 1064 1211 1122 1238; x_wconf 89' lang='lat' dir='ltr'><strong>illas</strong></span> <span class='ocrx_word' id='word_1_639' title='bbox 1137 1214 1208 1246; x_wconf 89' lang='lat' dir='ltr'><strong>ponit</strong></span> <span class='ocrx_word' id='word_1_640' title='bbox 1224 1214 1306 1249; x_wconf 83' lang='lat' dir='ltr'><strong>leges,</strong></span> <span class='ocrx_word' id='word_1_641' title='bbox 1322 1217 1440 1252; x_wconf 90' lang='lat' dir='ltr'><strong>nihilque</strong></span> <span class='ocrx_word' id='word_1_642' title='bbox 1454 1227 1505 1246; x_wconf 88' lang='lat' dir='ltr'><strong>non</strong></span> <span class='ocrx_word' id='word_1_643' title='bbox 1521 1222 1574 1255; x_wconf 80' lang='lat' dir='ltr'><strong>agit</strong></span> <span class='ocrx_word' id='word_1_644' title='bbox 1588 1227 1616 1248; x_wconf 92' lang='lat' dir='ltr'><strong>ut</strong></span> <span class='ocrx_word' id='word_1_645' title='bbox 1630 1230 1679 1251; x_wconf 92' lang='lat' dir='ltr'><strong>nos</strong></span> <span class='ocrx_word' id='word_1_646' title='bbox 1692 1211 1793 1259; x_wconf 68' lang='lat' dir='ltr'><strong>angelis</strong></span> <span class='ocrx_word' id='word_1_647' title='bbox 1805 1235 1853 1261; x_wconf 88' lang='lat' dir='ltr'><strong>pa-</strong></span> 
     </span>
    </p>
   </div>
   <div class='ocr_carea' id='block_1_86' title="bbox 1063 1258 1853 1306">
    <p class='ocr_par' dir='ltr' id='par_1_86' title="bbox 1063 1258 1853 1306">
     <span class='ocr_line' id='line_1_86' title="bbox 1063 1258 1853 1306; baseline 0.023 -23"><span class='ocrx_word' id='word_1_648' title='bbox 1063 1265 1107 1284; x_wconf 89' lang='lat' dir='ltr'><strong>res</strong></span> <span class='ocrx_word' id='word_1_649' title='bbox 1119 1258 1225 1286; x_wconf 88' lang='lat' dir='ltr'><strong>efliciat.</strong></span> <span class='ocrx_word' id='word_1_650' title='bbox 1242 1261 1274 1287; x_wconf 82' lang='lat' dir='ltr'><strong>Et</strong></span> <span class='ocrx_word' id='word_1_651' title='bbox 1285 1262 1347 1295; x_wconf 90' lang='lat' dir='ltr'><strong>quid</strong></span> <span class='ocrx_word' id='word_1_652' title='bbox 1360 1263 1430 1297; x_wconf 87' lang='lat' dir='ltr'><strong>dico,</strong></span> <span class='ocrx_word' id='word_1_653' title='bbox 1445 1266 1577 1294; x_wconf 88' lang='lat' dir='ltr'><strong>Christum</strong></span> <span class='ocrx_word' id='word_1_654' title='bbox 1589 1270 1677 1297; x_wconf 87' lang='lat' dir='ltr'><strong>omnia</strong></span> <span class='ocrx_word' id='word_1_655' title='bbox 1691 1258 1853 1306; x_wconf 49' lang='lat' dir='ltr'><strong>hujusce-rei</strong></span> 
     </span>
    </p>
   </div>
   <div class='ocr_carea' id='block_1_87' title="bbox 1062 1304 1853 1352">
    <p class='ocr_par' dir='ltr' id='par_1_87' title="bbox 1062 1304 1853 1352">
     <span class='ocr_line' id='line_1_87' title="bbox 1062 1304 1853 1352; baseline 0.024 -24"><span class='ocrx_word' id='word_1_656' title='bbox 1062 1310 1142 1330; x_wconf 85' lang='lat' dir='ltr'><strong>causa</strong></span> <span class='ocrx_word' id='word_1_657' title='bbox 1158 1304 1261 1333; x_wconf 85' lang='lat' dir='ltr'><strong>facere?</strong></span> <span class='ocrx_word' id='word_1_658' title='bbox 1275 1306 1302 1334; x_wconf 90' lang='lat' dir='ltr'><strong>Si</strong></span> <span class='ocrx_word' id='word_1_659' title='bbox 1316 1308 1384 1342; x_wconf 88' lang='lat' dir='ltr'><strong>quis,</strong></span> <span class='ocrx_word' id='word_1_660' title='bbox 1401 1309 1444 1337; x_wconf 93' lang='lat' dir='ltr'><strong>dic</strong></span> <span class='ocrx_word' id='word_1_661' title='bbox 1459 1312 1541 1344; x_wconf 91' lang='lat' dir='ltr'><strong>mihi,</strong></span> <span class='ocrx_word' id='word_1_662' title='bbox 1555 1314 1690 1348; x_wconf 89' lang='lat' dir='ltr'><strong>optionem</strong></span> <span class='ocrx_word' id='word_1_663' title='bbox 1706 1304 1750 1344; x_wconf 86' lang='lat' dir='ltr'><strong>tibi</strong></span> <span class='ocrx_word' id='word_1_664' title='bbox 1766 1318 1853 1352; x_wconf 84' lang='lat' dir='ltr'><strong>daret,</strong></span> 
     </span>
    </p>
   </div>
   <div class='ocr_carea' id='block_1_88' title="bbox 1062 1352 1854 1399">
    <p class='ocr_par' dir='ltr' id='par_1_88' title="bbox 1062 1352 1854 1399">
     <span class='ocr_line' id='line_1_88' title="bbox 1062 1352 1854 1399; baseline 0.021 -24"><span class='ocrx_word' id='word_1_665' title='bbox 1062 1353 1108 1376; x_wconf 87' lang='lat' dir='ltr'><strong>aut</strong></span> <span class='ocrx_word' id='word_1_666' title='bbox 1129 1355 1249 1378; x_wconf 88' lang='lat' dir='ltr'><strong>mortuos</strong></span> <span class='ocrx_word' id='word_1_667' title='bbox 1272 1352 1297 1379; x_wconf 92' lang='lat' dir='ltr'><strong>in</strong></span> <span class='ocrx_word' id='word_1_668' title='bbox 1321 1355 1427 1382; x_wconf 90' lang='lat' dir='ltr'><strong>nomine</strong></span> <span class='ocrx_word' id='word_1_669' title='bbox 1441 1357 1498 1391; x_wconf 87' lang='lat' dir='ltr'><strong>ejus</strong></span> <span class='ocrx_word' id='word_1_670' title='bbox 1513 1359 1661 1394; x_wconf 84' lang='lat' dir='ltr'><strong>suscitare,</strong></span> <span class='ocrx_word' id='word_1_671' title='bbox 1679 1367 1724 1389; x_wconf 89' lang='lat' dir='ltr'><strong>aut</strong></span> <span class='ocrx_word' id='word_1_672' title='bbox 1745 1369 1854 1399; x_wconf 83' lang='lat' dir='ltr'><strong>propter</strong></span> 
     </span>
    </p>
   </div>
   <div class='ocr_carea' id='block_1_89' title="bbox 1063 1397 1853 1441">
    <p class='ocr_par' dir='ltr' id='par_1_89' title="bbox 1063 1397 1853 1441">
     <span class='ocr_line' id='line_1_89' title="bbox 1063 1397 1853 1441; baseline 0.023 -21"><span class='ocrx_word' id='word_1_673' title='bbox 1063 1403 1159 1422; x_wconf 90' lang='lat' dir='ltr'><strong>nomen</strong></span> <span class='ocrx_word' id='word_1_674' title='bbox 1172 1397 1231 1430; x_wconf 86' lang='lat' dir='ltr'><strong>ejus</strong></span> <span class='ocrx_word' id='word_1_675' title='bbox 1246 1398 1330 1431; x_wconf 86' lang='lat' dir='ltr'><strong>mori,</strong></span> <span class='ocrx_word' id='word_1_676' title='bbox 1347 1400 1408 1434; x_wconf 89' lang='lat' dir='ltr'><strong>quid</strong></span> <span class='ocrx_word' id='word_1_677' title='bbox 1423 1403 1547 1436; x_wconf 82' lang='lat' dir='ltr'><strong>optares?</strong></span> <span class='ocrx_word' id='word_1_678' title='bbox 1559 1404 1655 1432; x_wconf 86' lang='lat' dir='ltr'><strong>Annon</strong></span> <span class='ocrx_word' id='word_1_679' title='bbox 1671 1407 1757 1441; x_wconf 89' lang='lat' dir='ltr'><strong>palam</strong></span> <span class='ocrx_word' id='word_1_680' title='bbox 1771 1397 1812 1437; x_wconf 71' lang='lat' dir='ltr'><strong>est</strong></span> <span class='ocrx_word' id='word_1_681' title='bbox 1826 1414 1853 1438; x_wconf 76' lang='lat' dir='ltr'><strong>te</strong></span> 
     </span>
    </p>
   </div>
   <div class='ocr_carea' id='block_1_90' title="bbox 1062 1441 1853 1488">
    <p class='ocr_par' dir='ltr' id='par_1_90' title="bbox 1062 1441 1853 1488">
     <span class='ocr_line' id='line_1_90' title="bbox 1062 1441 1853 1488; baseline 0.021 -22"><span class='ocrx_word' id='word_1_682' title='bbox 1062 1441 1207 1469; x_wconf 82' lang='lat' dir='ltr'><strong>secundum</strong></span> <span class='ocrx_word' id='word_1_683' title='bbox 1222 1448 1374 1477; x_wconf 87' lang='lat' dir='ltr'><strong>optaturum</strong></span> <span class='ocrx_word' id='word_1_684' title='bbox 1391 1448 1466 1474; x_wconf 83' lang='lat' dir='ltr'><strong>esse?</strong></span> <span class='ocrx_word' id='word_1_685' title='bbox 1485 1450 1564 1484; x_wconf 83' lang='lat' dir='ltr'><strong>Atqui</strong></span> <span class='ocrx_word' id='word_1_686' title='bbox 1581 1451 1643 1478; x_wconf 90' lang='lat' dir='ltr'><strong>illud</strong></span> <span class='ocrx_word' id='word_1_687' title='bbox 1662 1453 1767 1488; x_wconf 77' lang='lat' dir='ltr'><strong>signum</strong></span> <span class='ocrx_word' id='word_1_688' title='bbox 1780 1475 1787 1487; x_wconf 93' lang='lat'><strong>,</strong></span> <span class='ocrx_word' id='word_1_689' title='bbox 1803 1455 1853 1484; x_wconf 85' lang='lat' dir='ltr'><strong>hoc</strong></span> 
     </span>
    </p>
   </div>
   <div class='ocr_carea' id='block_1_91' title="bbox 1061 1490 1854 1535">
    <p class='ocr_par' dir='ltr' id='par_1_91' title="bbox 1061 1490 1854 1535">
     <span class='ocr_line' id='line_1_91' title="bbox 1061 1490 1854 1535; baseline 0.023 -24"><span class='ocrx_word' id='word_1_690' title='bbox 1061 1491 1156 1535; x_wconf 34' lang='lat' dir='ltr'><strong>autem‘</strong></span> <span class='ocrx_word' id='word_1_691' title='bbox 1164 1495 1229 1522; x_wconf 91' lang='lat' dir='ltr'><strong>opus</strong></span> <span class='ocrx_word' id='word_1_692' title='bbox 1242 1493 1292 1516; x_wconf 88' lang='lat' dir='ltr'><strong>est.</strong></span> <span class='ocrx_word' id='word_1_693' title='bbox 1309 1490 1335 1517; x_wconf 92' lang='lat' dir='ltr'><strong>Si</strong></span> <span class='ocrx_word' id='word_1_694' title='bbox 1350 1492 1408 1525; x_wconf 90' lang='lat' dir='ltr'><strong>quis</strong></span> <span class='ocrx_word' id='word_1_695' title='bbox 1419 1500 1482 1520; x_wconf 89' lang='lat' dir='ltr'><strong>vero</strong></span> <span class='ocrx_word' id='word_1_696' title='bbox 1497 1494 1542 1521; x_wconf 91' lang='lat' dir='ltr'><strong>tibi</strong></span> <span class='ocrx_word' id='word_1_697' title='bbox 1556 1496 1691 1530; x_wconf 88' lang='lat' dir='ltr'><strong>optionem</strong></span> <span class='ocrx_word' id='word_1_698' title='bbox 1706 1506 1765 1526; x_wconf 92' lang='lat' dir='ltr'><strong>cum</strong></span> <span class='ocrx_word' id='word_1_699' title='bbox 1779 1505 1854 1535; x_wconf 85' lang='lat' dir='ltr'><strong>pote-</strong></span> 
     </span>
    </p>
   </div>
   <div class='ocr_carea' id='block_1_92' title="bbox 1061 1531 1851 1578">
    <p class='ocr_par' dir='ltr' id='par_1_92' title="bbox 1061 1531 1851 1578">
     <span class='ocr_line' id='line_1_92' title="bbox 1061 1531 1851 1578; baseline 0.023 -22"><span class='ocrx_word' id='word_1_700' title='bbox 1061 1535 1128 1558; x_wconf 88' lang='lat' dir='ltr'><strong>state</strong></span> <span class='ocrx_word' id='word_1_701' title='bbox 1141 1531 1216 1560; x_wconf 88' lang='lat' dir='ltr'><strong>darct</strong></span> <span class='ocrx_word' id='word_1_702' title='bbox 1230 1533 1328 1563; x_wconf 71' lang='lat' dir='ltr'><strong>Renum</strong></span> <span class='ocrx_word' id='word_1_703' title='bbox 1346 1536 1371 1562; x_wconf 94' lang='lat' dir='ltr'><strong>in</strong></span> <span class='ocrx_word' id='word_1_704' title='bbox 1386 1544 1479 1564; x_wconf 91' lang='lat' dir='ltr'><strong>aurum</strong></span> <span class='ocrx_word' id='word_1_705' title='bbox 1490 1541 1609 1568; x_wconf 88' lang='lat' dir='ltr'><strong>vertendi</strong></span> <span class='ocrx_word' id='word_1_706' title='bbox 1621 1562 1628 1573; x_wconf 87' lang='lat'><strong>,</strong></span> <span class='ocrx_word' id='word_1_707' title='bbox 1640 1548 1684 1569; x_wconf 89' lang='lat' dir='ltr'><strong>aut</strong></span> <span class='ocrx_word' id='word_1_708' title='bbox 1699 1531 1851 1578; x_wconf 51' lang='lat' dir='ltr'><strong>posse-om-</strong></span> 
     </span>
    </p>
   </div>
   <div class='ocr_carea' id='block_1_93' title="bbox 1061 1577 1851 1625">
    <p class='ocr_par' dir='ltr' id='par_1_93' title="bbox 1061 1577 1851 1625">
     <span class='ocr_line' id='line_1_93' title="bbox 1061 1577 1851 1625; baseline 0.023 -24"><span class='ocrx_word' id='word_1_709' title='bbox 1061 1583 1109 1603; x_wconf 85' lang='lat' dir='ltr'><strong>nes</strong></span> <span class='ocrx_word' id='word_1_710' title='bbox 1122 1577 1226 1605; x_wconf 88' lang='lat' dir='ltr'><strong>divitias</strong></span> <span class='ocrx_word' id='word_1_711' title='bbox 1241 1583 1267 1605; x_wconf 88' lang='grc' dir='ltr'><strong>ιιι</strong></span> <span class='ocrx_word' id='word_1_712' title='bbox 1284 1579 1381 1607; x_wconf 75' lang='lat' dir='ltr'><strong>lienam</strong></span> <span class='ocrx_word' id='word_1_713' title='bbox 1398 1584 1571 1612; x_wconf 79' lang='lat' dir='ltr'><strong>conculcare?</strong></span> <span class='ocrx_word' id='word_1_714' title='bbox 1589 1586 1682 1615; x_wconf 86' lang='lat' dir='ltr'><strong>Nonne</strong></span> <span class='ocrx_word' id='word_1_715' title='bbox 1698 1589 1749 1616; x_wconf 86' lang='lat' dir='ltr'><strong>hoe</strong></span> <span class='ocrx_word' id='word_1_716' title='bbox 1764 1592 1851 1625; x_wconf 85' lang='lat' dir='ltr'><strong>potius</strong></span> 
     </span>
    </p>
   </div>
   <div class='ocr_carea' id='block_1_94' title="bbox 1061 1621 1851 1664">
    <p class='ocr_par' dir='ltr' id='par_1_94' title="bbox 1061 1621 1851 1664">
     <span class='ocr_line' id='line_1_94' title="bbox 1061 1621 1851 1664; baseline 0.023 -18"><span class='ocrx_word' id='word_1_717' title='bbox 1061 1621 1189 1655; x_wconf 82' lang='lat' dir='ltr'><strong>eligeres?</strong></span> <span class='ocrx_word' id='word_1_718' title='bbox 1213 1623 1244 1650; x_wconf 87' lang='lat' dir='ltr'><strong>Et</strong></span> <span class='ocrx_word' id='word_1_719' title='bbox 1255 1624 1314 1659; x_wconf 87' lang='lat' dir='ltr'><strong>jure</strong></span> <span class='ocrx_word' id='word_1_720' title='bbox 1328 1627 1444 1660; x_wconf 84' lang='lat' dir='ltr'><strong>quidem.</strong></span> <span class='ocrx_word' id='word_1_721' title='bbox 1464 1628 1531 1656; x_wconf 88' lang='lat' dir='ltr'><strong>Nam</strong></span> <span class='ocrx_word' id='word_1_722' title='bbox 1545 1631 1608 1658; x_wconf 92' lang='lat' dir='ltr'><strong>illud</strong></span> <span class='ocrx_word' id='word_1_723' title='bbox 1623 1640 1716 1661; x_wconf 90' lang='lat' dir='ltr'><strong>omnes</strong></span> <span class='ocrx_word' id='word_1_724' title='bbox 1730 1621 1851 1664; x_wconf 76' lang='lat' dir='ltr'><strong>homines</strong></span> 
     </span>
    </p>
   </div>
   <div class='ocr_carea' id='block_1_95' title="bbox 1060 1667 1850 1708">
    <p class='ocr_par' dir='ltr' id='par_1_95' title="bbox 1060 1667 1850 1708">
     <span class='ocr_line' id='line_1_95' title="bbox 1060 1667 1850 1708; baseline 0.022 -16"><span class='ocrx_word' id='word_1_725' title='bbox 1060 1667 1176 1694; x_wconf 78' lang='lat' dir='ltr'><strong>maxime</strong></span> <span class='ocrx_word' id='word_1_726' title='bbox 1190 1669 1365 1702; x_wconf 81' lang='lat' dir='ltr'><strong>pertraheret.</strong></span> <span class='ocrx_word' id='word_1_727' title='bbox 1381 1672 1409 1699; x_wconf 82' lang='lat' dir='ltr'><strong>Si</strong></span> <span class='ocrx_word' id='word_1_728' title='bbox 1423 1672 1543 1701; x_wconf 88' lang='lat' dir='ltr'><strong>viderent</strong></span> <span class='ocrx_word' id='word_1_729' title='bbox 1557 1676 1627 1703; x_wconf 88' lang='lat' dir='ltr'><strong>enim</strong></span> <span class='ocrx_word' id='word_1_730' title='bbox 1643 1677 1743 1706; x_wconf 72' lang='lat' dir='ltr'><strong>foenum</strong></span> <span class='ocrx_word' id='word_1_731' title='bbox 1755 1687 1850 1708; x_wconf 88' lang='lat' dir='ltr'><strong>aurum</strong></span> 
     </span>
    </p>
   </div>
   <div class='ocr_carea' id='block_1_96' title="bbox 1061 1712 1850 1759">
    <p class='ocr_par' dir='ltr' id='par_1_96' title="bbox 1061 1712 1850 1759">
     <span class='ocr_line' id='line_1_96' title="bbox 1061 1712 1850 1759; baseline 0.02 -21"><span class='ocrx_word' id='word_1_732' title='bbox 1061 1712 1127 1745; x_wconf 80' lang='lat' dir='ltr'><strong>fieri,</strong></span> <span class='ocrx_word' id='word_1_733' title='bbox 1141 1713 1208 1741; x_wconf 89' lang='lat' dir='ltr'><strong>hanc</strong></span> <span class='ocrx_word' id='word_1_734' title='bbox 1223 1720 1378 1749; x_wconf 86' lang='lat' dir='ltr'><strong>potestatein</strong></span> <span class='ocrx_word' id='word_1_735' title='bbox 1393 1726 1486 1747; x_wconf 88' lang='lat' dir='ltr'><strong>omnes</strong></span> <span class='ocrx_word' id='word_1_736' title='bbox 1499 1727 1627 1756; x_wconf 86' lang='lat' dir='ltr'><strong>cuperent</strong></span> <span class='ocrx_word' id='word_1_737' title='bbox 1639 1723 1770 1759; x_wconf 88' lang='lat' dir='ltr'><strong>obtinere,</strong></span> <span class='ocrx_word' id='word_1_738' title='bbox 1782 1727 1850 1754; x_wconf 86' lang='lat' dir='ltr'><strong>sicut</strong></span> 
     </span>
    </p>
   </div>
   <div class='ocr_carea' id='block_1_97' title="bbox 1061 1757 1848 1803">
    <p class='ocr_par' dir='ltr' id='par_1_97' title="bbox 1061 1757 1848 1803">
     <span class='ocr_line' id='line_1_97' title="bbox 1061 1757 1848 1803; baseline 0.02 -19"><span class='ocrx_word' id='word_1_739' title='bbox 1061 1757 1152 1786; x_wconf 88' lang='lat' dir='ltr'><strong>Simon</strong></span> <span class='ocrx_word' id='word_1_740' title='bbox 1164 1780 1170 1791; x_wconf 90' lang='lat'><strong>,</strong></span> <span class='ocrx_word' id='word_1_741' title='bbox 1188 1767 1380 1798; x_wconf 81' lang='lat' dir='ltr'><strong>augereturque</strong></span> <span class='ocrx_word' id='word_1_742' title='bbox 1395 1764 1544 1794; x_wconf 87' lang='lat' dir='ltr'><strong>divitiarum</strong></span> <span class='ocrx_word' id='word_1_743' title='bbox 1558 1768 1689 1803; x_wconf 88' lang='lat' dir='ltr'><strong>cupiditas</strong></span> <span class='ocrx_word' id='word_1_744' title='bbox 1704 1772 1745 1798; x_wconf 91' lang='lat' dir='ltr'><strong>:si</strong></span> <span class='ocrx_word' id='word_1_745' title='bbox 1758 1757 1848 1800; x_wconf 80' lang='lat' dir='ltr'><strong>autem</strong></span> 
     </span>
    </p>
   </div>
   <div class='ocr_carea' id='block_1_98' title="bbox 1060 1804 1849 1854">
    <p class='ocr_par' dir='ltr' id='par_1_98' title="bbox 1060 1804 1849 1854">
     <span class='ocr_line' id='line_1_98' title="bbox 1060 1804 1849 1854; baseline 0.023 -25"><span class='ocrx_word' id='word_1_746' title='bbox 1060 1804 1181 1854; x_wconf 79' lang='lat' dir='ltr'><strong>viderent</strong></span> <span class='ocrx_word' id='word_1_747' title='bbox 1189 1814 1281 1834; x_wconf 90' lang='lat' dir='ltr'><strong>omnes</strong></span> <span class='ocrx_word' id='word_1_748' title='bbox 1291 1815 1384 1836; x_wconf 89' lang='lat' dir='ltr'><strong>aurum</strong></span> <span class='ocrx_word' id='word_1_749' title='bbox 1395 1816 1525 1846; x_wconf 83' lang='lat' dir='ltr'><strong>tamquam</strong></span> <span class='ocrx_word' id='word_1_750' title='bbox 1533 1813 1632 1842; x_wconf 76' lang='lat' dir='ltr'><strong>frenum</strong></span> <span class='ocrx_word' id='word_1_751' title='bbox 1641 1815 1787 1852; x_wconf 85' lang='lat' dir='ltr'><strong>despicere,</strong></span> <span class='ocrx_word' id='word_1_752' title='bbox 1793 1818 1849 1854; x_wconf 89' lang='lat' dir='ltr'><strong>jam</strong></span> 
     </span>
    </p>
   </div>
   <div class='ocr_carea' id='block_1_99' title="bbox 1059 1849 1483 1884">
    <p class='ocr_par' dir='ltr' id='par_1_99' title="bbox 1059 1849 1483 1884">
     <span class='ocr_line' id='line_1_99' title="bbox 1059 1849 1483 1884; baseline 0.021 -9"><span class='ocrx_word' id='word_1_753' title='bbox 1059 1849 1122 1877; x_wconf 90' lang='lat' dir='ltr'><strong>olim</strong></span> <span class='ocrx_word' id='word_1_754' title='bbox 1133 1859 1147 1876; x_wconf 86' lang='lat' dir='ltr'><strong>a</strong></span> <span class='ocrx_word' id='word_1_755' title='bbox 1164 1852 1256 1879; x_wconf 86' lang='lat' dir='ltr'><strong>morbo</strong></span> <span class='ocrx_word' id='word_1_756' title='bbox 1268 1854 1370 1882; x_wconf 86' lang='lat' dir='ltr'><strong>liberati</strong></span> <span class='ocrx_word' id='word_1_757' title='bbox 1383 1861 1483 1884; x_wconf 85' lang='lat' dir='ltr'><strong>essent.</strong></span> 
     </span>
    </p>
   </div>
   <div class='ocr_carea' id='block_1_100' title="bbox 1101 1895 1849 1942">
    <p class='ocr_par' dir='ltr' id='par_1_100' title="bbox 1101 1895 1849 1942">
     <span class='ocr_line' id='line_1_100' title="bbox 1101 1895 1849 1942; baseline 0.021 -21"><span class='ocrx_word' id='word_1_758' title='bbox 1101 1895 1157 1942; x_wconf 65' lang='lat' dir='ltr'><strong>t&#39;iia</strong></span> <span class='ocrx_word' id='word_1_759' title='bbox 1176 1897 1241 1924; x_wconf 82' lang='lat' dir='ltr'><strong>bona</strong></span> <span class='ocrx_word' id='word_1_760' title='bbox 1262 1907 1327 1933; x_wconf 67' lang='lat' dir='ltr'><strong>quia.</strong></span> <span class='ocrx_word' id='word_1_761' title='bbox 1339 1914 1375 1919; x_wconf 94' lang='lat'><strong><em>—</em></strong></span> <span class='ocrx_word' id='word_1_762' title='bbox 1390 1901 1482 1929; x_wconf 86' lang='lat' dir='ltr'><strong>Viden&#39;</strong></span> <span class='ocrx_word' id='word_1_763' title='bbox 1498 1903 1592 1932; x_wconf 91' lang='lat' dir='ltr'><strong>bonam</strong></span> <span class='ocrx_word' id='word_1_764' title='bbox 1606 1907 1686 1934; x_wconf 86' lang='lat' dir='ltr'><strong>vitam</strong></span> <span class='ocrx_word' id='word_1_765' title='bbox 1700 1915 1778 1942; x_wconf 86' lang='lat' dir='ltr'><strong>posse</strong></span> <span class='ocrx_word' id='word_1_766' title='bbox 1793 1916 1849 1936; x_wconf 88' lang='lat' dir='ltr'><strong>ma-</strong></span> 
     </span>
    </p>
   </div>
   <div class='ocr_carea' id='block_1_101' title="bbox 1058 1940 1848 1985">
    <p class='ocr_par' dir='ltr' id='par_1_101' title="bbox 1058 1940 1848 1985">
     <span class='ocr_line' id='line_1_101' title="bbox 1058 1940 1848 1985; baseline 0.023 -20"><span class='ocrx_word' id='word_1_767' title='bbox 1058 1940 1216 1974; x_wconf 77' lang='lat' dir='ltr'><strong>gisjuvare?</strong></span> <span class='ocrx_word' id='word_1_768' title='bbox 1231 1942 1316 1971; x_wconf 86' lang='lat' dir='ltr'><strong>Vitam</strong></span> <span class='ocrx_word' id='word_1_769' title='bbox 1327 1950 1415 1974; x_wconf 89' lang='lat' dir='ltr'><strong>autem</strong></span> <span class='ocrx_word' id='word_1_770' title='bbox 1427 1947 1497 1982; x_wconf 88' lang='lat' dir='ltr'><strong>dico,</strong></span> <span class='ocrx_word' id='word_1_771' title='bbox 1509 1957 1560 1976; x_wconf 91' lang='lat' dir='ltr'><strong>non</strong></span> <span class='ocrx_word' id='word_1_772' title='bbox 1572 1940 1713 1985; x_wconf 64' lang='lat' dir='ltr'><strong>jejunium,</strong></span> <span class='ocrx_word' id='word_1_773' title='bbox 1726 1961 1777 1981; x_wconf 91' lang='lat' dir='ltr'><strong>non</strong></span> <span class='ocrx_word' id='word_1_774' title='bbox 1791 1962 1848 1982; x_wconf 72' lang='lat' dir='ltr'><strong>sac—</strong></span> 
     </span>
    </p>
   </div>
   <div class='ocr_carea' id='block_1_102' title="bbox 1058 1988 1847 2035">
    <p class='ocr_par' dir='ltr' id='par_1_102' title="bbox 1058 1988 1847 2035">
     <span class='ocr_line' id='line_1_102' title="bbox 1058 1988 1847 2035; baseline 0.022 -23"><span class='ocrx_word' id='word_1_775' title='bbox 1058 1993 1118 2013; x_wconf 91' lang='lat' dir='ltr'><strong>cum</strong></span> <span class='ocrx_word' id='word_1_776' title='bbox 1132 1992 1159 2014; x_wconf 88' lang='lat' dir='ltr'><strong>ct</strong></span> <span class='ocrx_word' id='word_1_777' title='bbox 1171 1988 1287 2016; x_wconf 88' lang='lat' dir='ltr'><strong>cinerem</strong></span> <span class='ocrx_word' id='word_1_778' title='bbox 1296 1995 1423 2025; x_wconf 79' lang='lat' dir='ltr'><strong>stratum;</strong></span> <span class='ocrx_word' id='word_1_779' title='bbox 1437 1994 1483 2021; x_wconf 86' lang='lat' dir='ltr'><strong>sed</strong></span> <span class='ocrx_word' id='word_1_780' title='bbox 1495 1995 1644 2024; x_wconf 85' lang='lat' dir='ltr'><strong>divitiarum</strong></span> <span class='ocrx_word' id='word_1_781' title='bbox 1655 2004 1847 2035; x_wconf 88' lang='lat' dir='ltr'><strong>contemptum,</strong></span> 
     </span>
    </p>
   </div>
   <div class='ocr_carea' id='block_1_103' title="bbox 1058 2036 1848 2077">
    <p class='ocr_par' dir='ltr' id='par_1_103' title="bbox 1058 2036 1848 2077">
     <span class='ocr_line' id='line_1_103' title="bbox 1058 2036 1848 2077; baseline 0.022 -20"><span class='ocrx_word' id='word_1_782' title='bbox 1058 2036 1087 2058; x_wconf 90' lang='lat' dir='ltr'><strong>ut</strong></span> <span class='ocrx_word' id='word_1_783' title='bbox 1102 2039 1149 2066; x_wconf 90' lang='lat' dir='ltr'><strong>par</strong></span> <span class='ocrx_word' id='word_1_784' title='bbox 1159 2038 1201 2060; x_wconf 81' lang='lat' dir='ltr'><strong>est</strong></span> <span class='ocrx_word' id='word_1_785' title='bbox 1215 2042 1260 2061; x_wconf 87' lang='lat' dir='ltr'><strong>cas</strong></span> <span class='ocrx_word' id='word_1_786' title='bbox 1273 2040 1453 2072; x_wconf 76' lang='lat' dir='ltr'><strong>contemnere,</strong></span> <span class='ocrx_word' id='word_1_787' title='bbox 1465 2047 1582 2068; x_wconf 88' lang='lat' dir='ltr'><strong>amorem</strong></span> <span class='ocrx_word' id='word_1_788' title='bbox 1598 2044 1721 2077; x_wconf 84' lang='lat' dir='ltr'><strong>proximi,</strong></span> <span class='ocrx_word' id='word_1_789' title='bbox 1733 2045 1848 2074; x_wconf 83' lang='lat' dir='ltr'><strong>eleemo-</strong></span> 
     </span>
    </p>
   </div>
   <div class='ocr_carea' id='block_1_104' title="bbox 1057 2085 1846 2125">
    <p class='ocr_par' dir='ltr' id='par_1_104' title="bbox 1057 2085 1846 2125">
     <span class='ocr_line' id='line_1_104' title="bbox 1057 2085 1846 2125; baseline 0.02 -21"><span class='ocrx_word' id='word_1_790' title='bbox 1057 2086 1150 2113; x_wconf 83' lang='lat' dir='ltr'><strong>synam</strong></span> <span class='ocrx_word' id='word_1_791' title='bbox 1176 2085 1203 2107; x_wconf 88' lang='lat' dir='ltr'><strong>et</strong></span> <span class='ocrx_word' id='word_1_792' title='bbox 1227 2088 1322 2115; x_wconf 82' lang='lat' dir='ltr'><strong>panem</strong></span> <span class='ocrx_word' id='word_1_793' title='bbox 1349 2085 1474 2112; x_wconf 87' lang='lat' dir='ltr'><strong>esurienti</strong></span> <span class='ocrx_word' id='word_1_794' title='bbox 1499 2086 1599 2121; x_wconf 87' lang='lat' dir='ltr'><strong>datum,</strong></span> <span class='ocrx_word' id='word_1_795' title='bbox 1625 2090 1743 2118; x_wconf 89' lang='lat' dir='ltr'><strong>sedatam</strong></span> <span class='ocrx_word' id='word_1_796' title='bbox 1769 2092 1846 2125; x_wconf 82' lang='lat' dir='ltr'><strong>iram,</strong></span> 
     </span>
    </p>
   </div>
   <div class='ocr_carea' id='block_1_105' title="bbox 1058 2123 1848 2164">
    <p class='ocr_par' dir='ltr' id='par_1_105' title="bbox 1058 2123 1848 2164">
     <span class='ocr_line' id='line_1_105' title="bbox 1058 2123 1848 2164; baseline 0.02 -16"><span class='ocrx_word' id='word_1_797' title='bbox 1058 2123 1143 2150; x_wconf 87' lang='lat' dir='ltr'><strong>inanis</strong></span> <span class='ocrx_word' id='word_1_798' title='bbox 1155 2124 1246 2158; x_wconf 79' lang='lat' dir='ltr'><strong>gloria:</strong></span> <span class='ocrx_word' id='word_1_799' title='bbox 1257 2126 1448 2161; x_wconf 80' lang='lat' dir='ltr'><strong>depulsionem,</strong></span> <span class='ocrx_word' id='word_1_800' title='bbox 1460 2130 1565 2159; x_wconf 65' lang='lat' dir='ltr'><strong>invidiae</strong></span> <span class='ocrx_word' id='word_1_801' title='bbox 1575 2133 1792 2163; x_wconf 89' lang='lat' dir='ltr'><strong>eliniinationem.</strong></span> <span class='ocrx_word' id='word_1_802' title='bbox 1804 2123 1848 2164; x_wconf 62' lang='lat' dir='ltr'><strong>sa;</strong></span> 
     </span>
    </p>
   </div>
   <div class='ocr_carea' id='block_1_106' title="bbox 1057 2169 1848 2216">
    <p class='ocr_par' dir='ltr' id='par_1_106' title="bbox 1057 2169 1848 2216">
     <span class='ocr_line' id='line_1_106' title="bbox 1057 2169 1848 2216; baseline 0.018 -21"><span class='ocrx_word' id='word_1_803' title='bbox 1057 2173 1084 2196; x_wconf 91' lang='lat' dir='ltr'><strong>et</strong></span> <span class='ocrx_word' id='word_1_804' title='bbox 1098 2169 1140 2197; x_wconf 87' lang='lat' dir='ltr'><strong>ille</strong></span> <span class='ocrx_word' id='word_1_805' title='bbox 1152 2177 1201 2198; x_wconf 90' lang='lat' dir='ltr'><strong>nos</strong></span> <span class='ocrx_word' id='word_1_806' title='bbox 1212 2172 1322 2198; x_wconf 88' lang='lat' dir='ltr'><strong>instituit</strong></span> <span class='ocrx_word' id='word_1_807' title='bbox 1334 2181 1393 2200; x_wconf 84' lang='lat' dir='ltr'><strong>cum</strong></span> <span class='ocrx_word' id='word_1_808' title='bbox 1410 2174 1476 2202; x_wconf 83' lang='lat' dir='ltr'><strong>dixit</strong></span> <span class='ocrx_word' id='word_1_809' title='bbox 1490 2184 1496 2202; x_wconf 88' lang='lat'><strong>:</strong></span> <span class='ocrx_word' id='word_1_810' title='bbox 1512 2176 1606 2205; x_wconf 82' lang='lat' dir='ltr'><strong>Discite</strong></span> <span class='ocrx_word' id='word_1_811' title='bbox 1619 2188 1634 2205; x_wconf 90' lang='lat' dir='ltr'><strong>a</strong></span> <span class='ocrx_word' id='word_1_812' title='bbox 1647 2188 1695 2213; x_wconf 86' lang='lat' dir='ltr'><strong>me,</strong></span> <span class='ocrx_word' id='word_1_813' title='bbox 1708 2181 1767 2216; x_wconf 84' lang='lat' dir='ltr'><strong>quia</strong></span> <span class='ocrx_word' id='word_1_814' title='bbox 1781 2182 1848 2209; x_wconf 69' lang='lat' dir='ltr'><strong>mitis</strong></span> 
     </span>
    </p>
   </div>
   <div class='ocr_carea' id='block_1_107' title="bbox 1057 2217 1846 2260">
    <p class='ocr_par' dir='ltr' id='par_1_107' title="bbox 1057 2217 1846 2260">
     <span class='ocr_line' id='line_1_107' title="bbox 1057 2217 1846 2260; baseline 0.018 -20"><span class='ocrx_word' id='word_1_815' title='bbox 1057 2223 1112 2241; x_wconf 81' lang='lat' dir='ltr'><strong>sum</strong></span> <span class='ocrx_word' id='word_1_816' title='bbox 1125 2220 1148 2242; x_wconf 82' lang='lat' dir='ltr'><strong>et</strong></span> <span class='ocrx_word' id='word_1_817' title='bbox 1162 2217 1265 2243; x_wconf 73' lang='lat' dir='ltr'><strong>[inutilis</strong></span> <span class='ocrx_word' id='word_1_818' title='bbox 1279 2218 1353 2244; x_wconf 83' lang='lat' dir='ltr'><strong>corde</strong></span> <span class='ocrx_word' id='word_1_819' title='bbox 1368 2218 1472 2254; x_wconf 80' lang='lat' dir='ltr'><strong>(Matth.</strong></span> <span class='ocrx_word' id='word_1_820' title='bbox 1491 2222 1534 2248; x_wconf 85' lang='lat' dir='ltr'><strong>ll.</strong></span> <span class='ocrx_word' id='word_1_821' title='bbox 1548 2222 1604 2257; x_wconf 71' lang='lat'><strong>29).</strong></span> <span class='ocrx_word' id='word_1_822' title='bbox 1619 2223 1676 2251; x_wconf 90' lang='lat' dir='ltr'><strong>Non</strong></span> <span class='ocrx_word' id='word_1_823' title='bbox 1690 2225 1766 2259; x_wconf 89' lang='lat' dir='ltr'><strong>dixit,</strong></span> <span class='ocrx_word' id='word_1_824' title='bbox 1779 2227 1846 2260; x_wconf 77' lang='lat' dir='ltr'><strong>Quia</strong></span> 
     </span>
    </p>
   </div>
   <div class='ocr_carea' id='block_1_108' title="bbox 1054 2261 1846 2305">
    <p class='ocr_par' dir='ltr' id='par_1_108' title="bbox 1054 2261 1846 2305">
     <span class='ocr_line' id='line_1_108' title="bbox 1054 2261 1846 2305; baseline 0.016 -19"><span class='ocrx_word' id='word_1_825' title='bbox 1054 2261 1182 2295; x_wconf 80' lang='lat' dir='ltr'><strong>jcjiinavi,</strong></span> <span class='ocrx_word' id='word_1_826' title='bbox 1192 2263 1240 2289; x_wconf 75' lang='lat' dir='ltr'><strong>etsi</strong></span> <span class='ocrx_word' id='word_1_827' title='bbox 1256 2269 1343 2296; x_wconf 87' lang='lat' dir='ltr'><strong>posset</strong></span> <span class='ocrx_word' id='word_1_828' title='bbox 1355 2265 1527 2301; x_wconf 81' lang='lat' dir='ltr'><strong>quadraginta</strong></span> <span class='ocrx_word' id='word_1_829' title='bbox 1539 2268 1696 2303; x_wconf 83' lang='lat' dir='ltr'><strong>diesjejunii</strong></span> <span class='ocrx_word' id='word_1_830' title='bbox 1711 2271 1846 2305; x_wconf 85' lang='lat' dir='ltr'><strong>proferre:</strong></span> 
     </span>
    </p>
   </div>
   <div class='ocr_carea' id='block_1_109' title="bbox 1056 2308 1844 2345">
    <p class='ocr_par' dir='ltr' id='par_1_109' title="bbox 1056 2308 1844 2345">
     <span class='ocr_line' id='line_1_109' title="bbox 1056 2308 1844 2345; baseline 0.015 -12"><span class='ocrx_word' id='word_1_831' title='bbox 1056 2312 1083 2333; x_wconf 89' lang='lat' dir='ltr'><strong>at</strong></span> <span class='ocrx_word' id='word_1_832' title='bbox 1093 2315 1145 2334; x_wconf 88' lang='lat' dir='ltr'><strong>non</strong></span> <span class='ocrx_word' id='word_1_833' title='bbox 1159 2308 1209 2335; x_wconf 88' lang='lat' dir='ltr'><strong>hoc</strong></span> <span class='ocrx_word' id='word_1_834' title='bbox 1222 2308 1300 2342; x_wconf 88' lang='lat' dir='ltr'><strong>dicit;</strong></span> <span class='ocrx_word' id='word_1_835' title='bbox 1317 2311 1374 2341; x_wconf 82' lang='lat' dir='ltr'><strong>sed,</strong></span> <span class='ocrx_word' id='word_1_836' title='bbox 1388 2311 1455 2343; x_wconf 80' lang='lat' dir='ltr'><strong>Quia</strong></span> <span class='ocrx_word' id='word_1_837' title='bbox 1466 2313 1531 2340; x_wconf 83' lang='lat' dir='ltr'><strong>milis</strong></span> <span class='ocrx_word' id='word_1_838' title='bbox 1543 2322 1598 2340; x_wconf 86' lang='lat' dir='ltr'><strong>sum</strong></span> <span class='ocrx_word' id='word_1_839' title='bbox 1611 2320 1634 2342; x_wconf 85' lang='lat' dir='ltr'><strong>et</strong></span> <span class='ocrx_word' id='word_1_840' title='bbox 1645 2315 1747 2344; x_wconf 74' lang='lat' dir='ltr'><strong>humilia</strong></span> <span class='ocrx_word' id='word_1_841' title='bbox 1760 2318 1844 2345; x_wconf 74' lang='lat' dir='ltr'><strong>corde.</strong></span> 
     </span>
    </p>
   </div>
   <div class='ocr_carea' id='block_1_110' title="bbox 1057 2351 1845 2396">
    <p class='ocr_par' dir='ltr' id='par_1_110' title="bbox 1057 2351 1845 2396">
     <span class='ocr_line' id='line_1_110' title="bbox 1057 2351 1845 2396; baseline 0.018 -19"><span class='ocrx_word' id='word_1_842' title='bbox 1057 2351 1211 2387; x_wconf 78' lang='lat' dir='ltr'><strong>Rursusque</strong></span> <span class='ocrx_word' id='word_1_843' title='bbox 1224 2361 1283 2380; x_wconf 89' lang='lat' dir='ltr'><strong>cum</strong></span> <span class='ocrx_word' id='word_1_844' title='bbox 1300 2355 1371 2382; x_wconf 87' lang='lat' dir='ltr'><strong>misit</strong></span> <span class='ocrx_word' id='word_1_845' title='bbox 1383 2364 1429 2383; x_wconf 89' lang='lat' dir='ltr'><strong>eos</strong></span> <span class='ocrx_word' id='word_1_846' title='bbox 1439 2377 1446 2388; x_wconf 89' lang='lat'><strong>,</strong></span> <span class='ocrx_word' id='word_1_847' title='bbox 1462 2365 1514 2384; x_wconf 91' lang='lat' dir='ltr'><strong>non</strong></span> <span class='ocrx_word' id='word_1_848' title='bbox 1528 2358 1610 2392; x_wconf 86' lang='lat' dir='ltr'><strong>dixit,</strong></span> <span class='ocrx_word' id='word_1_849' title='bbox 1627 2360 1765 2395; x_wconf 83' lang='lat' dir='ltr'><strong>Jejunate:</strong></span> <span class='ocrx_word' id='word_1_850' title='bbox 1781 2363 1827 2390; x_wconf 88' lang='lat' dir='ltr'><strong>sed</strong></span> <span class='ocrx_word' id='word_1_851' title='bbox 1837 2384 1845 2396; x_wconf 90' lang='lat'><strong>,</strong></span> 
     </span>
    </p>
   </div>
   <div class='ocr_carea' id='block_1_111' title="bbox 1057 2396 1846 2443">
    <p class='ocr_par' dir='ltr' id='par_1_111' title="bbox 1057 2396 1846 2443">
     <span class='ocr_line' id='line_1_111' title="bbox 1057 2396 1846 2443; baseline 0.018 -21"><span class='ocrx_word' id='word_1_852' title='bbox 1057 2396 1211 2424; x_wconf 82' lang='lat' dir='ltr'><strong>Manducate</strong></span> <span class='ocrx_word' id='word_1_853' title='bbox 1219 2400 1286 2433; x_wconf 82' lang='lat' dir='ltr'><strong>quod</strong></span> <span class='ocrx_word' id='word_1_854' title='bbox 1298 2401 1435 2435; x_wconf 81' lang='lat' dir='ltr'><strong>apponitur</strong></span> <span class='ocrx_word' id='word_1_855' title='bbox 1447 2403 1513 2430; x_wconf 79' lang='lat' dir='ltr'><strong>vobis</strong></span> <span class='ocrx_word' id='word_1_856' title='bbox 1527 2404 1535 2437; x_wconf 96' lang='lat'>(</span> <span class='ocrx_word' id='word_1_857' title='bbox 1548 2403 1611 2431; x_wconf 86' lang='lat' dir='ltr'><strong>Luc.</strong></span> <span class='ocrx_word' id='word_1_858' title='bbox 1627 2405 1669 2432; x_wconf 80' lang='grc'><strong>10.</strong></span> <span class='ocrx_word' id='word_1_859' title='bbox 1683 2407 1729 2436; x_wconf 82' lang='grc'><strong>8).</strong></span> <span class='ocrx_word' id='word_1_860' title='bbox 1747 2408 1784 2434; x_wconf 87' lang='lat' dir='ltr'><strong>De</strong></span> <span class='ocrx_word' id='word_1_861' title='bbox 1798 2415 1846 2443; x_wconf 82' lang='lat' dir='ltr'><strong>pe-</strong></span> 
     </span>
    </p>
   </div>
   <div class='ocr_carea' id='block_1_112' title="bbox 1056 2443 1847 2488">
    <p class='ocr_par' dir='ltr' id='par_1_112' title="bbox 1056 2443 1847 2488">
     <span class='ocr_line' id='line_1_112' title="bbox 1056 2443 1847 2488; baseline 0.015 -19"><span class='ocrx_word' id='word_1_862' title='bbox 1056 2443 1132 2469; x_wconf 85' lang='lat' dir='ltr'><strong>cunia</strong></span> <span class='ocrx_word' id='word_1_863' title='bbox 1147 2451 1209 2469; x_wconf 84' lang='lat' dir='ltr'><strong>vero</strong></span> <span class='ocrx_word' id='word_1_864' title='bbox 1223 2451 1340 2471; x_wconf 82' lang='lat' dir='ltr'><strong>severam</strong></span> <span class='ocrx_word' id='word_1_865' title='bbox 1357 2446 1440 2481; x_wconf 76' lang='lat' dir='ltr'><strong>legem</strong></span> <span class='ocrx_word' id='word_1_866' title='bbox 1456 2450 1543 2482; x_wconf 89' lang='lat' dir='ltr'><strong>posuit</strong></span> <span class='ocrx_word' id='word_1_867' title='bbox 1557 2450 1649 2477; x_wconf 78' lang='lat' dir='ltr'><strong>dicens</strong></span> <span class='ocrx_word' id='word_1_868' title='bbox 1664 2460 1670 2477; x_wconf 78' lang='grc' dir='ltr'><strong><em>τ</em></strong></span> <span class='ocrx_word' id='word_1_869' title='bbox 1687 2452 1776 2479; x_wconf 69' lang='lat' dir='ltr'><strong>Nolite</strong></span> <span class='ocrx_word' id='word_1_870' title='bbox 1788 2463 1847 2488; x_wconf 68' lang='lat' dir='ltr'><strong>pos-</strong></span> 
     </span>
    </p>
   </div>
   <div class='ocr_carea' id='block_1_113' title="bbox 1056 2489 1845 2529">
    <p class='ocr_par' dir='ltr' id='par_1_113' title="bbox 1056 2489 1845 2529">
     <span class='ocr_line' id='line_1_113' title="bbox 1056 2489 1845 2529; baseline 0.015 -15"><span class='ocrx_word' id='word_1_871' title='bbox 1056 2489 1136 2515; x_wconf 74' lang='lat' dir='ltr'><strong>sidere</strong></span> <span class='ocrx_word' id='word_1_872' title='bbox 1155 2497 1243 2516; x_wconf 82' lang='lat' dir='ltr'><strong>mirum</strong></span> <span class='ocrx_word' id='word_1_873' title='bbox 1263 2490 1300 2516; x_wconf 77' lang='lat' dir='ltr'><strong>rel</strong></span> <span class='ocrx_word' id='word_1_874' title='bbox 1321 2497 1467 2526; x_wconf 80' lang='lat' dir='ltr'><strong>argentum,</strong></span> <span class='ocrx_word' id='word_1_875' title='bbox 1490 2503 1568 2529; x_wconf 84' lang='lat' dir='ltr'><strong>neque</strong></span> <span class='ocrx_word' id='word_1_876' title='bbox 1580 2504 1614 2522; x_wconf 73' lang='lat' dir='ltr'><strong>ws</strong></span> <span class='ocrx_word' id='word_1_877' title='bbox 1629 2497 1655 2522; x_wconf 85' lang='lat' dir='ltr'><strong>in</strong></span> <span class='ocrx_word' id='word_1_878' title='bbox 1668 2499 1739 2525; x_wconf 73' lang='lat' dir='ltr'><strong>zonis</strong></span> <span class='ocrx_word' id='word_1_879' title='bbox 1760 2500 1845 2527; x_wconf 67' lang='lat' dir='ltr'><strong>vestri:</strong></span> 
     </span>
    </p>
   </div>
   <div class='ocr_carea' id='block_1_114' title="bbox 1057 2533 1844 2578">
    <p class='ocr_par' dir='ltr' id='par_1_114' title="bbox 1057 2533 1844 2578">
     <span class='ocr_line' id='line_1_114' title="bbox 1057 2533 1844 2578; baseline 0.017 -19"><span class='ocrx_word' id='word_1_880' title='bbox 1057 2533 1168 2570; x_wconf 82' lang='lat' dir='ltr'><strong>(Matth.</strong></span> <span class='ocrx_word' id='word_1_881' title='bbox 1181 2534 1225 2561; x_wconf 78' lang='grc'><strong>10.</strong></span> <span class='ocrx_word' id='word_1_882' title='bbox 1239 2535 1286 2571; x_wconf 83' lang='lat'><strong>9).</strong></span> <span class='ocrx_word' id='word_1_883' title='bbox 1304 2536 1364 2563; x_wconf 69' lang='lat' dir='ltr'><strong>lliec</strong></span> <span class='ocrx_word' id='word_1_884' title='bbox 1380 2545 1460 2572; x_wconf 90' lang='lat' dir='ltr'><strong>porro</strong></span> <span class='ocrx_word' id='word_1_885' title='bbox 1475 2539 1550 2573; x_wconf 88' lang='lat' dir='ltr'><strong>dico,</strong></span> <span class='ocrx_word' id='word_1_886' title='bbox 1567 2549 1618 2568; x_wconf 82' lang='lat' dir='ltr'><strong>non</strong></span> <span class='ocrx_word' id='word_1_887' title='bbox 1631 2543 1702 2577; x_wconf 90' lang='lat' dir='ltr'><strong>quod</strong></span> <span class='ocrx_word' id='word_1_888' title='bbox 1715 2543 1844 2578; x_wconf 86' lang='lat' dir='ltr'><strong>jejunium</strong></span> 
     </span>
    </p>
   </div>
   <div class='ocr_carea' id='block_1_115' title="bbox 1055 2580 1844 2626">
    <p class='ocr_par' dir='ltr' id='par_1_115' title="bbox 1055 2580 1844 2626">
     <span class='ocr_line' id='line_1_115' title="bbox 1055 2580 1844 2626; baseline 0.018 -21"><span class='ocrx_word' id='word_1_889' title='bbox 1055 2580 1201 2615; x_wconf 87' lang='lat' dir='ltr'><strong>vituperem</strong></span> <span class='ocrx_word' id='word_1_890' title='bbox 1213 2589 1220 2612; x_wconf 89' lang='lat'><strong>;</strong></span> <span class='ocrx_word' id='word_1_891' title='bbox 1234 2581 1320 2614; x_wconf 89' lang='lat' dir='ltr'><strong>absit;</strong></span> <span class='ocrx_word' id='word_1_892' title='bbox 1337 2583 1448 2611; x_wconf 90' lang='lat' dir='ltr'><strong>multum</strong></span> <span class='ocrx_word' id='word_1_893' title='bbox 1462 2586 1559 2621; x_wconf 87' lang='lat' dir='ltr'><strong>quippe</strong></span> <span class='ocrx_word' id='word_1_894' title='bbox 1574 2587 1652 2615; x_wconf 89' lang='lat' dir='ltr'><strong>laudo</strong></span> <span class='ocrx_word' id='word_1_895' title='bbox 1666 2597 1671 2615; x_wconf 89' lang='lat'>:</span> <span class='ocrx_word' id='word_1_896' title='bbox 1687 2591 1733 2617; x_wconf 88' lang='lat' dir='ltr'><strong>sed</strong></span> <span class='ocrx_word' id='word_1_897' title='bbox 1746 2598 1844 2626; x_wconf 83' lang='lat' dir='ltr'><strong>angor,</strong></span> 
     </span>
    </p>
   </div>
   <div class='ocr_carea' id='block_1_116' title="bbox 1055 2627 1846 2667">
    <p class='ocr_par' dir='ltr' id='par_1_116' title="bbox 1055 2627 1846 2667">
     <span class='ocr_line' id='line_1_116' title="bbox 1055 2627 1846 2667; baseline 0.018 -16"><span class='ocrx_word' id='word_1_898' title='bbox 1055 2633 1114 2652; x_wconf 89' lang='lat' dir='ltr'><strong>eum</strong></span> <span class='ocrx_word' id='word_1_899' title='bbox 1129 2627 1206 2653; x_wconf 84' lang='lat' dir='ltr'><strong>video</strong></span> <span class='ocrx_word' id='word_1_900' title='bbox 1217 2635 1273 2658; x_wconf 86' lang='lat' dir='ltr'><strong>vos.</strong></span> <span class='ocrx_word' id='word_1_901' title='bbox 1289 2629 1347 2655; x_wconf 84' lang='lat' dir='ltr'><strong>aliis</strong></span> <span class='ocrx_word' id='word_1_902' title='bbox 1361 2631 1496 2665; x_wconf 78' lang='lat' dir='ltr'><strong>neglectis.</strong></span> <span class='ocrx_word' id='word_1_903' title='bbox 1509 2638 1602 2667; x_wconf 88' lang='lat' dir='ltr'><strong>putare</strong></span> <span class='ocrx_word' id='word_1_904' title='bbox 1614 2635 1678 2662; x_wconf 86' lang='lat' dir='ltr'><strong>illud</strong></span> <span class='ocrx_word' id='word_1_905' title='bbox 1690 2643 1749 2664; x_wconf 89' lang='lat' dir='ltr'><strong>esse</strong></span> <span class='ocrx_word' id='word_1_906' title='bbox 1758 2637 1791 2664; x_wconf 88' lang='lat' dir='ltr'><strong>ad</strong></span> <span class='ocrx_word' id='word_1_907' title='bbox 1802 2645 1846 2665; x_wconf 85' lang='lat' dir='ltr'><strong>5a-</strong></span> 
     </span>
    </p>
   </div>
   <div class='ocr_carea' id='block_1_117' title="bbox 1056 2671 1844 2710">
    <p class='ocr_par' dir='ltr' id='par_1_117' title="bbox 1056 2671 1844 2710">
     <span class='ocr_line' id='line_1_117' title="bbox 1056 2671 1844 2710; baseline 0.015 -12"><span class='ocrx_word' id='word_1_908' title='bbox 1056 2671 1136 2698; x_wconf 87' lang='lat' dir='ltr'><strong>lutem</strong></span> <span class='ocrx_word' id='word_1_909' title='bbox 1156 2672 1231 2705; x_wconf 82' lang='lat' dir='ltr'><strong>satis,</strong></span> <span class='ocrx_word' id='word_1_910' title='bbox 1247 2680 1306 2700; x_wconf 93' lang='lat' dir='ltr'><strong>cum</strong></span> <span class='ocrx_word' id='word_1_911' title='bbox 1326 2679 1413 2702; x_wconf 88' lang='lat' dir='ltr'><strong>tamen</strong></span> <span class='ocrx_word' id='word_1_912' title='bbox 1436 2678 1462 2703; x_wconf 95' lang='lat' dir='ltr'><strong>in</strong></span> <span class='ocrx_word' id='word_1_913' title='bbox 1483 2678 1565 2705; x_wconf 90' lang='lat' dir='ltr'><strong>choro</strong></span> <span class='ocrx_word' id='word_1_914' title='bbox 1581 2680 1706 2708; x_wconf 88' lang='lat' dir='ltr'><strong>virtutum</strong></span> <span class='ocrx_word' id='word_1_915' title='bbox 1723 2682 1844 2710; x_wconf 92' lang='lat' dir='ltr'><strong>ultimum</strong></span> 
     </span>
    </p>
   </div>
   <div class='ocr_carea' id='block_1_118' title="bbox 1056 2717 1845 2762">
    <p class='ocr_par' dir='ltr' id='par_1_118' title="bbox 1056 2717 1845 2762">
     <span class='ocr_line' id='line_1_118' title="bbox 1056 2717 1845 2762; baseline 0.018 -21"><span class='ocrx_word' id='word_1_916' title='bbox 1056 2720 1144 2743; x_wconf 86' lang='lat' dir='ltr'><strong>teneat</strong></span> <span class='ocrx_word' id='word_1_917' title='bbox 1154 2717 1250 2744; x_wconf 89' lang='lat' dir='ltr'><strong>locum.</strong></span> <span class='ocrx_word' id='word_1_918' title='bbox 1267 2718 1313 2744; x_wconf 67' lang='lat' dir='ltr'><strong>lla:</strong></span> <span class='ocrx_word' id='word_1_919' title='bbox 1325 2721 1422 2754; x_wconf 87' lang='lat' dir='ltr'><strong>quippe</strong></span> <span class='ocrx_word' id='word_1_920' title='bbox 1433 2723 1554 2750; x_wconf 74' lang='lat' dir='ltr'><strong>maximie</strong></span> <span class='ocrx_word' id='word_1_921' title='bbox 1564 2729 1636 2756; x_wconf 86' lang='lat' dir='ltr'><strong>sunt,</strong></span> <span class='ocrx_word' id='word_1_922' title='bbox 1644 2726 1750 2759; x_wconf 84' lang='lat' dir='ltr'><strong>caritas,</strong></span> <span class='ocrx_word' id='word_1_923' title='bbox 1762 2728 1845 2762; x_wconf 61' lang='lat' dir='ltr'><strong>aequi-</strong></span> 
     </span>
    </p>
   </div>
   <div class='ocr_carea' id='block_1_119' title="bbox 1056 2764 1843 2807">
    <p class='ocr_par' dir='ltr' id='par_1_119' title="bbox 1056 2764 1843 2807">
     <span class='ocr_line' id='line_1_119' title="bbox 1056 2764 1843 2807; baseline 0.017 -19"><span class='ocrx_word' id='word_1_924' title='bbox 1056 2768 1114 2795; x_wconf 87' lang='lat' dir='ltr'><strong>tas,</strong></span> <span class='ocrx_word' id='word_1_925' title='bbox 1138 2764 1324 2799; x_wconf 81' lang='lat' dir='ltr'><strong>eleemosyna,</strong></span> <span class='ocrx_word' id='word_1_926' title='bbox 1347 2774 1406 2800; x_wconf 77' lang='lat' dir='ltr'><strong>qua:</strong></span> <span class='ocrx_word' id='word_1_927' title='bbox 1426 2767 1504 2795; x_wconf 88' lang='lat' dir='ltr'><strong>etiam</strong></span> <span class='ocrx_word' id='word_1_928' title='bbox 1526 2770 1704 2804; x_wconf 81' lang='lat' dir='ltr'><strong>virginitatem</strong></span> <span class='ocrx_word' id='word_1_929' title='bbox 1726 2779 1843 2807; x_wconf 82' lang='lat' dir='ltr'><strong>superat.</strong></span> 
     </span>
    </p>
   </div>
   <div class='ocr_carea' id='block_1_120' title="bbox 1054 2809 1844 2847">
    <p class='ocr_par' dir='ltr' id='par_1_120' title="bbox 1054 2809 1844 2847">
     <span class='ocr_line' id='line_1_120' title="bbox 1054 2809 1844 2847; baseline 0.018 -13"><span class='ocrx_word' id='word_1_930' title='bbox 1054 2809 1142 2840; x_wconf 78' lang='lat' dir='ltr'><strong>Quare</strong></span> <span class='ocrx_word' id='word_1_931' title='bbox 1154 2809 1176 2835; x_wconf 90' lang='lat' dir='ltr'><strong>si</strong></span> <span class='ocrx_word' id='word_1_932' title='bbox 1191 2810 1255 2836; x_wconf 85' lang='lat' dir='ltr'><strong>velis</strong></span> <span class='ocrx_word' id='word_1_933' title='bbox 1267 2812 1394 2844; x_wconf 86' lang='lat' dir='ltr'><strong>apostolis</strong></span> <span class='ocrx_word' id='word_1_934' title='bbox 1408 2820 1455 2847; x_wconf 83' lang='lat' dir='ltr'><strong>par</strong></span> <span class='ocrx_word' id='word_1_935' title='bbox 1465 2822 1533 2846; x_wconf 83' lang='lat' dir='ltr'><strong>esse,</strong></span> <span class='ocrx_word' id='word_1_936' title='bbox 1544 2816 1607 2843; x_wconf 84' lang='lat' dir='ltr'><strong>nihil</strong></span> <span class='ocrx_word' id='word_1_937' title='bbox 1620 2818 1717 2845; x_wconf 84' lang='lat' dir='ltr'><strong>obstat.</strong></span> <span class='ocrx_word' id='word_1_938' title='bbox 1732 2819 1759 2846; x_wconf 91' lang='lat' dir='ltr'><strong>Si</strong></span> <span class='ocrx_word' id='word_1_939' title='bbox 1773 2821 1844 2847; x_wconf 92' lang='lat' dir='ltr'><strong>illam</strong></span> 
     </span>
    </p>
   </div>
   <div class='ocr_carea' id='block_1_121' title="bbox 1059 2855 1844 2893">
    <p class='ocr_par' dir='ltr' id='par_1_121' title="bbox 1059 2855 1844 2893">
     <span class='ocr_line' id='line_1_121' title="bbox 1059 2855 1844 2893; baseline 0.011 -11"><span class='ocrx_word' id='word_1_940' title='bbox 1059 2855 1185 2884; x_wconf 85' lang='lat' dir='ltr'><strong>virtutem</strong></span> <span class='ocrx_word' id='word_1_941' title='bbox 1195 2857 1375 2893; x_wconf 77' lang='lat' dir='ltr'><strong>amplectaris,</strong></span> <span class='ocrx_word' id='word_1_942' title='bbox 1395 2859 1494 2888; x_wconf 78' lang='lat' dir='ltr'><strong>suliicit</strong></span> <span class='ocrx_word' id='word_1_943' title='bbox 1505 2861 1551 2890; x_wconf 85' lang='lat' dir='ltr'><strong>illa</strong></span> <span class='ocrx_word' id='word_1_944' title='bbox 1562 2862 1610 2891; x_wconf 88' lang='lat' dir='ltr'><strong>tibi</strong></span> <span class='ocrx_word' id='word_1_945' title='bbox 1630 2867 1660 2892; x_wconf 87' lang='lat' dir='ltr'><strong>ut</strong></span> <span class='ocrx_word' id='word_1_946' title='bbox 1677 2862 1744 2892; x_wconf 87' lang='lat' dir='ltr'><strong>nihil</strong></span> <span class='ocrx_word' id='word_1_947' title='bbox 1752 2863 1844 2891; x_wconf 72' lang='lat' dir='ltr'><strong>minus</strong></span> 
     </span>
    </p>
   </div>
  </div>
