2068 3132
161 138 209 165 481
596 136 627 163 IN
646 134 852 164 MATTHJEUM
875 133 992 162 IIOMIL.
1023 134 1125 163 XLVII.
1145 135 1181 163 aI.
1201 135 1316 163 XLVIII.

161 203 243 231 quam
254 195 368 230 apostoli
380 194 490 222 habeas.
500 194 608 222 Nullum
617 195 699 230 igitur
705 195 843 230 signorum
850 200 945 227 exspo-

161 242 244 268 etatio
250 241 498 276 moretur.Augitur
509 240 614 268 daemon
621 249 682 268 cum
693 241 727 268 de
742 247 855 275 c0rpore
869 238 946 274 ejici-

160 293 206 314 tnr
213 287 309 320 ;multo
318 287 403 321 magis
413 292 502 314 autem
510 294 571 313 cum
586 287 681 314 viderit
688 287 805 314 animam
814 293 828 312 a
835 288 946 320 peccato

161 333 312 359 liberatam.
323 331 490 365 Ilachuippe
499 338 539 358 est
555 332 626 358 illius
640 340 755 358 mamma
769 332 865 357 virtus.
880 330 945 356 Pro-

160 383 218 411 pter
229 382 364 411 peccatum
377 383 496 404 mortutts
506 382 546 404 est
557 377 688 408 Christus,
702 381 727 401 ιιι
741 376 803 402 illtul
815 376 930 402 solveret
943 384 950 401 :

159 423 224 449 illttd
239 423 309 450 enim
325 428 438 450 mortem
457 423 560 449 induxit
578 432 584 449 :
602 427 710 456 propter
724 421 787 447 illttd
803 421 890 447 omnia
906 428 950 447 sus

158 468 245 502 deque
258 476 332 494 versa
347 472 418 494 sunt.
432 467 458 495 Si
474 473 609 501 peccatum
623 467 769 497 sustuleris,
783 465 879 492 diaboli
891 473 951 492 ner-

158 521 205 539 vos
219 514 363 546 succidisti,
378 513 435 547 ejus
448 518 524 546 caput
536 512 693 543 contrivisti,
708 512 766 544 ejus
779 511 830 536 vim
844 518 949 537 omnem

157 559 258 585 solvisti
273 579 280 591 ,
295 559 441 585 exercitum
457 559 528 585 ἱΗιιιιι
542 557 673 591 dissipasti
686 577 691 587 ,
712 556 815 589 signum
832 555 949 581 omnium

157 605 292 639 signorum
305 605 448 631 niaximum
460 603 612 631 exblbnisli.
626 602 683 629 Non
698 610 773 628 incus
785 606 826 627 est
839 600 881 626 hic
895 607 950 626 ser-

157 658 213 683 mo,
229 651 274 677 sed
292 651 360 677 beati
376 651 448 677 Pauli
462 660 468 676 ε
483 658 542 677 cutn
558 650 668 676 dixisset
680 649 761 679 enitn,
779 646 950 674 Aimulamim'

157 695 309 721 charismata
323 695 437 727 meliora,
454 700 476 721 et
490 695 572 721 adhuc
585 694 653 720 vobis
667 692 868 719 excellentior-cm
885 692 950 716 viam

157 741 324 767 demonstravi
337 742 346 776 (
357 742 382 768 I.
394 742 452 767 Cor.
472 741 513 767 12.
531 742 559 767 51
576 739 596 776 ),
612 748 663 766 non
679 738 814 772 subjunxit
832 739 947 772 signum,

158 786 204 813 sed
216 788 350 813 earitatcm
361 788 478 813 ninnium
492 787 605 812 radicem
618 786 758 811 bonortnn.
770 784 797 810 Si
809 790 871 817 ergo
882 783 948 809 hanc

157 838 339 864 exerceamus,
350 836 375 858 et
387 832 578 866 leIIt)SOleI:llll
589 838 693 857 onmem
706 830 766 856 inde
778 833 947 863 sequentem;

157 885 210 905 non
224 885 290 911 opus
307 878 460 905 habebimus
473 879 553 912 signis
566 887 571 903 :
586 878 653 904 sicut
666 877 687 903 si
699 884 750 902 non
763 880 944 905 exerceamus,

1742 139 1795 168 I8!

1005 190 1070 217 nihil
1085 191 1161 218 nobis
1175 191 1249 226 signa
1263 192 1419 226 proderunt.
1443 192 1507 221 Hinc
1520 193 1607 231 itaque
1622 192 1710 222 omnia
1723 202 1794 229 cogi-

1005 240 1100 268 tantes,
1111 243 1143 263 ex
1154 235 1248 270 quibus
1261 236 1372 270 apostoli
1383 237 1470 271 magni
1481 242 1632 271 evaserunt,
1644 239 1701 266 haec
1711 247 1793 267 mtuu-

1004 273 1097 309 lemur.
1112 281 1250 309 Undenam
1261 282 1298 309 illi
1312 284 1398 318 magni
1410 282 1498 310 cIIecti
1513 284 1591 310 sunt?
1603 285 1670 311 Audi
1685 285 1792 312 Petrum

1004 327 1134 353 dicentem
1151 326 1233 353 :Ecce
1245 336 1289 354 nos
1303 329 1448 362 reliquimus
1459 329 1552 360 omnia,
1565 334 1587 354 et
1600 330 1694 364 sequuti
1707 339 1793 358 sumus

1004 377 1027 398 te
1039 381 1047 398 .'
1059 373 1119 406 quid
1132 381 1189 407 ergo
1202 373 1247 399 erit
1263 374 1332 400 nobis
1348 373 1453 408 (Matth.
1464 375 1507 401 19.
1520 375 1584 410 ‘27)?
1600 376 1666 402 Audi
1678 381 1703 403 et
1714 376 1793 403 Chri-

1003 423 1072 444 stum
1087 419 1150 451 ipsis
1166 419 1296 446 dicentem
1313 429 1319 445 :
1335 420 1458 447 Sedebitis
1473 429 1548 455 super
1562 422 1631 447 sedes
1645 422 1793 456 duodecim;

1004 469 1040 496 et,
1058 465 1213 500 Quicumque
1223 466 1350 499 reliquerit
1360 467 1461 493 domum
1474 468 1511 493 vel
1522 469 1622 502 fratres,
1633 469 1670 494 vel
1685 473 1792 503 patrem,

1004 511 1042 537 rel
1056 517 1159 537 matrem
1170 533 1177 542 ,
1192 512 1336 546 centuplum
1348 513 1448 547 recipiet
1458 514 1483 539 in
1499 513 1544 539 hoc
1559 514 1650 540 sa’culo
1660 534 1667 547 ,
1683 519 1705 541 et
1717 515 1793 543 vitam

1003 562 1121 582 celet-nam
1135 558 1269 591 possidebit
1285 557 1363 591 (Ibid.
1381 566 1404 584 υ.
1416 559 1460 585 28.
1474 559 1530 593 ‘29).
1547 559 1600 586 Nos
1613 560 1700 594 itaque
1713 568 1728 587 a
1741 568 1794 587 ste-

1003 601 1135 628 cularihus
1151 602 1272 629 omnibus
1287 602 1458 636 abducentes,
1471 604 1577 631 Christo
1590 613 1638 632 nos
1651 612 1794 632 consecre-

1004 655 1079 679 mus,
1095 652 1123 673 ut
1136 652 1161 673 et
1176 648 1303 681 apostolis
1318 656 1395 682 pares
1408 650 1491 676 simus
1504 650 1648 676 seeuudtttn
1661 650 1717 684 ejus
1730 658 1793 678 sen—

1004 692 1121 721 tentiam,
1136 696 1162 717 et
1174 696 1272 718 interna
1284 693 1335 719 vita
1349 693 1465 720 fruantur
1479 703 1484 720 :
1499 702 1577 729 quam
1590 695 1688 722 utinam
1699 702 1793 723 omnes

1002 743 1206 770 consequamur,
1218 738 1300 771 gratia
1311 742 1337 763 et
1349 738 1508 772 benignitate
1520 740 1622 766 Domini
1636 741 1717 767 nostri
1730 740 1794 769 Jesu

1002 782 1109 813 Christi,
1126 782 1166 807 cui
1183 782 1267 814 gloria
1282 787 1308 808 et
1321 783 1461 816 imperium
1476 784 1502 810 in
1514 784 1609 811 saecula
1624 785 1792 814 saeculorum.

1002 827 1096 852 Amen.

164 938 1779 954 Μ

713 979 889 1011 HOMILIA
909 976 1033 1008 XLVII.
1056 975 1100 1006 al.
1123 975 1265 1006 XLVIII.

157 1056 219 1084 CAP.
236 1058 279 1085 I5.
295 1065 320 1084 ν.
335 1057 379 1084 54.
399 1056 463 1084 Hac
478 1056 562 1084 onmia
578 1056 697 1090 loquutus
717 1059 753 1081 est
766 1053 842 1081 Iesus
859 1053 885 1079 in
901 1060 946 1086 pa-

191 1103 285 1130 rabolis
302 1103 335 1129 ad
354 1103 456 1135 tan-bas,
471 1108 500 1129 α
520 1103 574 1129 sine
594 1102 715 1138 purabola
732 1108 784 1128 non
803 1099 949 1134 loquebatur

192 1150 227 1176 eis
242 1158 251 1176 :
263 1149 307 1177 55.
320 1154 349 1176 ut
368 1150 514 1184 impleretur
533 1149 600 1184 quod
619 1148 713 1175 dictum
727 1152 762 1174 est
777 1155 822 1181 per
837 1146 948 1181 propheo

192 1200 245 1221 tam
258 1195 379 1222 dicentem
390 1204 400 1222 :
413 1195 532 1229 Aper-iam
545 1195 571 1221 in
587 1194 713 1230 parabolis
726 1202 754 1220 os
768 1201 850 1220 meum
862 1213 869 1224 ,
889 1200 949 1218 eru-

190 1241 263 1267 ctabo
278 1240 423 1267 abscondita
434 1248 449 1266 a
459 1240 634 1267 constitutione
647 1239 736 1266 mundi
749 1238 834 1275 (Psal.
852 1238 896 1266 77.
908 1236 947 1272 2).

192 1286 218 1312 1.
239 1285 343 1314 Marcus
358 1293 422 1312 vero
434 1285 497 1312 dicit
514 1286 603 1320 ipsum
622 1286 759 1319 loquutum
772 1284 855 1312 fuisse
870 1285 910 1312 eis
922 1284 948 1311 in

156 1332 300 1366 parabolis,
317 1331 395 1359 Prata
406 1336 522 1366 poterant
533 1332 621 1358 audire
634 1331 729 1367 (Marc.
738 1331 765 1359 4.
777 1331 834 1366 55).
849 1330 949 1358 Deinde

156 1377 302 1404 ostenderis
316 1384 347 1404 se
367 1377 433 1405 nihil
454 1378 514 1404 novi
535 1377 660 1404 inducere
672 1397 679 1410 ,
696 1376 773 1404 aII‘ert
791 1375 947 1411 prophetam

157 1421 229 1449 hunc
247 1422 375 1450 doctrina:
392 1423 502 1450 modum
519 1423 756 1457 praenuntiantem;
771 1425 852 1456 utque
865 1421 948 1456 signi-

157 1467 251 1495 ﬁcaret
270 1468 347 1495 nobis
361 1467 494 1495 Christum
506 1488 514 1500 ,
533 1475 585 1494 non
601 1468 669 1494 utin
683 1467 829 1502 ignorantia
843 1473 948 1501 perma-

158 1517 264 1545 tierent,
272 1513 321 1540 sed
336 1519 366 1540 ut
378 1514 412 1541 ad
429 1513 643 1551 interrogandum
654 1518 829 1548 cogerentur,
843 1512 881 1539 sic
897 1512 948 1539 illis

157 1558 296 1593 quuutum
310 1559 401 1591 fuisse,
415 1560 551 1595 subiunxit
566 1568 572 1587 ι
588 1560 622 1586 Et
631 1561 685 1587 sine
699 1559 820 1595 parabola
835 1559 898 1586 nihil
908 1559 947 1586 lo-

157 1604 280 1638 quebatur
299 1605 334 1631 eis
355 1605 364 1637 (
377 1604 446 1632 Ibid.
460 1613 485 1633 υ.
501 1604 554 1640 34)
572 1615 578 1631 :
592 1605 641 1632 etsi
656 1605 737 1632 multa
750 1605 809 1632 sine
824 1604 947 1639 parabola

156 1648 270 1683 dixerit;
282 1651 327 1677 sed
339 1653 536 1686 tuactemporis
546 1652 622 1679 nihil.
632 1652 665 1678 Et
675 1656 762 1679 tamen
773 1658 852 1678 nemo
862 1651 947 1685 ipsum

157 1695 340 1731 interrogavit,
354 1705 513 1732 quamquam
526 1698 669 1733 prophetas
678 1697 741 1725 olim
753 1704 824 1731 stupe
835 1697 948 1724 interrov

156 1746 260 1776 gorem,
269 1746 298 1769 ut
311 1743 475 1771 Ezechielem
486 1744 605 1778 aliosque
616 1743 712 1770 multos
724 1751 731 1770 :
743 1743 770 1770 hi
780 1750 845 1770 vero
856 1749 945 1775 secus,

156 1786 219 1814 licet
238 1794 269 1814 ea
289 1795 349 1823 qua:
366 1788 436 1816 dicta
458 1789 564 1816 fuerant
584 1792 692 1824 possent
711 1788 771 1816 illos
792 1789 817 1815 in
837 1788 947 1815 dubium

156 1832 300 1866 conjicere,
315 1838 342 1860 et
353 1834 386 1861 ad
398 1834 612 1869 interrogandum
627 1834 761 1862 excitare:
775 1833 873 1861 etenim
884 1841 947 1868 sup-

156 1876 264 1910 plicium
286 1879 430 1906 maximum
445 1879 577 1913 parabolae
590 1879 775 1908 minabantur:
800 1886 886 1914 neque
905 1882 945 1905 ta-

156 1930 217 1950 men
241 1923 301 1951 inde
322 1925 448 1951 commoti
467 1929 539 1953 sunt.
562 1925 730 1960 Quapropter
750 1925 867 1952 dimissis
883 1924 944 1959 illis,

156 1968 230 1994 abiit.
241 1968 285 1995 56.
300 1968 372 1996 Tunc
381 1971 463 2003 enim,
475 1971 521 2003 ait,
531 1971 640 1998 dimissis
654 1971 742 2003 turbis,
757 1971 832 1998 Jesus
843 1972 909 1998 venit
919 1972 946 1998 in

156 2012 259 2040 domum
281 2022 371 2048 suam;
393 2015 533 2049 nullusque
545 2017 692 2043 scribarum
705 2016 791 2051 ipsum
805 2017 924 2051 sequitur
936 2025 943 2049 ;

158 2057 228 2085 unde
241 2058 368 2093 liquidum
382 2064 423 2087 est
435 2068 491 2093 eos,
505 2061 610 2088 nonnisi
624 2066 652 2088 ut
662 2062 787 2096 carpendi
800 2069 891 2089 ansam
906 2070 946 2089 ar-

154 2104 282 2137 riperent,
295 2111 421 2140 sequutos
433 2106 523 2134 fuisse.
539 2107 605 2141 Quia
615 2116 677 2135 vero
689 2115 720 2135 ea
734 2116 792 2142 qua:
806 2109 876 2137 dicta
888 2108 944 2136 lue-

155 2154 232 2182 rant,
249 2159 301 2177 non
323 2152 504 2187 iutelligebant
515 2173 523 2185 ,
542 2153 648 2188 reliquit
661 2160 717 2180 eos.
734 2153 768 2180 Et
787 2159 944 2181 accesserunt

153 2195 276 2230 discipuli
295 2197 351 2230 eius
370 2197 552 2233 interrogantes
572 2198 603 2224 de
623 2199 744 2233 parabola
756 2200 941 2228 zizaniorum‘.

153 2242 233 2276 Atqui
253 2242 384 2269 interdum
397 2243 516 2271 discendi
537 2244 624 2278 cupidi
648 2244 812 2280 interrogare
825 2253 877 2273 non
893 2254 943 2273 att-

152 2286 378 2315 dcut:undenam
399 2288 451 2315 illis
471 2296 541 2316 nunc
565 2289 677 2317 ﬁducia?
699 2290 844 2318 Audierant
866 2291 941 2325 illud,

158 2330 232 2358 Vobis
247 2332 333 2359 datum
347 2338 382 2359 est
395 2341 468 2361 nosse
483 2335 602 2369 mysteria
614 2335 685 2370 regni
698 2336 818 2362 curiarum
836 2336 940 2371 (Matth.

152 2376 196 2403 15.
207 2376 297 2411 It),el
313 2377 373 2405 hinc
385 2378 508 2406 ﬁduciam
521 2386 729 2414 assumpserunt.
740 2380 853 2415 Ideoque
868 2389 942 2409 seor-

151 2422 201 2447 siin
218 2422 392 2456 interrogant,
408 2431 462 2450 non
477 2425 546 2459 quod
559 2425 720 2452 multitudini
735 2425 878 2459 invideant,
894 2427 940 2454 sed

152 2470 180 2492 ut
196 2467 300 2494 Domini
313 2468 398 2503 legem
406 2474 525 2497 servent.
541 2469 589 2498 His
598 2471 680 2502 enim,
691 2471 785 2507 inquit,
796 2472 881 2499 datum
891 2481 941 2501 non

151 2518 197 2541 est.
212 2514 267 2541 Cur
279 2520 368 2542 autem
384 2517 463 2543 missa
480 2516 600 2545 fermeuti
612 2522 638 2545 et
649 2518 747 2553 sinapis
760 2519 895 2553 parabola,
907 2520 941 2547 de

151 2559 200 2586 hac
207 2560 388 2596 interrogant?
397 2561 457 2589 Illas
463 2566 553 2597 utpote
559 2563 685 2591 clariores
690 2564 865 2600 reliquerunt;
873 2566 941 2594 hanc

150 2613 231 2639 vero,
248 2611 339 2641 utpote
353 2615 412 2642 qme
426 2608 581 2636 afﬁnitatem
596 2608 707 2637 haberet
721 2617 782 2637 cum
803 2611 940 2645 prremissa

150 2651 285 2684 parshola,
297 2657 324 2679 et
331 2653 395 2687 quid
405 2654 518 2688 amplius
528 2654 645 2687 cIIerret,
656 2654 777 2684 ediscere
786 2656 937 2692 cupiebant.

150 2696 240 2731 Neque
253 2697 323 2724 enim
336 2698 405 2725 seire
417 2703 508 2726 vomnt
518 2719 526 2732 ,
542 2704 629 2726 tttrum
643 2700 764 2728 eamdem
780 2702 917 2736 repetierit
929 2710 937 2730 ς

149 2750 209 2769 nam
220 2744 344 2771 videbant
358 2745 384 2771 in
400 2744 449 2772 hac
462 2753 584 2780 magnam
594 2746 683 2773 ell‘erri
694 2747 937 2776 comminationem.

166 2840 170 2848 =
177 2811 187 2848 ᾗ
196 2813 269 2848 "cuius
280 2817 294 2848 ε¹
300 2814 328 2835 Et
338 2816 489 2847 accesserunt
502 2812 616 2847 discipuli
627 2815 678 2848 ejus
685 2810 805 2846 dicentes,
819 2823 830 2838 ι
841 2814 940 2841 Dieno-

147 2838 182 2864 bis
193 2842 334 2871 parabotam
347 2842 496 2867 zizaniorum
511 2838 573 2875 agri.
587 2852 597 2866 ι

1004 1046 1170 1080 Quapropter
1189 1053 1242 1073 non
1264 1046 1366 1073 incusat
1385 1053 1449 1079 eos,
1467 1047 1513 1074 sed
1529 1047 1678 1082 explanavit
1691 1056 1721 1076 ea
1735 1057 1795 1085 qua:

1003 1091 1073 1118 dicta
1089 1091 1203 1118 fuerant.
1219 1091 1259 1123 Et,
1278 1096 1305 1118 ut
1320 1099 1425 1125 semper
1439 1092 1503 1124 dixi,
1521 1093 1652 1127 parabolae
1665 1102 1716 1122 non
1731 1099 1794 1123 sunt

1001 1137 1033 1163 ad
1048 1137 1151 1164 literam
1169 1136 1330 1171 accipienda:
1345 1146 1351 1163 :
1367 1137 1429 1164 inde
1442 1138 1511 1165 enim
1527 1139 1640 1166 absurda
1654 1141 1735 1168 multa
1749 1149 1793 1169 se-

1002 1186 1161 1216 querentur;
1175 1182 1246 1217 qttod
1257 1187 1283 1208 ιιι
1296 1190 1346 1209 nos
1361 1182 1472 1215 doceat,
1489 1183 1527 1211 sic
1540 1185 1691 1218 parabolam
1706 1186 1793 1220 expli-

1001 1232 1053 1255 cat.
1075 1228 1131 1255 Non
1150 1228 1232 1260 dicit,
1251 1229 1294 1263 qui
1308 1234 1399 1255 essent
1409 1229 1478 1256 servi
1493 1229 1529 1256 illi
1543 1230 1588 1264 qui
1603 1236 1792 1263 accesserunt:

1002 1272 1049 1300 sed
1066 1277 1094 1300 ut
1105 1273 1226 1300 ostendat
1247 1281 1293 1306 se,
1313 1274 1390 1301 seriei
1410 1275 1601 1302 coneinnanda:
1614 1283 1703 1309 causa,
1720 1282 1746 1304 et
1760 1277 1793 1305 ad

1002 1319 1226 1353 complementum
1240 1318 1377 1354 imaginis,
1394 1319 1466 1354 ipsus
1481 1320 1615 1347 induxisse
1625 1342 1633 1354 ,
1648 1321 1697 1348 hoc
1712 1322 1793 1351 missa

1002 1369 1085 1399 parte.
1098 1373 1156 1400 qua:
1169 1365 1201 1392 ad
1216 1373 1271 1392 rem
1285 1366 1399 1393 maxime
1414 1366 1589 1400 pertinebant,
1599 1368 1633 1394 ob
1646 1376 1724 1403 quam
1736 1369 1793 1397 hau:

1001 1410 1125 1443 parabola
1141 1410 1211 1437 dicta
1229 1410 1325 1443 fuerat,
1339 1411 1463 1445 explicat,
1480 1419 1508 1438 se
1524 1413 1638 1440 universi
1649 1413 1768 1448 judicetn
1780 1415 1789 1432 ¹

1003 1459 1030 1481 et
1053 1455 1191 1482 Dominum
1213 1455 1362 1482 declarans.
1385 1456 1429 1483 57.
1446 1455 1479 1482 Ει
1500 1458 1673 1492 respondens,
1688 1460 1791 1494 inquit,

1001 1498 1065 1525 dixit
1080 1500 1116 1525 eis
1127 1508 1136 1525 :
1147 1499 1196 1532 Qui
1207 1500 1313 1526 seminat
1325 1500 1416 1526 bonum
1429 1509 1521 1533 semen,
1534 1506 1570 1528 est
1582 1502 1665 1530 Filius
1674 1504 1792 1533 hominis.

1001 1543 1044 1570 58.
1059 1543 1125 1578 Ager
1139 1549 1220 1570 autem
1232 1549 1268 1571 est
1281 1545 1401 1573 mundus.
1413 1544 1511 1572 Bonum
1525 1554 1582 1573 vero
1593 1544 1690 1579 semen,
1699 1549 1725 1576 hi
1734 1555 1793 1577 sunt

1000 1590 1048 1623 ﬁlii
1057 1590 1137 1624 regni.
1150 1590 1266 1621 Zizania,
1280 1591 1328 1624 lilii
1342 1591 1448 1627 maligni
1460 1592 1536 1619 illius.
1547 1592 1590 1620 59.
1603 1593 1725 1622 Inimicus
1736 1604 1793 1623 vero

1000 1634 1042 1668 qui
1056 1642 1086 1660 ea
1108 1635 1228 1666 seminat,
1244 1640 1280 1662 est
1297 1636 1421 1662 diabolus.
1441 1636 1540 1669 Messis,
1558 1642 1594 1664 est
1612 1641 1793 1667 consummatio

1000 1680 1096 1706 steculi.
1110 1680 1233 1708 Messores
1247 1686 1338 1713 autem,
1354 1683 1437 1717 angeli
1449 1688 1516 1709 sunt.
1528 1683 1572 1710 40.
1586 1683 1659 1711 Sicut
1668 1694 1726 1721 ergo
1741 1686 1794 1713 col-

1000 1724 1113 1759 liguntur
1125 1725 1223 1752 zizania
1234 1747 1242 1759 ,
1258 1730 1282 1753 et
1298 1726 1351 1761 igni
1366 1726 1545 1753 comburuntur
1558 1735 1567 1754 :
1581 1728 1617 1754 ita
1630 1730 1675 1756 erit
1690 1730 1716 1757 in
1728 1738 1792 1758 con-

999 1771 1165 1796 summatione
1174 1771 1261 1797 swculi
1275 1771 1360 1806 Iug'us.
1372 1772 1415 1799 41.
1429 1772 1511 1798 Μίιιιιι
1527 1772 1610 1800 Filius
1619 1773 1727 1802 hominis
1744 1784 1793 1803 an.

998 1815 1067 1849 gelos
1079 1824 1147 1849 suos,
1158 1821 1181 1843 et
1193 1817 1310 1852 colligent
1324 1817 1356 1844 de
1366 1826 1444 1853 regno
1456 1819 1510 1854 ejus
1521 1819 1605 1846 omnia
1622 1821 1754 1854 scandala,
1769 1826 1793 1849 et

999 1863 1118 1897 facientes
1125 1863 1292 1898 iniquitatem,
1300 1864 1343 1890 42.
1352 1869 1374 1891 et
1385 1865 1481 1891 mittent
1492 1874 1533 1892 eos
1543 1866 1569 1892 in
1579 1867 1705 1895 caminum
1715 1867 1792 1902 ignis.

999 1907 1014 1934 1
1016 1909 1041 1935 bi
1051 1909 1096 1936 erit
1106 1910 1179 1944 ﬂetus
1188 1914 1211 1936 et
1223 1910 1316 1937 stridor
1323 1911 1443 1937 dentium.
1454 1911 1498 1938 45.
1512 1911 1583 1938 Tunc
1594 1912 1723 1948 fulgebunt
1726 1914 1793 1949 justi

998 1954 1062 1981 sicut
1072 1955 1111 1982 sol
1124 1955 1150 1982 in
1160 1964 1236 1991 regno
1251 1955 1335 1983 Patris
1347 1965 1443 1984 eorum.
1458 1957 1523 1984 Cum
1533 1958 1604 1985 enim
1617 1959 1661 1993 qui
1676 1960 1791 1988 seminat

998 1999 1056 2034 ipse
1069 2000 1113 2033 sit,
1125 2005 1152 2028 et
1164 2008 1255 2036 agrum
1275 2009 1352 2029 stntm
1368 2002 1491 2033 seminet.
1507 2007 1587 2038 atque
1601 2011 1633 2031 ex
1646 2012 1728 2039 regno
1741 2013 1791 2033 suo

998 2046 1113 2081 colligat,
1130 2048 1214 2082 palam
1233 2052 1274 2075 est
1293 2048 1362 2075 hunc
1382 2048 1508 2075 mundum
1532 2049 1615 2082 ipsius
1634 2057 1703 2077 esse.
1723 2051 1791 2078 Pcr—

998 2093 1084 2127 pende
1104 2098 1193 2121 autem
1215 2094 1273 2128 ejus
1293 2094 1497 2122 inenarrabilem
1521 2096 1741 2130 misericordiam,
1762 2101 1791 2125 et.

999 2146 1110 2173 pronum
1124 2139 1157 2166 ad
1173 2139 1300 2167 beneficia
1316 2140 1464 2174 prazstanda
1480 2141 1612 2173 animum,
1635 2146 1661 2169 et
1680 2150 1787 2177 quanta

997 2184 1126 2218 supplicio
1141 2184 1278 2212 inferendo
1297 2186 1330 2213 sit
1350 2186 1462 2213 alienus.
1484 2186 1549 2215 Cum
1571 2188 1642 2214 enim
1663 2189 1788 2223 seminat,

998 2237 1045 2264 per
1054 2230 1169 2265 seipsum
1184 2233 1312 2263 seminat;
1328 2233 1454 2267 supplicia
1472 2241 1533 2260 vero
1547 2240 1595 2267 per
1608 2233 1674 2261 alios
1688 2234 1787 2269 infert,

997 2277 1022 2304 id
1035 2282 1075 2304 est
1087 2299 1095 2311 ,
1110 2285 1157 2312 per
1171 2278 1279 2313 angelos
1289 2279 1310 2305 '.
1325 2278 1396 2305 Tunc
1407 2280 1473 2315 justi
1488 2280 1617 2314 fulgebunt
1630 2280 1695 2307 sicut
1708 2282 1747 2308 sol
1761 2282 1787 2308 in

995 2330 1071 2358 regno
1084 2322 1169 2350 Patris
1180 2331 1274 2350 eorum.
1290 2323 1346 2351 Non
1358 2324 1427 2359 quod
1438 2324 1477 2352 sic
1488 2329 1588 2351 tantum
1600 2324 1726 2360 fulgeant,
1739 2326 1786 2353 sed

996 2369 1055 2403 quia
1067 2368 1116 2396 hoc
1127 2374 1200 2396 astro
1209 2370 1307 2397 nullum
1321 2369 1461 2404 fulgentius
1472 2370 1602 2403 videmus,
1612 2370 1683 2399 notis
1695 2379 1787 2398 exem-

995 2414 1045 2448 plis
1067 2419 1107 2441 est
1128 2421 1201 2441 usus.
1224 2414 1301 2442 Certe
1321 2415 1383 2442 alibi
1403 2423 1508 2450 quoque
1528 2415 1595 2443 dixit
1613 2415 1667 2450 jam
1689 2416 1785 2444 adesse

995 2467 1120 2494 messem,
1142 2465 1170 2487 ut
1189 2468 1249 2487 cum
1271 2460 1305 2488 de
1326 2460 1500 2488 Samaritanis
1521 2461 1580 2489 ait:
1595 2461 1687 2489 Levate
1699 2464 1786 2490 oculos

995 2510 1097 2535 vestros.
1107 2511 1129 2533 et
1142 2507 1245 2539 aspicite
1258 2508 1380 2541 regiones,
1388 2508 1448 2542 quia
1460 2508 1525 2534 alba!
1528 2507 1585 2542 jam
1598 2512 1656 2534 sunt
1667 2508 1702 2535 ad
1716 2516 1782 2536 mes-

994 2559 1046 2578 sem
1061 2550 1156 2586 (Joan.
1169 2552 1194 2579 4.
1210 2551 1280 2587 5ἒί);
1296 2556 1322 2579 et
1333 2560 1423 2579 rursus
1436 2573 1443 2586 ,
1466 2551 1555 2579 Messis
1570 2553 1669 2587 quidem
1688 2553 1783 2586 multa,

994 2598 1105 2632 operarii
1119 2603 1201 2624 autem
1213 2598 1287 2633 pauci
1301 2597 1375 2634 (Luc.
1389 2598 1430 2625 10.
1446 2597 1484 2634 Ξ).
1501 2598 1641 2632 Quomodo
1654 2606 1718 2633 ergo
1729 2599 1784 2626 illic

993 2642 1098 2677 qttidem
1117 2643 1171 2677 jam
1196 2650 1252 2670 mes
1267 2651 1310 2670 em
1333 2644 1427 2671 adesse
1450 2644 1506 2677 ait,
1526 2643 1570 2671 hic
1584 2651 1648 2671 vero
1668 2643 1782 2671 futuram

994 2696 1107 2716 messem
1130 2689 1212 2716 dicit?
1229 2689 1380 2717 Secundum
1397 2690 1468 2717 aliud
1483 2697 1579 2725 nempe
1591 2687 1781 2726 signiﬁcatum.

1024 2786 1032 2801 ι
1052 2785 1107 2811 Alii.
1119 2790 1260 2817 creatorem,
1272 2793 1325 2817 pro,
1333 2786 1452 2817 judicent.

1024 2817 1035 2831 ι
1052 2820 1123 2849 unus,
1133 2816 1251 2849 suppticia
1262 2816 1317 2842 vero
1325 2816 1367 2849 per
1379 2817 1438 2843 alios
1447 2818 1520 2849 infert
1529 2823 1537 2843 :
1546 2817 1618 2844 mittit
1628 2818 1692 2843 enim
1706 2818 1782 2845 Filius

993 2846 1095 2872 hominis
1106 2846 1201 2878 angelos
1212 2854 1274 2873 suos.
