2068 3132
271 138 323 165 [85

270 195 358 229 Quare
380 194 460 222 etiam
485 202 545 221 cum
566 194 629 222 alibi
643 193 733 229 (Joan.
745 195 770 222 4.
784 194 828 228 57)
842 193 968 225 dixisset,
980 191 1060 219 alium

270 249 330 268 esse
345 240 388 275 qui
402 241 526 272 seminat,
541 240 620 267 alium
634 240 678 275 qui
691 239 777 273 metit,
793 239 835 266 hic
860 239 925 265 dicit
949 245 978 265 se
1001 245 1062 264 eutn

270 286 314 322 qui
337 286 450 313 seminat
470 287 548 313 esse?
577 286 644 320 Quia
664 286 699 312 ibi
717 286 755 312 sic
775 284 940 319 loquebatur,
956 288 987 310 ut
1008 291 1061 310 non

269 333 330 365 sibi,
342 332 389 360 sed
403 337 432 359 ttt
445 333 582 367 prophetis
596 332 730 366 apostolos
744 335 920 365 compararet,
932 330 987 357 sive
1000 337 1061 357 cum

269 378 386 411 Judams,
409 378 465 405 sive
488 386 547 405 cum
572 378 753 405 Samaritanos
776 376 969 411 alloquebatur.
994 375 1060 402 Nam

269 425 348 451 etiam
369 432 415 458 per
436 424 579 458 prophetas
599 423 655 455 ipse
675 422 832 449 sentinabat.
852 422 898 448 Est
911 426 999 448 autem
1016 420 1059 447 ubi

269 478 383 497 messem
396 475 423 497 et
436 478 526 496 semen
542 469 655 502 idipsnm
669 469 749 500 dicat,
767 467 912 494 secundum
927 467 1059 494 diversam

269 516 398 544 rationem
413 516 451 542 sic
464 515 610 549 appellans.

304 563 331 590 Ξ.
358 562 423 588 Nam
452 560 558 594 quando
588 560 766 594 obsequentes
790 558 1059 592 obtemperantesque

268 608 404 636 auditores
425 606 505 637 dicit,
524 612 637 632 messem
653 609 746 636 vocat,
769 609 797 630 ut
814 612 871 630 rem
886 610 1059 630 consumma-

269 659 321 681 tnm
348 652 466 679 declaret
481 660 488 677 :
503 650 608 684 quando
630 654 719 676 autem
734 650 847 676 fructum
863 648 1059 683 prredicationis

267 699 378 733 qumrit,
394 705 485 725 semen
507 702 533 724 et
551 704 666 724 messem
694 696 778 730 ipsam
799 695 1058 722 consummationem

267 744 391 779 appellat.
413 743 445 770 Et
465 741 600 776 quomodo
622 742 702 768 etiam
726 741 788 768 alibi
805 741 878 773 dicit,
900 740 980 767 Primi
994 739 1058 774 justi

266 789 425 824 rapiuntur?
456 788 606 821 Rapiuntur
643 786 751 822 quidem
786 787 864 821 primi
896 786 1059 813 adveniente

265 834 390 867 Christo;
415 833 554 861 tradttntnr
575 837 663 860 autent
677 832 720 859 isti
744 832 891 866 supplicio,
904 837 931 859 et
945 836 1007 858 tunc
1021 831 1057 858 illi

267 880 300 908 ad
316 887 428 915 regnum
443 879 569 906 czrlorum
583 878 799 913 proiiciscuntur.
813 877 879 910 Quia
888 877 958 904 enim
971 876 1057 911 justos

266 925 294 953 itt
308 925 375 952 catlo
388 932 448 951 esse
464 928 588 958 oportet,
602 924 628 950 in
644 927 741 950 terram
753 926 842 949 autem
858 922 916 956 ipse
929 925 1057 948 venturus

265 975 307 998 est
316 991 324 1001 .
336 970 370 998 de
383 970 506 996 omnibus
523 969 674 996 hominibus
686 968 852 1003 judicaturus
862 987 870 999 ,
888 966 1057 994 sententiam-

266 1024 317 1052 que
330 1016 432 1043 laturus
449 1024 455 1042 :
470 1015 544 1050 quasi
559 1022 605 1041 rex
618 1021 730 1048 surgens
745 1021 806 1040 cum
822 1013 918 1040 amicis
931 1014 997 1046 suis,
1009 1019 1056 1039 eos

265 1062 299 1089 ad
318 1062 420 1089 beatam
438 1061 509 1088 illam
523 1065 621 1087 sortetu
633 1059 762 1086 ducturus
776 1063 826 1086 est.
853 1059 945 1085 \‘iden‘
957 1058 1055 1093 duplex

266 1108 323 1134 lore
336 1106 505 1141 supplicium,
521 1110 574 1132 tum
591 1105 662 1140 qttod
675 1105 877 1136 comburantur,
890 1109 945 1130 tum
959 1103 1029 1138 quod
1039 1111 1055 1131 a

264 1152 347 1187 gloria
360 1152 402 1178 illa
416 1151 558 1178 excidant?
575 1150 627 1178 Sed
641 1158 689 1176 cur
702 1149 821 1182 demum,
836 1150 888 1176 illis
904 1149 1055 1176 recedenti-

264 1197 314 1225 bus
325 1218 332 1230 ,
348 1198 412 1231 ipsis
427 1197 507 1224 etiam
523 1196 651 1230 apostolis
673 1195 698 1222 in
720 1195 852 1230 parabolis
863 1194 994 1229 loquitur?
1007 1194 1055 1222 Sa-

264 1242 408 1276 pientiores
426 1249 458 1268 ex
477 1249 557 1275 supra
570 1241 648 1268 dictis
662 1240 767 1272 etiecti,
785 1244 847 1267 tunc
863 1240 1054 1274 intelligebant.

264 1288 330 1315 llinc
343 1295 402 1314 cuttt
418 1287 526 1314 dixisset
535 1286 586 1313 illis
597 1291 703 1320 postea:
715 1285 878 1312 Intellexisti:
890 1287 942 1312 haec
950 1285 1033 1312 omnia
1043 1285 1056 1311 ἲ

263 1334 349 1361 dicunt
364 1334 395 1365 ei,
412 1333 511 1366 Etiam,
526 1332 634 1359 Domine
653 1332 756 1367 (Matth.
769 1332 811 1359 13.
827 1330 882 1366 Si).
898 1332 942 1359 Sic
961 1336 988 1358 et
1005 1331 1055 1358 hoc

266 1387 326 1406 cunt
341 1380 399 1406 aliis
413 1379 501 1405 eil‘ecit
525 1378 664 1413 parabole,
682 1383 709 1404 ut
730 1378 938 1412 pcrspicaciores
958 1377 1055 1404 deinde

263 1429 362 1452 essent.
378 1424 446 1458 Quid
461 1424 540 1459 igitur
552 1428 613 1458 post
627 1423 684 1450 inec
699 1422 781 1449 dicit?
795 1423 838 1450 Η.
856 1422 946 1449 Simile
965 1427 1000 1449 est
1013 1430 1054 1448 re-

262 1479 340 1506 gnum
354 1470 474 1497 caelorum
493 1470 610 1496 thesauro
624 1469 770 1496 abscondito
784 1471 810 1495 in
825 1478 885 1503 agro
896 1477 905 1496 :
915 1477 987 1504 quem
998 1477 1055 1496 cum

261 1517 354 1544 invenit
369 1516 443 1542 homo
457 1516 598 1548 abscondit,
613 1520 635 1542 et
647 1523 700 1550 prae
712 1515 805 1550 gaudio
820 1514 888 1542 illius
903 1516 1054 1542 vendituni-

261 1570 332 1588 versa
344 1569 401 1596 qua:
413 1562 497 1594 habet,
511 1566 534 1587 et
548 1561 605 1588 emit
616 1569 704 1596 agrum
716 1560 798 1587 illuni.
808 1561 852 1588 i5.
866 1560 962 1587 Iterum
973 1561 1055 1588 simile

261 1612 297 1634 est
308 1615 412 1642 regnum
427 1606 546 1633 calorum
558 1606 706 1641 negotiatori
724 1606 845 1640 qua'rcntt'
860 1606 936 1632 bonas
951 1615 1054 1642 marga-

260 1653 332 1678 ritas.
347 1651 391 1678 46.
408 1651 515 1678 Inventa
525 1657 609 1678 autent
624 1660 674 1678 una
689 1652 798 1686 pretiosa
812 1652 968 1686 margarita,
980 1652 1051 1685 abiit,

260 1702 283 1723 et
295 1697 405 1724 vendidit
419 1697 534 1724 universa
544 1704 600 1732 qua:
612 1696 709 1728 habuit,
724 1701 747 1723 et
765 1697 824 1722 emit
839 1705 903 1723 eattt.
920 1697 1053 1730 Quemad-

261 1741 370 1768 modum
387 1742 441 1768 illic
457 1749 568 1776 granum
593 1741 718 1769 frumenti
734 1747 760 1769 et
784 1741 943 1769 fermentum
962 1751 1054 1777 parum

261 1787 331 1815 inter
349 1795 379 1814 se
405 1787 531 1814 dill'crnnt
547 1797 553 1814 :
568 1788 606 1814 sic
631 1792 659 1814 ct
682 1787 733 1814 ltoc
760 1787 819 1814 loco
843 1787 902 1814 dua:
923 1788 1054 1822 parabole

262 1833 380 1860 thesauri
393 1839 419 1860 et
435 1834 595 1868 margaritae.
612 1833 676 1860 Nam
692 1841 739 1868 per
754 1839 894 1868 utrumque
907 1833 959 1861 hoc
971 1834 1054 1869 signi-

261 1879 366 1911 ﬁcatur,
379 1884 502 1914 oportere
510 1879 726 1913 prmdicalionctn
740 1879 863 1906 omnibus
877 1884 1052 1913 anteponere.

262 1925 296 1952 Et
311 1925 363 1952 illa:
382 1925 489 1959 quidem
508 1925 630 1952 tormenti
652 1929 679 1951 et
692 1925 791 1958 sinapis
812 1924 943 1958 parabolae
956 1923 988 1950 ad
1001 1924 1054 1951 vim

261 1970 458 2005 prtcdicationis
472 1962 605 2004 pertinent
616 1991 622 2002 ,
640 1970 777 2004 ipsamque
790 1974 874 1996 totum
887 1969 980 1996 orbem
993 1977 1054 1997 esse

259 2021 445 2050 superaturam
460 2016 577 2042 indicant
593 2023 600 2043 ς
617 2015 657 2041 lue
672 2019 761 2041 autem
775 2014 834 2041 dum:
849 2015 982 2049 parabolae
996 2015 1054 2050 ejus

259 2062 373 2096 pretium
388 2066 415 2088 et
433 2061 587 2096 dignitatem
603 2061 749 2088 declarant.
777 2060 936 2087 Extenditur
957 2061 1054 2096 quippe

259 2108 303 2135 illa
316 2112 344 2134 ut
365 2107 450 2142 sinapi
464 2128 470 2139 ,
485 2111 594 2141 superat
609 2110 638 2132 ut
659 2106 829 2138 fermentum,
844 2106 958 2140 pretiosa
973 2111 1013 2132 est
1027 2111 1055 2133 ut

259 2153 412 2188 margarita,
427 2153 565 2179 innumera
580 2151 681 2186 praebet
693 2150 834 2178 commoda
869 2156 896 2177 et
911 2156 1032 2178 ornatum
1045 2173 1053 2185 ,

260 2203 289 2225 ut
305 2198 457 2225 thesaurus.

296 2243 451 2270 Renantiare
466 2242 581 2269 omnibus
605 2246 640 2268 est
663 2241 810 2276 negotiatio,
827 2249 876 2267 non
892 2241 1006 2276 jactura.
1019 2255 1055 2260 —

261 2290 353 2325 Neque
369 2289 394 2316 id
409 2289 494 2316 solum
510 2289 553 2315 ltic
566 2289 705 2321 discimus,
720 2288 844 2314 omnibus
856 2295 884 2314 se
897 2294 995 2314 exuere
1008 2294 1055 2321 par

259 2344 334 2367 esse.
347 2343 379 2362 ac
391 2334 570 2370 prtcdicationi
587 2334 689 2361 lact-ere
702 2343 709 2365 ;
724 2333 771 2360 sed
782 2334 862 2360 ctiattt
877 2332 902 2359 id
916 2340 976 2359 cutn
993 2340 1056 2366 gau-

258 2383 304 2411 tlio
316 2389 376 2410 esse
392 2372 552 2409 faciettdutn.
567 2380 645 2407 Certe
660 2380 682 2406 is
692 2401 699 2412 ,
714 2379 758 2413 qui
773 2379 894 2407 omnibus
910 2378 1053 2411 renuntiat,

257 2429 324 2456 sciat
341 2432 447 2464 oportet
463 2448 469 2459 ,
485 2435 539 2454 rem
555 2427 625 2453 illam
637 2434 696 2453 esse
710 2426 915 2458 negotiationem
926 2445 933 2457 ,
949 2425 1053 2458 ttonja-

260 2479 374 2500 cturatn.
401 2473 492 2500 Viden‘
514 2471 647 2506 quomodo
673 2470 825 2505 prmdiealio
847 2471 873 2497 itt
896 2469 995 2497 mundo
1021 2470 1056 2497 sit

264 2519 366 2546 occulta
378 2539 385 2551 ,
400 2523 427 2546 ct
442 2519 467 2545 itt
485 2518 671 2552 praedicatione
690 2522 754 2552 quot
775 2517 828 2544 sint
845 2516 933 2544 bona?
951 2517 989 2544 Ac
1003 2516 1053 2544 nisi

263 2565 351 2591 omnia
363 2563 525 2597 vendideris,
538 2571 590 2590 non
601 2563 668 2590 emis
681 2563 752 2589 illam
778 2571 784 2589 :
801 2562 850 2589 nisi
865 2562 977 2589 sollicito
993 2563 1054 2589 ani-

262 2617 305 2636 nto
317 2610 464 2643 quaesieris,
474 2618 525 2636 non
540 2609 652 2636 invenis.
665 2609 721 2635 Duo
733 2608 812 2641 igitur
820 2609 968 2635 necessaria
980 2613 1052 2642 sunt,

258 2655 425 2683 stcculariuat
451 2663 538 2682 rerum
565 2655 706 2686 abdicatio,
730 2659 756 2681 et
779 2662 881 2681 sumtna
909 2655 1052 2689 vigilantia.

256 2700 322 2728 Nam
336 2701 373 2726 ait
386 2709 392 2726 :
410 2699 537 2732 Qua'rcntt'
549 2700 625 2727 bonas
639 2701 788 2734 margaritas
800 2708 809 2727 :
819 2701 919 2727 inventa
930 2709 980 2727 una
994 2708 1052 2735 pre-

257 2747 331 2778 tiosa,
345 2746 453 2772 vendidit
468 2747 561 2779 omnia,
572 2747 662 2773 ctcmit
677 2755 742 2772 eam.
761 2745 818 2773 Utta
833 2748 931 2782 quippe
947 2752 987 2773 est
1007 2755 1052 2774 vc-

255 2793 332 2824 r‘ttas,
347 2799 395 2818 nec
409 2792 434 2818 in
451 2797 539 2826 partes
553 2791 648 2818 divisa.
665 2792 703 2818 Ac
721 2791 789 2818 sicut
809 2791 831 2818 is
848 2792 893 2826 qui
922 2791 1051 2826 margari-

257 2843 311 2866 tam
325 2837 404 2866 habet
416 2858 424 2871 ,
438 2838 510 2865 novit
524 2838 580 2872 ipse
595 2845 623 2865 se
638 2837 746 2865 divitem
765 2844 825 2864 esse
837 2845 845 2871 ;
857 2844 928 2873 sa-pc
940 2842 1028 2864 autem
1040 2857 1048 2871 ,

655 134 683 162 S.
703 134 842 162 .IOANNIS
855 131 1089 162 CIIRYSOSTOMI
1110 132 1268 162 ARCHIEP.
1287 135 1553 167 CONSTANTINOP.

1859 140 1911 170 ιει

1117 193 1178 220 licet
1201 193 1272 221 illam
1293 203 1371 223 manu
1389 201 1486 230 teneat,
1499 198 1524 224 id
1540 197 1600 224 aliis
1613 202 1654 225 est
1670 197 1804 233 ignotum;
1820 206 1908 235 neque

1115 239 1186 266 enim
1209 240 1279 266 tnolc
1293 242 1414 276 corporis
1429 242 1539 277 insignis
1554 248 1595 270 est
1609 251 1616 268 :
1631 243 1669 269 sic
1687 247 1713 269 et
1737 244 1762 270 in
1778 243 1908 278 przediea-

1116 284 1188 310 tione
1199 304 1206 316 ,
1222 285 1266 318 qni
1283 285 1355 312 illam
1379 291 1488 319 tenent,
1504 294 1533 313 se
1549 286 1643 314 divites
1658 294 1718 314 esse
1730 292 1829 314 norunt
1840 308 1847 320 ,
1864 289 1907 315 in-

1114 329 1213 355 crednli
1230 335 1318 356 autem
1334 330 1486 358 thesaurum
1503 331 1654 366 Imjusmodi
1670 332 1823 367 ignorantes
1835 353 1842 364 ,
1859 341 1908 359 no-

1114 378 1184 401 stras
1198 375 1259 401 item
1281 375 1386 402 divitias
1401 377 1532 403 nesciunt.
1561 377 1660 404 Deinde
1676 385 1709 404 ne
1721 377 1902 411 prtedicationi

1115 424 1215 447 tantum
1229 421 1341 447 ﬁdamus
1351 443 1358 454 ,
1373 430 1440 449 neve
1454 428 1576 457 putemus
1589 424 1673 450 solam
1687 424 1766 451 ﬁdem
1781 425 1815 452 ad
1828 426 1903 453 saltt-

1113 470 1166 492 tem
1194 466 1270 492 nobis
1290 467 1415 494 sufﬁcere
1425 487 1432 498 ,
1447 467 1526 494 aliam
1543 468 1688 496 terribilem
1701 469 1777 496 eliert
1790 470 1907 504 parabo-

1112 511 1174 538 latn.
1190 512 1316 544 Qua-nam
1343 513 1385 539 illa
1406 514 1465 540 est?
1477 513 1520 540 47.
1536 513 1647 548 Sagcna:
1661 515 1795 549 parabole.
1814 516 1906 543 Simile

1112 561 1147 583 est
1162 565 1265 591 regnum
1277 558 1395 584 cwlorum
1409 567 1508 593 sagenae
1523 560 1605 586 missa:
1618 560 1643 586 in
1657 568 1735 593 mare,
1751 565 1775 588 et
1786 569 1818 588 ea:
1832 563 1903 589 omni

1111 611 1200 638 genere
1217 603 1321 637 piscium
1333 605 1494 639 cottgrt'ganti
1506 613 1515 631 :
1532 605 1577 632 48.
1591 613 1666 640 quam
1676 606 1806 634 cducentes
1823 608 1857 634 ad
1872 609 1904 634 li-

1112 655 1152 674 tus
1164 648 1249 679 maris,
1266 649 1389 679 sedentes,
1404 654 1428 674 et
1441 649 1584 684 colligentes
1597 650 1674 678 bonos
1686 651 1711 677 in
1723 659 1766 678 ttat
1774 652 1901 686 jecerunt,

1111 692 1191 719 maloa
1201 699 1281 719 autem
1295 695 1363 728 foras
1377 694 1505 721 miserunt.
1523 695 1550 722 In
1561 703 1614 730 quo
1623 695 1712 723 differt
1725 696 1782 724 hmc
1796 705 1811 725 tt
1826 705 1904 732 para-

1111 737 1170 764 bola
1182 737 1362 765 zizaniorum?
1376 738 1442 766 Nam
1455 744 1481 766 et
1492 739 1545 766 illic
1558 740 1603 767 alii
1617 745 1758 768 servantur
1770 763 1778 775 ,
1790 741 1834 769 alii
1842 749 1900 775 per-

1109 785 1192 815 eunt;
1224 783 1270 810 sed
1286 784 1340 811 illic
1352 784 1386 811 ob
1398 792 1539 820 pravorum
1555 785 1708 821 dogmatum
1717 787 1838 815 heresim
1854 794 1901 816 :et

1109 828 1153 863 qui
1167 833 1228 854 ante
1247 834 1446 863 memorantur,
1458 831 1518 865 quia
1539 831 1620 858 dictis
1633 832 1833 866 prtedicantiutn
1848 841 1902 861 noa

1109 873 1264 905 attendunt;
1281 873 1305 900 lti
1321 882 1385 902 vero
1393 875 1429 903 ob
1442 876 1599 904 sceleratam
1615 877 1707 910 vitam,
1721 879 1765 913 qui
1780 879 1898 906 omnium

1108 920 1253 946 miserrimi
1267 925 1339 953 sunt,
1356 926 1448 955 utpote
1459 922 1504 956 qui
1526 923 1552 948 in
1568 923 1690 950 notitiam
1705 925 1825 952 veritatis
1840 933 1902 960 per-

1108 965 1281 997 vencrint,et
1303 965 1328 992 in
1350 970 1407 993 rete
1426 966 1583 1001 piscantium
1603 968 1759 1000 inciderint.
1771 977 1802 996 ac
1818 978 1902 1005 neque

1107 1009 1146 1036 sic
1161 1009 1272 1037 salutem
1288 1011 1414 1046 consequi
1426 1012 1569 1046 potuerint.
1582 1012 1747 1048 Quamquam
1756 1015 1818 1042 alibi
1829 1015 1901 1042 dicat

1108 1055 1193 1090 ipsum
1209 1060 1343 1090 pastorem
1356 1064 1511 1092 segregasse
1522 1066 1595 1090 oves,
1613 1059 1656 1087 ltie
1669 1059 1734 1087 dicit
1748 1061 1857 1095 angelos
1873 1062 1899 1089 id

1108 1100 1195 1128 facere
1207 1121 1214 1133 ,
1226 1105 1255 1128 ut
1268 1105 1294 1128 et
1311 1101 1337 1128 in
1352 1102 1514 1130 zizaniorum
1529 1104 1653 1137 parabola
1669 1103 1774 1140 (Matth.
1785 1105 1830 1132 9.5.
1842 1106 1898 1142 52).

1107 1146 1175 1180 Quid
1187 1153 1250 1181 ergo
1267 1146 1431 1174 dicendum?
1447 1148 1596 1182 Aliquando
1609 1149 1762 1182 demissius,
1779 1150 1898 1186 aliquan-

1107 1190 1142 1217 do
1157 1191 1295 1218 sublimius
1309 1192 1373 1227 ipsis
1390 1192 1515 1227 loquitur.
1541 1193 1615 1221 Hanc
1628 1201 1709 1228 porro
1726 1203 1776 1222 nec
1789 1201 1897 1230 rogatus

1108 1237 1260 1271 ptrabolam
1287 1243 1382 1273 sponte
1408 1239 1597 1273 interpretatur
1625 1249 1632 1266 :
1659 1247 1692 1268 ex
1711 1246 1784 1275 parte
1811 1242 1898 1269 solum

1107 1283 1249 1317 explicavit
1264 1284 1346 1315 illam,
1363 1289 1390 1310 et
1402 1284 1524 1311 timorem
1539 1285 1622 1312 auxit.
1633 1285 1670 1313 Ne
1678 1287 1749 1314 enim
1763 1292 1901 1322 postquam

1107 1328 1214 1360 audisti,
1231 1329 1315 1355 malos
1326 1329 1428 1364 ejectos
1441 1329 1523 1358 fuisse
1536 1330 1607 1358 foras
1617 1351 1625 1363 ,
1640 1332 1701 1359 sine
1711 1333 1828 1366 periculo
1843 1341 1899 1361 rem

1108 1382 1168 1402 esse
1188 1379 1305 1410 putares,
1325 1375 1542 1410 interpretatione
1562 1384 1608 1403 sua
1633 1377 1791 1412 supplicium
1806 1379 1901 1406 extulit

1107 1421 1208 1452 dicens,
1227 1421 1326 1448 Mittctu
1344 1429 1385 1447 eos
1397 1422 1423 1448 in
1438 1422 1564 1449 caminum
1578 1423 1661 1458 ignis;
1676 1424 1818 1452 stridorem
1833 1425 1900 1452 den-

1109 1468 1171 1494 tium
1189 1474 1340 1494 memorans
1355 1467 1567 1504 ineil'abilemque
1582 1469 1713 1497 dolorctn.
1727 1470 1820 1498 Viden'
1835 1476 1899 1506 quot

1107 1512 1139 1539 ad
1154 1513 1296 1546 perniciem
1310 1513 1379 1540 vite?
1396 1513 1445 1540 Per
1457 1518 1569 1548 petram,
1586 1522 1632 1549 per
1647 1516 1748 1550 spinas,
1763 1524 1810 1551 per
1820 1517 1899 1550 viam,

1108 1565 1155 1592 per
1168 1558 1279 1588 zizania.
1295 1565 1343 1592 per
1356 1565 1491 1592 sagenatn.
1510 1559 1568 1587 Non
1582 1567 1646 1595 ergo
1661 1561 1794 1589 immerito
1809 1562 1876 1589 dixit.
1892 1572 1899 1590 :

1107 1605 1172 1631 Lata
1182 1610 1217 1631 est
1230 1605 1269 1631 via
1281 1614 1337 1640 quw
1347 1606 1415 1632 ducit
1430 1607 1463 1632 ad
1474 1607 1638 1641 perditionem
1649 1628 1656 1640 ,
1668 1613 1691 1635 et
1702 1609 1774 1635 multi
1787 1614 1845 1636 sunt
1857 1609 1900 1643 qui

1107 1650 1281 1685 ingrediuntur
1302 1659 1346 1686 per
1365 1659 1420 1677 eant
1442 1651 1547 1685 (Matth.
1573 1653 1599 1678 7.
1617 1653 1672 1687 i3).
1689 1653 1750 1680 Hatc
1762 1661 1826 1689 ergo
1840 1661 1900 1681 cum

1107 1698 1226 1730 dixisset,
1251 1705 1281 1724 ac
1305 1698 1415 1724 terribili
1439 1698 1518 1725 ntodo
1546 1699 1626 1726 linem
1650 1699 1754 1727 dicendi
1782 1699 1899 1732 fecisset,

1108 1744 1218 1778 hmcque
1234 1743 1306 1777 plura
1321 1743 1463 1777 adjeeisset
1479 1744 1588 1779 (diutius
1601 1745 1672 1772 enim
1690 1746 1715 1772 in
1739 1745 1790 1772 illis
1811 1753 1901 1772 mora-

1108 1794 1148 1816 tus
1160 1789 1223 1822 cst),
1235 1789 1271 1815 ait
1285 1797 1291 1814 ε
1309 1789 1352 1816 51.
1370 1788 1535 1816 Intellerittis
1551 1790 1603 1816 lucc
1626 1791 1733 1817 omnia?
1748 1790 1839 1817 Dicunt
1855 1791 1877 1818 ei
1890 1799 1900 1818 :

1109 1834 1207 1867 Etiam,
1224 1834 1340 1861 Domine.
1360 1834 1423 1861 Post
1439 1835 1505 1866 hate,
1525 1836 1585 1868 quia
1605 1835 1814 1867 intellexerunt,
1830 1836 1901 1870 ipsos

1108 1881 1197 1908 laudat
1213 1881 1254 1907 Itis
1267 1881 1364 1908 verbis.
1383 1881 1426 1908 52.
1443 1881 1504 1908 Idea
1519 1883 1600 1908 omnis
1612 1882 1693 1909 scriba
1713 1883 1802 1909 doctus
1815 1883 1840 1909 in
1856 1891 1899 1909 γε-

1107 1935 1156 1961 grta
1166 1926 1294 1958 rariorum,
1310 1926 1399 1952 similis
1412 1931 1448 1952 est
1462 1927 1556 1952 Itomt‘ni
1567 1927 1637 1959 patri
1648 1927 1769 1961 familias,
1783 1928 1826 1962 qui
1839 1936 1900 1961 pro-

1107 1973 1155 2006 fert
1168 1971 1199 1997 de
1210 1971 1326 1997 I/tesaut'o
1339 1979 1385 1997 suo
1401 1979 1464 1997 ηοιά
1487 1976 1509 1998 et
1528 1977 1620 1998 vetera.
1645 1972 1707 1999 Ideo
1718 1972 1780 1998 alibi
1795 1979 1900 2006 quoque

1107 2016 1145 2043 ait
1161 2025 1167 2042 :
1180 2015 1282 2042 Mittam
1294 2016 1328 2042 ad
1352 2024 1395 2042 vos
1407 2017 1532 2051 sapientes
1545 2021 1566 2042 et
1578 2016 1784 2050 scribas(Matt/t.
1793 2015 1899 2049 εἴλει).

1143 2062 1168 2089 5.
1184 2061 1377 2095 Scripturarum
1398 2061 1469 2088 lectio
1484 2062 1683 2088 commendatur.
1703 2061 1842 2088 llumilitas
1854 2071 1900 2088 ea-

1108 2112 1152 2142 put
1172 2108 1279 2134 nirtutis.
1293 2122 1329 2126 —
1342 2107 1423 2134 Vides
1441 2107 1577 2142 quomodo
1597 2116 1649 2134 nott
1676 2108 1799 2135 excludat
1820 2108 1900 2135 Vetus

1107 2153 1318 2184 Testamentum,
1332 2152 1377 2179 sed
1398 2153 1486 2187 potius
1507 2153 1597 2180 laudet
1611 2158 1638 2180 et
1649 2153 1776 2185 celebret,
1793 2154 1901 2180 titesatt-

1109 2206 1168 2225 rum
1183 2198 1301 2224 vocans?
1321 2197 1410 2232 Itaque
1430 2203 1559 2232 quotquot
1580 2198 1728 2225 divinarum
1746 2199 1899 2232 Scriptura-

1108 2251 1167 2270 rum
1191 2242 1306 2276 imperiti
1320 2247 1390 2273 sunt,
1405 2250 1458 2269 non
1479 2248 1569 2277 patres
1593 2243 1707 2270 familias
1729 2242 1837 2275 fuerint,
1855 2243 1899 2278 qui

1108 2295 1195 2322 neque
1207 2287 1306 2314 ltabent
1319 2288 1378 2322 ipsi,
1395 2295 1444 2314 ttec
1456 2287 1490 2314 ab
1500 2287 1559 2314 aliis
1573 2288 1716 2322 accipiunt,
1726 2287 1774 2315 sed
1787 2295 1816 2314 se
1831 2289 1900 2315 tame

1109 2338 1250 2368 pcrettntes
1268 2333 1412 2368 ncgliguul.
1427 2332 1480 2360 Nec
1493 2332 1573 2360 modo
1588 2333 1648 2368 ipsi,
1660 2333 1707 2360 scd
1723 2334 1802 2360 etiam
1817 2333 1901 2360 hatre-

1109 2380 1153 2407 tici
1164 2384 1286 2414 expertes
1301 2383 1363 2405 sunt
1377 2378 1454 2412 hujus
1469 2378 1648 2405 beatitudinis.
1671 2378 1728 2406 Non
1742 2379 1812 2406 ettitn
1838 2386 1900 2413 pro-

1108 2425 1197 2453 ferunt
1211 2433 1280 2452 nova
1294 2429 1321 2452 et
1334 2424 1508 2452 vetera.N:tm
1523 2432 1583 2452 eum
1597 2429 1685 2452 vetera
1701 2433 1753 2452 non
1770 2425 1896 2456 habeant.

1108 2480 1157 2498 nec
1169 2479 1237 2498 nova
1249 2470 1347 2507 habere
1358 2474 1469 2504 possunt
1479 2479 1486 2496 :
1496 2469 1719 2505 qttcmadmodum
1736 2470 1818 2497 etiam
1827 2470 1843 2497 ii
1855 2470 1900 2504 qui

1108 2524 1175 2544 nova
1191 2524 1242 2543 tton
1257 2515 1365 2547 habent,
1376 2515 1510 2542 veteribus
1521 2523 1626 2550 quoque
1636 2520 1739 2548 carent,
1749 2515 1799 2543 sed
1820 2515 1901 2544 utris-

1107 2572 1158 2599 que
1180 2563 1317 2598 privantur
1333 2571 1340 2588 :
1363 2562 1420 2589 htrc
1433 2563 1505 2589 ettim
1523 2566 1612 2588 mutuo
1633 2562 1789 2597 colligantur
1802 2566 1829 2589 et
1838 2569 1902 2589 cott-

1108 2614 1262 2638 nectuntur.
1287 2609 1433 2636 Audiamus
1456 2610 1544 2642 itaque
1556 2613 1686 2643 quotquot
1700 2609 1899 2644 Scripturarnm

1108 2656 1248 2683 lectionem
1271 2654 1439 2688 negligimus,
1463 2660 1590 2688 quantum
1612 2654 1744 2688 patiamur
1760 2653 1898 2686 damnum,

1107 2705 1232 2736 quantam
1247 2704 1441 2735 paupertatem.
1455 2699 1626 2732 Quandouant
1643 2700 1722 2726 vitam
1738 2707 1799 2726 cum
1813 2699 1900 2734 operi-

1107 2746 1318 2779 hnsjungcmus,
1333 2745 1377 2779 qtti
1397 2752 1431 2772 ne
1455 2745 1528 2779 leges
1549 2744 1655 2779 quidem
1677 2745 1818 2777 novimus,
1833 2751 1898 2779 quas

1106 2790 1296 2817 observemus?
1307 2789 1359 2817 Sed
1372 2789 1478 2823 divites,
1492 2789 1535 2824 qui
1547 2790 1699 2818 divitiarum
1709 2789 1853 2825 cupiditate
1862 2789 1898 2816 itt-

1106 2837 1231 2868 saniunt,
1256 2843 1326 2871 saepe
1348 2840 1436 2863 vcstcs
1452 2843 1512 2863 suas
1534 2844 1568 2864 ne
1587 2844 1602 2863 a
1618 2837 1697 2864 tineis
1721 2835 1897 2863 cori-edantur
