2068 3132
196 143 247 171 L85

196 207 335 234 excutiunt
351 215 358 234 :
373 211 400 234 ιιι
413 214 477 235 vcro
486 207 548 235 dum
557 209 655 237 oblivio
666 210 734 238 tinea
750 212 924 245 perniciosior
934 213 994 240 ani-

195 260 266 279 mam
291 258 362 279 tuam
380 253 538 286 labefactat,
555 262 607 281 non
626 255 708 283 libros
723 256 798 291 legis,
814 265 865 284 non
889 263 990 292 pestem

196 298 268 325 illam
277 298 396 334 ’depellis
410 320 416 332 ,
430 300 546 327 animam
562 309 613 328 non
628 309 753 334 exornas,
770 310 822 330 non
836 304 933 337 aspicis
946 312 990 331 as-

193 345 270 372 sidue
292 345 397 373 virtutis
417 347 571 382 imaginem,
595 355 645 376 nec
665 350 785 377 membra
802 350 860 385 ejus
873 355 900 378 ct
911 355 990 385 caput

193 392 365 420 consideras?
376 393 442 420 Nam
456 398 484 421 et
496 398 575 429 caput
587 393 668 423 habet
681 399 708 422 et
721 395 852 429 membra,
866 399 988 431 specioso

191 446 305 474 corpore
326 439 494 467 formosiora.
518 440 594 474 Quod
612 447 676 475 ergo
695 446 775 476 caput
799 447 849 474 cst,
869 442 984 477 inquies,

191 485 319 512 virtutis?
342 485 491 513 Humilitas.
506 485 686 519 Quamobrem
701 486 735 514 ab
747 486 796 514 hac
807 487 898 522 incipit
911 487 988 515 Chri-

190 535 248 559 stus
270 531 360 560 dicens
376 541 383 558 :
399 531 469 559 Beati
491 540 612 567 pauperes
625 531 740 567 (Matth.
755 532 781 559 5.
796 532 842 567 5).
865 533 921 559 lloc
942 541 986 560 ca-

190 582 238 612 put
262 585 316 605 non
336 585 429 605 comas
451 577 541 610 habet,
566 585 620 605 non
642 577 791 610 cincinnos,
814 578 860 605 sed
885 583 983 606 tantam

189 623 423 659 pulchritudinem,
439 628 468 651 ut
483 624 567 652 Deum
589 624 675 659 ipsum
695 624 810 651 attrahat
825 632 904 652 :nam
925 625 961 652 ait
976 634 982 652 :

192 670 275 704 Super
286 678 358 704 quem
379 670 523 704 respiciam,
546 669 594 696 nisi
604 678 680 705 super
694 675 851 696 mansuetum
866 676 888 697 et
902 671 984 698 humi—

188 719 247 751 lem,
267 723 290 746 et
313 722 457 745 trementem
479 717 554 745 verba
568 726 623 745 mea
635 717 713 753 (Iani.
725 717 769 745 66.
784 717 832 751 '2)?
847 722 891 750 et,
907 717 982 744 Oculi

188 766 237 793 mei
246 765 280 792 ad
292 769 434 792 mansuetos
451 768 525 792 terra:
539 763 623 799 (Psal.
641 764 684 791 75.
699 763 742 791 10.
763 769 786 791 et
806 764 866 791 l00.
882 763 920 800 6).
937 765 980 796 Et,

187 810 274 846 Prope
293 815 330 838 est
343 811 468 838 Dominus
489 810 602 837 contritis
614 809 688 836 corde
699 809 837 844 (Psal.35.
853 809 908 845 19).
926 810 981 837 lloc

186 862 267 892 caput
281 863 329 892 pro
341 856 485 891 capillis,et
495 862 582 888 coma,
595 855 723 881 sacriﬁcia
737 854 814 881 offert
829 855 882 882 Deo
892 860 977 889 grata.

186 903 239 931 Ara
254 907 295 930 est
308 909 399 934 aurea,
411 906 439 929 et
449 902 533 928 altare
557 901 693 935 spirit-tale
711 910 717 927 :
732 909 792 927 nam
816 900 979 935 Sacri/icium

185 948 239 977 Deo
251 949 353 983 spiritus
373 947 553 974 contributatus
567 946 651 982 (Ρεαι.
668 946 713 973 50.
728 946 784 981 19).
799 946 860 973 ll:rc
881 950 923 973 est
936 954 978 973 sa-

185 995 291 1030 pientia:
311 999 405 1021 mater.
421 994 449 1021 Si
462 994 522 1028 quis
536 993 607 1019 illam
623 992 727 1024 habt-at,
742 992 843 1026 reliqua
860 991 976 1020 habebit.

167 1052 170 1055 ·
185 1042 307 1070 Vidistin'
318 1046 406 1077 caput,
422 1040 500 1076 quale
512 1046 641 1074 nusquam
652 1038 776 1065 videras?
792 1038 870 1066 Visne
884 1038 976 1066 facient

183 1088 284 1121 videre,
300 1090 353 1115 imo
366 1086 502 1115 ediscere?
525 1085 584 1113 Jam
607 1085 680 1112 disce
698 1085 815 1112 colorem
829 1084 887 1119 ejus
901 1085 976 1112 rubi-

182 1135 309 1168 cundum,
334 1133 468 1165 ﬂoridum,
491 1137 518 1160 et
536 1131 614 1159 valde
635 1132 779 1167 gratiosum
796 1141 802 1158 :
820 1131 893 1158 disce
917 1131 977 1166 qui-

181 1181 292 1209 busnam
313 1184 427 1208 constet.
443 1179 545 1213 Quibus
558 1187 621 1214 ergo
633 1179 757 1206 constat?
772 1178 878 1206 Pudore
895 1183 974 1214 atque

182 1226 476 1261 ruhoreruapropter
496 1225 534 1252 ait
552 1224 682 1259 quispiam
700 1234 705 1250 :
722 1225 785 1251 Ante
807 1225 973 1252 verecundum

182 1273 304 1308 prmedet
328 1272 410 1307 gratia
427 1271 519 1307 (Eccli.
534 1271 577 1298 5‘2.
589 1269 628 1306 9).
645 1270 701 1298 lloc
718 1276 744 1298 et
767 1270 825 1297 aliis
848 1271 973 1298 membris

181 1325 303 1354 magnam
326 1317 437 1344 infundit
451 1315 683 1351 pulchritudinem.
703 1316 813 1343 Etiamsi
835 1316 908 1343 mille
922 1317 972 1343 mi-

179 1371 254 1392 sceas
270 1363 371 1390 colores
384 1383 392 1396 ,
409 1370 460 1389 non
474 1366 573 1389 tantam
588 1362 704 1396 speciem
718 1361 829 1389 eflicics.
844 1362 872 1390 Si
883 1368 970 1390 autem

178 1415 205 1437 et
222 1410 313 1437 oculos
336 1409 426 1436 videre
445 1409 553 1444 cupias,
577 1408 667 1442 aspice
689 1408 747 1435 illos
768 1408 924 1436 modestiam
945 1414 970 1436 ct

178 1455 369 1483 continentiam
382 1459 506 1482 accurate
519 1454 685 1481 exhibentes.
711 1453 770 1481 ldco
785 1454 834 1488 ipsi
847 1458 874 1481 et
886 1454 969 1482 forma

177 1501 336 1528 ctacnmine
360 1501 470 1536 pollent,
486 1500 521 1526 ita
537 1503 565 1526 ut
588 1499 673 1534 ipsum
690 1499 830 1526 Dominum
852 1500 968 1527 videant.

177 1546 254 1577 Nam,
270 1546 351 1576 Beati.
366 1546 459 1581 inquit,
475 1545 568 1572 mundo
580 1544 667 1577 corde,
683 1545 801 1579 quoniam
818 1546 868 1580 ipsi
887 1546 970 1573 Deum

177 1592 293 1619 ridebunt
308 1592 416 1627 (Matth.
428 1592 454 1619 5.
469 1590 509 1626 8).
522 1590 559 1618 Os
581 1595 670 1618 autem
693 1591 749 1626 ejus
763 1612 770 1625 ,
792 1592 919 1627 sapientia
943 1598 969 1620 et

177 1636 336 1670 intulit-ctus,
344 1637 573 1673 spiritualiumque
582 1637 741 1672 hymnorum
751 1637 907 1666 modulatio.
917 1638 969 1666 Cor

176 1688 276 1716 autem.
290 1683 485 1719 Scripturarum
500 1683 594 1718 peritia
603 1703 610 1715 ,
624 1690 801 1718 verarumque
815 1683 968 1718 dogmatum

175 1729 353 1761 conservatio,
376 1728 540 1763 benignitas,
563 1728 714 1755 clementia.
735 1729 773 1755 Ac
796 1729 967 1764 quemadmo—

176 1775 237 1802 dum
260 1775 317 1801 sine
339 1775 385 1801 illo
406 1774 495 1801 vivere
516 1774 667 1809 nequimus,
684 1774 722 1801 sic
737 1782 823 1809 neque
845 1775 903 1802 sine
923 1775 968 1801 illo

174 1821 288 1848 salutem
301 1819 428 1854 consequi
443 1826 595 1854 possumus.
615 1819 682 1847 Nam
696 1818 758 1846 hinc
768 1820 858 1846 omnia
873 1820 966 1847 oriun~

177 1872 219 1894 tur
233 1866 310 1893 bona.
329 1866 415 1894 llabet
427 1866 490 1900 item
506 1865 587 1900 pedes
600 1870 627 1893 et
638 1873 742 1897 manus,
760 1865 888 1893 bonorum
903 1873 966 1900 ope-

176 1920 233 1939 rum
249 1911 368 1946 exempla
381 1919 389 1944 ;
404 1911 490 1938 anima
501 1910 559 1946 ejus
572 1915 613 1938 est
630 1911 731 1945 pietas;
748 1915 841 1945 pectus
854 1911 911 1944 ejus
925 1919 967 1937 an-

175 1965 260 1989 reum,
275 1958 414 1985 adamante
428 1957 540 1991 ﬁrmius,
554 1962 594 1985 est
605 1957 748 1991 fortitudo;
762 1958 851 1985 omnia
865 1957 967 1985 facilius

173 2011 308 2038 expugnes
317 2023 324 2035 ,
337 2010 416 2038 quam
439 2007 529 2038 pectus
542 2002 609 2030 istud
622 2003 767 2037 dirumpas.
783 2003 908 2038 Spiritus,
922 2003 966 2038 qui

174 2054 201 2076 et
215 2050 239 2076 in
254 2049 377 2082 cerebro,
387 2049 449 2076 etin
462 2048 542 2076 ('crde
556 2049 669 2082 exsistit,
682 2053 722 2076 est
735 2049 841 2077 caritas.

208 2095 235 2123 ι.
261 2094 375 2122 Matt/tati
396 2095 553 2130 evaiigelirlw
572 2096 684 2123 virtutes.
704 2096 780 2123 Avari
800 2102 824 2123 et
847 2098 965 2132 pauperis

172 2142 308 2168 toluttturii
321 2141 549 2177 descripli0.——Vis
562 2141 629 2169 hanc
643 2142 786 2178 imaginem
803 2143 848 2170 tibi
865 2144 889 2170 in
901 2151 964 2178 ope—

173 2187 246 2215 ribus
259 2188 417 2215 ostendam?
438 2188 531 2223 Cogita
553 2188 618 2216 mihi
634 2188 704 2217 hunc
723 2189 809 2224 ipsum
830 2191 965 2225 evangeli-

171 2238 250 2266 stam,
263 2234 368 2262 etiamsi
380 2242 432 2262 non
444 2239 524 2262 totam
534 2234 592 2270 ejus
602 2234 683 2263 vitam
693 2235 853 2271 descriptam
866 2236 962 2265 habea-

170 2288 247 2311 mus;
263 2284 380 2308 attamen
394 2289 425 2308 ex
439 2281 531 2316 paucis
545 2289 605 2317 qua:
619 2286 731 2316 restant,
744 2283 807 2311 licet
820 2283 962 2319 imaginem

169 2327 229 2362 ejus
240 2327 425 2362 splendentem
446 2328 546 2356 videre.
571 2328 646 2363 Quod
670 2328 777 2356 humilis
791 2334 816 2357 ct
831 2331 963 2358 contritus

169 2379 261 2407 esset,
284 2374 347 2402 audi
362 2374 448 2410 ipsum
462 2375 488 2402 in
498 2374 639 2410 Evangelio
652 2383 711 2404 sese
729 2376 897 2411 publicanum
913 2385 961 2405 vo-

169 2425 291 2454 cantem;
314 2422 386 2456 quod
400 2426 489 2449 autem
511 2422 663 2450 misericors
686 2427 776 2456 esset,
801 2423 863 2451 vide
887 2424 960 2451 illum

167 2467 293 2495 omnibus
306 2472 418 2496 exutum
430 2467 521 2496 Jesnm
537 2473 702 2504 sequentem.
716 2470 790 2502 Quod
807 2471 864 2505 pius
878 2476 959 2504 esset,

168 2512 255 2546 palam
270 2518 312 2541 est
327 2521 360 2541 ex
374 2513 552 2550 dogmatibus.
567 2514 769 2550 intelligentiam
783 2521 810 2543 ct
822 2516 958 2544 caritatem

166 2559 224 2594 ejus
241 2567 276 2586 cx
297 2567 330 2587 eo
348 2560 419 2595 quod
441 2561 602 2595 conscripsit
627 2561 771 2596 Evangelio
792 2561 882 2589 videre
895 2568 958 2589 est:

167 2605 283 2634 universi
299 2607 370 2634 enim
391 2607 464 2634 orbis
483 2614 573 2635 curam
584 2608 687 2642 gessit;
704 2607 832 2634 bonorum
847 2615 958 2643 operum

167 2657 353 2686 argumentum
370 2651 452 2680 habes
466 2659 499 2680 ex
520 2653 627 2685 throno,
650 2653 676 2680 in
691 2661 743 2688 quo
756 2661 878 2681 sessurus
897 2658 956 2685 est;

167 2696 350 2724 fortitudinem
363 2718 370 2728 ,
387 2697 458 2733 quod
470 2697 589 2733 gaudens
604 2705 727 2725 reversus
740 2699 774 2725 sit
786 2707 800 2725 a
813 2698 879 2727 facie
893 2706 958 2725 cou-

165 2742 229 2770 cilii.
248 2743 343 2771 Virtuti
357 2744 436 2780 igitur
450 2744 594 2772 admodum
608 2744 772 2779 Studeamus,
789 2746 955 2780 maximeque

334 2909 469 2938 ΡΔτιιυι..
495 2910 552 2938 tiu.
579 2909 680 2940 l.\'lll.

637 148 669 175 ΙΝ
689 149 890 179 .\l.~\'l"Tll.«l".U.\l
913 150 1026 180 ilOl‘llL.
1050 155 1152 185 XLVII.
1171 147 1206 187 al.
1228 160 1342 192 XLVIII.

1787 179 1839 207 456

1047 215 1166 244 omnium
1191 217 1365 250 humilitatem
1392 228 1418 251 ct
1446 226 1657 260 misericordiam
1684 238 1836 270 sectemur.

1046 259 1104 316 Eine
1116 263 1212 296 quibus
1224 266 1335 294 salutem
1347 271 1474 305 consequi
1489 281 1541 300 non
1555 282 1696 308 possumus
1707 301 1713 312 ,
1731 285 1759 308 ut
1775 259 1838 316 pro:

1045 304 1122 333 batur
1136 315 1168 335 ex
1189 311 1307 347 quinque
1333 304 1497 351 virginibus,
1513 325 1540 347 et
1555 304 1593 348 ex
1610 304 1759 354 “larisa-ii.-

1043 351 1102 379 sinc
1122 354 1273 390 virginitate
1294 367 1402 395 regnum
1423 364 1498 392 adire
1518 374 1675 404 possumus,
1700 380 1751 401 non
1774 383 1838 404 vero

1043 397 1100 425 sine
1122 401 1303 450 misericordia
1323 412 1350 434 ct
1362 409 1530 448 elcemosyna
1544 423 1550 441 :
1569 415 1611 443 illa
1626 419 1696 445 enim
1711 428 1836 450 necessa-

1480 441 1489 448 ,
1711 441 1835 450 ..νηπι-

1042 443 1080 470 ria
1094 441 1203 479 pror‘sns
1217 456 1256 477 est
1272 472 1279 484 ,
1295 457 1320 479 et
1338 453 1408 482 inter
1423 459 1554 493 prmcipua
1570 470 1631 494 quae
1645 466 1733 492 omnia
1749 469 1835 494 couti-

1042 489 1125 518 tinent
1144 500 1279 524 censetur.
1296 498 1352 526 Non
1375 501 1432 529 sine
1454 511 1534 532 causa
1557 515 1621 542 ergo
1637 509 1754 539 diximus
1775 521 1835 541 eam

1040 541 1087 562 cor
1100 543 1160 565 esse
1174 539 1287 568 virtutis.
1303 543 1355 572 Sed
1369 553 1416 573 cor
1430 548 1515 582 ipsum
1527 571 1534 582 ,
1552 552 1601 579 nisi
1617 555 1741 584 onmibus
1755 559 1834 592 spiri-

1030 583 1095 632 ‘tum
1119 583 1319 621 subministret,
1345 591 1398 619 cito
1417 595 1610 630 exstinguitur;
1637 601 1705 628 sicut
1728 608 1753 629 et
1771 583 1834 632 rfons

1039 626 1089 676 nisi
1112 628 1210 683 fluenta
1235 642 1316 668 penes
1331 644 1360 665 se
1375 643 1528 673 perenniter
1549 645 1664 679 habent,
1683 652 1829 683 putrescit:

1053 671 1059 676 .
1376 671 1380 673 γ
1560 671 1563 672 ,
1586 671 1616 674 η
1637 671 1664 679 .,
1683 671 1828 683 ,,........ι...

1038 677 1076 698 suc
1090 678 1117 699 et
1139 675 1233 704 divites
1244 700 1251 711 ,
1267 680 1289 707 si
1303 683 1373 715 apud
1392 693 1421 712 se
1437 694 1500 721 opes
1521 697 1582 716 suas
1601 692 1746 722 detineant.
1770 696 1831 724 Ideo

1036 721 1172 748 connnnni
1205 731 1253 751 nsu
1276 726 1409 762 dicimus,
1434 732 1512 760 .‘llnlta
1538 738 1651 768 putredo
1674 739 1828 770 divitiarum

1036 764 1106 797 apud
1131 767 1209 822 talem
1231 769 1346 800 habetur
1363 783 1368 800 :
1386 783 1471 810 neque
1485 764 1614 816 diciinns,
1636 764 1824 822 Multa

1036 816 1146 844 magnus
1161 812 1311 843 thesaurus.
1329 818 1392 846 Natu
1416 824 1529 855 putredo
1554 831 1596 853 est
1620 837 1671 856 non
1688 812 1825 865 possideri:

1416 853 1422 855 Ἴ
1688 853 1825 865 ,.....υ...ι..-

1035 853 1098 882 ιίιιιιι
1111 858 1200 892 modo,
1216 861 1262 887 scd
1277 862 1391 896 ipsarutn
1406 867 1567 897 divitiarum.
1583 872 1744 904 Vestimenta
1756 880 1826 907 enim

1034 901 1169 956 pecondita
1193 912 1417 944 corrumpuntur,
1442 921 1535 942 aurum
1558 919 1675 953 arrugiue
1700 922 1824 956 roditur.

1033 943 1193 975 frumentum
1219 958 1234 978 a
1248 954 1382 983 vermibus
1403 958 1527 987 roditur:
1551 943 1637 990 aniniit
1662 974 1725 994 vero
1739 946 1824 1003 posst:

1033 989 1117 1003 .l..-.:-
1132 993 1173 1003 -ιη

1031 989 1118 1018 dentis
1132 993 1189 1027 plus
1204 1003 1282 1030 quam
1298 1004 1394 1028 cartera
1417 1005 1505 1032 omnia
1519 1008 1590 1036 curis
1611 1011 1714 1040 roditur
1734 989 1761 1042 ei
1775 1024 1823 1050 pn-

1032 1038 1120 1050 ΙνΛι-Λῖι
1151 1039 1177 1050 οἶ
1202 1049 1206 1050 ν
1222 1042 1249 1050 ν¹”
1345 1046 1351 1050 ³
1404 1049 1408 1050 7

1031 1038 1132 1064 trescit.
1151 1039 1178 1066 Si
1201 1042 1265 1069 velis
1279 1046 1352 1073 avari
1366 1049 1482 1077 animam
1503 1052 1529 1079 in
1548 1055 1665 1084 medium
1678 1038 1821 1094 adduee're,

1031 1082 1099 1110 Sicut
1113 1087 1301 1145 vcistimcntum
1322 1099 1336 1119 a
1352 1095 1424 1122 mille
1438 1097 1515 1126 tineis
1529 1107 1668 1131 corrosnm
1679 1126 1686 1138 ,
1702 1108 1822 1145 nihilque

1031 1135 1123 1145 annum
1153 1133 1245 1145 ._l.-__
1299 1138 1304 1143 ε
1335 1139 1340 1144 Ι
1416 1142 1421 1145 .
1477 1144 1480 1145 ν

1030 1135 1123 1182 sanum
1143 1132 1246 1163 habens
1259 1157 1266 1168 ,
1282 1138 1322 1166 sic
1334 1139 1453 1171 invenies
1466 1144 1538 1173 illam
1552 1155 1690 1179 corrosam
1705 1132 1821 1191 undique

1027 1176 1116 1232 curis,
1139 1182 1254 1213 peccatis
1270 1186 1420 1222 putridam,
1441 1195 1466 1218 et
1484 1194 1602 1227 :crugine
1625 1176 1818 1232 labefactatam).

1029 1222 1062 1249 At
1077 1227 1201 1280 paupe'ris
1221 1229 1308 1257 anima
1323 1240 1374 1260 non
1390 1235 1450 1263 talis
1463 1222 1556 1273 utique
1566 1246 1623 1275 est,
1639 1247 1762 1280 pauperis
1776 1223 1818 1275 in:

1027 1275 1105 1302 quam
1127 1271 1283 1308 voluntarii;
1299 1278 1345 1305 sed
1369 1279 1448 1315 fulget
1466 1288 1493 1310 ut
1509 1271 1609 1314 aurum
1622 1271 1768 1324 ,.splettdet
1790 1299 1818 1321 ut

1027 1317 1178 1352 margarita,
1194 1319 1271 1348 floret
1285 1327 1312 1350 ut
1325 1331 1395 1352 r05a.
1412 1327 1469 1355 Non
1485 1329 1520 1357 ibi
1535 1332 1615 1367 tinca,
1633 1317 1685 1363 non
1701 1335 1751 1370 fur,
1765 1346 1816 1367 non

1027 1368 1089 1388 cura
1105 1365 1258 1398 smcularis;
1275 1369 1322 1395 sed
1340 1376 1366 1397 ut
1381 1374 1467 1407 angeli
1483 1382 1684 1409 conversantur.
1701 1381 1745 1409 Vis
1757 1384 1816 1412 talis

1025 1407 1121 1435 anima:
1131 1411 1352 1444 pulchritudinem
1363 1418 1473 1447 videre?
1491 1421 1531 1449 vis
1539 1427 1700 1459 paupertatis
1711 1427 1816 1458 divitias

1024 1453 1163 1482 ediscere?
1175 1456 1277 1493 Pauper
1286 1469 1336 1488 non
1350 1462 1462 1498 imperat
1472 1453 1633 1503 hominibiis,
1643 1472 1690 1499 sed
1702 1473 1815 1509 imperat

1028 1499 1051 1509 ,.,
1131 1502 1146 1509 --
1296 1506 1302 1509 -

1024 1499 1198 1536 ᾱωιιιοιιίιιιιε;
1208 1512 1260 1532 non
1269 1506 1352 1534 adstat
1362 1511 1428 1544 regi,
1436 1512 1481 1539 sed
1488 1513 1574 1542 adstat
1581 1499 1646 1550 Deo;
1656 1526 1707 1546 non
1718 1499 1816 1556 ptignat

1023 1554 1083 1574 cum
1100 1548 1252 1579 hominibus
1264 1572 1272 1586 ,
1289 1554 1335 1581 sed
1350 1562 1410 1583 cum
1427 1559 1544 1594 angelis;
1561 1569 1613 1590 non
1631 1564 1710 1594 habet
1724 1548 1813 1596 arcam

1024 1600 1114 1626 unam,
1130 1595 1169 1622 vel
1185 1596 1261 1631 duas,
1276 1599 1320 1626 vel
1333 1604 1396 1635 tres,
1412 1604 1452 1631 vel
1468 1605 1569 1640 viginti,
1586 1609 1632 1636 sed
1647 1613 1746 1639 tantam
1768 1621 1814 1641 rc-

1024 1647 1081 1665 rom
1097 1641 1212 1674 copiam.
1236 1648 1264 1670 ιιι
1279 1647 1405 1675 tnundnm
1421 1654 1503 1678 totum
1517 1653 1583 1681 nihil
1597 1662 1657 1683 esse
1669 1658 1814 1688 existimet.

1021 1682 1079 1710 Non
1089 1685 1168 1713 habet
1176 1687 1397 1722 thesaurum,sed
1405 1693 1511 1726 catlum;
1521 1703 1573 1722 non
1581 1702 1640 1730 eget
1648 1699 1744 1733 servis;
1756 1701 1811 1729 imo

1017 1736 1110 1758 servos
1131 1731 1219 1766 habet,
1246 1734 1329 1762 animi
1347 1739 1472 1771 morbos;
1488 1739 1568 1767 habet
1581 1748 1675 1770 servos
1687 1763 1694 1775 ,
1714 1731 1810 1780 nempe

1018 1776 1152 1810 appetitus
1162 1779 1207 1813 qui
1221 1781 1329 1815 regibus
1342 1782 1485 1817 imperant.
1499 1785 1537 1812 llli
1549 1786 1621 1814 enirn
1635 1789 1758 1818 carnales
1770 1791 1808 1818 af-

1016 1820 1113 1855 fectus,
1128 1824 1174 1858 qui
1186 1826 1226 1852 vel
1238 1834 1358 1862 purpura
1370 1829 1540 1858 circumdato
1553 1831 1697 1867 imperant,
1708 1843 1807 1871 paupe-

1016 1875 1073 1895 rem
1087 1877 1257 1905 reverentur,
1270 1878 1296 1900 t’l.
1308 1880 1402 1902 contra
1416 1877 1551 1910 respicere
1562 1886 1615 1906 11011
1631 1881 1742 1909 audent.
1758 1882 1807 1910 Βρ-

1015 1922 1099 1949 gnum
1110 1920 1239 1945 etaurum
1249 1920 1395 1956 omniaque
1404 1922 1514 1956 similia,
1525 1930 1555 1951 ut
1566 1932 1712 1959 puerorum
1729 1928 1806 1956 ludos

1015 1960 1093 1994 ridet,
1103 1966 1130 1989 et
1140 1965 1377 1999 utrotulas,talos,
1391 1969 1620 2004 capita,sphteras
1633 1971 1682 2008 (a),
1697 1974 1733 2002 ita
1748 1975 1803 2003 luce

1013 2007 1103 2034 omnia
1118 2014 1192 2043 putat
1217 2018 1277 2038 csse
1295 2014 1460 2047 spcrnemla.
1473 2015 1559 2043 llabct
1575 2018 1646 2045 cnim
1663 2025 1802 2052 ornatum,

1012 2060 1094 2087 quem
1103 2062 1139 2082 ne
1150 2057 1287 2090 respicere
1297 2058 1407 2092 quidem
1421 2065 1536 2094 possunt
1547 2062 1576 2095 ii,
1589 2064 1636 2099 qui
1646 2064 1802 2100 hujusmodi

1013 2098 1084 2127 ludis
1093 2103 1200 2135 tempus
1210 2106 1309 2131 terunt.
1318 2103 1388 2137 Quid
1401 2105 1482 2140 igitur
1491 2107 1541 2134 hoc
1549 2098 1668 2144 paupere
1675 2098 1803 2145 praestau-

1013 2143 1067 2171 tius
1079 2144 1216 2173 fuerit?ls
1228 2148 1413 2182 pavimentum
1436 2151 1515 2179 habet
1533 2143 1640 2181 caelum.
1664 2143 1692 2182 Si
1709 2161 1800 2184 autem

1013 2189 1065 2217 tale
1077 2191 1263 2225 pavimentum
1276 2197 1329 2226 est,
1341 2195 1444 2230 cogites
1454 2196 1613 2232 velimquod
1625 2203 1725 2227 tectum
1737 2201 1799 2229 erit.

1012 2234 1063 2262 Sed
1077 2243 1130 2263 non
1143 2236 1225 2265 habet
1235 2245 1320 2272 equos
1331 2244 1358 2267 et
1369 2247 1468 2268 currus
1476 2241 1488 2267 ?
1496 2241 1566 2274 Quid
1579 2243 1632 2271 illis
1642 2252 1711 2278 opus
1721 2245 1801 2273 habet

1011 2281 1035 2308 is
1054 2282 1100 2316 qui
1121 2283 1241 2311 nubibus
1253 2285 1392 2314 vehendus
1404 2291 1456 2319 est,
1470 2293 1497 2315 et
1511 2295 1573 2316 cum
1586 2289 1695 2318 Christo
1712 2291 1801 2320 vivet?

1010 2323 1074 2353 Haec
1093 2327 1244 2361 cogitantes
1261 2333 1289 2356 et
1305 2330 1356 2357 viri
1379 2335 1406 2358 et
1420 2332 1548 2361 mulieres
1567 2333 1628 2362 illas
1643 2343 1799 2370 quaeramus

1011 2370 1122 2400 divitias
1137 2377 1162 2400 et
1178 2381 1269 2401 rerum
1286 2376 1394 2411 copiam
1410 2385 1463 2404 non
1483 2378 1691 2413 absumendam,
1707 2387 1736 2409 ut
1753 2391 1798 2410 re-

1010 2423 1092 2451 gnum
1108 2418 1236 2446 caelorum
1250 2427 1463 2456 consequamur,
1475 2424 1562 2458 gratia
1572 2430 1598 2452 et
1610 2425 1798 2456 misericordia

1012 2461 1117 2489 Domini
1136 2465 1222 2491 nostri
1236 2464 1300 2493 Jesu
1314 2465 1428 2500 Christi,
1444 2469 1488 2496 cui
1502 2469 1586 2504 gloria
1606 2476 1631 2498 et
1653 2471 1796 2506 imperiunt

1012 2507 1041 2534 in
1057 2510 1155 2537 smcula
1172 2511 1346 2540 saeculorum.
1362 2513 1458 2542 Amen.

1041 2599 1076 2630 (rt)
1090 2600 1170 2639 Verba
1184 2601 1320 2639 Grtecahis
1329 2605 1428 2639 vpcibus
1438 2608 1613 2639 respondentia
1625 2612 1690 2639 sunt,
1696 2611 1743 2639 ,καὶ
1753 2620 1798 2636 και-

1009 2630 1082 2671 θάπερ
1088 2633 1198 2671 ςτροχρίις.
1212 2637 1235 2671 et
1246 2637 1272 2658 αι
1284 2635 1393 2671 rutulus;
1405 2638 1445 2661 καὶ
1755 2630 1798 2667 ξιξὶ

1008 2663 1119 2700 ξιξφρξλὰς,
1130 2668 1153 2688 et
1163 2664 1259 2700 capita;
1270 2667 1310 2700 μαὶ
1324 2663 1432 2699 apati“.
1445 2663 1596 2700 atrati/uirus.
1611 2663 1798 2698 intractabilior;

1008 2691 1699 2738 res.sseae-saspasses?‘Iasiae:
1703 2691 1798 2738 εἶίὶῖιίιῖ

1007 2722 1179 2764 Ξιιξορὴηεὶο
1187 2722 1274 2764 't'este,
1287 2722 1331 2764 ptri
1343 2722 1434 2764 glande
1456 2722 1564 2764 ᾴρῖέτᾱέῖ
1570 2722 1798 2764 iidﬁi‘fdﬁ‘éi'EiE

1012 2730 1179 2778 tneolpnrasto
1198 2730 1274 2756 teste,
1287 2734 1331 2758 pro
1343 2730 1434 2759 glande
1456 2730 1700 2767 querna'_accipitur,
1713 2737 1740 2758 et
1760 2730 1796 2759 siti

1008 2752 1065 2778 huic
1084 2761 1128 2780 oco
1141 2756 1219 2787 probe
1231 2761 1368 2784 notaretur.
1380 2759 1427 2786 (Zfr.
1441 2761 1528 2786 Adnot.
1538 2762 1618 2793 Field,
1631 2763 1660 2788 ad
1672 2771 1726 2795 pag.
1741 2764 1796 2789 492.

1628 2914 1648 2944 Ξ
