2068 3132
646 139 673 166 S.
690 138 827 165 .10.“le
847 136 1084 165 (IllllYSOS'I’Ulll
1105 136 1265 164 :\llGlIlEI'.
1285 137 1552 165 CUNS'I‘ANTINUP.

282 202 321 208 ,.-
329 196 1902 206 ..____—-————————-———————-—————————-——_.__._.

801 229 972 260 HOMILIA
996 229 1140 259 XLVIII.
1169 229 1214 259 al.
1239 229 1354 259 XLIX.

259 305 321 332 l‘ar.
345 305 388 332 l5.
412 312 436 330 ν.
461 304 504 331 55.
529 303 561 330 Et
582 305 676 339 factum
697 308 743 334 est,
775 309 830 327 rum
859 304 1053 327 ronstmnnassct

397 350 471 377 Iesus
486 349 619 382 parabolas
633 349 704 380 istas,
720 347 834 374 lrunsit'it
846 347 914 372 inde.

298 397 322 423 l.
337 395 391 424 Cur
402 396 478 428 dixit,
496 394 583 422 Istat?
596 394 661 428 Quia
672 393 739 420 alias
753 392 872 419 dicturus
885 395 950 419 erat.
967 390 1054 425 Quare

258 443 319 469 inde
336 441 467 470 recessit?
491 441 526 468 llt
545 441 656 467 verbunt
674 439 772 474 ubique
786 437 982 465 disseminaret.
1005 437 1049 464 51.

259 489 289 515 Ι·ῗι
306 497 363 516 cum
377 487 482 515 emisset
496 488 522 513 in
536 486 644 520 patriam
658 493 741 517 suam,
758 484 860 510 docebat
874 491 914 510 eos
936 484 960 509 in
974 491 1051 517 synn-

257 543 322 570 goga
337 543 432 561 eorum.
447 533 531 565 Quam
546 536 622 558 vocat
638 531 748 565 patriam
761 529 858 556 suam?
877 529 989 556 Nazaret
999 549 1006 559 ,
1024 533 1051 554 ιιι

258 581 322 607 lllIIlI
338 579 444 614 quidem
457 577 571 605 videtur.
590 575 649 602 Non
664 574 734 603 enim
747 575 782 601 ibi
795 575 855 609 [erit
868 575 970 600 virtutes
985 574 1052 599 tun!-

258 632 296 652 tas
311 625 416 661 (Matth.
434 624 475 651 15.
489 623 543 658 58),
559 622 612 653 ait;
636 622 661 648 in
675 621 839 655 Caperuaum
855 624 942 646 autem
964 619 1048 645 multa

258 673 318 699 fecit
338 671 429 705 signa;
452 673 615 704 quapropter
632 667 757 695 dicebat:
772 665 807 693 Et
829 671 855 692 tu
870 664 1029 700 Capernaum
1041 685 1050 696 ,

257 725 313 753 qtae
326 724 405 751 usque
423 715 457 742 ad
473 714 564 742 uelum
585 713 696 740 multata
716 721 742 739 es
754 733 760 744 ,
777 719 855 747 usque
877 712 910 738 ad
924 712 1052 745 infernum

257 763 410 790 destendcs:
425 762 541 793 quoniam
557 761 578 787 si
595 761 621 786 in
637 759 756 787 Sodomis
767 760 840 793 facta
853 757 956 793 fuissent
970 757 1050 783 virtu-

258 817 302 843 tes,
316 818 372 844 quw
386 809 461 844 {actm
474 813 531 835 suttt
547 807 574 834 in
590 812 612 834 te
623 828 630 838 ,
646 805 794 832 mansissent
807 804 892 840 utique
905 811 983 837 usque
1003 802 1049 828 Ito-

257 857 297 883 die
312 855 417 890 (tllattlt.
437 855 479 881 ll.
493 854 538 889 ‘23)
567 853 634 880 Cum
658 859 738 887 porro
753 850 869 877 venisset
885 850 962 880 istuc,
975 849 1050 883 signa

257 903 361 938 quidem
379 901 460 929 multa
475 908 527 927 non
540 900 612 931 l'ccit,
624 907 656 926 ne
671 898 696 925 ill
710 897 838 932 majorem
852 896 912 923 illos
925 895 1049 923 invidiam

258 950 444 980 iullanuuarct,
461 955 528 974 neve
542 946 577 973 ob
587 945 716 980 majorem
728 942 939 971 incredulitatem
951 942 978 968 iit
990 949 1051 976 gra-

257 997 357 1023 viorem
379 993 579 1022 damnationem
602 991 760 1019 inciderent.
788 989 940 1017 Doctrinam
960 993 1049 1015 autem

257 1042 381 1078 proponit
395 1048 448 1068 non
467 1039 578 1067 minoris
600 1045 679 1073 quam
701 1037 775 1072 signa
799 1034 994 1062 admirationis.
1015 1033 1050 1060 At.

255 1087 405 1116 stultissimi
431 1086 552 1113 homines
563 1106 571 1118 ,
587 1083 694 1119 quando
709 1082 835 1109 admirari
849 1102 856 1114 ,
877 1085 904 1108 ct
918 1081 952 1108 ob
965 1080 1050 1107 dicto-

257 1142 315 1161 tum
338 1134 389 1160 vim
410 1132 599 1165 obstupescere
615 1137 662 1164 par
675 1128 766 1155 luisset
780 1148 787 1160 ,
803 1127 838 1154 illi
854 1132 945 1154 contra
962 1126 1048 1161 ipsum

256 1179 440 1214 parvil'aciuut,
465 1177 535 1213 qttod
551 1176 593 1204 tali
607 1180 680 1211 patre
695 1179 772 1202 natus
786 1178 923 1209 putaretur
935 1182 942 1200 ε
955 1180 1047 1208 quant-

255 1233 333 1261 quam
349 1225 428 1252 tuttlla
442 1222 623 1258 superioribus
638 1220 802 1256 temporibus
815 1219 936 1253 exempla
950 1226 1048 1253 suppe-

255 1277 342 1300 tereut
357 1278 448 1299 eorum
464 1270 508 1306 qui
525 1269 632 1305 ignobili
656 1273 730 1303 patre
744 1268 796 1294 uati
819 1267 981 1294 duruerant.
999 1265 1048 1292 Da-

255 1319 298 1346 vid
314 1319 410 1354 quippe
423 1317 507 1346 Jessa',
520 1316 579 1344 vilis
593 1315 731 1351 cujusdam
747 1314 871 1350 agricola!
883 1313 953 1340 illius
967 1317 1023 1340 erat
1039 1321 1045 1338 :

253 1371 280 1393 et
305 1367 387 1393 Amos
411 1364 526 1400 s-aprarii
557 1363 644 1395 ﬁlius,
674 1362 730 1397 ipse
760 1368 865 1397 quoque
888 1360 1045 1395 caprarius:

254 1412 357 1448 Moysi-5
373 1419 435 1438 vero
453 1410 595 1445 Iegislator,
610 1409 688 1444 longe
698 1416 728 1435 se
741 1407 868 1434 iul'eriore
880 1411 954 1442 patre
969 1411 1046 1433 natus

253 1462 304 1484 est.
320 1458 386 1484 Cum
401 1456 565 1491 oportuisset
585 1462 649 1489 ergo
670 1453 729 1481 ideo
745 1453 860 1480 maxime
874 1452 994 1479 venerari
1016 1451 1047 1478 il-

254 1505 306 1530 lum
322 1508 348 1530 et
359 1503 569 1537 obstupescere,
585 1500 655 1536 quod
671 1508 702 1526 ex
718 1499 815 1526 talibus
830 1503 905 1525 ortus
924 1497 984 1524 talia
1008 1497 1046 1523 lo~

253 1555 379 1587 queretur
394 1557 399 1574 :
417 1548 585 1575 manifestum
599 1546 696 1582 quippe
709 1550 765 1572 erat
780 1545 804 1571 id
818 1553 869 1571 non
883 1552 914 1571 ex
930 1544 1045 1571 lmtnauo

253 1597 359 1628 studio,
385 1594 430 1622 Sed
454 1602 486 1621 ex
502 1593 591 1621 divina
612 1593 695 1628 gratia
719 1591 865 1626 proﬁcisci;
889 1591 949 1617 inde
972 1590 1044 1617 illuni

253 1642 412 1678 ili-spit‘ittltl,
429 1640 498 1668 unde
512 1639 602 1667 mirari
616 1638 765 1674 oportebat.
782 1637 946 1672 Frequenter
956 1642 1045 1663 autem

253 1689 283 1715 :ul
299 1693 446 1724 δίκης-επις
462 1685 525 1716 ibat,
543 1692 575 1712 tte
586 1685 607 1711 si
623 1688 751 1719 perpetuo
766 1683 791 1710 iu
805 1682 912 1710 deserto
922 1689 1046 1710 τογετηε-

254 1740 305 1766 tur,
323 1733 406 1768 magis
424 1732 594 1763 incusarent,
618 1735 751 1766 tamquam
769 1729 924 1764 ll‘CtIllcnllil‘.
939 1733 964 1755 et
979 1729 1043 1756 civi-

253 1781 313 1808 tatis
327 1780 516 1807 adversarium.
531 1777 676 1813 Stupcnles
692 1777 771 1812 igitur
784 1780 811 1803 et
825 1776 988 1809 ambigentes
1001 1775 1044 1801 di—

253 1829 347 1854 ιιιτὺειιιι
366 1836 373 1854 :
399 1825 472 1855 Unde
487 1825 544 1852 huic
565 1824 689 1859 sapientia
714 1824 766 1850 lucc
780 1828 802 1849 et
824 1823 947 1849 virtutes?
965 1821 1044 1856 Signa

253 1875 364 1902 \irtutes
387 1871 532 1904 vocabant,
555 1871 611 1898 sive
626 1870 709 1904 ipsam
733 1868 889 1903 sapientiam
914 1867 982 1903 ejus.
999 1868 1043 1895 55.

254 1920 345 1948 Nonne
360 1919 399 1946 hic
412 1923 447 1946 est
457 1917 522 1953 [uitri
536 1915 623 1951 ﬁlius?
638 1916 708 1951 Ergo
722 1914 876 1941 miraculum
892 1914 976 1948 majus
990 1922 1046 1940 tua-

254 1967 345 2001 jorqne
367 1969 469 2000 stupor.
492 1962 585 1990 Nonne
603 1967 682 1988 mater
703 1962 758 1997 ejus
780 1961 871 1986 dicitur
895 1959 1001 1986 Maria?
1022 1964 1045 1986 et

254 2015 344 2047 fratres
358 2011 414 2046 ejus
425 2009 536 2037 Iacobus
550 2014 574 2035 et
587 2007 660 2034 loses
673 2029 679 2039 ,
701 2012 723 2034 et
738 2007 826 2034 Simon
840 2011 863 2034 et
877 2006 959 2032 ludas
971 2008 982 2035 ?
998 2006 1042 2033 56.

254 2063 275 2084 rt
289 2065 386 2084 sorores
401 2057 455 2091 ejns
471 2063 553 2082 nonne
568 2062 652 2081 onntes
665 2053 734 2087 apud
749 2053 794 2079 tios
807 2052 886 2079 sunt?
900 2050 973 2079 Unde
987 2060 1044 2087 ergo

255 2105 312 2132 linit:
326 2103 410 2130 omnia
423 2103 490 2129 ista?
503 2102 547 2129 57.
563 2100 595 2127 Et
611 2099 847 2126 scandalizabnntur
856 2099 884 2125 in
898 2107 936 2126 eo.

291 2149 396 2177 Invidia
410 2156 478 2184 sape
487 2147 640 2181 senttn‘ipsa
651 2150 756 2181 pugnat.
767 2160 803 2165 —
815 2145 906 2172 Videu‘
924 2145 948 2171 iu
961 2143 1044 2172 Nata»

256 2202 296 2226 ret
309 2197 358 2224 ista
372 2195 441 2223 dicta
456 2193 558 2221 fuisse?
573 2193 666 2220 Nonne
682 2192 778 2219 fratres
790 2190 858 2226 ejus,
876 2190 970 2225 inquit,
987 2190 1044 2216 talis

253 2249 280 2272 et
292 2243 351 2270 talis
363 2241 446 2270 sunt?
462 2240 495 2268 Et
509 2239 570 2275 quid
587 2239 655 2266 hoc?
671 2239 736 2266 llinc
751 2238 865 2265 maxime
880 2237 955 2264 vobis
969 2236 1001 2263 ad
1013 2237 1044 2263 li—

255 2290 314 2318 tlcm
330 2288 416 2316 induci
432 2294 479 2322 par
499 2290 566 2313 erat.
584 2284 681 2312 Verum
697 2284 766 2312 mala
787 2291 831 2311 res
844 2283 942 2310 invidia
954 2303 961 2314 ,
986 2290 1044 2318 qua:

255 2335 304 2362 sibi
318 2334 368 2370 ipsi
381 2340 454 2368 stepe
469 2335 607 2366 repugnat.
623 2330 688 2358 Nam
701 2338 760 2365 qua:
776 2329 904 2360 inaudita,
919 2334 945 2355 ct
959 2328 1044 2354 admi-

255 2382 336 2409 randa
349 2384 426 2409 erant
439 2400 446 2410 .
467 2385 580 2414 qua:un
596 2377 655 2405 illos
677 2375 811 2403 attrahere
825 2379 943 2410 poterant
958 2395 965 2408 ,
989 2374 1046 2401 luce

256 2429 307 2457 illis
329 2426 489 2455 oﬂ'eudiculo
503 2429 589 2452 erant.
605 2423 673 2458 Quid
696 2423 774 2458 igitur
786 2422 909 2450 Christus
928 2422 960 2448 ad
976 2422 1046 2449 eos?

258 2474 316 2501 Non
331 2478 366 2500 est
379 2471 519 2508 prop/leta,
537 2470 640 2505 inquit,
657 2469 711 2495 sine
725 2468 820 2495 hortare
831 2489 837 2499 ,
853 2468 901 2494 nisi
922 2467 947 2494 in
961 2468 1045 2502 patria

257 2528 318 2552 sna,
335 2524 357 2546 et
376 2519 402 2545 in
421 2518 497 2545 domo
511 2526 567 2544 sua.
582 2516 625 2544 58.
651 2515 682 2541 Et
697 2523 745 2541 non
761 2515 817 2550 fecit
833 2514 934 2541 virtutes
953 2513 1047 2541 multas

257 2571 358 2600 proyter
381 2563 582 2591 incredulitatem
604 2570 698 2589 eorum.
722 2560 807 2588 Lucas
828 2565 915 2588 autem
933 2560 970 2587 ait
991 2568 997 2587 :
1016 2559 1048 2587 Et

258 2620 307 2638 non
320 2611 378 2646 fecit
400 2610 433 2638 ibi
446 2610 518 2646 signa
532 2609 620 2635 multa.
639 2607 717 2642 Atqui
733 2607 820 2634 facere
833 2606 985 2639 debuisset,
1007 2607 1047 2634 iu-

257 2658 343 2693 quies.
356 2656 422 2684 Nam
436 2656 457 2683 si
472 2655 497 2682 id
512 2658 671 2689 assequutus
686 2659 726 2680 est
741 2657 768 2680 ut
781 2652 951 2680 admirationi
964 2657 1046 2683 eSset,

258 2709 286 2730 ut
301 2710 363 2730 vere
377 2701 424 2729 fuit
437 2722 445 2735 ,
460 2709 506 2728 cur
520 2701 594 2736 signa
615 2707 667 2726 non
683 2698 762 2726 fecit?
775 2698 841 2732 Quia
862 2705 913 2726 non
929 2703 1047 2725 ostenta-

258 2751 367 2780 tionem,
383 2747 430 2775 sed
443 2755 536 2775 eorum
551 2746 689 2773 utilitatem
705 2745 731 2772 in
745 2752 827 2780 scopo
844 2744 969 2772 habebat.
981 2744 1047 2771 Cum

259 2797 337 2832 Igittti‘
351 2795 407 2821 tunc
422 2793 461 2820 via
476 2801 528 2820 non
549 2791 706 2820 succederet
716 2812 723 2823 ,
745 2792 779 2819 ab
793 2799 826 2819 eo
839 2791 909 2826 quod
924 2799 940 2818 e
953 2799 981 2818 re
1001 2798 1047 2818 sua

257 2847 317 2867 esse
332 2839 469 2865 videbatur
484 2838 620 2870 abstinuit,
632 2845 665 2865 ne
679 2837 743 2872 ipsis
756 2837 914 2872 supplicium
928 2843 1045 2872 augeret.

260 2887 423 2919 Quamquam
439 2888 497 2912 post
515 2887 614 2925 tantum
632 2888 735 2919 tempus
746 2904 752 2915 ,
768 2888 825 2918 post
841 2887 878 2910 tot
892 2883 961 2910 edita
976 2883 1048 2918 signa

1109 299 1141 326 ad
1156 299 1215 327 illos
1229 301 1331 328 venerit
1348 309 1354 327 :
1369 305 1397 327 at
1409 309 1496 336 neque
1511 302 1549 329 sic
1561 295 1634 329 illum
1649 304 1775 336 tulerunt,
1792 304 1845 331 imo
1860 312 1904 331 ar-

1109 346 1208 372 debant
1235 346 1342 373 invidia.
1364 346 1418 374 Cur
1438 354 1501 382 ergo
1519 355 1600 382 pauca
1623 354 1710 376 tamen
1732 349 1903 385 fecitsigua?

1108 391 1146 418 Ne
1161 391 1289 425 diecreul,
1307 392 1411 425 illi-dice,
1427 401 1489 420 cura
1501 399 1525 420 te
1536 394 1618 428 ipsum
1632 394 1706 429 (Luc.
1719 395 1745 422 ι.
1761 395 1806 430 23)
1819 404 1826 428 ;
1845 396 1899 427 vel,

1108 437 1231 464 Inimicus
1245 444 1337 465 noster
1358 444 1397 466 est
1411 444 1438 466 et
1453 439 1537 467 hostis
1548 460 1555 472 ,
1571 440 1718 475 al‘liuestpte
1734 450 1796 469 suos
1810 442 1900 476 despi-

1106 483 1158 515 cit;
1176 492 1208 511 ue
1222 484 1353 515 dicerent,
1367 485 1394 511 Si
1418 485 1484 512 facta
1501 485 1612 513 fuissent
1624 486 1697 521 signa
1709 508 1716 519 ,
1736 495 1785 515 nos
1794 496 1900 522 quoque

1106 529 1322 557 credidisscnms.
1337 530 1397 558 ideo
1413 535 1437 558 et
1451 531 1525 566 signa
1540 531 1601 559 l'ccit
1612 553 1619 564 ,
1639 537 1665 559 et
1682 534 1736 560 cito
1750 532 1836 560 facere
1850 533 1899 560 dc-

1104 574 1156 605 siit;
1172 579 1225 601 tum
1241 580 1268 602 ttt
1282 584 1341 610 qua:
1356 584 1401 603 sua
1413 583 1489 604 erant
1503 577 1640 611 impleret;
1654 583 1708 605 tum
1720 587 1753 607 ne
1767 580 1896 614 majoretn

1105 621 1168 654 ipsis
1194 621 1390 649 damnationem
1413 623 1569 651 attraherct.
1592 624 1726 652 Dictorum
1750 633 1829 660 porro
1844 627 1897 653 vim

1108 667 1205 701 cogita.
1224 667 1310 695 Etiam
1331 669 1427 696 invidia
1448 671 1580 704 correpti,
1601 671 1766 700 ntirabautur
1787 677 1896 699 L‘IlnCll:

1105 719 1196 740 verum
1215 715 1283 740 sicut
1298 714 1323 741 iu
1338 715 1464 750 operibus
1477 724 1529 743 non
1546 724 1588 743 res
1604 718 1673 752 ipszns
1689 718 1896 751 reprehendunt,

1105 759 1151 785 sed
1175 767 1271 786 causas
1291 761 1530 789 comminiscuntur
1551 762 1687 795 dicentes,
1711 762 1744 790 In
1759 763 1897 791 Beelzebub

1105 805 1172 840 ejicit
1196 806 1321 834 dtemonia
1346 807 1420 844 (Luc.
1444 809 1487 836 11.
1517 809 1559 843 lt)
1575 818 1581 836 :
1598 811 1636 837 sic
1657 811 1749 838 ethoc
1769 811 1828 838 loco
1843 819 1895 839 nou

1105 851 1252 890 doctrinam
1263 853 1380 888 culpant,
1396 853 1443 882 sed
1457 854 1489 881 ad
1507 855 1613 890 generis
1629 856 1819 891 ignobilitatem
1830 865 1896 885 con-

1105 897 1219 932 fugiunt.
1238 899 1277 926 Tu
1293 907 1356 927 vero
1372 900 1434 927 mihi
1451 902 1584 936 perpende
1601 903 1720 930 Doctoris
1734 904 1892 932 moderatio-

1105 952 1177 976 nem,
1193 945 1327 980 quomodo
1341 954 1393 973 non
1410 947 1470 974 illos
1482 948 1623 982 vituperet,
1636 948 1684 975 sed
1699 957 1758 976 cum
1772 957 1895 977 mansue-

1105 990 1196 1018 tudine
1209 991 1289 1018 mnlta
1301 991 1371 1018 dicat
1385 1001 1390 1018 :
1408 992 1466 1019 Non
1479 999 1514 1019 est
1530 994 1652 1028 propheta
1664 995 1718 1022 sine
1729 995 1831 1026 Itauore,
1846 997 1895 1022 nisi

1103 1036 1129 1063 in
1150 1037 1232 1071 patria
1251 1045 1307 1064 sua.
1331 1037 1422 1073 Neque
1442 1038 1484 1066 bic
1505 1041 1587 1072 stetit,
1604 1040 1650 1067 sed
1675 1041 1789 1076 adjecit,
1814 1041 1846 1068 Et
1869 1043 1895 1069 in

1103 1081 1178 1109 domo
1192 1090 1256 1115 sua;
1271 1083 1375 1116 fratres,
1390 1089 1417 1111 ut
1429 1085 1491 1112 utibi
1506 1086 1612 1120 quidem
1628 1087 1740 1120 videtur,
1756 1095 1818 1115 suos
1832 1089 1895 1116 sub-

1103 1128 1231 1158 indicans.

1137 1174 1164 1201 9..
1188 1175 1262 1210 Apud
1280 1176 1377 1204 Lucam
1391 1178 1514 1214 exetnpla
1539 1179 1649 1213 hujusce
1669 1181 1706 1207 rei
1723 1183 1831 1215 apponit
1853 1183 1893 1208 di-

1102 1228 1185 1248 cens:
1201 1221 1292 1257 Neque
1312 1223 1400 1251 Helias
1423 1224 1456 1251 ad
1478 1233 1540 1252 suos
1567 1227 1654 1259 venit,
1671 1227 1717 1254 sed
1740 1227 1772 1254 :ul
1789 1228 1893 1254 viduam

1102 1268 1289 1303 alienigenam,
1307 1278 1392 1305 neque
1405 1271 1438 1298 ab
1459 1271 1555 1298 Elisch
1570 1273 1636 1300 alitis
1648 1278 1756 1300 curatus
1772 1274 1892 1308 leprosm

1101 1318 1152 1347 est,
1169 1315 1218 1341 llI:I
1237 1314 1352 1342 Ncciuau
1365 1316 1512 1352 alienigena
1529 1317 1602 1353 (Luc.
1619 1319 1646 1345 4.
1659 1319 1704 1346 26,
1725 1319 1791 1354 2ηε
1811 1320 1893 1347 Israe-

1102 1360 1152 1387 |it.e
1164 1369 1227 1388 vero
1242 1369 1290 1388 nec
1302 1362 1365 1396 quid
1381 1362 1442 1389 boui
1456 1368 1626 1398 acceperunt,
1644 1372 1692 1392 nec
1704 1365 1765 1399 quid
1781 1365 1841 1393 boui
1855 1366 1893 1392 le-

1100 1411 1204 1438 cerunt.
1226 1407 1272 1434 sed
1291 1409 1410 1436 extranei
1437 1413 1549 1437 tantum.
1573 1410 1635 1438 Hmc
1658 1418 1737 1445 porro
1751 1411 1825 1444 dicit,
1842 1412 1888 1438 im-

1101 1453 1210 1487 probam
1236 1453 1340 1480 illorum
1356 1455 1577 1482 consuetudinem
1593 1457 1672 1491 plane
1685 1457 1829 1485 ostendens
1842 1479 1848 1491 ,
1865 1463 1892 1485 et

1100 1498 1167 1526 nihil
1190 1506 1219 1525 se
1240 1499 1302 1526 novi
1325 1500 1439 1534 experiri
1455 1500 1604 1528 declamas.
1628 1501 1704 1537 (Cap.
1732 1503 1794 1538 14.)
1815 1503 1839 1530 1.
1858 1503 1890 1530 In

1099 1543 1145 1570 illo
1165 1545 1386 1579 tcuqmre‘audivit
1411 1545 1524 1573 Herodes
1546 1547 1672 1574 tetrarclm
1692 1549 1787 1584 famam
1815 1548 1890 1576 Iesu.

1099 1589 1218 1617 Mortuus
1237 1590 1308 1617 enim
1324 1597 1381 1617 erat
1401 1591 1479 1626 hujus
1494 1596 1568 1626 pater
1582 1593 1699 1620 llerodes
1712 1615 1718 1626 ,
1734 1594 1777 1628 qui
1795 1602 1892 1628 pueros

1099 1635 1242 1663 occiderat.
1258 1636 1310 1663 Nec
1333 1637 1390 1663 siue
1411 1645 1490 1664 causa
1514 1642 1617 1673 tempus
1641 1643 1751 1666 auuolat
1774 1647 1890 1674 evange-

1099 1683 1158 1710 lista
1170 1703 1178 1717 ,
1193 1683 1239 1710 sed
1257 1689 1284 1710 ut.
1296 1684 1402 1719 tyranni
1419 1683 1516 1712 fastum
1532 1689 1559 1712 et
1574 1686 1760 1721 negligentiam
1775 1687 1889 1713 edisras.

1098 1729 1189 1765 Neque
1202 1731 1272 1757 enim
1287 1731 1361 1758 initio
1383 1731 1424 1758 illa
1440 1731 1529 1758 didicit
1543 1753 1551 1765 ,
1566 1733 1612 1759 sed
1627 1737 1685 1766 post
1698 1733 1808 1760 tttulttun
1825 1738 1892 1760 tent-

1099 1776 1181 1811 poris.
1203 1776 1247 1804 Sic
1259 1777 1328 1803 cuint
1346 1778 1478 1812 principes
1500 1778 1596 1805 fastum
1610 1779 1720 1805 tunltntu
1740 1787 1793 1814 pra:
1807 1788 1837 1806 se
1851 1779 1891 1806 l'e-

1098 1827 1204 1855 rentes,
1230 1830 1273 1849 rcs
1298 1822 1451 1857 hujusmodi
1477 1824 1578 1851 tardius
1597 1824 1732 1855 ediscunt,
1758 1825 1818 1859 quia
1835 1825 1892 1852 [me

1097 1869 1171 1903 parii
1186 1867 1295 1897 faciunt.
1316 1869 1356 1896 Tu
1372 1877 1434 1895 vero
1449 1869 1512 1896 tuihi
1529 1870 1664 1904 perpende
1684 1875 1781 1905 quanta
1802 1878 1844 1898 res
1857 1871 1892 1898 sit.

1098 1914 1196 1945 virtus;
1213 1923 1272 1942 nam
1296 1915 1339 1942 ille
1355 1920 1488 1942 mortuum
1520 1916 1628 1943 tituebat
1640 1937 1647 1949 ,
1663 1916 1775 1951 hincque
1788 1916 1821 1944 de
1834 1918 1892 1951 ejus

1099 1961 1293 1988 resurrectione
1307 1961 1556 1996 philosopltabatur.
1570 1962 1597 1989 2.
1613 1961 1684 1989 Dixit
1697 1963 1780 1996 enim,
1796 1964 1889 1997 inquit,

1098 2007 1182 2040 pueris
1195 2007 1248 2033 suis
1261 2014 1271 2034 :
1286 2005 1336 2033 llic
1349 2012 1384 2033 est
1405 2005 1536 2040 Joannes,
1554 2015 1626 2042 quem
1643 2015 1685 2042 ego
1707 2008 1836 2042 interfeci;
1850 2009 1891 2035 ln‘c

1097 2053 1233 2079 resurrexit
1246 2061 1261 2079 a
1282 2053 1407 2091 mortuis;
1431 2057 1454 2080 et
1469 2053 1525 2080 ideo
1539 2053 1641 2080 uirtutes
1653 2059 1790 2088 operantur
1808 2055 1834 2080 in
1849 2063 1889 2081 ea.

1100 2097 1191 2124 Υἱός-ιι*
1203 2097 1330 2132 grandem
1353 2098 1495 2125 tiumrem?
1510 2098 1600 2133 Neque
1615 2099 1685 2126 enim
1703 2099 1728 2126 id
1744 2100 1770 2126 in
1785 2100 1890 2134 publica

1097 2143 1186 2170 dicere
1200 2151 1280 2170 ausus
1299 2148 1339 2170 est
1352 2164 1359 2177 ,
1379 2143 1425 2171 sed
1439 2143 1593 2172 domesticis
1608 2149 1710 2171 tantum
1725 2145 1780 2173 suis
1799 2146 1838 2172 sic
1852 2147 1891 2172 lo-

1097 2190 1237 2224 quebatur.
1254 2191 1378 2217 Attamen
1403 2190 1458 2217 lucc
1471 2191 1585 2218 absurda
1603 2191 1694 2226 opinio
1716 2192 1827 2219 militem
1845 2200 1890 2219 sa-

1098 2236 1195 2271 piebat.
1211 2236 1286 2263 Multi
1306 2236 1377 2264 enim
1393 2241 1567 2264 surrexerunt
1580 2245 1593 2263 a
1609 2238 1722 2265 mortuis
1735 2258 1742 2270 ,
1763 2243 1789 2265 et
1811 2245 1891 2265 nemo

1097 2290 1131 2309 ex
1153 2282 1192 2309 eis
1214 2282 1277 2316 quid
1290 2290 1358 2315 piam
1382 2282 1533 2317 hujusmodi
1555 2281 1628 2310 fecit.
1661 2283 1789 2310 Videntur
1811 2291 1891 2317 porro

1098 2328 1160 2355 mihi
1174 2327 1232 2355 ha-c
1241 2329 1320 2355 verba
1333 2328 1504 2355 ambitionem
1515 2328 1594 2356 simul
1609 2333 1635 2355 et
1647 2329 1769 2356 timorem
1784 2337 1888 2363 Sapere.

1098 2373 1141 2402 Sic
1154 2375 1251 2410 quippe
1263 2375 1349 2401 minus
1362 2375 1417 2401 sani
1432 2374 1524 2406 animi,
1539 2375 1734 2402 centrali-rrum
1749 2375 1890 2402 all'cctuutn

1098 2428 1169 2456 saepe
1184 2421 1338 2448 mixtionem
1353 2421 1505 2448 admittunt.
1519 2421 1605 2448 Lucas
1616 2430 1679 2449 vero
1692 2429 1781 2449 narrat
1792 2421 1891 2449 dixisse

1099 2467 1225 2503 populum
1239 2476 1245 2494 :
1262 2467 1310 2495 llic
1322 2471 1362 2495 est
1377 2467 1448 2494 Elias
1460 2489 1467 2500 ,
1488 2472 1535 2494 aut
1547 2466 1676 2495 Jcretnias
1687 2489 1693 2501 ,
1709 2473 1754 2495 aut
1768 2475 1837 2495 unus
1857 2476 1890 2494 ex

1100 2513 1234 2542 veteribus
1248 2513 1384 2549 prophetis
1399 2512 1481 2548 (Luc.
1495 2512 1521 2540 9.
1538 2513 1591 2549 8);
1612 2513 1656 2541 hic
1668 2521 1733 2541 vero
1746 2513 1892 2548 sapientius

1101 2564 1181 2592 quam
1209 2558 1254 2584 alii
1271 2566 1299 2585 se
1316 2559 1426 2592 putabat
1443 2560 1480 2587 ita
1496 2560 1596 2588 dicere.
1627 2560 1782 2588 Verisimile
1795 2567 1886 2589 autent

1103 2607 1143 2630 est
1173 2603 1249 2630 illum
1275 2603 1354 2630 initio
1373 2604 1494 2638 quidem,
1511 2613 1573 2633 cum
1590 2605 1712 2633 dicerent
1727 2614 1792 2634 esse
1805 2605 1889 2633 Joan-

1102 2650 1245 2685 nem(natu
1275 2650 1349 2677 multi
1368 2650 1406 2677 sic
1428 2651 1574 2687 dicebant),
1596 2651 1620 2678 id
1637 2659 1760 2686 negasse,
1780 2658 1817 2685 et,
1834 2651 1890 2687 Ego

1102 2695 1177 2722 illum
1211 2696 1316 2729 occidi,
1350 2696 1472 2729 dixisse,
1507 2698 1540 2724 de
1563 2698 1636 2725 caede
1663 2698 1707 2725 illa
1740 2699 1890 2726 insolenter

1100 2742 1271 2776 gloriantem.
1291 2741 1348 2769 Iloc
1376 2743 1448 2769 enim
1462 2742 1571 2771 Marcus
1582 2748 1610 2770 et
1637 2743 1726 2771 Lucas
1743 2744 1889 2772 dixisseil-

1100 2788 1154 2814 ltun
1180 2792 1310 2820 narrant,
1328 2787 1385 2824 Ego
1408 2787 1538 2816 Joannem
1554 2790 1691 2816 decollari.
1713 2791 1781 2817 tium
1798 2796 1888 2818 autem

1102 2836 1171 2860 lauta
1195 2833 1364 2868 praevaleret,
1386 2835 1495 2862 demum
1528 2836 1585 2870 ipse
1616 2836 1686 2863 idem
1709 2837 1796 2871 ipsum
1815 2837 1886 2871 quod

1101 2879 1146 2906 alii
1158 2878 1237 2906 dixit.
1249 2878 1349 2906 Deinde
1366 2888 1430 2908 vero
1441 2880 1582 2908 historiam
1598 2881 1670 2908 illam
1686 2882 1764 2909 nobis
1773 2890 1887 2916 cvange-
