2068 3132
264 161 315 188 589

264 221 322 248 lisla
337 224 438 248 narrat.
454 220 488 248 Et
501 228 548 248 cur
560 228 611 248 non
624 220 693 247 illam
706 220 888 255 pnrmiserat'.l
904 220 970 253 Quia
986 219 1057 247 ineo

264 271 335 293 totus
348 271 417 299 eral,
430 271 458 293 ut
472 265 569 294 Christi
585 272 658 301 geSIa
672 266 836 293 describeret
849 286 856 298 ,
879 266 998 300 nihilque
1011 273 1053 292 er

263 315 303 338 tra
318 319 374 339 rem
388 312 559 347 evangelista:
574 311 700 339 dicebant
713 332 721 344 ,
741 311 792 338 nisi
818 311 843 338 id
859 312 892 338 ad
907 311 1055 338 institutum

261 364 339 384 suum
354 357 510 386 referretur.
522 357 579 384 Non
590 365 654 392 ergo
665 357 733 384 hanc
744 357 881 384 historiam
895 365 1058 384 commemo-

263 408 386 437 rasscnt,
403 404 454 432 nisi
469 409 579 439 propter
591 404 725 431 CIII‘IsIlIllI
738 424 745 436 ,
768 408 796 430 et
809 403 858 430 uisi
879 403 997 431 Herodes
1017 404 1057 430 di-

262 451 347 478 xisset
366 450 495 478 Joannem
521 449 710 478 resnrrexisse.
730 449 835 477 Marcus
858 449 933 485 (Cap.
956 450 981 476 6.
1008 449 1055 485 ΞΟ)

263 505 326 524 vero
345 497 383 524 ait
400 496 530 524 Joannem
545 503 641 532 magno
662 496 687 523 in
704 496 804 523 honore
824 495 905 523 fuisse
919 495 987 530 apud
1003 495 1054 523 lle-

261 544 365 577 rodem,
388 543 491 572 etiamsi
514 543 558 571 hic
578 543 613 570 ab
628 543 673 570 illo
686 542 899 577 redargueretur.
915 542 998 569 Tanta
1013 549 1056 569 res

262 594 302 616 est
314 589 406 616 virtus.
419 588 520 616 Deinde
533 596 642 616 narrare
655 588 694 615 sic
707 588 794 622 pergit
806 596 813 614 :
827 587 854 614 5.
869 586 981 614 Herodes
989 587 1055 614 enim

262 642 320 661 cum
333 634 451 661 tenuisset
467 633 594 661 Joannem
606 654 612 666 ,
628 634 714 668 ligavit
728 641 784 660 eum
794 653 801 665 ,
817 637 840 659 et
861 633 944 667 posuit
958 633 983 659 in
997 640 1054 659 car-

262 688 343 706 cerem
359 684 462 715 propter
474 679 646 706 Herodiadem
660 687 764 706 uxorem
779 677 894 713 Philippi
907 678 994 713 fratris
1004 677 1053 704 sui.

262 726 289 753 ι.
304 725 409 752 Dicebat
421 725 488 752 enim
510 725 549 752 illi
561 724 675 752 Joannes
687 732 696 751 :
710 723 770 750 Non
784 723 841 750 licet
855 723 899 750 tibi
914 723 1005 750 habere
1023 723 1055 749 il-

262 771 323 798 lam.
341 771 367 798 5.
384 770 416 797 Et
426 771 510 798 volens
523 778 580 797 eum
594 770 745 804 interﬁcere,
760 769 843 795 timuit
859 768 984 800 turbam‘,
996 769 1055 804 quia

262 817 325 843 sicut
340 816 489 851 prophetam
504 824 561 843 eum
574 815 708 842 habebant.
724 814 779 842 Cur
793 822 846 842 non
862 814 1052 847 llerodiadcm,

262 861 310 890 sed
323 862 396 890 illum
409 861 570 898 alloquitur?
593 862 660 896 Quia
681 861 831 896 praecipuus
845 861 890 888 ille
904 864 971 889 erat.
989 860 1055 888 Vide

261 908 395 943 quomodo
406 908 605 936 accusationem
621 907 708 934 minus
722 913 862 934 onerosam
877 906 965 940 faciat,
982 907 1016 933 ita
1026 911 1054 934 ut

263 954 370 981 historia
383 955 470 989 potius
483 961 562 989 quam
577 953 712 981 accusatio
728 952 852 980 videatur
866 959 937 980 esse.
952 952 978 979 6.
991 952 1054 979 Cum

261 1005 344 1026 autem
356 1000 474 1026 natalitia
490 998 600 1026 Herodis
615 1003 767 1034 agerentur,
781 997 883 1025 saltavit
897 998 952 1032 ﬁlia
968 997 1052 1025 [lera-

260 1045 343 1072 diatlir
357 1046 384 1072 in
397 1045 480 1072 medio
492 1066 500 1079 ,
522 1049 546 1072 et
561 1045 657 1080 placuit
674 1044 781 1071 Herodi.
794 1043 816 1072 Ο
830 1044 979 1071 convivium
994 1044 1052 1071 dia-

260 1091 392 1119 bolicum!
408 1099 424 1119 ο
438 1091 571 1119 theatrum
587 1090 752 1118 satanicum!
769 1098 785 1117 ο
801 1090 918 1125 iniquam
933 1090 1052 1117 saltatio-

259 1145 338 1170 nem,
362 1145 395 1166 ae
415 1137 567 1166 mercedem
589 1137 738 1165 saltationis
764 1136 932 1171 iniquiorem.
958 1135 1052 1164 Czcdes

259 1184 331 1211 enim
344 1183 462 1212 omnium
486 1183 673 1211 scelestissima
689 1182 864 1218 peragebatur
875 1202 882 1214 ,
897 1186 926 1209 et
944 1182 988 1216 qui
1008 1189 1053 1209 co-

259 1230 348 1257 ronari
371 1234 399 1257 et
419 1230 550 1257 celebrari
569 1229 738 1261 merebatur,
761 1228 786 1256 in
810 1228 898 1255 medio
917 1228 1052 1263 iugulatus

259 1269 301 1303 est
323 1285 330 1302 :
353 1275 503 1302 dmmonum
529 1279 658 1310 tropaeum
682 1275 708 1302 in
731 1281 822 1301 mensa
847 1278 963 1301 erectum
992 1273 1049 1300 fuit.

260 1321 383 1349 Victoriae
397 1321 491 1349 modus
503 1321 608 1348 caneris
622 1321 705 1356 gestis
718 1319 813 1355 dignus
829 1319 887 1346 fuit.
901 1319 971 1346 Nam
985 1318 1047 1346 Sul-

260 1369 330 1401 tavit,
346 1367 441 1402 inquit,
456 1366 511 1400 ﬁlia
522 1366 678 1393 Herodiadis
691 1366 717 1392 in
732 1365 825 1398 medio,
840 1370 863 1392 et
879 1364 975 1399 placuit
996 1363 1050 1391 Ile-

259 1413 324 1440 rodi.
349 1413 375 1440 7.
393 1412 467 1440 Unde
484 1412 654 1448 jurejurando
674 1412 806 1447 aﬁrmavit
825 1419 852 1438 se
872 1411 911 1437 illi
932 1410 1050 1437 daturum

259 1459 430 1494 quodcumque
444 1459 552 1494 petierit.
568 1458 595 1485 8.
610 1457 663 1485 Illa
684 1466 741 1484 vero
756 1465 771 1484 α
787 1461 867 1484 matre
882 1457 1030 1491 pratmonita
1042 1477 1048 1488 ,

258 1505 300 1532 Da
310 1506 380 1538 milii,
397 1506 443 1537 ait,
459 1506 500 1532 hic
514 1506 540 1532 in
554 1505 623 1532 disco
637 1509 712 1540 caput
722 1503 832 1530 Joannis
851 1502 983 1537 Baptism.
997 1502 1049 1529 Du—

258 1552 316 1586 plex
329 1552 438 1585 crimen,
451 1557 478 1579 et
490 1551 560 1587 quod
574 1551 686 1583 saltarit,
698 1555 725 1578 et
736 1550 805 1585 quod
820 1549 958 1584 placuerit,
972 1553 1050 1583 atque

258 1597 293 1624 ita
308 1597 446 1631 placuerit,
462 1602 489 1623 ut
505 1597 591 1624 caules
606 1597 642 1623 illi
657 1604 706 1631 pro
721 1596 844 1623 mercede
857 1600 937 1622 esset.
957 1595 1048 1622 Viden'

257 1651 336 1677 «illam
350 1643 478 1678 crudelis,
495 1650 578 1678 quam
591 1642 756 1672 insensatus.
769 1648 850 1679 quam
866 1648 980 1669 vesanus
993 1641 1048 1668 sit?

255 1688 413 1718 Juramento
424 1697 453 1718 se
465 1689 611 1718 obnoxium
624 1688 730 1721 reddit;
746 1688 784 1716 illi
800 1694 864 1715 vero
873 1687 1047 1723 datpotesta-

258 1737 311 1762 tem
324 1733 431 1769 petendi
452 1742 512 1770 quae
531 1734 606 1762 velit.
621 1733 688 1762 Cum
707 1737 796 1761 autem
815 1732 880 1760 vidit
901 1732 964 1768 quid
985 1732 1048 1760 mali

258 1780 321 1807 hinc
333 1781 461 1812 evenerit,
477 1779 646 1807 Contristatur
664 1783 711 1812 est,
726 1778 829 1813 inquit;
844 1785 1004 1813 quamquam
1015 1778 1048 1805 ab

257 1824 333 1853 initio
346 1826 473 1861 Iigaverat
485 1827 582 1860 ipsum.
596 1825 650 1852 Cur
661 1832 726 1860 ergo
739 1823 932 1852 contristatur?
952 1823 1049 1859 Hujus-

257 1871 328 1899 modi
339 1876 382 1900 est
395 1871 477 1899 virtus
489 1879 496 1898 :
510 1871 591 1898 etiam
605 1870 674 1906 apud
690 1869 827 1905 improbos
841 1869 1009 1898 admirationi
1022 1875 1049 1898 et

257 1917 328 1945 laudi
342 1922 393 1945 est.
409 1917 473 1949 Sed,
487 1925 503 1944 ο
517 1917 643 1944 furiosam
656 1916 807 1947 mulierem,
823 1923 882 1950 qua:
895 1923 956 1942 cum
969 1922 1049 1950 opor-

258 1966 326 1990 teret
338 1962 412 1989 illum
432 1961 557 1989 admirari
572 1968 604 1988 ac
618 1960 741 1988 venerari
753 1981 761 1993 ,
777 1960 847 1995 quod
862 1960 946 1995 ipsam
960 1960 994 1987 ab
1008 1960 1049 1987 in-

256 2008 325 2044 juria
339 2007 497 2040 vindicaret,
511 2007 606 2035 drama
617 2011 702 2034 totum
717 2005 834 2039 ordinat,
849 2006 974 2041 laqueum
990 2009 1049 2033 ten-

257 2054 306 2087 dit,
321 2054 485 2090 gratiamque
499 2054 566 2089 petit
579 2053 737 2080 satanieam.
751 2051 779 2080 9.
795 2050 857 2087 Ipse
867 2055 951 2079 autem
964 2051 1047 2078 timuit

257 2104 359 2134 propter
367 2098 561 2135 jusjurandum,
576 2098 672 2134 inquit,
685 2102 710 2125 et
723 2097 800 2126 simul
813 2097 991 2124 recumbentes.
1014 2096 1048 2124 Et

257 2152 305 2172 cur
317 2145 387 2180 quod
400 2145 506 2181 gravius
523 2149 581 2172 erat
592 2152 645 2172 non
659 2143 793 2172 timuisti?
807 2143 873 2171 Nam
888 2143 910 2171 si
922 2143 992 2178 quod
1006 2147 1048 2171 te-

257 2195 313 2217 stes
328 2190 436 2225 perjurii
450 2190 548 2218 habere
564 2189 740 2223 formidabas,
755 2189 839 2217 multo
852 2189 935 2224 magis
946 2189 1047 2216 caedem

257 2236 401 2263 formidare
422 2236 563 2271 oportebat
577 2236 612 2263 ita
625 2235 753 2271 iniquam,
768 2242 828 2262 cum
845 2238 884 2262 tot
896 2238 977 2262 testes
991 2235 1048 2269 ejus

259 2281 380 2308 haberes.

293 2327 320 2353 5.
340 2326 407 2359 Quia
424 2333 489 2354 vero
498 2330 562 2361 puto
580 2326 678 2354 multos
695 2325 872 2353 accusationis
885 2332 916 2353 ex
931 2333 983 2360 qua
996 2332 1048 2353 cae-

258 2372 306 2399 des
319 2376 377 2399 orta
391 2377 433 2400 est
447 2376 633 2408 argumentum
649 2372 789 2407 ignorare,
806 2372 987 2399 necessarium
1006 2376 1049 2399 est

259 2418 310 2445 hoc
320 2418 400 2446 etiam
416 2418 515 2452 dicere,
531 2423 560 2446 ut
575 2418 734 2454 legislatoris
749 2418 916 2453 prudentiam
927 2418 1046 2446 discatis.

256 2462 385 2496 Quanam
399 2470 464 2498 ergo
478 2468 554 2491 vetus
569 2464 611 2491 lex
630 2463 673 2490 illa
686 2467 762 2496 erat,
783 2471 863 2498 quam
881 2463 1047 2491 conculcavit

258 2509 393 2543 Herodes,
405 2514 433 2537 et
445 2509 590 2537 vindicavit
598 2509 738 2537 Joannes?
751 2509 815 2544 Ejus
825 2510 869 2544 qui
886 2509 943 2537 sine
956 2510 1048 2537 liberis

257 2559 407 2582 moreretur
415 2561 525 2583 uxorem
537 2555 610 2582 fratri
623 2554 681 2582 dari
694 2554 834 2589 oportebat
847 2554 935 2589 (Deut.
949 2554 995 2582 25.
1006 2554 1046 2589 5).

257 2599 323 2633 Quia
333 2599 404 2627 enim
412 2607 464 2628 non
473 2600 637 2628 consolabile
642 2599 740 2627 malum
749 2607 821 2627 mors
829 2603 900 2633 erat,
909 2604 936 2627 et
941 2607 990 2634 pro
996 2600 1047 2627 vita

256 2646 389 2673 servanda
403 2646 468 2674 nihil
482 2655 534 2674 non
547 2647 643 2681 agitur.
658 2646 742 2681 legem
758 2646 865 2678 statuit,
883 2651 912 2673 ut
925 2646 968 2681 qui
985 2645 1050 2673 vivit

257 2699 369 2719 uxorem
386 2692 474 2720 fratris
490 2692 609 2720 defuncti
632 2692 732 2726 ducat,
753 2697 781 2720 et
802 2692 971 2733 lilium'hinc
984 2701 1048 2728 pro-

257 2743 377 2765 creatum
392 2739 488 2766 mortui
499 2739 609 2766 nomine
621 2743 708 2771 vocet,
724 2739 759 2765 ita
774 2743 801 2765 ut
813 2738 909 2766 domus
922 2738 981 2774 ejus
995 2747 1047 2766 non

257 2783 373 2812 excidat.
386 2784 414 2812 Si
424 2785 496 2812 enim
509 2789 631 2813 mortuus
645 2784 713 2813 ﬁlios
727 2792 781 2812 non
796 2785 977 2820 relinquebat,
989 2792 1048 2820 quas

261 2880 266 2888 ε
290 2852 298 2867 ³
316 2852 537 2888 ρυὶιιλωνμεδςιιιὲ
551 2852 666 2888 Eleatem
677 2859 732 2879 cum
748 2851 893 2885 inter/icere,
906 2853 982 2885 posuit
994 2859 1049 2879 eum

257 2883 283 2907 tu
294 2888 402 2914 carcere,
413 2883 491 2909 tirnm‘t
499 2883 562 2909 enim
575 2883 677 2910 turbam.

723 159 755 187 IN
776 158 979 188 MATTIIIEUM
1000 156 1114 186 IIOMIL.
1137 158 1249 187 XLVIII.
1270 161 1304 189 al.
1326 162 1419 190 XLIX.

1851 163 1900 191 490

1117 222 1202 246 tamen
1223 220 1334 247 maxima
1360 226 1401 248 est
1422 222 1516 249 mortis
1536 223 1703 254 consolatio,
1727 222 1902 250 intolerabilis

1111 263 1197 291 luctus
1217 265 1320 293 futurus
1332 271 1401 294 erat.
1421 266 1483 294 Ideo
1498 267 1634 302 legislator
1652 269 1720 295 hanc
1738 268 1901 296 consolatio-

1111 315 1170 337 ucnt
1191 311 1352 346 excogitavit
1375 312 1424 345 iis,
1436 312 1532 347 quibus
1548 318 1642 340 natura
1660 313 1727 341 tilios
1741 319 1899 348 negaverat,

1109 361 1136 383 et
1151 357 1313 384 nasciturum
1328 358 1398 385 illius
1414 359 1521 386 nomine
1536 359 1624 386 vocari
1640 360 1777 394 prarcepit.
1791 359 1818 387 Si
1837 367 1901 387 rem

1111 407 1230 430 mortuus
1241 402 1322 430 lilium
1336 404 1508 440 relinqueret,
1518 408 1581 431 tunc
1594 412 1647 431 non
1660 404 1759 431 licitum
1769 409 1827 431 erat
1837 412 1901 431 coii-

1110 448 1231 476 nubium.
1247 449 1281 476 Et
1299 457 1347 476 cur
1361 450 1373 477 t
1389 450 1493 485 inquies
1508 459 1515 478 :
1536 458 1596 478 nam
1616 451 1638 478 si
1652 450 1728 478 alteri
1743 451 1839 479 licebat
1852 452 1900 478 (Ill-

1108 500 1184 524 ct-re.
1202 494 1287 522 multo
1308 496 1393 530 magis
1417 496 1502 523 fratri.
1527 496 1698 531 Nequaquam
1720 504 1727 523 :
1745 496 1802 524 vult
1829 497 1899 524 enim

1107 539 1263 567 affinitatem
1277 541 1401 575 extendi,
1419 546 1446 570 et
1462 542 1559 569 multas
1575 542 1664 570 haberi
1679 543 1834 570 occasiones
1852 550 1899 570 co-

1107 585 1238 619 gnationis
1253 587 1385 614 ineundm.
1410 588 1442 615 Et
1461 595 1510 615 cur
1522 588 1568 616 illo
1580 588 1637 616 sine
1651 589 1742 616 liberis
1759 589 1895 622 defuncto,

1107 637 1159 658 non
1172 631 1240 659 alius
1251 631 1349 661 ducere
1363 635 1490 668 poterat?
1503 634 1570 669 Quia
1584 635 1622 662 sic
1638 643 1690 662 non
1706 640 1812 671 putatus
1831 636 1898 664 fuis-

1106 680 1147 702 set
1165 683 1225 704 esse
1247 678 1343 706 mortui
1356 679 1425 707 filius
1446 688 1453 706 :
1477 687 1546 708 nunc
1559 688 1623 708 vero
1642 681 1791 708 seminante
1805 681 1897 713 fratre,

1107 722 1250 757 probabilis
1268 728 1326 752 erat
1338 725 1458 753 inventio
1473 726 1529 753 illa.
1540 727 1664 762 Alioquin
1679 735 1743 755 vero
1754 732 1898 754 extraneus

1107 774 1159 794 non
1178 772 1298 802 putasset
1311 770 1523 798 constituendam
1545 779 1606 800 esse
1628 773 1745 801 defuncti
1766 773 1874 801 domum
1890 783 1896 800 :

1108 811 1150 839 hic
1162 818 1251 841 autent
1266 816 1431 850 cognationis
1447 817 1492 851 jus
1510 817 1633 845 habebat.
1654 818 1720 851 Quia
1735 827 1799 854 ergo
1812 817 1897 847 Ilerd-

1105 858 1154 886 des
1168 866 1278 887 uxorem
1290 861 1378 887 fratris
1386 862 1438 895 sui,
1448 869 1507 896 qua:
1518 863 1619 897 prolem
1633 862 1756 896 habebat,
1766 864 1838 892 duxit
1847 864 1896 902 (ιι),

1105 904 1167 932 ideo
1194 911 1301 933 accusat
1333 906 1405 934 illum
1437 907 1569 942 Joannes,
1599 912 1627 935 et
1654 909 1791 938 moderate
1819 911 1897 939 simul

1104 954 1185 985 atque
1204 950 1288 979 libere
1307 956 1424 979 accusat.
1440 952 1481 980 Tu
1500 960 1564 981 vero
1584 953 1649 980 mihi
1664 954 1814 988 considera,
1829 963 1897 990 quo-

1104 995 1185 1023 modo
1207 996 1338 1024 theatrum
1362 1001 1446 1024 totum
1468 998 1615 1025 sat:micum
1630 1002 1658 1027 et
1676 999 1837 1027 diabolicum
1851 1001 1896 1028 sit.

1105 1041 1195 1069 Primo
1208 1042 1278 1069 enim
1297 1043 1426 1071 ebrietate
1440 1048 1468 1071 et
1481 1043 1585 1072 deliciis
1598 1045 1753 1078 constabat,
1771 1047 1842 1073 unde
1855 1047 1896 1073 ni-

1105 1086 1144 1114 hil
1155 1094 1249 1115 sanum
1264 1089 1327 1116 oriri
1341 1093 1454 1123 poterat.
1476 1089 1609 1124 Secundo,
1620 1095 1785 1125 spectatores
1805 1100 1897 1119 eorru-

1105 1135 1164 1166 plos
1173 1132 1296 1167 habebat,
1310 1138 1336 1160 et
1347 1134 1522 1169 excipientem
1533 1135 1650 1162 onmium
1661 1136 1786 1164 maxime.
1795 1136 1895 1170 Tertio,

1103 1177 1289 1206 delectationis
1309 1186 1393 1214 genus
1408 1180 1512 1207 ratione
1524 1187 1647 1208 vacuum.
1661 1181 1778 1216 Quarto,
1794 1183 1894 1217 puella,

1105 1230 1213 1260 propter
1228 1234 1307 1261 quam
1327 1227 1488 1254 connubium
1502 1231 1595 1255 contra
1614 1228 1706 1262 legem
1726 1233 1798 1262 erat,
1816 1237 1895 1264 quam

1103 1273 1230 1300 occultari
1252 1274 1407 1308 oportebat,
1435 1278 1530 1309 utpote
1555 1274 1651 1309 injuria
1672 1273 1767 1302 affecta
1791 1281 1894 1309 matre,

1104 1318 1250 1353 ingreditur
1270 1326 1329 1346 sese
1347 1324 1504 1354 ostentans,
1526 1320 1599 1355 virgo
1620 1320 1776 1347 meretrices
1797 1328 1892 1348 omnes

1103 1363 1266 1399 impudentia
1288 1372 1428 1400 superans.
1442 1364 1560 1399 Tempus
1583 1365 1663 1393 etiam
1688 1373 1741 1393 non
1763 1366 1894 1394 modicam

1103 1411 1135 1438 ad
1146 1411 1357 1439 criminationem
1373 1412 1468 1446 iniqua:
1490 1411 1528 1439 rei
1542 1418 1635 1439 ansam
1657 1412 1767 1446 pratbet.
1784 1412 1895 1446 Quando

1102 1457 1172 1484 enim
1184 1457 1323 1491 oportebat
1335 1464 1395 1484 eum
1408 1457 1507 1492 gratias
1515 1456 1615 1485 referre
1628 1457 1692 1491 Deo,
1705 1457 1775 1492 quod
1791 1458 1836 1484 illo
1851 1458 1895 1485 die

1103 1501 1189 1536 ipsum
1209 1503 1234 1529 in
1246 1502 1331 1530 lucem
1346 1503 1524 1537 produxisset,
1541 1507 1605 1530 tunc
1626 1502 1716 1538 iniqua
1740 1503 1783 1530 illa
1799 1511 1893 1538 aggre-

1102 1547 1174 1575 ditur
1189 1557 1195 1575 :
1219 1548 1324 1584 quando
1339 1549 1455 1575 vinctum
1472 1548 1577 1576 solvere.
1588 1548 1740 1583 oportebat,
1755 1553 1818 1575 tunc
1836 1548 1893 1576 viu-

1102 1593 1172 1620 culis
1190 1593 1291 1621 cmdem
1312 1593 1413 1628 adjicit.
1429 1593 1527 1621 Audite
1548 1596 1681 1628 quotquot
1702 1593 1744 1620 vel
1767 1593 1893 1628 virgines,

1102 1640 1143 1667 vel
1156 1639 1236 1667 etiam
1251 1637 1368 1667 maxime
1386 1643 1487 1674 nuptae,
1511 1639 1613 1668 alienas
1626 1638 1731 1676 nuptias
1747 1639 1786 1668 sic
1798 1638 1892 1669 detur-

1101 1693 1165 1723 pare
1182 1685 1297 1720 audetis,
1317 1687 1456 1720 saltantes,
1471 1685 1658 1722 tripudiantes,
1680 1691 1707 1714 et
1721 1694 1890 1716 communem

1101 1739 1222 1761 naturam
1236 1733 1451 1761 dehonestantes.
1466 1732 1563 1760 Audite
1573 1733 1663 1766 etiam,
1673 1733 1733 1767 viri,
1754 1734 1800 1769 qui
1818 1741 1893 1761 sum-

1102 1784 1194 1813 ptuosa
1208 1778 1339 1811 convivia,
1349 1779 1477 1806 ebrietate
1488 1778 1565 1813 plena
1575 1778 1713 1806 sectamini
1726 1787 1733 1805 :
1748 1783 1775 1806 et
1785 1779 1900 1807 metuite

1100 1824 1199 1852 diaboli
1223 1823 1389 1851 barathrum.
1416 1823 1481 1852 Nam
1510 1823 1546 1851 ita
1567 1823 1741 1852 vehementer
1762 1824 1891 1852 miserum

1102 1875 1165 1897 tune
1186 1869 1260 1897 illum
1283 1869 1389 1902 invasit,
1404 1873 1433 1896 ut
1443 1869 1546 1904 juraret
1562 1875 1592 1896 se
1612 1868 1751 1897 dimidium
1766 1870 1839 1904 regni
1852 1870 1893 1897 sui

1100 1916 1223 1943 daturum
1237 1923 1308 1943 esse.
1324 1915 1391 1943 Illud
1415 1915 1487 1943 enim
1509 1915 1613 1943 Marcus
1627 1915 1712 1943 dicit:
1729 1915 1830 1942 Iuravit
1842 1916 1892 1949 illi,

1103 1961 1283 1996 Quodcumque
1300 1960 1400 1996 petieris
1413 1968 1430 1987 a
1443 1969 1483 1987 me
1501 1960 1566 1987 dabo
1580 1960 1644 1994 tibi,
1665 1968 1743 1995 usque
1763 1960 1797 1987 ad
1814 1961 1893 1987 dimi-

1101 2007 1171 2033 dium
1189 2007 1261 2042 regni
1278 2006 1327 2033 mei
1342 2007 1351 2041 (
1367 2005 1450 2033 Marc.
1466 2005 1492 2033 6.
1508 2005 1575 2041 25).
1592 2005 1671 2033 Tanti
1692 2005 1794 2033 scilicet
1812 2006 1892 2033 ditio—

1101 2060 1162 2080 nem
1184 2060 1260 2080 suam
1275 2052 1409 2085 faciebat;
1424 2052 1459 2079 ita
1479 2051 1622 2087 voluptatis
1641 2051 1762 2086 captivus
1781 2057 1849 2084 erat,
1865 2057 1903 2079 ut.

1101 2099 1233 2128 saltationi
1252 2099 1308 2127 Itzcc
1327 2098 1498 2127 concederet.
1517 2098 1620 2134 Ecquid
1644 2098 1766 2132 miraris,
1783 2098 1807 2126 si
1831 2103 1895 2126 tunc

1102 2146 1158 2173 haec
1171 2145 1239 2172 facta
1250 2148 1320 2177 sunt,
1332 2144 1438 2180 quando
1452 2151 1523 2172 nunc
1537 2143 1618 2172 etiam
1633 2148 1774 2179 postquam
1791 2149 1902 2171 tantam.

1101 2191 1225 2219 inivimus
1240 2190 1444 2225 philosophiam,
1467 2190 1502 2217 ob
1523 2189 1644 2217 mollium
1657 2189 1811 2224 hujusmodi
1827 2198 1891 2224 pue—

1100 2244 1190 2264 rorum
1207 2236 1377 2263 saltationem
1399 2235 1474 2262 multi
1496 2235 1599 2262 animas
1617 2241 1679 2262 suas
1700 2234 1891 2270 prodiderunt,

1101 2283 1164 2310 licet
1174 2282 1317 2317 juramenti
1329 2280 1488 2309 necessitate
1496 2281 1615 2308 adstricti
1631 2286 1786 2308 nonessent
1797 2280 1890 2308 ?-Nnnt

1100 2337 1115 2356 a
1134 2329 1270 2364 voluptate
1293 2327 1391 2363 captivi
1415 2327 1521 2355 abducti
1536 2327 1619 2362 quasi
1634 2326 1749 2362 pecudes
1766 2331 1890 2362 aguntur,

1100 2382 1153 2409 quo
1175 2374 1252 2409 lupus
1271 2373 1331 2401 illos
1354 2373 1474 2401 traxerit.
1496 2372 1607 2408 quuod
1623 2377 1686 2400 tunc
1707 2373 1751 2400 ille
1774 2373 1891 2402 furiosus

1101 2428 1195 2455 passus
1217 2424 1276 2453 est,
1291 2420 1344 2448 duo
1366 2419 1516 2455 turpissima
1537 2423 1704 2454 perpetrans,
1730 2424 1758 2446 et
1771 2419 1841 2455 quod
1858 2420 1892 2446 il-

1101 2466 1154 2494 lam
1174 2466 1308 2494 dominam
1324 2465 1418 2493 fecerit
1439 2465 1478 2493 sic
1493 2465 1619 2493 furiosam
1631 2485 1638 2497 ,
1661 2465 1761 2492 ebriam
1776 2469 1804 2492 et
1824 2465 1894 2493 nihil

1101 2513 1162 2540 mali
1180 2516 1347 2540 recusantem
1362 2520 1370 2545 ;
1384 2515 1412 2539 et
1428 2510 1498 2546 quod
1517 2511 1676 2538 necessitate
1691 2510 1838 2545 juramenti
1855 2511 1890 2538 ita

1100 2565 1131 2585 se
1142 2558 1325 2585 obstrinxerit.
1342 2557 1376 2584 At
1397 2557 1459 2584 licet
1480 2556 1525 2584 ille
1539 2560 1592 2583 tam
1609 2556 1715 2591 iniquus
1734 2561 1821 2589 esset,
1839 2557 1892 2583 ini-

1101 2603 1179 2638 quior
1196 2607 1284 2630 tamen
1304 2607 1331 2629 et
1347 2600 1459 2638 tyranno
1480 2606 1508 2629 et
1527 2601 1615 2636 puella
1628 2606 1685 2628 erat
1706 2601 1813 2630 mulier.
1835 2601 1893 2636 Ipsa

1102 2649 1172 2676 enim
1189 2649 1246 2676 haec
1259 2648 1327 2676 mala
1338 2648 1427 2675 omnia
1442 2653 1469 2675 et
1479 2652 1562 2675 totum
1574 2647 1666 2674 drama
1681 2646 1808 2674 fabricata
1824 2652 1889 2680 erat,

1101 2703 1161 2731 qua:
1183 2700 1269 2723 tamen
1289 2695 1400 2730 gratiam
1420 2694 1557 2730 propheta:
1571 2693 1671 2720 habere
1688 2692 1834 2721 debuisset.
1850 2693 1895 2720 Εἰ.

1101 2741 1135 2769 lia
1150 2742 1247 2777 quippe
1259 2742 1308 2776 ipsi
1325 2748 1425 2768 morem
1438 2747 1535 2775 gerens
1549 2745 1576 2767 et
1591 2739 1704 2774 turpiter
1716 2739 1780 2774 egit,
1799 2744 1826 2766 ct
1839 2741 1891 2766 sal-

1084 2787 1175 2819 ~tavit,
1199 2791 1227 2814 et
1245 2786 1345 2814 caedem
1370 2786 1466 2822 petiit,
1487 2784 1661 2820 Herodesque
1680 2783 1714 2812 ab
1739 2785 1795 2820 ipsa
1813 2785 1901 2820 quasir'

1135 2852 1171 2883 la)
1189 2855 1260 2876 Juxta
1270 2851 1338 2883 alios,
1351 2851 1408 2876 ideo
1422 2854 1527 2883 Joannes
1542 2850 1662 2883 accusavit
1677 2848 1890 2883 tterodem.quod,

1104 2880 1212 2915 Philippo
1221 2883 1295 2908 fratre
1307 2882 1384 2907 adhuc
1395 2883 1502 2913 vivente,
1511 2882 1587 2914 ipsius
1597 2887 1700 2907 osorem
1710 2880 1828 2905 duxisset.
