2068 3132
179 128 226 156 4M
528 127 555 155 ε.
575 127 713 155 JOANNIS
731 123 968 154 CIIRYSOSTOMI
989 122 1146 153 ARCIIIEP.
1166 127 1432 158 CONSTANTINOI‘.

180 192 277 220 sagena
307 187 402 219 captus
427 188 477 211 cst.
499 183 593 211 Viden‘
607 192 686 218 quam
706 183 826 218 apposite
851 183 974 210 Christus

1770 136 1820 163 ‘92

1065 179 1267 217 Imprudentium
1277 185 1480 220 juramentorum
1494 192 1518 216 et
1532 189 1706 224 fornicationis
1717 197 1820 223 datume.

179 231 278 258 dixerit
295 239 301 257 :
320 230 371 264 Qui
385 235 453 257 amat
470 235 566 265 patrem
579 236 623 257 aut
639 235 744 256 matrem
758 229 816 264 plus
832 237 909 265 quam
924 237 972 261 me,
988 253 1010 260 ἢ
1026 242 1061 246 —
1077 227 1172 256 Audite
1184 236 1313 266 quotquot
1327 232 1395 260 ultra
1409 236 1489 268 qna‘m
1502 234 1541 263 fas
1558 241 1600 264 est
1619 239 1746 268 uxoribus
1766 241 1822 275 pls-

180 285 231 303 non
245 281 281 303 est
291 285 330 303 me
342 276 434 311 dignus
446 275 557 311 (Matth.
581 276 624 304 10.
641 276 692 311 57)
706 275 793 302 ?Nam
806 275 827 301 si
843 274 887 301 illa
905 273 974 301 hanc

180 328 291 358 sequuta
318 326 390 350 esset
412 322 497 357 legem
510 343 518 356 ,
545 330 597 349 non
619 326 658 349 tot
679 322 750 356 leges
768 320 904 351 violasset,
920 327 972 346 non

181 369 250 397 hanc
262 368 363 396 eadem
384 372 573 404 perpetrasset.
589 368 654 395 Nam
668 367 731 402 quid
746 368 794 394 hac
809 366 974 393 immanitate

181 416 315 447 deterius,
330 415 432 443 caedem
454 418 482 441 ut
501 415 612 449 gratiam
627 414 761 448 postulare
774 433 781 445 ,
798 412 898 440 caedem
921 411 973 438 ini-

179 470 268 497 quam,
285 462 387 490 caadem
409 462 477 489 inter
489 462 591 496 epulas,
607 460 706 488 easdem
721 459 824 495 publice
840 463 866 486 et
885 459 973 493 impu-

181 510 276 537 denter
293 508 402 544 petitam
418 508 429 534 i
443 507 535 542 Neque
557 507 628 534 enim
647 513 769 533 seorsum
784 504 899 532 accessit
916 504 974 531 haec

181 555 293 589 petitura
305 575 313 586 ,
329 553 376 581 sed
398 553 515 589 publice,
527 556 554 580 et
574 552 658 586 posita
679 551 762 583 larva,
779 549 850 578 nudo
868 549 972 585 capite,

179 600 277 627 diaboli
304 607 352 626 usa
374 598 541 634 patrocinio,
557 597 615 624 haec
637 597 683 624 illo
698 597 777 624 modo
799 596 908 631 loquuta
921 600 972 623 est.

180 646 246 673 Nam
263 645 287 672 id
310 644 433 672 diabolus
456 643 554 676 ell‘ecit,
570 647 598 670 nt
619 643 663 670 illa
684 642 784 669 saltans
797 642 924 677 placeret,
947 645 975 669 et

183 692 315 720 llerodem
341 696 405 718 tunc
429 694 547 724 caperet.
572 689 621 717 Ubi
642 689 713 716 enim
727 688 851 721 saltatio,
866 687 901 716 ibi
914 687 972 716 dia-

180 738 268 766 bolus.
283 736 374 772 Neque
388 736 459 764 enim
474 735 533 764 ideo
549 735 631 771 pedes
653 735 730 763 nobis
743 735 818 762 dedit
838 735 922 767 Deus,
946 738 975 761 ut

181 783 213 810 iis
228 783 341 818 turpiter
360 787 465 809 utamur
476 802 482 813 ,
496 781 542 808 scd
563 785 592 808 ut
605 786 677 809 recte
691 780 844 816 gradiamur
858 789 865 812 ;
881 787 934 807 non
946 785 975 807 ut

181 828 292 863 perinde
307 833 387 863 atque
408 827 502 855 cameli
521 827 650 855 saltemus
670 827 680 862 (
695 834 755 854 nam
769 831 796 854 et
808 826 903 853 cameli
919 826 973 853 sal-

184 879 272 902 tantes
291 875 422 910 ingratum
437 874 619 908 spectaculum
644 874 744 907 edunt,
760 873 897 908 multoque
917 880 974 899 ma-

180 922 219 953 gis
235 921 396 955 mulieres),
418 919 465 947 sed
488 923 517 947 ut
533 927 594 946 cum
610 919 712 954 angelis
726 919 839 947 choreas
852 926 973 954 agamus.

180 967 206 994 Si
229 967 299 994 enim
325 973 423 1001 corpus
449 964 474 992 id
495 972 577 1000 agens
599 968 675 1000 turpe
700 968 754 996 cst,
779 964 862 991 multo
891 964 974 997 magis

179 1014 278 1040 anima.
300 1013 344 1041 Sic
359 1013 457 1040 saltant
471 1012 608 1040 darmones
634 1021 641 1039 :
664 1012 703 1039 sic
715 1011 858 1039 adulantur
873 1010 974 1038 da-mo-

181 1068 244 1087 nmn
259 1059 382 1087 ministri.

214 1105 240 1132 ι.
257 1105 309 1133 Sed
325 1105 478 1140 petitionem
500 1105 583 1140 ipsam
602 1104 750 1132 considera.
769 1104 809 1130 Da
825 1105 902 1136 milii,
919 1105 954 1132 ait
965 1125 972 1137 ,

180 1151 220 1178 hic
234 1151 260 1178 in
273 1151 342 1178 disco
357 1156 432 1186 caput
446 1151 555 1177 Joannis
570 1150 700 1185 Baptista.
718 1150 810 1178 Vidcn‘
831 1150 972 1184 impuden-

181 1202 244 1230 tem,
258 1204 317 1232 qua:
330 1202 411 1223 totam
424 1196 528 1223 diabolo
542 1204 572 1223 se
585 1196 708 1223 dedidit?
721 1196 879 1230 Dignitatem
893 1195 974 1223 Joan-

181 1243 221 1269 nis
235 1248 374 1274 memorat,
390 1250 475 1276 neqnc
488 1247 575 1269 tamen
589 1242 627 1269 sic
639 1242 781 1274 erubescit,
796 1242 842 1269 sed
857 1249 889 1269 ac
903 1242 924 1269 si
940 1241 973 1269 de

179 1299 186 1313 t
196 1288 239 1315 ibo
253 1289 377 1323 quopiam
394 1289 556 1323 l0qnerctur,
573 1289 612 1315 sic
627 1296 732 1315 sacrum
745 1293 771 1315 et
785 1288 891 1315 beatum
907 1287 972 1314 illud

179 1339 258 1369 caput
278 1335 304 1362 in
323 1334 398 1362 disco
417 1334 504 1362 cfl‘erri
530 1335 605 1369 petit.
624 1334 727 1361 Nullam
747 1334 824 1361 atl‘ert
842 1341 970 1361 causam:

175 1374 265 1416 neque
277 1381 349 1409 enim
365 1385 487 1416 poterat;
506 1381 554 1408 sed
574 1380 730 1415 simpliciter
745 1380 840 1415 quan-it
859 1381 971 1407 aliorum

179 1427 519 1455 calamitatibushonorari.
531 1426 588 1454 Non
598 1427 675 1459 dixit,
686 1426 812 1454 Introduc
826 1427 898 1453 illum
909 1426 971 1458 huc,

179 1479 206 1501 et
221 1474 327 1502 immola
344 1484 350 1501 :
367 1481 453 1509 neque
467 1474 538 1505 enim
559 1473 680 1500 morituri
702 1473 825 1508 loquendi
849 1473 971 1500 ﬁduciam

181 1519 294 1547 tulisset.
310 1519 376 1546 Nam
393 1519 501 1546 timebat
515 1519 556 1546 vel
571 1519 678 1546 mactati
698 1526 792 1546 vocem
810 1518 901 1546 audire
916 1523 971 1546 tcr-

179 1564 282 1592 ribilem
295 1574 301 1591 :
314 1572 399 1599 neque
409 1565 479 1591 enim
488 1565 574 1599 capite
585 1564 754 1591 mulctandus
765 1565 897 1592 tacuisset.
911 1564 972 1592 Ideo

179 1610 232 1636 ait:
249 1609 289 1636 Da
300 1609 361 1636 milii
375 1609 415 1636 hic
427 1610 452 1636 in
465 1609 532 1637 disco
546 1619 552 1636 :
568 1617 628 1636 nam
641 1609 755 1644 linguam
766 1609 839 1637 illam
849 1610 971 1638 silentem

180 1655 270 1682 ridere
286 1655 375 1690 cupio.
393 1655 485 1690 Neque
499 1655 616 1690 effugere
629 1655 715 1682 solum
735 1655 805 1682 illius
823 1655 970 1690 reprehen-

178 1701 267 1728 siones
280 1701 395 1734 volebat,
408 1701 454 1728 sed
467 1701 594 1728 insultare
602 1701 700 1735 jacenti
712 1705 739 1728 et
751 1701 872 1729 deridere
886 1702 969 1729 illum.

179 1747 249 1774 Deus
262 1754 326 1774 vero
340 1746 366 1773 id
382 1747 511 1781 permisit,
530 1754 579 1774 nec
600 1747 699 1774 fulmen
714 1754 830 1782 superne
845 1748 926 1780 misit,
943 1753 971 1774 ut

179 1792 359 1828 impudentem
380 1792 450 1820 illam
469 1792 562 1820 faciem
582 1792 773 1820 combureret:
791 1800 876 1828 neque
892 1793 971 1828 jussit

179 1843 276 1865 terram
293 1837 364 1865 hiatu
383 1842 467 1865 totum
484 1838 547 1866 illud
568 1839 687 1872 iniquum
709 1840 861 1866 convivium
876 1840 969 1867 absor-

179 1884 241 1911 bere
255 1904 261 1915 ,
284 1889 312 1911 ut
331 1883 410 1911 simul
430 1885 530 1918 justum
547 1885 645 1912 clarius
659 1889 799 1912 coronaret
811 1906 818 1917 ,
835 1890 861 1912 et
878 1886 910 1912 iis
925 1886 969 1920 qui

177 1930 266 1964 iniqua
290 1930 393 1964 passuri
417 1923 506 1965 postea
531 1935 640 1961 essent,
662 1938 783 1965 tnagnam
809 1931 970 1966 relinqueret

176 1977 398 2004 consolationem.
415 1977 560 2004 Audiamus
581 1978 660 2012 igitur
680 1982 811 2012 quotquot
824 1977 857 2005 ab
873 1978 970 2012 iniquis

178 2022 329 2050 hominibus
339 2023 428 2058 gravia
443 2023 556 2058 patimur
567 2023 630 2050 dum
644 2028 716 2051 recte
730 2024 851 2050 vivimus.
863 2024 968 2052 Etenim

177 2073 240 2096 tunc
254 2069 322 2097 Deus
337 2076 430 2104 passus
446 2075 486 2097 est
498 2077 558 2097 eum
570 2091 576 2102 ,
591 2070 634 2104 qui
651 2070 676 2096 in
692 2070 833 2097 solitudine
847 2070 967 2103 vixerat,

176 2116 221 2150 qui
237 2116 262 2143 in
276 2123 342 2143 zona
359 2116 478 2150 pellicca,
494 2116 538 2151 qui
560 2117 586 2143 in
608 2116 705 2148 cilicio,
722 2117 887 2151 prophetam,
905 2125 967 2151 pro-

176 2161 264 2196 phetis
286 2162 433 2196 majorem,
453 2170 506 2196 quo
531 2162 617 2189 nullus
636 2162 721 2197 major
742 2171 867 2198 umquam
882 2163 968 2191 fuerat

176 2208 247 2236 inter
260 2212 338 2235 natos
352 2208 493 2235 mulierum
515 2207 624 2243 (Matth.
641 2208 684 2235 tl.
705 2209 735 2235 tl
748 2210 772 2242 ).
787 2208 901 2236 interﬁci
920 2216 968 2243 per

175 2255 290 2290 puellam
318 2254 479 2289 impudicam
504 2259 533 2282 et
557 2260 708 2288 corruptam
736 2255 903 2282 meretricem
921 2259 968 2282 :et

175 2301 234 2329 lnec
246 2301 309 2328 dum
324 2301 427 2328 divinas
442 2302 513 2336 leges
528 2305 656 2328 tueretur.
672 2300 734 2328 Hinc
748 2301 837 2335 itaque
849 2302 969 2336 cogitan-

175 2352 230 2379 tes,
251 2346 368 2375 feramus
389 2354 519 2381 generose
537 2347 626 2374 omnia
644 2355 818 2382 quaecumque
840 2348 965 2381 patimur.

175 2392 240 2420 Nam
255 2397 282 2420 et
297 2398 360 2420 tunc
374 2392 540 2426 sanguinaria
562 2392 606 2418 illa
627 2396 654 2419 et
673 2392 761 2426 iniqua
784 2396 885 2419 tantum
907 2399 967 2420 sese

173 2439 207 2466 de
220 2446 263 2472 eo,
277 2439 321 2474 qui
333 2439 382 2466 sibi
394 2439 515 2466 dolorem
528 2438 662 2470 attulerat,
675 2438 827 2470 vindicavit,
839 2444 971 2473 quantum

174 2485 267 2517 voluit,
280 2485 346 2512 iram
358 2491 439 2512 totam
450 2485 564 2516 satiavit,
576 2490 603 2512 et
615 2485 683 2512 Deus
693 2484 718 2512 id
730 2485 866 2519 permisit:
879 2492 967 2519 quam-

172 2540 253 2567 quam
267 2531 332 2559 nihil
343 2531 380 2558 illi
390 2532 507 2559 Joannes
517 2531 631 2562 dixcrat,
643 2538 692 2558 nec
703 2531 773 2558 illam
784 2531 965 2562 accusaverat.

172 2578 220 2609 sed
234 2578 319 2604 virum
333 2582 444 2604 tantum.
461 2577 513 2605 Sed
528 2577 688 2605 conscientia
703 2578 814 2604 acerbus
828 2581 967 2605 accusator

173 2628 243 2651 erat.
259 2623 374 2658 Ideoque
385 2623 410 2650 in
425 2623 526 2658 majora
539 2623 696 2658 erumpebat
708 2624 786 2656 mala,
800 2622 906 2655 dolens,
920 2623 966 2650 sti-

174 2671 252 2698 mufis
264 2671 376 2705 agitata;
392 2670 523 2705 simulque
537 2670 708 2698 dedecoravit
720 2677 824 2703 omnes,
838 2670 963 2704 seipsam,

173 2717 264 2748 filiam,
274 2717 413 2745 dimissum
425 2717 521 2750 virum,
533 2717 665 2744 viventem
679 2718 823 2749 machum,
838 2721 864 2743 et
877 2717 964 2751 priora

172 2771 298 2799 superare
310 2764 441 2792 certabat.
456 2763 483 2791 Si
495 2763 583 2796 doles,
599 2764 693 2798 inquit,
706 2763 776 2798 quod
791 2763 835 2790 ille
848 2764 966 2791 mtechc-

172 2817 230 2842 tur.
244 2819 295 2845 ego
316 2811 391 2838 illum
412 2810 572 2838 homicidam
587 2810 679 2838 faciam
693 2831 701 2845 ,
715 2815 741 2838 et
758 2810 907 2839 accusantis
923 2810 962 2837 in-

172 2857 352 2885 terfcctorcm.

1026 281 1087 301 cere
1101 276 1222 303 studetis.
1239 278 1335 306 Audite
1347 285 1477 315 quotquot
1486 282 1558 310 circa
1568 290 1612 311 res
1625 284 1740 313 incertas
1749 286 1822 321 jura-

1027 326 1115 347 menta
1132 323 1267 356 praebetis,
1282 324 1393 359 aliisque
1408 327 1534 360 perniciei
1550 333 1644 356 vestra:
1662 335 1820 365 potestatem

1027 365 1158 400 tribuitis,
1172 375 1204 395 ac
1223 369 1297 396 vobis
1317 369 1470 398 barathrum
1490 372 1617 401 elToditis.
1640 375 1685 403 Sic
1702 376 1821 406 Herodes

1027 411 1115 444 periit.
1130 411 1245 441 Putabat
1264 414 1335 441 enim
1359 416 1442 451 ipsam
1457 418 1593 454 quidpiam
1615 421 1738 449 convivio
1757 431 1823 450 con-

1026 462 1182 486 sentaneum
1197 460 1339 493 petituram
1350 469 1420 494 esse,
1435 463 1603 499 puellamque
1614 465 1639 492 in
1652 467 1822 496 solemnitate

1026 507 1053 529 et
1072 502 1141 531 inter
1157 505 1260 539 epulas,
1277 514 1332 533 rem
1349 509 1494 542 gratiosam
1509 514 1536 537 et
1550 510 1650 544 lzetam,
1666 520 1717 540 non
1732 519 1821 542 autem

1026 554 1105 584 caput
1116 550 1166 577 viri
1183 552 1374 586 postulaturam
1387 562 1466 588 esse;
1485 561 1512 584 et
1522 556 1654 592 deceptus
1666 564 1716 587 est.
1744 561 1820 588 Atta-

1026 602 1087 623 men
1104 596 1169 623 nihil
1187 597 1281 625 horum
1298 599 1385 632 ipsum
1401 601 1531 636 pnrgabit.
1553 602 1665 631 Etiamsi
1685 605 1756 633 enim
1776 607 1821 634 illa

1026 647 1086 667 cum
1100 641 1161 669 feris
1177 645 1348 677 pugnantium
1365 646 1481 673 \‘irormn
1497 648 1614 676 animum
1629 649 1764 683 habuerit.
1780 657 1820 679 at-

1027 691 1115 715 tamen
1130 695 1182 715 non
1196 688 1285 717 decuit
1299 691 1371 717 illum
1387 699 1417 720 se
1430 694 1464 720 ita
1480 693 1666 728 decipiendum
1682 697 1801 732 prazbere
1811 719 1819 731 ,

1027 741 1078 761 nec
1092 735 1232 769 tyrannica
1243 736 1352 772 obsequi
1367 738 1488 772 imperio.
1502 739 1590 768 Primo
1602 742 1684 774 enim,
1696 744 1755 778 quis
1766 753 1819 772 non

1026 778 1167 806 exhorruit
1183 787 1287 808 sacrum
1307 782 1371 809 illud
1389 788 1469 818 caput
1482 785 1574 813 videns
1589 788 1744 822 sanguinem
1760 790 1818 816 stil-

1026 823 1097 856 lare,
1112 829 1139 852 et
1152 825 1221 852 intcr
1233 826 1325 860 epulas
1339 829 1432 862 reponi
1444 829 1456 854 ?
1470 830 1504 856 At
1517 838 1570 857 non
1589 830 1695 867 iniquus
1709 834 1753 861 illc
1768 834 1820 862 lle-

1026 869 1122 903 rodes,
1146 878 1199 898 non
1222 873 1410 900 exsecrabilior
1430 874 1475 901 illo
1497 876 1604 903 mulier.
1625 877 1703 905 Tales
1722 880 1820 914 quippe

1025 921 1087 944 sunt
1101 918 1255 945 meretrices
1268 927 1275 946 :
1287 920 1405 947 omnium
1421 922 1639 955 petulantissima:
1652 930 1677 952 et
1690 926 1820 954 crudelis-

1025 964 1110 991 simae.
1126 964 1191 992 Nam
1204 966 1225 992 si
1237 973 1286 993 nos
1299 966 1356 994 hare
1365 967 1504 996 audientes
1516 970 1752 1004 perhorrescimus,
1765 980 1818 1007 quo

1025 1010 1114 1038 animo
1128 1010 1210 1039 fuisse
1228 1012 1374 1047 putandum
1394 1019 1436 1040 cst
1453 1022 1500 1042 eos
1513 1016 1556 1050 qui
1578 1016 1636 1044 haec
1653 1017 1715 1052 ipsis
1734 1019 1819 1047 oculis

1025 1056 1187 1084 cernerent?
1199 1057 1262 1092 quid
1276 1057 1346 1092 passi
1361 1062 1423 1086 sunt
1436 1060 1555 1088 convivas
1568 1066 1648 1096 caput
1659 1070 1752 1090 recens
1762 1071 1819 1091 am-

1026 1105 1145 1136 putatum
1166 1106 1193 1130 et
1217 1103 1374 1138 sanguinem
1396 1104 1519 1133 videntes
1541 1106 1566 1134 in
1587 1107 1676 1135 medio
1696 1109 1819 1136 convivio

1025 1147 1196 1183 repositum?
1211 1148 1244 1175 At
1260 1156 1312 1175 non
1326 1150 1495 1185 sanguinaria
1512 1151 1554 1179 illa
1570 1156 1596 1179 et
1611 1152 1676 1188 ipsis
1691 1153 1764 1181 furiis
1778 1154 1818 1181 fc-

1025 1192 1113 1220 rocior
1128 1193 1174 1220 illo
1187 1200 1320 1221 Commota
1337 1194 1386 1222 fuit
1399 1197 1552 1230 spectaculo
1563 1218 1569 1229 ,
1585 1198 1632 1225 sed
1646 1199 1794 1227 exsultabat
1809 1209 1817 1227 :

1024 1239 1108 1274 atqui,
1121 1239 1171 1266 etsi
1187 1248 1238 1267 non
1252 1240 1370 1272 aliunde,
1385 1249 1417 1269 ex
1432 1243 1490 1270 solo
1504 1248 1612 1278 aspectu
1628 1245 1722 1272 saltem
1742 1246 1817 1273 fasti-

1024 1285 1096 1312 dium
1116 1293 1294 1321 nauseamque
1314 1287 1463 1322 ingenerari
1483 1296 1532 1323 par
1551 1294 1618 1317 erat.
1635 1290 1732 1318 Verum
1752 1291 1818 1319 nihil

1024 1330 1174 1364 hnjusmodi
1190 1339 1267 1366 passa
1283 1336 1324 1359 est
1339 1332 1382 1360 illa
1396 1334 1551 1369 sanguinem
1567 1335 1661 1363 sitiens
1680 1336 1817 1372 propheti-

1024 1383 1095 1402 cum.
1109 1375 1182 1403 Talis
1196 1380 1237 1404 est
1256 1377 1395 1405 fornicatio
1410 1388 1416 1405 :
1434 1387 1486 1406 non
1503 1380 1616 1408 lascivos
1634 1385 1735 1409 tantum
1748 1403 1755 1416 ,
1770 1383 1817 1411 sed

1024 1424 1050 1448 et
1065 1421 1211 1449 homicidas
1233 1423 1325 1451 efficit.
1348 1423 1414 1452 Nam
1433 1425 1555 1454 adulterii
1570 1427 1672 1463 cupidm
1692 1429 1817 1457 mulieres

1023 1466 1057 1494 ad
1071 1467 1171 1495 caedem
1186 1473 1247 1496 sunt
1261 1474 1360 1504 paratae
1375 1470 1492 1498 virorum
1502 1493 1510 1506 ,
1524 1473 1569 1507 qui
1584 1474 1679 1508 injuria
1693 1474 1816 1503 afﬁciun-

1024 1517 1083 1546 tur;
1096 1521 1145 1542 nec
1157 1522 1237 1543 unam
1250 1520 1350 1543 tantum
1365 1517 1405 1545 vel
1419 1517 1496 1552 duas,
1507 1519 1553 1547 sed
1564 1524 1592 1547 et
1603 1520 1753 1549 innumeras
1765 1529 1817 1551 cae-

1023 1558 1071 1587 des
1086 1559 1142 1588 tieri
1161 1560 1239 1589 facile
1251 1563 1412 1590 curaverint.
1428 1563 1558 1592 Similium
1575 1573 1655 1600 porro
1669 1566 1815 1595 facinorum

1024 1605 1100 1632 multi
1119 1609 1202 1633 testes
1219 1611 1292 1634 sunt.
1313 1607 1341 1635 Id
1362 1608 1441 1636 etiam
1465 1609 1510 1637 illa
1530 1615 1592 1639 tunc
1612 1611 1691 1646 fecit,
1707 1621 1817 1647 sperans

1024 1655 1124 1678 tantum
1140 1651 1242 1679 facinus
1256 1653 1282 1680 in
1296 1652 1456 1682 oblivionem
1473 1655 1578 1684 tandem
1591 1664 1651 1685 esse
1665 1663 1814 1686 venturum.

1023 1695 1076 1723 Sed
1095 1697 1259 1725 contrarium
1279 1706 1390 1733 prorsus
1407 1701 1496 1728 evenit
1512 1710 1518 1728 :
1535 1709 1596 1729 nam
1617 1703 1693 1739 longe
1709 1704 1815 1733 clariori

1023 1748 1089 1769 voce
1103 1747 1194 1776 postea
1208 1743 1326 1772 Joannes
1338 1745 1473 1773 clamavit.

1057 1788 1084 1815 5.
1101 1788 1221 1823 Nequitia
1238 1791 1272 1817 ad
1291 1799 1401 1826 prwsens
1413 1797 1511 1827 tempus
1523 1794 1603 1821 solum
1622 1797 1734 1830 rrspt'cit.
1749 1796 1815 1824 Pec-

1022 1839 1104 1861 catum
1118 1843 1167 1862 ποθι
1182 1837 1273 1871 tegitur
1285 1846 1330 1871 per
1343 1839 1415 1865 aliud
1428 1845 1567 1873 peceatum,
1580 1841 1625 1868 sed
1638 1850 1683 1876 per
1695 1844 1816 1878 peniten-

1022 1879 1093 1906 tiam.
1105 1880 1223 1908 Conuiuia
1235 1890 1267 1910 ex
1278 1883 1374 1918 rapinis
1389 1890 1462 1918 parta
1473 1894 1548 1921 quant
1562 1887 1658 1914 odiosa.
1668 1902 1705 1908 —-
1718 1887 1814 1916 Verum

1022 1926 1137 1960 nequitia
1149 1927 1184 1954 ad
1199 1935 1316 1962 praesens
1330 1934 1430 1957 tantum
1445 1935 1550 1966 tempus
1561 1932 1678 1967 respicit,
1693 1934 1762 1962 sicut
1774 1934 1814 1962 fe-

1021 1971 1185 2005 bricitantes.
1202 1982 1262 2002 cum
1276 1983 1372 2010 aquam
1387 1976 1508 2011 frigidam
1524 1979 1708 2014 intempestive
1724 1985 1815 2015 postu-

1021 2019 1086 2045 lant.
1098 2019 1202 2047 Etenim
1215 2020 1265 2049 nisi
1275 2027 1457 2050 accusatorem
1466 2023 1622 2058 jugulasset,
1637 2024 1739 2053 facinus
1750 2026 1814 2054 illud

1021 2072 1073 2092 non
1099 2065 1133 2093 ita
1155 2066 1306 2102 evolgatnm
1329 2067 1431 2095 fuisset.
1458 2069 1583 2104 Discipuli
1606 2077 1721 2105 namque
1738 2071 1812 2106 ejus,

1021 2112 1127 2147 quando
1142 2113 1167 2140 in
1181 2120 1317 2142 carcerem
1337 2115 1472 2150 conjeclus
1493 2115 1538 2143 fuit
1553 2137 1560 2147 ,
1577 2116 1642 2143 nihil
1663 2117 1814 2152 hujnsmodi

1020 2158 1145 2187 dixerunt
1160 2167 1239 2188 :cum
1253 2165 1340 2189 autem
1355 2162 1508 2190 interfectus
1523 2163 1581 2196 fuit,
1597 2167 1651 2190 tum
1667 2163 1739 2190 necis
1752 2171 1815 2191 cau-

1020 2212 1076 2232 sam
1089 2205 1224 2240 publicare
1234 2207 1317 2234 coacti
1331 2212 1402 2235 sunt.
1418 2208 1571 2236 Adulteram
1584 2209 1710 2244 obtegere
1723 2209 1814 2244 cupie-

1021 2252 1101 2284 bant,
1116 2259 1166 2279 nec
1183 2253 1285 2280 alienas
1299 2253 1464 2281 calamitates
1483 2254 1634 2288 publicare;
1650 2262 1710 2282 cum
1724 2259 1813 2282 autem

1021 2298 1046 2326 in
1064 2299 1189 2326 narrandi
1212 2300 1398 2328 necessitatem
1418 2300 1523 2328 deducti
1540 2306 1617 2333 sunt,
1636 2307 1698 2328 tunc
1712 2301 1814 2328 facinus

1021 2352 1099 2372 omne
1115 2350 1265 2372 recensent.
1282 2345 1319 2372 Ne
1333 2346 1393 2380 quis
1406 2346 1478 2373 enim
1493 2353 1600 2373 causam
1616 2346 1696 2374 ett-dis
1715 2347 1813 2373 malam

1020 2397 1080 2417 esse
1094 2391 1283 2424 suspicaretur,
1301 2396 1329 2418 nt
1346 2392 1370 2418 in
1386 2391 1495 2418 Theuda
1508 2396 1535 2419 et
1548 2391 1614 2419 Juda
1630 2392 1750 2427 conligit.
1769 2400 1814 2419 re-

1021 2444 1077 2464 ram
1098 2436 1179 2464 ctedis
1199 2444 1305 2464 causam
1329 2437 1428 2465 referre
1447 2442 1586 2472 coguntur.
1608 2438 1699 2472 Itaque
1714 2442 1814 2472 quanto

1021 2484 1104 2518 magis
1125 2487 1260 2517 peccatum
1275 2483 1412 2511 occultare
1425 2483 1476 2510 hoc
1491 2484 1571 2510 modo
1585 2483 1703 2511 volueris
1715 2504 1722 2515 ,
1741 2484 1814 2510 tam’o

1021 2531 1104 2564 magis
1114 2529 1177 2556 illud
1186 2529 1303 2563 evnlgas.
1314 2529 1453 2557 Peccatum
1463 2530 1532 2556 enim
1543 2538 1594 2557 non
1605 2537 1651 2564 per
1660 2530 1759 2564 peccati
1766 2529 1812 2555 ad-

1020 2576 1194 2603 ditamcntum
1209 2576 1315 2610 tegitur,
1325 2575 1372 2603 sed
1386 2584 1433 2610 per
1442 2577 1624 2610 pwrritentiam
1635 2581 1661 2603 et
1671 2575 1813 2603 confessio-

1021 2630 1091 2650 nem.
1107 2621 1245 2656 Perpende
1259 2626 1347 2648 antetn
1360 2621 1493 2656 quomodo
1509 2621 1566 2649 haec
1579 2621 1739 2656 evangelista
1753 2628 1813 2646 mo-

1020 2669 1112 2696 derate
1125 2671 1230 2699 narret,
1244 2672 1271 2695 et
1285 2671 1412 2702 quantntn
1428 2667 1489 2694 licet
1504 2667 1605 2694 crimen
1621 2667 1732 2693 minuat.
1746 2666 1814 2693 Nam

1021 2713 1151 2742 Herodem
1166 2713 1190 2740 id
1206 2713 1301 2741 fecisse
1315 2712 1379 2739 dicit
1394 2718 1501 2747 propter
1514 2713 1693 2746 juramentum
1708 2716 1736 2739 et
1747 2719 1813 2738 con-

1020 2761 1092 2788 riras
1104 2780 1110 2792 ,
1126 2760 1265 2795 ipsumque
1279 2758 1465 2786 conﬂictatum
1481 2758 1562 2785 fuisse
1578 2766 1585 2784 :
1599 2757 1632 2785 de
1646 2756 1732 2791 puella
1750 2764 1815 2784 vero

1019 2807 1081 2834 dicit
1096 2807 1178 2841 ipsam
1195 2814 1209 2833 a
1224 2811 1309 2833 matre
1324 2804 1508 2839 praantonitam
1523 2803 1603 2830 fuiss'e
1615 2822 1622 2834 ,
1638 2806 1666 2830 et
1680 2806 1759 2836 caput
1771 2805 1813 2827 at-

1021 2855 1112 2882 tulisse
1126 2853 1211 2884 matri,
1229 2861 1258 2880 ac
1275 2853 1294 2880 si
1311 2853 1422 2884 diceret,
1440 2851 1510 2878 Illius
1521 2850 1594 2884 jussa
1608 2847 1813 2884 exsequebatur.
