2068 3132
217 157 270 184 ι95

217 215 276 242 Νοιι
290 213 361 242 enim
377 212 411 240 de
432 212 464 239 iis
482 211 527 246 qui
546 210 615 238 mala
638 209 787 245 patiuntur,
804 208 851 236 sed
868 208 902 235 de
921 207 953 235 iis
967 207 1012 241 qui

219 260 288 288 mala
302 258 428 290 inferunt,
443 257 535 285 dolere
548 256 634 283 solent
647 255 707 290 justi
723 262 827 287 onmes,
841 253 901 288 quia
917 252 942 280 hi
957 260 1013 279 ma-

218 308 291 333 xime
310 307 373 332 sunt
388 303 433 338 qui
453 303 521 330 male
542 302 687 337 patiuntur.
708 300 798 336 Neque
813 299 882 327 enim
898 298 1013 326 Joannes

220 352 299 378 laesus
312 350 376 382 fuit,
393 349 439 377 sed
461 349 478 376 ii
499 348 543 383 qui
563 347 619 374 ham
638 346 781 374 machinati
801 350 873 372 sunt.
892 344 945 371 llos
965 351 1013 370 nos

219 404 324 432 quoque
335 396 480 427 imitemur,
493 402 580 429 neque
591 393 748 420 insultemus
762 391 876 425 peccatis
888 390 1012 425 proximi,

219 446 266 470 sed
282 448 408 478 quantum
422 441 460 468 fas
474 446 515 468 est
526 440 690 467 occultemus
702 446 743 465 ea.
760 437 881 465 Animum
898 436 1016 472 philoso—

222 489 328 524 phieum
342 495 516 515 assumamus.
532 485 635 513 Etenim
651 484 811 519 evangelista
826 483 860 510 de
874 483 1014 510 meretrice

221 540 249 563 et
267 534 436 569 sanguinaria
458 532 570 559 muliere
590 530 725 557 moderate
741 533 869 564 quantum
885 528 957 555 licuit
973 528 1014 554 lo-

221 585 319 617 quutus
331 584 379 608 est.
393 579 451 607 Non
463 578 533 605 enim
544 577 620 609 dixit,
635 577 655 603 A
670 575 837 611 sanguinaria
849 579 876 602 et
889 575 1012 606 scelesta,

221 626 279 658 sed,
293 626 314 652 Α
326 629 404 652 matre
414 623 572 659 pra-monita,
586 621 781 649 honestioribus
791 628 854 647 usus
868 619 1012 646 vocabulis.

222 672 262 699 Tu
276 678 339 699 vero
353 670 503 705 proximum
516 667 676 695 contumelia
689 672 716 693 et
728 665 848 694 convicio
858 664 952 696 amcis,
966 672 1015 692 nec

222 718 258 746 ita
271 716 391 745 modeste
405 721 481 751 potes
494 714 527 742 de
543 714 622 741 fratre
634 713 678 748 qui
695 717 720 740 te
735 711 830 747 injuria
845 711 963 738 affecerit
976 711 1015 738 Io-

222 765 286 800 qui,
301 769 327 791 ιιι
349 764 394 791 ille
411 763 445 790 de
467 760 608 789 meretriCe
623 759 795 794 loquebatur,
811 758 858 785 sed
872 757 1014 785 admodum

224 811 357 843 ferociter,
371 815 398 837 et
410 817 470 837 cum
483 807 643 843 opprobriis,
658 806 800 833 scelestum
813 812 901 836 vocas,
917 804 951 832 im
956 812 1017 838 pro—

224 858 286 886 bum
299 878 306 889 ,
321 856 424 884 vafrum
436 877 442 887 ,
464 855 572 882 stultum
583 874 591 886 ,
606 858 630 880 el
651 852 747 879 similia
767 851 878 878 adhibes
897 850 1014 877 nomina.

222 904 288 932 Nam
299 903 441 930 eﬂ'eramur
453 900 562 928 omnino
575 904 601 926 et
614 898 688 934 quasi
701 898 735 925 de
747 897 894 932 alienigena
909 895 1016 922 homine

224 950 366 985 loquimur,
382 947 583 978 maledicentes,
598 943 723 971 conviciis
736 947 762 970 et
774 941 942 970 contumeliis
956 939 1016 967 afﬁ-

223 996 334 1023 cientes.
346 994 380 1022 At
391 1001 443 1020 non
455 993 490 1020 ita
500 996 573 1019 certe
585 990 670 1018 sancti
682 998 689 1016 :
703 988 750 1017 sed
763 988 851 1024 potius
863 990 1017 1023 peccatores

224 1041 325 1076 lugent,
338 1046 417 1075 quam
433 1038 496 1072 ipsis
512 1036 682 1064 maledicam.
695 1034 752 1062 Hoc
766 1038 793 1061 et
805 1040 856 1061 nos
868 1032 995 1060 faciamus
1008 1040 1015 1058 :

224 1087 362 1122 lugeamus
383 1083 576 1115 Herodiadem,
593 1086 621 1109 et
637 1088 684 1108 eos
706 1080 750 1116 qui
775 1079 846 1107 illam
868 1078 1015 1106 imitantur.

225 1132 306 1161 Multa
323 1138 437 1166 namque
451 1129 530 1157 etiam
546 1135 617 1155 nunc
636 1125 788 1162 huiusmodi
804 1124 926 1152 convivia
941 1124 1017 1152 cele-

226 1178 347 1205 brantur.
360 1178 446 1211 Atque
458 1174 562 1203 etiamsi
576 1173 692 1201 Joannes
705 1179 758 1199 non
772 1170 954 1203 interficiatur,
969 1170 1017 1197 sed

226 1223 325 1251 Christi
343 1221 463 1250 membra
477 1221 555 1255 longe
568 1219 675 1255 gravius
689 1218 861 1253 impetuntur.
874 1217 932 1244 Non
946 1217 1017 1245 enim

226 1274 305 1304 caput
318 1268 345 1296 in
358 1268 432 1296 disco
445 1271 539 1302 petunt
554 1266 571 1293 ii
583 1265 628 1301 qui
641 1272 712 1292 nunc
724 1263 868 1299 tripudiant
877 1283 885 1297 ,
898 1264 946 1291 sed
958 1265 1017 1292 ani-

226 1325 285 1345 mas
298 1317 377 1344 simul
396 1315 619 1344 recumbentium.
631 1314 697 1342 Cum
711 1318 799 1341 autem
819 1313 877 1340 illos
892 1313 918 1340 in
933 1312 1018 1339 servi-

227 1369 312 1392 tutem
326 1363 494 1398 redegerint,
510 1366 537 1389 et
554 1361 586 1388 ad
602 1361 707 1396 iniquos
728 1359 882 1387 induxerint
895 1365 1018 1392 amores,

228 1410 437 1444 meretricesque
460 1407 650 1439 adhibuerim,
671 1413 724 1434 non
745 1409 824 1440 caput
843 1404 1017 1437 abscindunt,

227 1455 275 1484 sed
287 1455 403 1483 animam
411 1454 542 1490 jugulant,
554 1453 617 1480 dum
629 1452 690 1480 illos
701 1450 830 1484 moechos,
841 1450 1018 1482 effeminatos,

228 1505 256 1529 et
266 1501 385 1528 exoletos
398 1499 521 1527 reddunt.
535 1498 626 1532 Neque
637 1497 708 1525 enim
721 1496 785 1523 mihi
799 1495 908 1528 dixeris,
921 1499 946 1522 te
959 1495 1020 1521 vino

228 1550 334 1582 captum
348 1551 375 1573 et
387 1545 490 1573 ebrium
507 1543 647 1571 mulierem
661 1543 811 1575 saltantem,
823 1548 882 1576 quae
895 1540 1020 1567 obscaena

228 1592 360 1628 loquitur,
377 1591 434 1618 sine
448 1590 501 1617 ullo
515 1588 739 1624 concupiscentiae
758 1591 831 1614 motu
847 1586 937 1613 videre
947 1606 955 1618 ,
971 1593 1020 1613 ne-

229 1648 281 1675 que
299 1640 433 1675 voluptate
453 1639 549 1666 victum
568 1637 601 1664 ad
622 1636 755 1664 lasciviam
776 1634 849 1662 ferri.
867 1633 934 1661 Illud
948 1638 1021 1660 certe

229 1686 357 1714 horribile
371 1685 486 1720 pateris,
501 1689 530 1711 ut
549 1683 669 1711 membra
683 1681 782 1709 Christi
803 1679 885 1707 facias
902 1678 1021 1706 membra

230 1731 388 1760 meretricis.
400 1729 466 1758 Nam
485 1729 534 1756 etsi
555 1736 608 1756 non
625 1727 696 1754 adsit
714 1726 767 1753 lilia
786 1724 958 1757 llerodiadis,
975 1722 1021 1750 sed

229 1778 275 1814 qui
290 1785 337 1812 per
354 1776 425 1804 illam
443 1779 507 1802 tunc
526 1774 635 1801 saltavit
652 1771 774 1800 diabolus
787 1792 793 1803 ,
813 1778 860 1805 per
876 1770 934 1797 illas
952 1776 1023 1796 nunc

230 1823 343 1851 choreas
361 1822 434 1857 agit,
449 1821 556 1855 abitque
577 1819 680 1846 animas
699 1816 921 1845 discumbentium
942 1821 1022 1849 agens

231 1869 358 1904 captivas.
375 1867 450 1902 Quod
471 1867 493 1894 si
514 1873 561 1893 vos
581 1864 692 1899 potestis
706 1863 864 1891 ebrietatem
881 1861 964 1887 vitare
975 1879 983 1892 ,
997 1863 1024 1886 at

232 1915 341 1944 alterius
359 1914 459 1950 peccati
477 1911 625 1948 gravissimi
642 1909 782 1945 participes
801 1907 866 1934 estis
882 1915 888 1933 :
904 1905 1025 1941 plurimis

233 1970 347 1998 namque
361 1961 461 1997 rapinis
482 1958 632 1994 hojusmodi
648 1955 767 1984 convivia
782 1957 914 1982 Constant.
928 1951 967 1979 Ne
979 1959 1024 1986 ap-

233 1997 333 2044 positas
343 2014 437 2034 eaI-nes
449 2004 605 2040 respexeris,
619 2010 667 2029 nec
677 2002 825 2037 placentas;
835 1999 881 2026 sed
893 1997 1024 2025 undenam

234 2055 292 2083 haec
303 2053 414 2082 collecta
429 2053 482 2080 sint
496 2051 592 2086 cogita,
607 2054 633 2077 et
647 2048 748 2075 videbis
762 2047 806 2073 illa
820 2054 852 2073 ex
864 2044 984 2077 avaritia,
999 2048 1026 2070 et

234 2101 271 2132 vi,
287 2104 314 2128 et
330 2099 420 2134 rapina
435 2096 577 2132 proficisci.
594 2095 703 2127 Verum,
719 2092 832 2128 inquies,
848 2091 905 2118 haec
923 2097 974 2117 non
990 2090 1025 2117 ita

234 2151 309 2181 parta
324 2148 404 2177 sunt;
418 2143 505 2171 absit!
530 2142 556 2169 id
576 2148 625 2175 ego
645 2139 755 2166 minime
775 2137 862 2164 velim.
885 2135 983 2163 Verum
1003 2135 1026 2162 si

236 2193 285 2221 hac
298 2192 324 2220 iu
337 2195 413 2227 parte
426 2188 549 2218 convivia
563 2187 617 2215 sint
628 2193 710 2221 pura,
725 2191 777 2211 non
792 2187 881 2210 tamen
896 2181 940 2208 illa
952 2188 1026 2208 sum-

237 2226 472 2276 ptuosaiconvivia
494 2241 603 2270 prorsus
625 2237 687 2260 sunt
710 2230 822 2258 crimine
843 2235 935 2256 vacua.
959 2226 1026 2254 Audi

237 2271 307 2313 enim
328 2281 462 2319 quomodo
484 2281 528 2308 illa
549 2279 590 2306 vel
614 2276 772 2312 supradictis
794 2281 877 2301 vacua
899 2271 1027 2308 propheta

238 2318 416 2366 reprehendat
429 2327 471 2355 his
485 2325 574 2354 verbis
590 2334 596 2352 :
616 2323 660 2351 γω
673 2323 716 2358 qui
729 2321 810 2349 bibitis
827 2321 976 2366 defwcatum
990 2318 1029 2344 ui-

238 2363 307 2406 IIl-m,
320 2380 343 2402 et
356 2373 488 2409 unguentis
501 2371 588 2407 primis
604 2368 726 2404 ungimini
738 2366 826 2400 (Amos
847 2366 874 2392 6.
889 2363 928 2399 6).
947 2363 1029 2391 Vides

236 2421 351 2457 qualiter
361 2420 405 2447 hic
413 2418 522 2446 delicias
532 2413 730 2450 reprehendat?
739 2411 832 2446 Neque
839 2410 909 2438 enim
921 2409 962 2436 his
974 2415 1030 2436 ver-

238 2455 280 2495 bis
292 2464 431 2494 avaritiam
444 2464 604 2493 insectatur,
618 2459 665 2488 sed
679 2458 776 2486 eﬂ‘usas
789 2455 899 2484 delicias
915 2458 1027 2482 tantum.

274 2512 301 2539 6.
321 2511 361 2538 'I‘u
375 2508 494 2537 comedis
508 2508 577 2535 ultra
599 2512 750 2533 mensuram
761 2524 769 2535 ,
783 2510 843 2530 cum
858 2501 981 2529 Christus
996 2507 1030 2526 no

238 2557 346 2594 quidem
367 2554 516 2584 necessaria
532 2552 641 2583 habeat;
659 2555 687 2576 tu
702 2550 837 2584 placentas
853 2546 955 2574 affatim
965 2565 972 2578 ,
986 2544 1031 2572 ille

240 2589 274 2631 ne
288 2609 383 2638 panem
401 2599 507 2636 quidem
530 2597 653 2628 aridum;
678 2600 705 2622 tu
725 2593 851 2621 Thasium
870 2591 961 2618 vinum
976 2589 1029 2623 (α),

240 2634 295 2684 ipsi
306 2655 373 2676 vero
394 2634 428 2674 ne
450 2644 560 2673 calicem
581 2641 687 2677 quidem
710 2647 786 2674 aqua:
808 2636 911 2672 frigida:
932 2634 1031 2662 sitienti

239 2681 355 2725 dedisti;
371 2697 398 2719 tu
413 2692 439 2718 in
455 2691 525 2718 lecto
545 2687 618 2715 molli
644 2691 670 2713 et
691 2688 786 2712 ornato
797 2683 869 2718 iaces
880 2702 888 2715 ,
909 2681 953 2708 ille
968 2687 1033 2708 vero

240 2738 398 2774 subfrigido
412 2743 475 2764 aere
486 2735 568 2770 alget.
585 2733 688 2760 Idcirco
696 2729 800 2758 etiamsi
821 2727 932 2756 avaritia
950 2733 1032 2753 vacua

274 2816 311 2848 (α)
328 2815 407 2848 Thasii
419 2813 468 2848 vini
479 2813 537 2837 olim
546 2805 813 2848 celeberrimimmiept‘io

242 2835 532 2904 ultfﬂapitduscriptores,
549 2841 671 2870 Plautum,
693 2837 806 2867 Plinium,
831 2835 987 2864 Athenazum,
1008 2835 1035 2858 et

243 2885 257 2902 a
268 2884 310 2904 tos.

697 151 728 180 IN
748 149 951 179 MATTH/EUM
973 147 1086 176 llO.\HI..
1110 148 1224 176 XLVIII.
1245 149 1281 176 :tl.
1302 149 1396 177 XLIX.

1805 153 1855 181 494

1067 211 1155 232 essent
1170 206 1289 233 convivia
1304 210 1357 238 tua,
1370 211 1457 234 tamen
1473 207 1533 234 ideo
1545 207 1672 242 flagitiosa
1695 213 1774 243 sunt,
1787 211 1856 245 quod

1067 257 1094 279 tu
1114 259 1194 287 supra
1220 254 1405 280 necessitatem
1434 253 1523 281 omnia
1551 253 1649 288 facias,
1673 254 1709 282 illi
1736 263 1799 282 vero
1824 264 1858 283 ne

1066 297 1174 332 quidem
1188 298 1335 325 necessaria
1352 298 1482 333 praebeas,
1496 306 1556 325 cum
1582 307 1613 326 ex
1638 300 1720 335 ipsius
1734 300 1810 329 bonis
1831 302 1857 328 in

1066 343 1171 372 deliciis
1185 345 1268 371 vivas.
1282 344 1363 372 Certe
1382 345 1403 371 si
1419 345 1494 380 pueri
1509 345 1656 381 cujuspiam
1678 351 1750 375 tutor
1763 355 1836 376 esses
1849 369 1858 380 .

1068 395 1094 417 et
1103 389 1186 425 ipsius
1201 390 1270 418 bona
1279 390 1479 421 administrans,
1493 391 1578 426 ipsum
1592 392 1617 418 in
1636 393 1765 421 extremis
1785 394 1858 428 posi-

1068 441 1123 463 tum
1146 437 1315 472 despiceres,
1341 443 1483 466 sexcentos
1506 439 1619 467 haberes
1632 445 1811 471 accusatores.
1829 448 1860 467 ac

1068 484 1214 511 secundum
1239 483 1312 519 leges
1334 491 1427 519 poenas
1449 485 1528 512 dares
1545 493 1551 511 ε
1567 492 1628 512 cum
1646 490 1736 512 autem
1749 493 1780 513 ea
1800 493 1859 520 qua:

1067 528 1167 556 Christi
1182 533 1243 557 sunt
1253 530 1401 564 acceperis,
1416 534 1443 557 et
1460 530 1499 557 sic
1511 530 1608 557 frustra
1622 531 1757 564 insumas,
1770 538 1859 558 annon

1069 580 1146 610 putas
1159 580 1186 603 te
1200 577 1331 603 rationem
1350 576 1516 603 redditurum
1531 576 1614 604 esse?
1628 576 1691 604 Hmc
1713 585 1794 612 porro
1806 584 1858 605 non

1067 621 1102 649 de
1126 621 1177 648 illis
1191 621 1261 655 dico,
1286 622 1330 656 qui
1350 622 1506 650 meretrices
1525 622 1559 649 ad
1586 631 1704 650 mensam
1730 624 1860 652 inducunt

1069 667 1132 702 (illis
1151 667 1250 702 quippe
1263 675 1315 694 non
1338 667 1422 702 magis
1439 675 1519 703 quam
1536 668 1646 696 minibus
1669 669 1856 705 loquendum),

1070 721 1118 739 nec
1133 712 1166 739 de
1181 713 1331 746 raptoribus
1342 713 1386 747 qui
1400 713 1512 740 aliorum
1532 718 1640 741 ventres
1653 714 1764 750 implent
1774 715 1783 749 (
1794 715 1861 743 nihil

1069 759 1140 785 enim
1156 765 1298 785 commune
1320 766 1380 785 eum
1402 759 1454 785 illis
1470 758 1556 787 habeo
1567 780 1575 791 ,
1588 764 1617 786 ut
1629 767 1679 787 nec
1696 768 1757 788 cum
1771 761 1860 796 porcis

1068 803 1110 831 vel
1121 803 1217 839 lupis),
1234 803 1282 830 sed
1296 803 1329 830 de
1339 803 1391 831 illis
1401 804 1489 839 agitur
1501 805 1546 839 qui
1559 804 1636 832 bonis
1649 805 1772 833 fruuntur
1782 807 1837 834 suis
1850 827 1859 840 ,

1069 857 1119 878 nec
1131 850 1191 878 aliis
1214 850 1376 885 largiuntur;
1397 850 1431 877 de
1443 850 1476 878 ii‘s
1486 851 1530 885 qui
1545 856 1654 886 paterna
1673 852 1742 879 bona
1764 852 1859 880 frustm

1068 900 1238 924 consumunt.
1252 895 1344 931 Neque
1356 896 1426 923 enim
1441 895 1466 923 hi
1488 896 1600 924 crimine
1611 898 1687 925 vacui
1702 902 1774 925 sunt.
1794 899 1858 925 Nam

1069 942 1214 978 quomodo,
1231 949 1334 977 quaeso,
1352 942 1536 970 accusationes
1554 946 1582 970 et
1606 943 1711 978 culpam
1737 943 1858 979 effugias,

1069 989 1177 1025 quando
1199 989 1332 1024 parasitus
1346 992 1466 1016 ventrem
1488 989 1589 1024 implet,
1612 993 1641 1016 ut
1663 995 1690 1017 et
1707 991 1791 1022 canis,
1813 992 1858 1024 qui

1069 1035 1172 1068 adstat;
1183 1035 1246 1062 dum
1260 1034 1382 1062 Christus
1396 1043 1429 1062 ne
1444 1034 1495 1062 hoc
1505 1035 1612 1069 quidem
1622 1035 1752 1063 beneficio
1766 1035 1861 1071 dignus

1069 1083 1140 1119 apud
1155 1088 1180 1111 te
1192 1082 1326 1110 habetur?
1338 1081 1444 1117 quando
1458 1082 1490 1114 is,
1502 1082 1547 1117 qui
1560 1082 1642 1109 risum
1657 1087 1746 1110 movet
1759 1103 1768 1115 ,
1789 1087 1860 1110 tanta

1069 1130 1181 1165 accipit;
1195 1129 1240 1157 ille
1249 1134 1349 1162 autem,
1363 1128 1408 1163 qui
1420 1135 1530 1162 regnum
1538 1128 1663 1155 caelorum
1673 1128 1699 1155 in
1711 1128 1860 1156 mercedem

1070 1176 1158 1208 offert,
1172 1183 1206 1203 ne
1232 1175 1369 1202 minimam
1390 1173 1497 1209 quidem
1511 1174 1606 1201 horum
1632 1174 1755 1209 partem?
1773 1174 1818 1202 ille
1833 1179 1862 1202 ut

1071 1223 1156 1250 facete
1175 1221 1274 1256 aliquid
1295 1220 1375 1252 dicat,
1399 1220 1510 1247 satiatus
1529 1219 1598 1252 abit;
1614 1219 1658 1247 hic
1678 1227 1743 1247 vero
1766 1220 1810 1254 qui
1829 1228 1861 1247 ea

1071 1268 1159 1300 docet,
1175 1274 1234 1302 qua:
1249 1265 1302 1293 nisi
1316 1264 1488 1293 didicerimus
1498 1285 1505 1298 ,
1521 1264 1585 1292 nihil
1602 1272 1616 1291 a
1632 1265 1743 1292 canibus
1756 1264 1863 1292 differe-

1072 1322 1142 1344 mus,
1157 1321 1210 1341 non
1225 1312 1319 1340 eodem
1337 1320 1390 1346 quo
1404 1311 1450 1339 ille
1463 1310 1593 1339 beneficio
1607 1311 1746 1346 dignatur?
1762 1311 1861 1338 Horre-
1892 1302 1897 1305 λ

1071 1361 1125 1388 scis
1138 1359 1195 1387 haec
1202 1357 1355 1386 audiendo?
1367 1357 1498 1384 Horresco
1507 1364 1572 1392 ergo
1585 1356 1618 1384 de
1632 1356 1718 1384 factis.
1731 1356 1803 1391 Ejiee
1813 1365 1860 1391 pa-

1072 1406 1180 1439 rasitos,
1194 1410 1222 1433 et
1230 1404 1274 1432 fac
1286 1409 1372 1432 tecum
1385 1402 1545 1431 accumbere
1560 1402 1705 1430 Christum.
1725 1403 1752 1430 Si
1769 1404 1823 1431 sale
1835 1409 1863 1431 et

1072 1459 1165 1480 mensa
1179 1457 1266 1479 tecum
1279 1449 1528 1483 communicaverit,
1543 1454 1697 1476 mansuetus
1720 1449 1767 1476 tibi
1780 1449 1862 1484 judex

1073 1498 1125 1525 erit
1139 1507 1145 1525 :
1162 1497 1231 1525 solet
1242 1496 1359 1524 revereri
1382 1503 1513 1523 mensam.
1528 1494 1557 1522 Si
1577 1503 1691 1529 namque
1706 1495 1731 1522 id
1746 1495 1863 1522 latrones

1073 1545 1189 1576 faciant,
1206 1547 1305 1579 quanto
1319 1543 1404 1578 magis
1422 1541 1571 1570 Dominus?
1589 1541 1681 1576 Cogita
1701 1542 1771 1569 enim
1795 1550 1862 1576 quo-

1075 1591 1154 1619 modo
1162 1591 1330 1618 meretricem
1344 1589 1414 1617 illam
1425 1597 1440 1616 a
1448 1595 1539 1615 mensa
1550 1587 1681 1622 utjustam
1691 1587 1862 1620 laudaverit‘,

1074 1644 1106 1664 ac
1116 1636 1217 1664 Simoni
1237 1635 1439 1670 exprobraverit
1462 1634 1556 1662 dicens
1573 1642 1580 1661 :
1597 1633 1722 1660 Osculum
1735 1633 1799 1660 miln‘
1812 1641 1863 1659 non

1075 1683 1166 1710 dedisti
1180 1681 1189 1718 (
1205 1681 1268 1708 Luc.
1285 1682 1310 1708 7.
1325 1681 1359 1709 65
1373 1681 1393 1716 ).
1404 1680 1480 1713 Quod
1494 1679 1516 1707 si
1530 1684 1556 1706 te
1569 1678 1628 1706 hmo
1647 1686 1700 1705 non
1724 1678 1863 1705 facientem

1076 1729 1169 1760 nutrit,
1188 1728 1272 1754 multo
1287 1727 1371 1761 magis
1393 1725 1535 1753 facientem
1550 1723 1675 1752 mercede
1694 1724 1814 1751 donabit.
1827 1723 1865 1751 Ne

1076 1776 1181 1810 inopem
1192 1774 1334 1808 despicias,
1346 1771 1417 1807 quod
1429 1770 1552 1798 sordidus
1561 1775 1588 1798 et
1599 1769 1733 1805 squalidus
1741 1769 1866 1802 accedat;

1076 1821 1124 1849 sed
1137 1820 1236 1855 cogita,
1248 1818 1385 1847 Christum
1400 1825 1448 1852 per
1460 1815 1546 1851 ipsum
1560 1815 1668 1843 domum
1686 1819 1758 1841 tuam
1772 1814 1846 1841 adire
1857 1836 1866 1848 ,

1078 1875 1111 1895 ne
1126 1874 1220 1902 pergas
1234 1866 1306 1893 illum
1322 1864 1475 1892 inhumanis
1497 1863 1586 1890 verbis
1604 1862 1738 1889 incessere
1748 1881 1756 1894 ,
1771 1861 1868 1896 quibus

1078 1913 1235 1942 accedentes
1259 1911 1390 1939 lacessere
1418 1910 1507 1941 soles,
1532 1909 1699 1943 importunus
1727 1907 1867 1939 meando,

1078 1961 1179 1988 otiosos
1191 1979 1198 1991 ,
1212 1957 1435 1994 gravioribusque
1457 1956 1516 1983 aliis
1530 1954 1682 1982 nominibus
1697 1952 1867 1988 appellando.

1079 2006 1184 2041 Cogiles
1198 2004 1277 2032 velim
1293 2003 1399 2039 quando
1410 2002 1469 2029 hare
1483 2001 1560 2032 dicis.
1573 2008 1632 2035 qua:
1646 2000 1691 2027 tibi
1700 2006 1780 2033 opera
1795 2006 1870 2033 para-

1078 2053 1121 2080 siti
1133 2052 1241 2084 faciant,
1256 2059 1289 2077 an
1303 2049 1329 2077 in
1349 2049 1438 2083 aliquo
1457 2046 1578 2074 familiari
1596 2045 1633 2073 rei
1651 2050 1701 2072 tua:
1713 2044 1766 2072 sint
1780 2044 1868 2071 utiles.

1079 2097 1234 2129 Prandium,
1262 2095 1376 2130 inquies,
1399 2092 1507 2121 suavius
1530 2091 1653 2119 reddunt.
1679 2091 1712 2117 Et
1736 2089 1871 2124 quomodo

1079 2144 1196 2174 suavius,
1209 2142 1271 2169 dum
1282 2139 1366 2174 alapis
1377 2137 1516 2166 caeduntur
1523 2143 1555 2164 ac
1567 2136 1652 2170 turpia
1663 2134 1825 2170 loquuntur?
1839 2134 1871 2161 Et

1079 2190 1142 2224 quid
1158 2189 1206 2215 hac
1219 2195 1249 2214 re
1263 2185 1399 2213 insuavius
1414 2204 1420 2215 ,
1442 2182 1549 2218 quando
1569 2181 1592 2208 is
1610 2181 1654 2215 qui
1676 2181 1708 2208 ad
1729 2180 1870 2214 imaginem

1081 2235 1128 2263 Dei
1144 2235 1228 2261 factus
1243 2236 1284 2259 est
1293 2230 1413 2263 cmditur,
1426 2233 1493 2256 etcx
1503 2228 1552 2254 hac
1560 2226 1720 2254 contumelia
1735 2225 1871 2260 voluptate

1081 2279 1207 2311 afficeris,
1223 2277 1294 2304 :edes
1303 2280 1362 2303 tuas
1372 2275 1396 2301 in
1413 2273 1543 2301 theatrum
1557 2276 1726 2303 convertens,
1739 2278 1769 2297 ac
1782 2271 1872 2297 mimis

1083 2323 1237 2352 convivium
1245 2321 1360 2355 replens,
1367 2318 1543 2352 scenicosque
1549 2323 1627 2344 rasos
1634 2315 1819 2346 imitaris,cum
1827 2320 1871 2340 no-

1063 2382 1065 2384 -
1085 2367 1273 2400 bilisliberque
1284 2365 1320 2392 sis
1326 2363 1408 2391 ?Nam
1418 2363 1454 2390 ibi
1463 2362 1535 2389 risus
1541 2361 1656 2395 etalapae
1663 2358 1872 2386 visuntur."th-

1085 2414 1156 2446 cine,
1168 2418 1271 2447 quaeso,
1285 2410 1448 2444 voluptatem
1464 2407 1593 2443 appellas,
1608 2414 1668 2441 quae
1685 2405 1777 2432 multis
1792 2404 1871 2438 digna

1087 2462 1152 2487 sunt
1162 2457 1298 2492 lacrymis,
1307 2455 1413 2482 ﬂetibus
1420 2475 1427 2487 ,
1437 2453 1599 2489 gemitibus?
1606 2460 1666 2480 eum
1678 2455 1815 2486 oporteret
1825 2457 1872 2477 eos

1084 2510 1117 2537 ad
1131 2509 1210 2535 vitam
1227 2505 1336 2541 probam
1352 2508 1488 2534 revocare,
1501 2499 1534 2527 ad
1547 2498 1663 2527 ofﬁcium
1679 2497 1789 2529 hortari,
1803 2502 1829 2523 tu
1840 2496 1873 2522 ad

1085 2555 1212 2592 periuria,
1229 2552 1364 2586 verbaque
1384 2548 1469 2582 turpia
1493 2552 1632 2582 provocas,
1646 2548 1674 2572 et
1690 2544 1741 2571 hoc
1753 2543 1876 2577 volupta-

1086 2586 1140 2630 ἱειῆ
1151 2586 1288 2636 appellas?
1299 2596 1423 2632 quodque
1433 2593 1465 2620 ad
1479 2592 1628 2628 gehennam
1636 2590 1718 2622 ducit,
1734 2586 1877 2623 voluptatis

1085 2634 1270 2683 argumentum
1281 2651 1340 2670 esse
1354 2640 1449 2676 putas?
1459 2639 1524 2666 Cum
1533 2637 1605 2665 enim
1619 2636 1705 2664 facete
1715 2634 1777 2670 quid
1788 2634 1878 2661 dicere

1087 2680 1194 2729 parasiti
1217 2698 1268 2718 non
1285 2692 1412 2724 poswnt,
1433 2682 1592 2720 juramentis
1616 2689 1648 2709 ac
1670 2680 1795 2716 perjuriis
1818 2686 1880 2706 sese

1087 2724 1150 2766 hinc
1161 2735 1314 2771 expediunt.
1337 2731 1459 2760 Ilteccine
1483 2730 1537 2757 risu
1561 2727 1661 2763 digna?
1681 2733 1770 2754 annon
1793 2724 1879 2760 potius

1123 2859 1210 2882 ‘Juxta
1220 2853 1289 2881 savii.
1301 2851 1431 2885 lcgendtun
1445 2852 1521 2881 essct,
1531 2856 1546 2874 a
1554 2854 1636 2874 mensa
1647 2851 1727 2873 mitem
1738 2843 1862 2871 reddider.
