2068 3132
191 132 244 163 195

191 193 317 228 iicrytnis
328 191 488 220 omnibus?
500 190 534 218 Et
550 191 607 226 quis
626 195 716 218 mente
734 190 826 217 valens
840 189 879 217 sic
893 188 986 223 loqua-

192 240 254 267 tur?

229 285 255 312 7.
276 285 339 312 ll:rc
352 292 431 319 porro
452 278 523 317 dico,
546 291 598 311 non
610 290 664 319 quo
684 282 838 318 prohibeam
860 282 985 309 alimenta

194 332 258 365 ipsis
271 331 444 366 suppeditari.
459 330 506 358 sed
520 338 553 358 ne
564 330 613 357 hac
628 330 661 357 de
671 337 750 356 causa
764 328 965 363 suppeditentur
977 336 984 354 :

195 375 376 408 humanitatis,
387 384 439 403 non
454 375 625 402 immanitatis
635 382 713 402 causa
728 374 894 406 nutriantur;
908 374 986 401 mise-

195 421 308 449 ricordia
324 421 403 455 adsit,
419 429 470 448 non
485 421 656 448 contumelia.
674 420 805 447 Alimenta
822 419 871 454 ipsi
886 419 984 454 prtebe,

192 469 254 504 quia
276 477 376 503 pauper
392 473 433 496 est
445 488 453 501 ,
478 473 506 495 et
519 469 580 502 quia
600 468 626 494 in
642 467 687 494 illo
708 466 844 494 Christum
856 466 917 499 alis,
933 473 985 493 non

193 520 282 542 autem
302 515 363 550 quia
387 515 504 542 satanica
520 514 620 541 inducit
641 513 731 545 verba,
757 521 886 548 suamque
905 514 985 540 vitam

193 561 326 594 deturpat.
340 560 398 587 Noli
411 560 567 594 conspicere
582 559 724 590 ridentem,
738 558 784 586 sed
795 558 986 586 conscientiam

193 606 251 640 ejus
266 605 385 640 explora,
399 609 426 632 et
438 609 499 631 tunc
512 604 614 631 videbis
630 604 715 639 ipsum
731 611 790 631 sese
798 604 894 632 millies
905 605 987 632 male-

193 652 336 682 dicentctu,
351 655 501 686 gementem
511 655 590 683 atque
601 649 781 685 plangentem.
798 651 882 684 Quam
898 658 953 678 rem
964 650 987 677 si

192 698 318 729 occultat,
330 702 437 732 propter
451 701 476 723 te
484 696 609 724 occultat.
626 695 757 723 Convivas
774 695 901 724 adhibeto
915 697 988 723 viros

196 749 326 776 pauperes
349 742 511 777 liberosque,
537 749 590 769 non
613 742 737 777 perjuros
764 742 804 770 vel
830 742 937 769 mimos.
958 742 987 770 Si

194 787 260 815 velis
271 791 359 815 autem
373 792 402 815 ut
414 788 529 823 aliquam
541 787 589 815 tibi
602 788 687 816 vicem
699 788 846 823 rependant
856 809 862 820 ,
872 788 947 822 jube,
964 789 986 815 si

193 834 256 870 quid
270 834 384 862 viderint
397 834 563 865 indecorum,
577 829 733 869 increpare,
750 841 861 861 monere
873 855 879 867 ,
894 841 986 861 curam

193 881 289 908 domus
300 885 327 907 et
342 879 447 907 familia:
458 880 567 906 habere.
589 880 670 907 Filios
691 879 795 907 habes?
815 880 874 907 Sint
899 884 986 906 tecum

195 933 283 961 patres
299 926 428 961 ipsorum.
442 930 471 952 et
481 926 693 961 magistri,lucra
710 926 756 953 tibi
778 930 914 961 reportent
933 925 988 953 Deo

196 974 302 1008 placita.
326 973 354 1000 ln
381 972 585 1008 negotiationem
600 972 765 1007 spiritualem
788 972 847 1000 illos
863 973 985 1000 immitte.

195 1019 225 1046 Si
240 1024 361 1052 egentem
387 1018 536 1053 patrocinio
552 1018 659 1051 videris,
684 1018 784 1052 impera
807 1023 834 1044 ut
860 1018 987 1045 auxilium

196 1069 323 1099 prtestent
340 1070 367 1092 et
380 1064 592 1092 subministrent.
609 1063 709 1091 Horum
726 1064 875 1091 ministerio
891 1072 988 1091 venare

197 1110 359 1145 peregrinos,
374 1110 459 1138 nudos
475 1110 555 1138 indue
567 1130 575 1143 ,
593 1110 619 1137 in
631 1117 765 1138 carcerein
781 1111 856 1137 mitte
868 1131 875 1142 ,
887 1111 988 1138 alit-nas

195 1157 269 1184 solve
284 1157 467 1183 necessitates.
484 1155 558 1184 Hanc
569 1155 616 1183 tibi
631 1156 666 1183 ob
681 1155 877 1190 suppeditatam
895 1156 989 1183 alimo-

196 1202 267 1229 niam
283 1203 366 1230 vicem
383 1202 540 1236 rependant,
556 1209 615 1237 qua:
637 1206 665 1229 et
679 1201 725 1229 tibi
739 1206 766 1229 et
779 1202 830 1229 illis
845 1202 947 1236 prosit,
963 1206 990 1229 et

195 1255 255 1283 qua
270 1247 413 1282 improbari
430 1255 573 1282 numquam
586 1251 684 1282 potest.
701 1247 767 1274 Hinc
780 1247 913 1274 strictiore
923 1248 990 1274 ami-

195 1295 267 1322 citia:
279 1294 384 1322 vinculo
395 1294 554 1329 jungemini.
566 1293 640 1321 Nunc
650 1294 733 1327 enim,
745 1294 848 1321 etiamsi
860 1298 952 1328 putent
961 1301 990 1322 se

196 1340 291 1373 amari,
307 1345 424 1368 attamen
440 1339 602 1367 erubescunt
619 1339 695 1375 quasi
710 1340 793 1375 gratis
815 1339 885 1374 apud
910 1344 937 1367 te
951 1340 991 1367 vi-

198 1392 310 1419 ventes;
326 1387 348 1414 si
362 1392 451 1414 autem
463 1387 520 1414 haec
534 1386 707 1421 perfecerint,
726 1385 836 1414 liberius
850 1391 929 1421 agent
941 1407 949 1418 ,
963 1393 990 1414 et

197 1438 226 1461 tu
241 1434 367 1461 libentius
384 1441 503 1461 mensam
519 1433 667 1468 prtebebis,
690 1437 780 1468 utpote
799 1433 843 1468 qui
868 1439 991 1468 sumptus

198 1487 250 1506 non
270 1480 329 1507 sine
353 1479 440 1506 fructu
462 1478 628 1514 profundas:
644 1479 682 1506 illi
703 1487 763 1506 cuin
779 1478 873 1506 ﬁducia
902 1484 990 1506 tecum

198 1526 299 1558 vivent,
312 1530 412 1553 etcum
423 1525 528 1553 decenti
544 1525 676 1558 libertate,
690 1524 838 1560 domusque
853 1530 896 1552 tua
907 1545 915 1558 ,
931 1533 990 1560 qua:

200 1571 332 1598 lin-atrum
347 1575 417 1603 erat,
429 1571 542 1598 ecclesia
554 1570 665 1603 evadet,
680 1570 801 1598 diabolus
814 1569 931 1606 aufugiet
943 1592 950 1603 ,
965 1571 990 1598 in

198 1625 256 1644 eam
267 1616 388 1644 Christus
402 1624 461 1644 cum
476 1617 630 1651 angelorum
643 1617 726 1644 choro
741 1616 858 1644 intrabit.
872 1616 937 1643 Nam
947 1616 991 1644 ubi

198 1664 331 1696 Christus,
353 1663 388 1690 ibi
401 1664 487 1698 angeli
504 1664 512 1679 ¹
531 1672 537 1691 :
553 1663 597 1690 tibi
612 1671 677 1691 vero
693 1663 814 1691 Christus
839 1669 867 1692 et
885 1663 990 1698 angeli,

200 1709 234 1735 ibi
248 1708 353 1740 czclum,
369 1708 404 1736 ibi
420 1709 463 1735 lux
477 1709 557 1736 solari
572 1708 747 1743 splendidior.
763 1708 792 1736 Si
805 1713 893 1736 autem
912 1709 991 1737 aliain

199 1753 233 1780 ab
247 1753 279 1780 iis
293 1754 356 1788 ipsis
376 1754 585 1781 consolationem
606 1754 644 1781 vis
658 1754 704 1781 tibi
717 1762 820 1789 parere,
842 1762 890 1789 per
908 1755 991 1782 otium

198 1798 261 1834 jube
275 1799 334 1826 illos
344 1799 459 1826 divinam
474 1799 558 1834 legem
574 1799 599 1826 in
616 1799 683 1827 libro
701 1799 800 1835 legere.
815 1800 953 1828 Libentius
965 1800 991 1828 in

232 1897 240 1912 ¹
259 1900 322 1927 ttae,
341 1901 400 1929 Nam
419 1896 459 1922 ubi
477 1896 592 1927 rltristus,
610 1897 645 1929 illi
663 1897 752 1929 mtgeli,
770 1898 860 1924 desunt
875 1905 900 1923 tn
920 1899 990 1924 savii.

198 1932 281 1958 atque,
294 1932 321 1953 ut
333 1928 436 1958 videtur,
448 1935 492 1960 per
503 1927 720 1962 homoeoteleuton.

564 132 590 160 S.
611 131 750 160 JOANNIS
767 127 1006 159 CilliYSOSTOSH
1025 130 1182 160 ARCIIIEP.
1203 133 1468 164 CONSTANTTNOP.

1780 144 1829 172 ωῦ

1040 188 1081 216 his
1096 190 1142 217 tibi
1157 199 1258 220 morem
1269 199 1371 228 gerent,
1382 203 1461 230 quam
1478 196 1503 223 in
1518 196 1586 224 aliis.
1600 197 1663 226 llaec
1675 201 1746 228 enim
1768 207 1795 228 et
1807 207 1831 229 te

1039 240 1066 263 et
1081 236 1139 264 illos
1159 237 1327 267 honestiores
1349 240 1483 276 efﬁciunt;
1505 242 1550 270 illa
1572 251 1645 277 vero,
1670 254 1730 281 qua:
1751 254 1831 281 supra

1039 281 1152 310 diximus
1163 303 1171 315 ,
1186 292 1279 312 omnes
1301 285 1380 313 simul
1400 286 1563 316 dedecorant
1580 299 1587 317 :
1603 293 1629 317 te
1645 296 1673 318 ut
1691 296 1832 320 contume-

1039 329 1134 357 liosum
1145 335 1172 358 et
1187 332 1371 366 temulentum,
1384 333 1444 362 illos
1460 339 1489 362 ut
1503 336 1615 364 miseros
1629 343 1656 365 et
1671 340 1754 366 ventri
1771 347 1831 367 ser-

1039 375 1151 403 vientes.
1166 376 1231 404 Nam
1253 379 1276 405 si
1300 378 1333 405 ad
1347 381 1534 408 contumeliam
1550 383 1650 411 nutrias
1661 405 1668 416 ,
1680 385 1704 412 id
1725 386 1832 420 gravitts

1038 427 1089 455 est,
1105 431 1183 457 quam
1194 423 1218 451 si
1228 425 1381 458 occideres;
1410 427 1450 453 sin
1466 427 1499 454 ad
1524 429 1663 457 utilitatem
1677 434 1704 457 et
1717 430 1831 464 lucrum,

1040 467 1064 494 id
1078 467 1238 496 fructuosius
1251 474 1302 502 est,
1318 478 1397 505 quam
1407 471 1430 498 si
1443 472 1476 499 ad
1490 478 1606 501 mortem
1619 474 1747 503 abductos
1762 477 1831 505 libe-

1039 521 1122 541 rares.
1138 514 1212 542 Nunc
1220 520 1308 543 autent
1323 516 1383 544 illos
1391 518 1474 552 magis
1484 526 1563 553 quam
1570 528 1665 548 servos
1674 521 1831 556 dedecoras,

1039 564 1066 586 et
1079 560 1148 587 servi
1163 559 1256 595 majori
1271 561 1339 596 apud
1355 566 1382 590 te
1396 562 1491 590 fiducia
1504 572 1534 591 ac
1553 565 1675 594 libertate
1695 567 1829 601 fruuntur;

1040 604 1085 633 illo
1098 611 1186 634 autem
1200 607 1279 634 modo
1293 608 1352 636 illos
1365 610 1466 644 angelis
1480 618 1557 645 pares
1571 611 1650 640 facis.
1666 613 1699 640 Et
1714 618 1740 641 te
1751 614 1832 649 igitur

1039 656 1067 678 et
1082 651 1141 679 illos
1155 652 1237 680 libera
1250 673 1258 686 ,
1280 654 1456 688 parasitorum
1472 663 1571 684 nomen
1594 657 1628 685 de
1648 658 1737 686 medio
1751 660 1832 693 tolle,

1040 697 1168 725 convivas
1183 699 1299 733 appella,
1310 704 1338 727 et
1351 700 1427 734 pulso
1442 701 1609 730 adulatorum
1623 705 1747 738 nomine,
1761 706 1828 733 ami-

1040 751 1132 772 corum
1148 745 1227 773 indue
1237 746 1451 781 appellationem.
1467 748 1528 776 ltleo
1536 749 1665 777 amicitias
1676 751 1738 778 fecit
1750 752 1831 785 Deus,

1040 799 1093 818 non
1117 791 1142 818 in
1159 791 1285 819 damnum
1312 792 1469 821 dilectorum
1491 799 1518 822 et
1538 795 1714 831 diligentium,
1729 797 1779 825 sed
1796 797 1831 825 ad

1040 844 1132 864 eorum
1149 837 1245 864 bonum
1259 842 1338 873 atque
1349 839 1500 867 utilitatem.
1524 840 1578 868 Illa:
1600 847 1688 870 autem
1709 843 1833 871 amicitia

1042 883 1178 911 inimicitia
1198 885 1270 911 omni
1291 889 1354 912 sunt
1367 886 1505 921 graviOres
1520 894 1526 912 :
1542 895 1602 914 nam
1622 888 1656 915 ab
1671 888 1794 923 inimicis,
1811 891 1833 918 si

1042 930 1164 963 velimus,
1176 930 1274 966 aliquid
1286 931 1352 958 lucri
1363 932 1463 959 referre
1472 940 1629 967 possumus;
1642 934 1676 961 ab
1689 934 1731 962 his
1745 940 1833 962 autem

1042 976 1193 1004 necessario
1206 977 1338 1005 hedimur.
1349 977 1387 1005 Ne
1401 979 1518 1006 retineas
1527 979 1628 1007 amicos
1642 979 1732 1007 damni
1748 981 1832 1016 magi-

1035 1022 1127 1054 'stros;
1142 1029 1177 1049 ne
1189 1021 1305 1050 retineas
1316 1024 1429 1057 amicos,
1444 1024 1489 1058 qui
1503 1032 1622 1052 mensam
1635 1026 1720 1061 magis
1737 1031 1833 1054 curant

1042 1075 1120 1102 quam
1135 1068 1288 1096 amicitiam.
1300 1068 1332 1096 Hi
1342 1069 1439 1104 quippe
1452 1077 1555 1103 omnes,
1571 1071 1592 1097 si
1606 1078 1705 1099 mensa:
1721 1071 1831 1100 delicias

1043 1115 1141 1148 solvas,
1156 1115 1300 1142 amicitiatn
1318 1116 1436 1143 solvunt.
1453 1115 1501 1149 Qui
1520 1121 1608 1144 autem
1629 1119 1735 1146 virtutis
1755 1127 1835 1147 causa

1044 1166 1129 1189 teettm
1144 1166 1294 1195 versantur,
1311 1167 1419 1190 manent
1435 1168 1573 1198 perpetuo,
1599 1172 1706 1192 omnem
1721 1164 1836 1193 ferentes

1044 1208 1154 1236 fortuna:
1165 1209 1409 1243 inmquabilitatetn.
1425 1209 1605 1237 Parasitorum
1626 1218 1689 1238 vero
1706 1218 1790 1246 genus
1811 1216 1837 1238 te

1043 1262 1114 1290 smpe
1124 1256 1202 1282 etiam
1215 1255 1361 1288 ulciscitur,
1373 1261 1400 1283 et
1413 1255 1508 1283 malam
1522 1256 1556 1284 de
1570 1261 1595 1284 te
1613 1257 1836 1284 existimationem

1044 1302 1153 1336 spargit.
1167 1301 1233 1329 Novi
1248 1306 1321 1329 certe
1332 1301 1428 1329 nmltos
1443 1301 1572 1337 ingenuos
1585 1302 1666 1334 viros,
1682 1302 1725 1337 qui
1738 1302 1836 1329 malam

1045 1348 1106 1375 inde
1117 1347 1212 1374 famam
1227 1348 1276 1375 sibi
1300 1353 1470 1383 pepererunt.
1486 1352 1513 1375 ct
1527 1347 1615 1375 aliide
1630 1348 1758 1375 nialelicis
1769 1348 1837 1375 arti—

1044 1394 1104 1426 bus,
1127 1394 1171 1421 alii
1189 1394 1222 1421 de
1245 1393 1385 1426 adulterio,
1401 1393 1445 1420 alii
1467 1394 1500 1421 de
1525 1401 1666 1427 puerortttn
1687 1394 1837 1428 corruptela

1044 1439 1159 1467 accusati
1173 1443 1244 1466 sunt.
1259 1438 1325 1465 Cum
1342 1439 1413 1465 enim
1436 1438 1499 1465 nihil
1519 1438 1609 1474 operis
1630 1438 1671 1466 vel
1690 1438 1769 1468 ofﬁcii
1788 1438 1838 1466 ha-

1045 1486 1135 1519 beant,
1149 1485 1196 1512 scd
1210 1489 1239 1512 ut
1254 1493 1331 1512 casus
1347 1485 1397 1512 fert
1409 1484 1490 1512 vitam
1505 1490 1596 1519 agant,
1613 1485 1638 1512 in
1658 1485 1836 1520 suspicionem

1044 1532 1164 1565 veniunt,
1179 1531 1251 1567 quod
1272 1530 1341 1557 idem
1356 1536 1387 1556 ac
1399 1530 1477 1564 pueri
1490 1529 1672 1557 ministerium
1681 1529 1837 1565 exhibeant.

1044 1577 1136 1606 Talem
1151 1584 1215 1611 ergo
1226 1577 1322 1602 l'aimun
1342 1579 1370 1602 ut
1394 1575 1590 1609 propulsemus,
1601 1574 1626 1600 in
1646 1573 1737 1608 primis
1749 1577 1777 1600 ut
1799 1574 1838 1599 iu-

1046 1627 1134 1650 turam
1157 1621 1305 1656 gehennam
1321 1621 1446 1652 vitemus,
1462 1623 1489 1647 et
1504 1620 1558 1647 Deo
1583 1619 1678 1653 placita
1698 1618 1836 1650 faciamus,

1046 1667 1115 1696 hanc
1129 1667 1287 1695 diabolicam
1308 1665 1529 1693 consuetudinem
1552 1664 1698 1697 solvamus;
1717 1668 1745 1690 ut
1761 1671 1838 1690 man-

1045 1714 1174 1742 ducantes
1185 1717 1212 1741 et
1226 1713 1347 1740 bibentes
1358 1711 1444 1739 omnia
1457 1711 1489 1738 ad
1504 1711 1614 1746 gloriam
1636 1710 1682 1737 Dei
1699 1710 1839 1744 faciamus,

1045 1765 1072 1788 et
1084 1760 1167 1795 ipsius
1179 1759 1271 1795 gloria:
1297 1758 1381 1786 simus
1398 1762 1537 1785 consortes
1559 1756 1607 1792 (2.
1623 1756 1682 1783 Cor.
1700 1756 1743 1783 iO.
1757 1756 1786 1783 5t
1805 1755 1814 1790 )
1831 1764 1838 1781 ι

1046 1815 1124 1843 quam
1138 1814 1187 1834 nos
1199 1812 1292 1833 omnes
1306 1804 1411 1839 assequi
1425 1804 1568 1838 contingat,
1584 1802 1666 1837 gratia
1678 1806 1704 1829 et
1715 1801 1839 1835 benigni-

1047 1858 1100 1880 tate
1115 1852 1218 1880 Domini
1236 1850 1320 1879 nostri
1337 1850 1400 1878 Jesu
1423 1849 1539 1880 Christi.
1551 1848 1593 1876 cui
1607 1848 1691 1884 gloria
1711 1852 1738 1875 et
1752 1848 1838 1882 impc-

1047 1900 1113 1927 rium
1126 1907 1196 1927 nunc
1210 1904 1236 1927 et
1244 1906 1361 1933 semper,
1372 1902 1399 1925 et
1412 1897 1438 1924 in
1451 1896 1549 1925 saecula
1561 1895 1729 1924 sreculorum.
1740 1895 1839 1922 Amen.

877 1991 1841 2003 ______._________——_—

798 2034 968 2065 HOMILIA
993 2035 1108 2065 XLIX.
1134 2035 1177 2065 al.
1203 2034 1240 2064 L.

199 2105 263 2132 (lar.
292 2106 331 2133 Li.
355 2114 379 2132 ν.
398 2106 439 2133 lli.
465 2105 494 2132 Et
511 2114 568 2132 cunt
588 2105 698 2132 audisset
712 2104 796 2138 Iesus,
818 2107 918 2133 recessit
936 2106 996 2132 inde

237 2152 262 2177 in
276 2151 393 2178 navicula
405 2171 412 2181 ,
427 2151 452 2177 in
467 2151 591 2177 desertum
603 2151 686 2177 locum
696 2158 807 2177 seorsum
823 2158 833 2177 :
845 2155 936 2178 etcum
950 2160 996 2177 uu-

235 2197 328 2224 dissent
343 2196 437 2229 (urbm,
452 2203 562 2231 sequuta:
586 2201 643 2223 sunt
665 2204 722 2222 eum
745 2196 849 2231 pedibus
866 2196 896 2223 de
910 2197 997 2224 civita-

238 2243 313 2270 tibus.

239 2291 265 2317 t.
282 2289 348 2318 Vide
370 2289 444 2318 illum
464 2296 537 2324 smpc
560 2288 727 2316 secedentem
740 2308 749 2321 ,
762 2294 789 2316 et
801 2296 862 2316 cmn
885 2289 997 2316 traditus

202 2342 241 2363 est
253 2335 380 2368 Joannes,
392 2340 418 2362 et
432 2343 492 2362 cum
512 2334 616 2361 occisus
635 2338 686 2365 est.
697 2338 724 2361 ct
735 2341 797 2361 cum
808 2334 892 2361 Judtci
907 2334 998 2362 audic-
1017 2350 1019 2352 -

204 2387 273 2413 runt.
289 2381 375 2415 ipsum
393 2381 520 2416 plurintos
537 2380 623 2407 facere
644 2380 797 2414 discipulos.
827 2380 907 2407 Multa
926 2388 997 2407 enim

206 2427 312 2454 volebat
337 2427 453 2454 humano
468 2434 543 2454 tnore
566 2434 702 2461 peragere,
719 2434 779 2453 cum
796 2426 912 2453 nonduin
929 2431 996 2453 tein-

203 2481 251 2507 pns
269 2473 421 2501 advenisset
433 2481 486 2508 quo
506 2473 632 2500 deitatem
648 2480 722 2499 suam
736 2472 833 2499 clarius
856 2472 996 2499 revelaret.

205 2519 266 2546 Iuleo
281 2519 417 2554 discipulis
431 2518 537 2546 dicebat
549 2538 556 2550 ,
571 2518 671 2545 nemini
694 2522 723 2544 ut
741 2517 870 2549 dicerettt,
886 2525 916 2544 se
939 2524 998 2544 csse

204 2564 360 2592 Christum:
376 2572 436 2592 nam
456 2569 514 2599 post
529 2564 752 2591 resurrectionem
769 2571 844 2590 suam
866 2562 891 2589 id
907 2567 997 2589 notum

207 2610 264 2637 ticri
277 2609 383 2637 volebat
399 2619 405 2636 :
422 2614 583 2645 quapropter
597 2617 650 2636 non
662 2616 770 2636 severus
786 2608 831 2635 l'uit
851 2609 876 2635 in
891 2608 998 2636 Judteos

205 2656 250 2691 qui
266 2660 327 2682 ante
343 2656 406 2683 illud
417 2660 520 2690 tempus
536 2663 588 2682 non
598 2655 748 2687 crederent,
761 2655 808 2682 sed
823 2655 847 2682 id
859 2655 912 2682 illis
922 2655 1000 2683 facile

207 2701 385 2730 condonabat.
397 2700 530 2728 Secedens
545 2708 626 2736 porro
639 2708 691 2728 non
706 2700 730 2727 in
745 2700 879 2727 civitatem
893 2707 922 2727 se
935 2707 999 2727 con-

206 2748 266 2779 fert,
275 2746 321 2773 sed
333 2747 357 2773 in
366 2746 512 2778 desertum,
521 2751 600 2780 atque
609 2747 634 2773 in
644 2746 762 2773 navicula
770 2745 875 2780 trajicit,
884 2750 912 2772 ut
921 2753 999 2773 nemo

206 2799 373 2828 sequeretur.
385 2792 424 2821 Tu
440 2801 502 2820 vero
515 2793 577 2820 mihi
591 2792 728 2820 considera
744 2792 877 2827 quomodo
889 2793 999 2820 Joannis

207 2839 330 2874 discipuli
345 2839 472 2874 deinceps
487 2838 549 2866 Jcsu
563 2839 645 2873 magis
662 2838 798 2865 laeserint.
821 2837 871 2873 Ipsi
885 2845 1000 2873 namque

1052 2108 1207 2134 nuntiarunt
1231 2107 1266 2138 ei,
1288 2106 1350 2140 quid
1377 2105 1448 2134 circa
1468 2105 1598 2133 Joannem
1621 2108 1725 2140 gestum
1743 2108 1814 2131 esset
1833 2112 1839 2129 ε

1050 2155 1227 2189 omnibusqu
1250 2153 1350 2180 relictis
1363 2153 1398 2180 ad
1411 2154 1497 2188 ipsum
1517 2152 1604 2179 solum
1619 2151 1783 2186 confugiunt.
1798 2151 1844 2178 Sic

1050 2209 1106 2227 rem
1118 2208 1169 2227 non
1180 2199 1310 2227 modicam
1320 2206 1378 2234 post
1387 2199 1563 2227 calamitatem
1573 2198 1655 2229 illam,
1666 2203 1691 2225 et
1703 2203 1842 2232 postquam

1050 2255 1082 2274 ex
1098 2246 1270 2280 responsione
1285 2254 1364 2280 supra
1379 2246 1458 2272 allata
1471 2250 1554 2272 totum
1567 2249 1640 2272 recte
1650 2244 1817 2280 disposuerat
1831 2265 1838 2275 .

1051 2296 1176 2327 operatus
1189 2296 1240 2318 est.
1257 2291 1308 2318 Sed
1328 2298 1376 2318 cur
1389 2298 1442 2318 non
1458 2290 1569 2318 recessit
1588 2294 1729 2324 antequam
1753 2289 1778 2316 id
1804 2289 1842 2316 illi

1052 2337 1214 2368 nuntiarent,
1228 2337 1273 2371 qui
1292 2343 1348 2363 rem
1365 2335 1482 2362 nondum
1508 2334 1653 2362 nuntiatam
1676 2334 1757 2369 probe
1771 2334 1842 2361 scie-

1052 2382 1096 2409 bat
1108 2383 1119 2408 ‘?
1132 2381 1167 2410 Ut
1180 2389 1227 2416 per
1241 2381 1329 2408 omnia
1343 2381 1500 2408 meonomize
1517 2381 1655 2407 veritatem
1676 2380 1844 2407 demonstra-

1051 2432 1102 2454 ret.
1115 2427 1172 2454 Non
1187 2427 1258 2454 enim
1272 2434 1306 2455 ex
1320 2427 1377 2454 visu
1392 2431 1504 2458 tantum,
1521 2425 1566 2453 sed
1579 2426 1658 2452 etiam
1671 2433 1701 2452 ex
1717 2424 1843 2459 operibus

1052 2472 1077 2500 id
1093 2472 1244 2500 conﬁrmari
1260 2471 1376 2503 volebat,
1386 2471 1457 2506 qttod
1471 2471 1570 2498 diaboli
1585 2470 1728 2498 verSutiatn
1741 2474 1840 2502 nosset,

1051 2518 1096 2553 qui
1108 2518 1172 2545 nihil
1186 2525 1238 2545 non
1249 2517 1343 2552 agebat
1356 2521 1384 2544 ut
1397 2517 1466 2544 hanc
1482 2516 1586 2544 tolleret
1598 2516 1760 2550 opinionem.
1782 2515 1846 2542 ldeo

1052 2563 1130 2598 igitur
1141 2563 1185 2590 ille
1194 2562 1315 2590 seceSsit.
1328 2562 1423 2590 Turbre
1438 2566 1526 2589 autem
1542 2568 1627 2596 neque
1638 2562 1676 2588 sic
1686 2560 1843 2592 abscedunt,

1052 2609 1099 2636 sed
1113 2613 1259 2643 sequuntur
1273 2608 1405 2635 htereutes
1419 2607 1478 2642 ipsi,
1496 2614 1581 2641 neque
1596 2606 1691 2634 terruit
1705 2614 1752 2633 eos
1764 2605 1845 2632 Joan-

1052 2654 1094 2682 nis
1109 2654 1241 2681 interitus.
1256 2653 1327 2680 Talis
1337 2658 1377 2680 est
1389 2652 1507 2684 dilectio,
1520 2651 1578 2678 talis
1591 2658 1677 2684 amor,
1689 2651 1734 2686 qui
1755 2651 1844 2678 omnia

1051 2699 1142 2735 gravia
1162 2703 1270 2734 superet
1286 2703 1313 2726 et
1334 2699 1464 2733 expulsct.
1494 2697 1556 2725 Ideo
1579 2697 1668 2725 statim
1695 2696 1845 2724 mercedem

1053 2751 1212 2780 acceperunt
1225 2753 1231 2771 :
1245 2745 1287 2771 M.
1300 2743 1362 2771 Cum
1372 2743 1443 2770 enim
1455 2743 1554 2775 exisset,
1567 2743 1612 2773 ait.
1627 2742 1710 2773 Iesus,
1725 2742 1785 2768 vidit
1796 2747 1846 2767 tur-

1053 2791 1110 2818 bam
1134 2790 1239 2817 multam
1251 2810 1259 2822 ,
1272 2794 1297 2817 et
1317 2790 1432 2816 misertus
1449 2793 1484 2815 est
1500 2789 1544 2820 eis,
1557 2793 1580 2815 et
1601 2788 1696 2814 curavit
1713 2787 1846 2822 languidos

1053 2846 1148 2864 corum.
1178 2837 1286 2864 Etiamsi
1311 2836 1381 2863 enim
1409 2842 1505 2870 magno
1527 2834 1564 2862 illi
1591 2834 1678 2861 studio
1702 2834 1846 2866 haererent,
