2068 3132
126 151 178 179 4197

124 216 244 238 attamen
257 215 289 236 es
303 213 382 243 quam
396 213 411 233 a
425 205 533 233 Christo
545 204 714 239 excipiebant
729 210 842 236 merces,
865 205 920 229 stu-

125 258 199 284 dium
221 261 314 283 eorum
330 253 408 288 longe
419 251 571 286 superabat.
588 249 690 277 Idcirco
706 249 783 284 hujus
806 247 924 276 curatio-

125 304 166 330 nis
181 308 289 329 causam
306 299 380 334 ponit
392 319 400 330 ,
415 304 512 332 nempe
538 295 737 324 miserationem
750 315 758 327 ,
771 293 922 321 miseratio-

125 357 197 380 nem,
214 347 342 382 inquam,
357 344 544 371 vehementem
568 353 575 370 :
597 348 744 376 omnesque
768 344 853 368 curat.
875 339 923 366 llic

125 395 203 420 tidem
219 401 271 420 non
285 391 394 426 expetit.
409 390 474 416 Nam
484 387 554 424 quod
570 386 708 418 accedant,
720 384 792 420 quod
802 385 923 411 civitates

124 440 286 474 relinquant,
301 436 372 472 quod
385 435 526 470 diligenter
537 433 623 468 ipsum
636 436 767 466 quzeraut,
778 430 848 466 quod
862 437 922 457 cum

124 486 171 513 illo
186 488 320 516 maneant,
338 482 477 517 ingruente
489 479 569 511 fame,
587 478 666 505 ﬁdem
679 477 783 504 illorum
796 476 922 503 declarat.

125 532 258 560 Alimenta
275 536 354 564 porro
371 528 422 554 illis
444 524 660 560 Suppeditatnrus
673 527 724 550 est.
741 522 769 549 ld
790 529 854 548 vero
869 527 922 548 non

125 587 139 605 τι
150 578 240 612 seipso
251 576 324 607 facit,
336 574 382 601 sed
397 575 533 607 exspectat
543 570 629 597 donec
643 572 763 604 rogetur,
779 566 844 594 illud
855 574 926 593 sent-

126 632 174 659 per
187 623 344 652 observans,
363 624 391 646 ut
403 619 458 653 jam
472 617 537 649 dixi,
555 623 588 643 nc
599 615 672 650 prior
686 613 719 641 ad
735 612 862 640 miracula
877 619 924 646 pa-

126 669 222 697 tranda
237 675 267 695 se
281 666 410 696 conferat,
424 663 470 691 sed
485 667 594 698 rogatus
607 665 719 687 tantum.
737 659 772 686 At
783 666 831 686 cur
847 665 925 685 nemo

125 723 160 743 es
178 714 253 741 turba
264 711 394 740 accedens
407 709 542 736 Christum
555 715 603 742 pro
616 707 680 741 ipsis
693 704 819 740 rogavit?
831 704 925 731 Mirum

128 761 154 787 in
181 759 288 787 modum
303 755 494 784 reverebantur
515 753 611 788 ipsum,
627 757 705 786 atque
720 758 751 778 ex
774 750 857 785 ipsius
879 757 927 775 au-

125 806 215 833 diendi
227 809 253 832 et
262 801 390 838 sequendi
399 799 542 832 desiderio,
555 806 589 826 ne
598 798 694 825 famem
704 796 811 832 quidem
826 795 926 822 sentie-

127 855 203 880 bant.
217 851 308 886 Neque
321 848 443 883 discipuli
458 855 505 882 pro
518 845 593 874 turba
605 845 706 880 precati
722 848 792 875 sunt,
806 848 835 870 ut
846 843 929 870 aleret

125 907 185 931 eos,
199 897 260 933 quia
274 895 361 923 adhuc
378 892 588 929 imperfectiores
616 894 701 918 erant.
728 889 797 923 Quid
822 887 925 923 igitur?

126 945 173 972 15.
196 943 303 979 Vespere
316 946 400 968 autem
413 942 481 975 facta
494 959 501 970 ,
516 937 621 972 inquit,
635 938 793 963 accesserunt
808 933 927 966 discipuli

125 992 182 1026 ejus
195 990 304 1016 dicentes
318 995 328 1015 :
341 987 459 1014 Desertus
473 989 509 1012 est
524 985 604 1016 locus,
623 987 646 1009 et
666 982 730 1009 liora
744 982 802 1016 jam
817 985 926 1016 prazter-

126 1025 155 1063 iit
172 1044 182 1063 :
194 1035 290 1062 dimitte
320 1032 417 1064 turbas,
432 1035 458 1057 ut
475 1035 562 1057 euntes
582 1033 665 1056 eluant
688 1027 736 1054 sibi
756 1034 835 1054 escas.
863 1025 929 1053 Nam

126 1083 149 1110 si
176 1086 236 1117 post
257 1080 354 1108 factum
382 1077 538 1105 miraculum
564 1075 622 1110 ejus
644 1073 719 1101 obliti
739 1077 811 1105 sunt,
826 1071 849 1099 si
872 1076 931 1106 post

127 1135 234 1165 spnrtas
248 1129 306 1156 illas
330 1126 457 1162 putabant
482 1124 557 1152 illum
584 1122 617 1149 de
640 1120 752 1156 panibus
767 1119 851 1154 loqui,
868 1124 929 1144 cum

129 1162 277 1202 doctrinam
290 1172 484 1200 Pharisaeorum
498 1168 657 1196 fermentum
672 1164 814 1200 appellavit
824 1162 930 1199 (Matt/1.

130 1221 176 1249 i6.
193 1222 219 1256 6)
237 1219 341 1247 :ntulto
364 1217 452 1244 mimis
465 1237 471 1249 ,
487 1223 548 1242 cum
577 1213 630 1240 tale
655 1213 759 1247 signum
787 1215 931 1244 numquam

129 1269 259 1296 vidissent
275 1286 283 1299 ,
308 1264 452 1300 quidquam
479 1260 630 1296 hujusmodi
656 1256 816 1293 suspicaturi
844 1258 932 1282 erant.

131 1313 244 1342 Etiamsi
267 1312 340 1347 prius
363 1310 463 1337 multos
481 1311 601 1335 curasset
618 1305 821 1336 infirmos,non
844 1306 933 1327 tamen

131 1362 194 1389 ideo
208 1359 276 1395 quod
290 1359 323 1386 de
339 1356 450 1393 panibus
465 1356 582 1382 futurum
597 1356 656 1380 erat
669 1348 880 1385 exspectabant:
897 1347 932 1373 ita

130 1410 211 1435 crant
222 1405 308 1433 adhuc
319 1391 525 1438 imperfecti.“
536 1406 599 1426 vero
612 1396 676 1424 iuilti
692 1394 813 1423 Doctoris
826 1391 932 1428 sapien-

132 1454 198 1480 tiam
219 1449 362 1486 perpende,
380 1445 513 1482 quomodo
526 1445 599 1480 ipsos
614 1443 687 1470 clare
700 1441 733 1468 ad
747 1440 825 1468 ﬁdem
844 1441 933 1466 vocet.

131 1483 228 1532 Neque
240 1483 311 1524 enim
324 1495 412 1522 statim
425 1492 503 1524 dixit,
516 1491 591 1518 Alam
604 1496 651 1517 eos
666 1497 672 1515 :
686 1495 773 1523 neque
783 1486 855 1514 enim
871 1483 935 1512 illud

132 1528 213 1572 facile
228 1541 355 1570 credituri
376 1544 462 1568 erant.
479 1536 530 1563 Sed
548 1534 611 1569 quid
628 1534 713 1561 dixit?
729 1531 773 1558 16.
790 1528 866 1557 Jesus
883 1535 931 1554 au-

134 1583 378 1620 lem,inquit,ditit
386 1584 440 1609 eis:
453 1581 514 1608 Non
530 1578 620 1606 habent
637 1583 735 1605 necesse
749 1575 793 1607 ire,
809 1574 866 1600 date
885 1572 936 1599 illis

134 1643 179 1662 ros
192 1633 356 1661 manducare.
377 1630 435 1657 Non
449 1628 531 1660 dixit,
549 1626 623 1654 Dabo
645 1624 700 1656 eis;
715 1622 761 1650 sed
772 1643 779 1655 ,
795 1620 849 1648 Vos
863 1619 935 1647 date.

135 1682 203 1709 Nam
217 1679 292 1707 illum
312 1677 398 1705 adhuc
417 1681 445 1702 ut
458 1673 594 1701 hominem
609 1669 752 1698 habebant.
768 1666 888 1705 lili'veru
903 1671 937 1691 ne

137 1733 202 1755 tunc
214 1725 320 1761 quidem
331 1722 364 1750 ad
375 1722 469 1749 altiora
483 1720 630 1754 eriguntur,
644 1715 690 1743 sed
701 1714 789 1741 adhuc
801 1710 938 1738 uthomiui

137 1771 306 1809 respondent
324 1779 331 1797 :
354 1770 397 1797 ΓΙ.
415 1767 475 1795 Non
490 1765 609 1792 habemus
622 1761 671 1789 nisi
684 1761 792 1796 quinque
804 1765 882 1794 panes
892 1777 900 1790 ,
915 1761 939 1783 et

139 1803 204 1846 uno;
219 1819 306 1853 pisces.
322 1815 382 1843 ldco
395 1813 498 1841 Marcus
511 1811 585 1847 (Cap.
595 1807 674 1843 8.17)
686 1806 732 1836 ait,
748 1806 820 1839 ipsos
836 1811 888 1830 non
900 1803 940 1829 itt-

141 1851 276 1892 tcllcxisse
295 1862 320 1890 id
336 1859 406 1895 quod
432 1857 585 1887 dicebatur,
600 1857 659 1881 erat
682 1851 753 1879 enim
780 1857 827 1876 cor
846 1855 939 1876 eorum

140 1914 315 1939 occazcatum.
343 1906 408 1941 Quia
433 1904 513 1939 igitur
534 1901 621 1929 adhuc
634 1898 707 1926 humi
729 1896 867 1932 repebant,
882 1902 942 1930 qua:

142 1965 190 1984 sua
218 1959 294 1983 erant
311 1940 366 1988 jam
387 1949 488 1978 inducit
502 1953 528 1976 et
542 1948 599 1974 ait:
617 1945 660 1973 l8.
684 1943 779 1977 Aﬂ'erte
798 1942 856 1969 illos
877 1940 939 1967 milii

143 2004 205 2030 huc.
216 2000 328 2030 Etiamsi
343 1998 414 2026 enim
427 1997 549 2024 desertus
562 1998 604 2020 est
615 1992 700 2022 locus,
716 1989 762 2017 sed
785 1989 807 2016 is
820 1987 876 2023 ~qui
898 1994 943 2014 or-

145 2051 208 2077 bem
221 2047 266 2075 alit
281 2046 324 2073 hic
336 2045 431 2076 adest;
449 2041 499 2069 etsi
527 2047 589 2067 vero
611 2038 676 2066 hora
701 2035 804 2064 transiit
816 2055 823 2067 ,
839 2033 887 2062 sed
902 2033 941 2066 is,

146 2095 191 2130 qui
207 2094 279 2120 horzc
290 2090 426 2125 subjectus
440 2095 492 2115 non
504 2090 555 2118 est,
565 2085 619 2120 jam
633 2090 681 2110 vos
695 2081 849 2116 alloquitur.
858 2078 942 2106 Joan-

149 2124 221 2175 nes(
237 2138 300 2172 Cap.
316 2124 345 2164 ϐξ
357 2136 392 2171 9)
422 2140 487 2161 vero
501 2132 537 2159 ait
559 2137 641 2166 panes
659 2126 821 2155 hordeaceos
845 2124 945 2156 fuisse;

149 2169 236 2221 neque
251 2169 308 2210 sine
319 2169 398 2209 causa
414 2178 522 2214 adjicit,
536 2176 582 2204 sed
598 2179 626 2202 ut
638 2181 687 2202 nos
700 2172 821 2200 instituat
839 2169 872 2197 ad
888 2169 947 2196 lau-

151 2219 205 2259 tam
219 2237 339 2258 mensam
355 2223 575 2254 conculcandam.
595 2221 669 2248 Talis
692 2225 789 2252 nempe
806 2219 865 2244 erat
885 2223 946 2250 pro-

150 2279 292 2314 phetarum
317 2282 420 2302 mensa.
435 2272 479 2300 19.
507 2270 571 2298 Cum
584 2269 660 2304 igitur
682 2266 818 2300 accepisset
839 2263 949 2299 quinque

153 2333 232 2360 panes
242 2344 248 2355 ,
264 2327 286 2349 et
301 2322 364 2348 duos
379 2320 459 2355 pisces
472 2338 480 2350 ,
495 2321 518 2344 et
537 2315 654 2351 jussisset
669 2312 753 2340 turbas
767 2310 909 2338 recumbere
923 2308 950 2334 in

154 2372 233 2405 (aerio.
248 2367 383 2402 respiciens
396 2365 423 2391 in
442 2363 531 2391 cretum
546 2359 669 2388 benediin
685 2367 694 2386 :
708 2364 813 2392 cumque
826 2355 950 2391 fregisset,

154 2402 223 2443 dedit
247 2413 377 2449 discipulis
396 2411 448 2438 suis
461 2430 468 2442 ,
484 2407 603 2441 discipuli
626 2410 710 2432 autem
731 2403 809 2431 turbis
830 2410 839 2429 .'
862 2402 908 2429 20.
929 2405 953 2427 et

154 2446 367 2488 manducarerunt
381 2464 476 2487 anmes,
490 2459 512 2482 et
524 2452 631 2481 saturati
644 2455 702 2478 sunt
716 2458 726 2477 :
735 2453 759 2477 et
772 2448 881 2476 tulerunt
891 2446 953 2473 reli-

155 2508 229 2541 quias
257 2507 455 2541 fragmentorum
482 2499 613 2527 duodecim
636 2496 760 2532 sap/tinos
787 2494 885 2529 plenos.
906 2491 952 2519 2|.

160 2552 368 2581 Mauducautium
383 2553 467 2575 autem
490 2546 536 2582 fuit
549 2552 665 2572 numerus
677 2543 756 2577 ferme
768 2540 876 2575 quinque
894 2537 955 2567 mil-1

159 2601 194 2627 lia
209 2599 319 2625 virorum
332 2618 339 2630 ,
354 2594 462 2630 exceptis
485 2590 631 2619 mulieribus
644 2594 666 2616 et
683 2587 776 2623 pueris.

194 2646 222 2673 2.
235 2644 349 2671 Christus
362 2641 436 2668 modo
450 2646 507 2670 suo,
523 2638 597 2663 modo
613 2635 698 2662 Patris
713 2633 812 2660 nomine
826 2638 902 2667 agens
913 2651 919 2660 ,
933 2634 957 2656 et

159 2697 259 2720 natura
277 2694 300 2716 et
315 2686 441 2715 missionis
455 2684 609 2712 divinitatem
623 2680 745 2716 probauit.
761 2679 825 2704 Ante
846 2683 956 2703 mensam

161 2738 252 2775 gratia:
272 2734 386 2771 agendtz.
402 2731 496 2759 Contra
513 2728 668 2756 Marcionth
686 2729 709 2752 et
731 2723 911 2752 Manichmum.
923 2737 958 2743 -

161 2770 217 2812 ijur
228 2770 345 2817 respexit
359 2780 384 2806 in
400 2777 494 2806 caelum
507 2779 534 2803 et
547 2771 706 2801 benedixit?
720 2770 755 2798 Ut
767 2770 932 2801 crederetur,
944 2776 958 2794 a

163 2831 242 2859 Patre
266 2816 352 2863 ipsum
374 2824 504 2854 cxivisse,
525 2820 628 2856 ipsique
649 2817 778 2853 aequalem
797 2817 866 2843 essr'.
888 2816 960 2848 Qua-

164 2885 222 2906 rum
245 2862 334 2904 rerum
356 2871 529 2909 probationes
547 2873 666 2903 pugnare
688 2869 780 2893 mutuo
794 2862 959 2890 videbantur.

642 145 674 173 IN
693 143 894 173 MATTll/EUM
915 144 1030 172 IlObllL.
1053 145 1144 173 XLIX.
1171 145 1205 172 al.
1226 145 1258 172 L.

1712 148 1764 174 A98

974 202 1161 238 rEqualitatem
1173 203 1381 236 demonstrabat,
1396 203 1467 239 quod
1477 205 1566 233 omnia
1578 211 1639 233 cum
1651 210 1764 240 potestas

975 255 1001 278 te
1014 249 1129 282 faceret;
1141 257 1156 277 a
1170 249 1249 277 Patre
1262 257 1325 277 vero
1341 249 1427 285 ipsum
1443 257 1502 278 esse
1512 271 1520 284 ,
1536 258 1590 279 non
1611 251 1666 279 alio
1686 252 1766 280 modo

973 296 1160 330 credidissent,
1174 305 1253 332 quam
1267 297 1290 324 si
1303 305 1362 324 cum
1379 297 1528 326 humilitate
1539 298 1623 326 multa
1638 303 1665 326 et
1676 299 1766 326 omnia

974 343 1007 370 ad
1023 343 1107 378 ipsum
1130 343 1249 371 referens
1266 349 1424 379 operaretur
1435 364 1442 376 ,
1458 348 1486 372 et
1508 348 1616 371 vocaret
1633 344 1667 372 ad
1685 351 1767 380 opera

974 396 1033 424 quae
1043 388 1151 418 ﬁebant.
1164 389 1224 417 Ideo
1235 397 1320 425 neque
1330 389 1392 422 hoc,
1407 397 1493 424 neque
1504 389 1568 417 illud
1579 393 1681 417 tantum
1694 389 1767 422 facit=

975 440 1004 462 ut
1019 441 1159 471 utrumque
1178 436 1371 469 confirmetur;
1385 435 1434 464 sed
1452 435 1532 463 modo
1550 443 1612 463 eum
1627 440 1771 471 potestate,

974 483 1061 510 modo
1069 483 1174 511 Patrem
1196 483 1334 516 invocans,
1349 483 1474 511 miracula
1489 483 1554 511 edit.
1569 482 1670 510 Deinde
1683 489 1716 510 ne
1730 482 1772 509 vi-

974 528 1083 556 deretur
1093 528 1143 556 hac
1153 528 1178 556 in
1189 536 1218 556 re
1229 536 1316 564 pugna
1330 528 1450 564 quaedam
1459 536 1529 562 esse,
1539 528 1565 555 in
1574 527 1722 555 minoribus
1737 525 1771 555 ad

975 575 1068 602 caelum
1082 574 1199 610 respicit;
1207 574 1232 601 in
1243 574 1386 608 majoribus
1397 581 1459 602 vero
1469 581 1529 601 cum
1542 577 1674 608 potestate
1680 570 1772 600 omnia

977 621 1048 652 facit,
1066 625 1094 648 ut
1105 621 1193 648 discas
1206 622 1286 648 etiam
1303 621 1329 648 in
1345 621 1491 648 minoribus
1506 620 1581 648 illum
1596 628 1649 647 non
1663 618 1771 646 aliunde

978 671 1134 701 potestatem
1148 667 1280 702 accipere,
1290 667 1335 694 sed
1347 667 1479 695 honorare
1487 667 1593 694 Patrem
1603 673 1693 697 suum.
1704 664 1772 692 Cum

977 713 1048 740 enim
1065 717 1172 747 peccata
1186 712 1296 745 dimisit,
1310 717 1337 740 et
1351 713 1501 747 paradisum
1515 712 1631 747 aperuit,
1643 716 1673 739 ut
1685 718 1718 739 eo
1732 711 1772 738 la.

978 765 1081 786 tronem
1095 759 1286 792 introduceret,
1302 762 1329 786 et
1341 766 1401 786 cum
1416 759 1500 793 legem
1513 762 1632 786 veterem
1645 765 1706 785 cum
1719 757 1771 784 im-

979 805 1052 839 perio
1063 804 1209 838 abrogavit,
1219 811 1332 838 cumque
1341 808 1485 831 sexcentos
1495 808 1614 830 mortuos
1623 802 1772 836 suscitavit,

979 859 1053 879 mare
1075 851 1208 883 frenavit,
1231 854 1333 877 secreta
1359 849 1497 877 hominum
1518 849 1646 884 aperuit,
1663 849 1770 876 oculum

979 897 1096 929 creavit,
1110 904 1169 931 quin
1184 896 1230 923 Dei
1250 895 1332 922 solius
1346 902 1427 929 opera
1440 898 1503 921 sunt
1516 913 1525 927 ,
1537 898 1565 921 et
1577 901 1631 920 non
1643 892 1752 920 alterius
1763 912 1772 926 ,

981 950 1124 976 numquam
1139 948 1251 976 precaris
1264 939 1398 968 inducitur
1410 947 1416 965 :
1428 946 1488 966 cum
1502 946 1566 966 vero
1583 945 1664 974 panes
1678 945 1774 973 super-

980 987 1116 1015 abundare
1128 986 1240 1019 curavit,
1254 985 1325 1021 quod
1339 984 1371 1012 iis
1383 984 1508 1012 omnibus
1522 984 1600 1019 longe
1613 984 1702 1010 minus
1714 986 1755 1010 est
1763 1002 1774 1017 ,

981 1039 1044 1062 tunc
1058 1035 1084 1062 in
1097 1034 1192 1062 escium
1208 1032 1334 1067 respicit:
1346 1031 1425 1058 simul
1439 1031 1496 1058 haec
1505 1037 1565 1065 quze
1576 1029 1631 1057 dixi
1646 1029 1775 1064 probans,

981 1081 1113 1116 simulque
1128 1078 1254 1108 erudiens
1266 1085 1329 1111 nos,
1341 1085 1376 1104 ne
1387 1081 1450 1104 ante
1462 1082 1582 1104 mensam
1595 1076 1755 1110 attingamus
1765 1093 1775 1108 ,

981 1134 1060 1162 quam
1071 1125 1171 1161 gratias
1184 1124 1318 1159 egerimus
1331 1122 1356 1150 ei
1369 1122 1415 1158 qui
1431 1121 1508 1149 nobis
1518 1128 1606 1148 escam
1620 1120 1731 1154 praebet.
1742 1119 1778 1147 Et

982 1180 1030 1199 cur
1045 1179 1126 1206 panes
1141 1178 1193 1198 non
1207 1169 1269 1197 fecit
1280 1177 1314 1196 ex
1324 1175 1376 1196 non
1390 1166 1578 1195 exstantibus?
1588 1165 1622 1194 Ut
1635 1165 1777 1194 Marcionis

983 1224 1010 1246 et
1024 1217 1163 1246 Manichsci
1177 1223 1223 1244 ora
1234 1215 1395 1247 Obstrueret,
1407 1213 1451 1249 qui
1461 1220 1522 1241 eum
1533 1220 1586 1240 non
1599 1219 1658 1239 esse
1670 1215 1777 1239 creato-

984 1271 1037 1293 tem
1051 1262 1257 1296 asseverabant,
1272 1265 1300 1289 et
1315 1268 1361 1296 per
1376 1260 1432 1295 ipsa
1448 1266 1530 1294 opera
1544 1258 1669 1290 doceret,
1683 1256 1776 1284 visibi-

984 1311 1019 1339 lia
1032 1310 1120 1338 omnia
1134 1308 1192 1344 ejus
1206 1315 1266 1335 esse
1277 1312 1304 1335 et
1320 1313 1403 1341 opera
1421 1309 1448 1333 et
1464 1304 1620 1333 creaturas'
1634 1324 1642 1337 ,
1654 1302 1779 1330 ostende-

984 1361 1078 1391 retque
1093 1362 1123 1382 se
1137 1354 1239 1381 fructus
1248 1352 1323 1386 dare,
1334 1351 1379 1386 qui
1391 1351 1425 1378 ab
1439 1350 1515 1378 initio
1528 1349 1641 1377 dixerit:
1652 1347 1780 1375 Germinet

985 1389 1056 1427 terra
1067 1399 1174 1426 herbam
1186 1398 1266 1432 fteni;
1281 1400 1317 1427 et,
1332 1395 1454 1422 Educaut
1465 1400 1539 1428 aqua:
1548 1391 1654 1426 reptilia
1666 1389 1772 1416 anima-

987 1455 1045 1474 rum
1056 1445 1196 1473 viventium
1205 1445 1213 1459 ¹
1227 1442 1303 1476 (Gen.
1317 1442 1342 1469 l.
1354 1442 1384 1469 ll
1395 1447 1420 1468 et
1431 1440 1489 1476 20).
1498 1439 1591 1473 Neque
1601 1437 1673 1464 enim
1683 1434 1775 1462 minus

987 1493 1039 1521 hoc
1053 1497 1094 1519 est
1114 1491 1169 1518 illo.
1184 1489 1250 1516 Nam
1265 1487 1314 1515 etsi
1330 1486 1374 1513 illa
1393 1486 1447 1513 sint
1464 1492 1498 1512 ex
1518 1491 1573 1511 non
1593 1481 1758 1510 exstantibus
1769 1499 1780 1514 ,

987 1544 1103 1566 attamen
1117 1545 1151 1564 cx
1164 1544 1232 1570 aqua
1245 1538 1325 1567 sunt;
1340 1540 1425 1568 neque
1447 1531 1535 1558 minus
1555 1534 1597 1557 est
1610 1537 1643 1556 ex
1662 1528 1780 1563 quinque

988 1583 1101 1619 panibus
1113 1586 1151 1609 tot
1165 1588 1247 1616 panes
1262 1580 1419 1614 producere,
1431 1581 1458 1604 et
1469 1576 1556 1611 pisces
1569 1573 1660 1602 itidem
1672 1580 1781 1607 augere,

988 1637 1068 1665 quam
1088 1637 1120 1656 ex
1134 1633 1204 1655 terra
1219 1625 1341 1662 proferre
1356 1623 1485 1656 fructum,
1500 1626 1527 1649 ct
1540 1627 1573 1648 ex
1589 1620 1665 1654 aquis
1677 1617 1782 1653 reptilia

987 1675 1120 1706 viventia;
1135 1673 1205 1709 quod
1228 1673 1332 1707 signum
1353 1674 1410 1698 erat
1424 1670 1510 1704 ipsutn
1528 1671 1556 1694 et
1570 1671 1648 1694 terra:
1669 1669 1696 1692 et
1716 1663 1783 1692 mari

990 1723 1130 1757 imperare.
1142 1720 1207 1754 Quia
1222 1719 1292 1746 enim
1306 1718 1333 1745 in
1349 1715 1460 1743 infirmis
1471 1721 1576 1749 semper
1590 1712 1663 1747 signa
1677 1710 1784 1744 edebat,

990 1769 1092 1797 confert
1105 1773 1132 1796 et
1143 1766 1292 1794 universale
1306 1763 1473 1794 beneficium,
1486 1769 1520 1788 ne
1534 1759 1609 1788 multi
1623 1762 1786 1794 spectatores

993 1819 1094 1843 tantum
1115 1816 1205 1840 essent
1217 1818 1310 1838 eorum
1331 1817 1389 1844 qua:
1404 1808 1462 1835 aliis
1476 1804 1684 1841 contingebant,
1699 1802 1746 1831 sed
1759 1807 1787 1829 et

992 1861 1043 1896 ipsi
1055 1859 1126 1887 dono
1139 1857 1299 1886 fruerentur.
1314 1855 1347 1882 Et
1359 1853 1430 1890 quod
1441 1851 1563 1880 mirabile
1575 1849 1674 1878 Judaeis
1684 1848 1788 1876 videba-

994 1911 1037 1934 tur
1050 1906 1077 1933 itt
1089 1905 1196 1936 deserto
1208 1922 1216 1936 ,
1229 1909 1289 1930 cum
1303 1900 1424 1928 dicerent
1435 1907 1442 1925 :
1455 1896 1588 1932 Numquid
1599 1900 1622 1922 et
1635 1902 1727 1930 panem
1742 1901 1789 1928 pa-

994 1953 1050 1980 terit
1063 1952 1135 1983 dare,
1148 1953 1192 1976 aut
1203 1955 1294 1984 parare
1303 1953 1416 1974 mensam
1428 1945 1453 1971 in
1467 1944 1564 1971 deserto
1573 1940 1659 1977 (Psal.
1668 1940 1712 1968 77.
1722 1938 1769 1974 20)
1777 1938 1790 1965 7

995 1999 1046 2026 hoc
1058 1998 1114 2032 ipse
1127 1994 1254 2030 operibus
1269 1991 1399 2020 exhibuit.
1412 1989 1527 2024 Ideoque
1540 1988 1566 2015 in
1581 1986 1716 2014 desertum
1729 1984 1790 2010 illos

995 2042 1125 2074 adduxit,
1140 2029 1168 2068 ut
1182 2040 1240 2067 sine
1260 2037 1313 2065 ulla
1335 2042 1444 2071 prorsus
1465 2032 1618 2068 suspicione
1633 2029 1789 2057 miraculum

996 2089 1081 2120 ﬁeret,
1094 2092 1224 2120 nemoque
1238 2086 1352 2119 putaret,
1364 2078 1505 2116 quemdam
1518 2076 1633 2105 vicinum
1646 2075 1732 2102 vicum
1746 2080 1791 2108 pa~

997 2142 1059 2162 nem
1072 2134 1097 2160 in
1118 2119 1238 2160 mensam
1259 2127 1389 2156 intulisse.
1405 2125 1506 2153 Idcirco
1519 2131 1571 2150 non
1592 2122 1679 2149 locum
1693 2119 1791 2153 modo,

999 2180 1046 2208 sed
1069 2179 1149 2206 etiam
1172 2177 1264 2204 horam
1289 2176 1429 2202 memorat.
1445 2170 1524 2199 Aliud
1545 2169 1625 2197 etiam
1647 2166 1792 2198 discimus,

1000 2233 1096 2262 nempe
1110 2223 1298 2258 discipulorum
1311 2218 1519 2256 philosophiam,
1534 2223 1612 2252 quam
1623 2213 1664 2242 vel
1677 2213 1704 2241 in
1714 2212 1794 2240 rebus

1002 2261 1160 2302 necessariis
1172 2267 1333 2297 exhibebant
1346 2287 1353 2299 ,
1367 2270 1394 2293 et
1407 2268 1534 2300 quantum
1551 2261 1660 2290 delicias
1683 2265 1794 2295 sperne-

1001 2324 1071 2349 rent.
1085 2319 1151 2347 Nam
1164 2315 1303 2344 duodecim
1315 2321 1375 2341 cum
1390 2316 1491 2344 essent,
1507 2310 1623 2345 quinque
1638 2314 1720 2343 panes
1735 2310 1794 2333 tan-

1004 2372 1059 2394 tum
1073 2365 1192 2398 duosque
1208 2362 1294 2397 pisces
1315 2358 1462 2389 habebant;
1476 2364 1560 2391 usque
1581 2354 1649 2382 adeo
1666 2359 1794 2388 corporea

1003 2410 1202 2446 despiciebant,
1216 2406 1415 2443 spiritualiaque
1428 2403 1515 2432 solum
1531 2400 1674 2433 curabant;
1688 2399 1741 2427 imo
1762 2405 1796 2426 ne

1005 2444 1087 2494 pauca
1101 2457 1144 2484 illa
1162 2462 1222 2490 quae
1236 2452 1369 2480 habebant
1382 2450 1518 2478 retinuere
1528 2470 1535 2482 ,
1550 2447 1597 2475 sed
1612 2446 1695 2482 rogati
1714 2444 1798 2472 dede-

1006 2493 1078 2534 runt.
1094 2503 1159 2531 lnde
1172 2502 1306 2529 discamus
1318 2519 1326 2532 ,
1339 2498 1389 2526 etsi
1404 2503 1487 2532 pauca
1503 2495 1579 2523 nobis
1589 2494 1642 2521 sint
1652 2514 1660 2526 ,
1674 2493 1718 2520 illa
1732 2498 1797 2526 ege-

1006 2553 1048 2580 nis
1067 2557 1128 2579 esse
1150 2546 1321 2584 proferenda.
1334 2544 1405 2573 Jussi
1425 2550 1488 2577 ergo
1512 2545 1613 2576 septem
1636 2539 1694 2566 illos
1718 2543 1800 2573 panes

1007 2597 1118 2629 cli‘erre,
1132 2583 1186 2622 non
1200 2594 1290 2621 dicunt
1302 2601 1309 2618 :
1320 2591 1380 2625 Quo
1400 2589 1479 2624 igitur
1493 2587 1551 2615 cibo
1568 2590 1659 2620 postea
1673 2583 1799 2611 utemur?

1009 2644 1080 2672 unde
1094 2642 1191 2670 famem
1205 2639 1299 2667 sedare
1307 2633 1472 2672 poterimus?
1484 2633 1530 2661 sed
1545 2632 1633 2659 statim
1645 2633 1799 2666 paruerunt.

1008 2690 1110 2717 Prmtcr
1127 2694 1158 2715 ea
1179 2693 1238 2721 quae
1255 2690 1334 2718 supra
1347 2681 1463 2709 diximus
1473 2700 1481 2712 ,
1493 2678 1553 2706 ideo
1565 2677 1668 2704 videtur
1680 2675 1802 2703 Christus

1044 2832 1054 2849 ¹
1071 2829 1170 2860 Quidam
1182 2834 1237 2860 cum
1248 2824 1342 2854 uorel.,
1353 2826 1376 2849 et
1387 2829 1462 2860 opera
1471 2819 1714 2860 et

1044 2863 1055 2879 ¹
1071 2850 1178 2892 διῖίᾶιῖίῆ,
1184 2850 1292 2884 educant
1301 2850 1371 2888 aqua:
1380 2850 1486 2880 animum
1497 2850 1618 2884 reptilium
1628 2850 1756 2874 virentium
