2068 3132
300 125 351 153 ⁸99

298 192 328 210 τι
342 183 383 210 his
392 181 504 217 panibus
513 182 615 217 signum
628 181 717 214 edere,
727 187 756 208 ttt
766 182 837 216 ipsos
846 181 879 208 ad
889 180 966 208 fidem
975 180 1091 208 deduce-

297 235 338 256 rt-t
351 239 357 256 :
368 228 454 256 adhuc
466 229 537 256 enim
552 229 711 256 infirntiores
722 233 807 256 erant.
818 228 986 263 Quapropter
1001 228 1026 255 in
1040 236 1092 255 em-

298 276 350 302 lttttt
364 275 481 310 respicit.
494 275 613 302 Aliorum
624 275 721 310 qttippe
734 275 869 310 signorum
878 277 960 303 multa
969 275 1090 310 exempla

296 320 439 353 habebant;
451 320 528 355 hujus
543 325 629 348 autent
645 321 754 347 ttullnm.
770 322 901 355 Acceptos
915 321 994 356 igitur
1008 329 1090 357 partes

295 365 372 400 fregit
381 387 388 399 ,
398 370 425 393 et
439 374 487 400 per
499 365 643 401 discipulos
656 366 742 397 dedit,
756 365 806 393 ltoc
820 366 917 393 collato
929 367 994 402 ipsis
1007 367 1089 395 hono-

296 420 338 440 re:
353 419 401 438 nec
414 411 524 439 ltonoris
541 416 642 438 tatttttnt
659 419 738 439 causa
753 411 828 443 fecit,
844 411 889 439 sed
906 416 944 445 ut,
965 420 1024 439 cutn
1038 413 1090 440 mi~

295 458 412 485 raeulum
425 463 575 490 cernerent,
588 465 674 493 neque
687 457 766 484 ﬁdem
781 463 918 492 negarent,
934 459 975 486 vel
998 464 1087 494 postea

295 503 377 537 ipsius
392 503 623 535 obliviscerentur,
638 510 699 530 cum
714 503 777 538 ipsa:
792 511 885 531 manus
898 512 991 532 eorum
1008 510 1088 532 testes

293 554 392 576 essent.
415 550 581 584 Quapropter
603 549 675 584 prius
702 549 821 583 permisit
847 553 876 576 ut
902 550 986 578 turba:
1011 551 1087 578 famis

293 603 371 622 sensu
384 596 548 627 laborarent,
563 595 778 629 exspectavitque
793 601 821 622 ut
836 596 872 623 illi
888 597 1048 624 accederent
1060 603 1087 625 et

293 642 497 676 interrogarent.
505 641 557 668 Per
564 642 635 676 ipsos
646 642 708 668 item
717 641 798 676 jussit
807 643 908 676 plebem
918 644 1082 676 recumbere,

293 695 341 720 per
352 687 423 721 ipsos
436 695 543 722 qunque
555 687 704 720 distribuit,
721 688 839 722 singulos
853 689 958 723 propria
978 690 1084 717 confes-

291 734 366 760 sione
380 738 407 760 ct
420 733 545 766 oueribus
559 735 651 761 volens
663 741 859 769 prmoccupare.
875 735 975 763 Idcirco
988 736 1023 762 ah
1034 736 1084 764 illis

291 786 372 813 panes
386 780 490 814 :tccipit,
504 784 533 807 ut
542 781 624 808 multa
639 782 675 808 rei
690 781 838 808 testimonia
850 786 949 814 essent,
962 790 993 809 ac
1005 783 1084 810 mira-

289 825 341 852 culi
365 831 536 853 monumenta
558 826 775 854 haberenLNam
789 828 810 854 si
827 827 868 854 his
888 828 923 854 ita
943 828 1025 863 gestis
1044 829 1082 855 rei

289 871 364 898 obliti
377 876 448 905 sunt,
464 872 526 907 quid
540 873 675 905 fecissent,
689 873 710 900 si
725 880 781 900 rem
795 881 847 900 non
862 873 897 900 ita
910 874 1083 901 adornasset?

288 917 366 945 .lnbet
380 918 459 945 etiam
476 911 535 945 illos
550 918 575 946 ιη
592 919 663 947 fceno
675 919 853 952 discumbere,
868 920 958 947 turbas
972 919 1004 946 ad
1022 920 1081 954 phi-

290 964 480 999 losophandum
495 965 532 1000 (η)
544 965 695 993 instituens.
707 965 765 992 Nott
776 966 846 993 enim
862 970 963 993 tantum
977 967 1082 994 volebat

287 1009 321 1036 ali
337 1017 459 1044 corpora,
475 1010 521 1037 sed
536 1011 651 1038 animam
665 1019 769 1046 quoque
785 1011 896 1038 institui.

323 1056 349 1082 5.
372 1057 409 1083 Ex
428 1056 488 1083 luco
513 1057 609 1091 igitur,
625 1065 657 1084 ex
679 1065 712 1084 eo
726 1058 796 1092 qttod
820 1058 924 1085 nonnisi
949 1066 1031 1093 panes
1053 1065 1080 1087 et

288 1100 373 1134 pisces
395 1101 490 1134 daret,
505 1102 627 1136 quodque
648 1103 740 1129 cadent
764 1108 791 1129 et
817 1103 842 1130 in
865 1105 999 1131 communi
1023 1104 1079 1132 dari

285 1147 402 1180 jusserit,
415 1155 463 1175 nec
477 1148 542 1175 alius
555 1149 612 1182 plus
627 1156 705 1183 quam
718 1149 787 1176 alius
800 1149 932 1183 habuerit,
947 1151 1079 1179 humilita-

285 1199 349 1226 tem,
363 1195 575 1228 temperantiam,
589 1195 780 1230 caritatemque
791 1195 891 1229 docuit,
905 1197 1039 1232 voluitque
1050 1203 1078 1225 ut

285 1239 341 1272 pari
353 1244 543 1268 essentomnes
553 1248 614 1275 erga
626 1241 692 1267 alios
702 1241 809 1274 all‘ectu,
817 1247 843 1269 et
855 1243 942 1270 omnia
954 1243 1077 1272 omnibus

283 1287 433 1312 communia
455 1293 517 1313 esse
540 1291 673 1321 putarent.
689 1287 722 1314 Et
744 1287 834 1316 fractis
858 1289 988 1323 panibus,
1004 1289 1077 1318 dedit

282 1339 330 1358 eos
348 1331 501 1366 discipulis,
517 1331 639 1368 discipuli
665 1341 727 1361 vero
748 1334 827 1368 plebi.
849 1334 971 1370 Quinque
995 1343 1077 1370 panes

283 1376 379 1404 fractos
392 1377 476 1410 dedit,
491 1383 517 1405 et
533 1378 567 1405 illi
580 1380 696 1414 quinque
712 1380 736 1407 in
752 1381 874 1408 manibus
885 1382 1075 1416 discipulorum

282 1424 307 1450 in
323 1423 401 1451 fontis
415 1433 516 1452 morem
532 1426 720 1454 seaturiebant.
735 1427 826 1462 Neque
840 1427 881 1455 hic
900 1429 974 1455 stetit
995 1429 1076 1456 mira-

280 1470 370 1497 culum
383 1479 389 1496 :
402 1471 447 1498 sed
469 1471 493 1498 id
517 1472 578 1499 fecit
598 1477 624 1498 ιιι
640 1473 720 1499 etiam
736 1474 1002 1509 superabundarent,
1020 1482 1072 1502 non

281 1517 359 1543 modo
376 1525 466 1552 panes,
483 1517 527 1544 sed
544 1523 570 1544 et
587 1517 747 1553 fragmenta;
765 1523 793 1545 ut
806 1519 956 1547 ostenderet
969 1520 1072 1547 illorum

279 1572 376 1598 panum
401 1563 448 1591 has
466 1572 526 1592 esse
551 1564 692 1600 reliquias,
708 1569 788 1600 utque
808 1566 933 1594 absentes
943 1575 1047 1602 quoque
1064 1569 1071 1584 '

279 1615 389 1645 possent
408 1610 432 1637 id
447 1610 516 1645 quod
533 1615 634 1645 gestum
651 1615 707 1638 erat
721 1611 850 1639 ediscere.
869 1611 968 1639 idcirco
982 1613 1072 1640 turbas

279 1657 381 1684 esurire
406 1657 544 1691 permisit,
560 1665 593 1684 ne
608 1658 666 1692 quis
689 1662 812 1692 putaret,
826 1658 850 1685 id
874 1659 943 1693 quod
966 1664 1070 1694 gestum

278 1702 581 1738 eratessepltantasiattt.
593 1703 705 1736 ideoque
717 1704 855 1731 duodecim
872 1705 999 1739 cophinos
1011 1706 1072 1733 reti-

279 1749 378 1776 nndare
394 1749 529 1783 permisit,
547 1753 576 1776 ιιι
597 1754 623 1777 et
644 1749 725 1777 .lndzts
745 1759 822 1777 suum
840 1756 964 1785 portaret.
983 1751 1071 1779 Potuit

277 1797 355 1820 etiam
371 1794 453 1829 ipsam
467 1794 561 1822 sedare
576 1795 672 1822 fument
685 1816 690 1827 ,
708 1796 754 1822 sed
767 1797 825 1830 ejus
839 1798 983 1831 potentium
1002 1805 1069 1833 apo-

276 1841 336 1868 stoli
361 1849 413 1868 non
437 1842 591 1869 novissent:
609 1850 668 1868 ttatn
691 1848 717 1869 et
743 1842 793 1869 sub
815 1842 870 1870 Elia
897 1843 947 1870 ltue
970 1843 1068 1871 factum

278 1889 371 1916 fuerat.
386 1889 423 1916 De
438 1889 486 1915 ltac
500 1890 534 1916 ita
546 1889 685 1924 stupefacti
702 1894 763 1916 sunt
778 1889 861 1916 Judzei
871 1911 878 1921 ,
894 1895 922 1917 ιιι
935 1891 1008 1917 illutn
1024 1899 1068 1919 re-

274 1944 334 1971 gem
349 1937 511 1963 constituere
520 1936 640 1968 'vellettl;
656 1936 700 1970 qtti
722 1942 808 1963 tamen
825 1937 850 1964 in
871 1937 930 1964 aliis
947 1938 1030 1972 signis
1042 1938 1068 1966 id

275 1991 417 2018 numquam
436 1987 612 2010 tentavcrant.
627 1983 690 2017 Quis
706 1991 770 2018 ergo
791 1983 879 2011 verbis
893 1985 1066 2018 expresserit,

273 2037 327 2064 qtto
346 2033 422 2063 pacto
437 2036 518 2063 panes
537 2029 616 2055 fotttis
629 2036 703 2055 more
723 2029 902 2056 seaturirent?
914 2037 968 2064 qtto
990 2035 1067 2064 pacto

274 2075 299 2101 ιιι
319 2074 462 2102 solitudine
482 2073 611 2102 fluerent?
625 2073 759 2109 quomodo
781 2078 820 2102 tot
842 2074 993 2102 hominibus
1007 2075 1065 2103 fue-

273 2121 324 2148 rint
337 2121 425 2148 satis?
437 2121 501 2148 Nam
515 2121 654 2155 quinquies
670 2121 741 2148 mille
754 2126 837 2154 erant,
854 2129 905 2149 non
921 2123 1067 2150 numeratis

273 2167 428 2194 mulieribus
442 2171 469 2193 et
481 2167 608 2202 parvulis,
619 2175 678 2201 qua:
690 2166 804 2193 maxima
818 2167 906 2201 populi
917 2167 984 2200 laus,
994 2168 1065 2203 quod

271 2217 297 2239 et
305 2213 431 2239 mulicrcs
439 2217 465 2239 et
477 2212 523 2239 viri
535 2212 640 2239 Christo
649 2212 792 2239 Ita-rerent.
800 2212 938 2245 Quomodo
947 2213 1065 2248 reliquia:

271 2259 365 2286 fuere?
380 2259 484 2286 Etenim
499 2258 550 2286 hoc
561 2259 648 2293 priore
659 2267 712 2285 non
726 2259 813 2286 minus
826 2264 876 2286 est.
893 2259 926 2287 Et
939 2264 977 2286 tot
991 2259 1065 2288 fuere

271 2304 417 2339 fragmenta
427 2325 435 2337 ,
452 2309 480 2339 u_t
495 2303 601 2339 copltinl
622 2303 758 2338 discipulis
779 2312 855 2338 pares
869 2312 980 2332 nutttcro
992 2325 1000 2338 ,
1015 2313 1065 2333 nec

270 2350 371 2385 plures,
381 2358 430 2377 nec
439 2350 577 2386 pauciores
587 2355 685 2378 essent.
694 2352 808 2385 Accepta
819 2351 897 2386 igitur
905 2351 1062 2386 fragmenta,

269 2405 321 2423 ttott
336 2397 430 2430 turbis,
448 2397 493 2424 sed
508 2397 644 2432 discipulis
659 2397 730 2424 dedit
740 2406 747 2424 :
757 2398 854 2425 etenim
873 2398 955 2426 turbre
969 2399 1064 2434 imper-

269 2443 392 2471 fectiores
405 2448 481 2470 erant
495 2443 633 2478 discipulis

304 2490 397 2517 Cluiin
415 2491 440 2517 in
455 2491 578 2518 miraculo
594 2491 810 2525 utulltplicntiouis
825 2499 917 2524 panum
932 2491 1061 2518 sinceri/(ts

267 2543 290 2563 ct
311 2537 441 2563 modestia.
457 2537 597 2564 Ostentatw
622 2537 750 2573 fugiendo.
768 2538 806 2563 Ad
830 2546 928 2565 sacrm"
951 2547 1060 2565 mensum

267 2591 316 2617 quo
341 2587 414 2616 racto
437 2583 617 2610 accedendum.
634 2599 669 2603 —
687 2583 768 2618 Signo
793 2589 880 2610 autent
909 2584 978 2610 facto
991 2605 997 2615 ,
1013 2584 1057 2612 Ξῖ.

268 2627 360 2654 Statim
376 2630 454 2663 coegit
469 2628 606 2663 discipulos
619 2629 714 2656 intrare
729 2630 753 2655 in
769 2629 894 2663 navigium
907 2651 914 2662 ,
929 2635 952 2655 et
964 2638 1059 2663 ιιι-ατε-

265 2676 324 2701 drre
345 2683 400 2702 eum
422 2674 456 2701 ad
479 2675 621 2702 ulteriorem
646 2676 727 2710 ripam
742 2697 749 2709 ,
766 2677 844 2702 donec
859 2677 912 2710 ipse
926 2676 1059 2703 dimitteret

298 2769 304 2784 ι
323 2766 361 2791 alii
374 2767 463 2795 ferunt,
476 2773 565 2796 mutes,
579 2774 630 2798 pro,
642 2767 748 2793 absentes
760 2773 867 2798 quoque;
880 2767 959 2791 minus
970 2772 1046 2792 recte.

295 2799 331 2829 (ιι)
350 2804 463 2828 Asperum
475 2799 570 2823 vivettdi
581 2797 677 2829 genus,
692 2797 765 2829 quale
786 2803 823 2823 est
837 2799 861 2822 in
882 2798 946 2823 fumo
956 2798 1059 2822 discunt-

265 2829 334 2858 [λιιι-ιι,
347 2830 394 2853 cibi
405 2830 515 2853 sumendi
529 2836 609 2859 causa,
623 2829 796 2860 philosopltzam
810 2829 858 2856 hic.
871 2833 897 2854 ιιι
911 2835 979 2860 saepe
989 2829 1056 2859 alias,

265 2865 331 2886 vorat
343 2861 532 2891 (Ilttysostontns.

668 123 695 151 S.
709 122 848 151 JOANNIS
865 119 1103 150 CHRYSOSTOMI
1119 120 1276 149 AliCllllif’.
1297 122 1564 152 CONSTANTINOI‘.

1888 126 1941 154 500

1147 180 1241 207 turbas.
1258 180 1323 207 Nam
1343 181 1365 209 si
1380 189 1497 216 pratsens
1512 183 1647 210 videretur
1661 183 1685 210 id
1706 190 1754 218 per
1771 183 1939 218 phantasiam

1145 225 1256 258 fecisse,
1272 233 1324 253 non
1346 227 1491 254 secundum
1512 229 1551 255 rei
1575 229 1732 262 veritatem,
1748 230 1844 257 absens
1864 237 1940 259 certe

1144 278 1196 297 non
1211 271 1284 298 item.
1302 272 1417 307 ldeoqtte
1434 278 1559 300 accurato
1574 274 1689 301 examini
1711 274 1808 302 factum
1824 278 1938 310 permit-

1144 321 1201 343 tens
1212 338 1218 349 ,
1234 325 1296 349 eos,
1311 318 1356 352 qui
1372 325 1545 346 monumenta
1561 324 1587 346 et
1602 319 1784 354 probationem
1800 321 1937 356 signoruni

1141 368 1307 397 acceperant,
1321 363 1401 397 jussit
1416 364 1449 391 al)
1463 372 1490 391 se
1504 365 1631 399 separari.
1646 365 1770 401 Alioquin
1787 374 1860 401 vero,
1875 375 1936 395 cum

1142 416 1235 443 magna
1258 415 1383 444 operatus
1407 410 1509 443 fuerat,
1528 411 1618 438 turbas
1637 416 1664 438 et
1685 412 1830 447 discipulos
1851 413 1885 440 ab
1906 422 1937 441 se

1141 455 1314 487 removebat,
1337 460 1367 482 ut
1392 455 1469 483 ttobis
1494 456 1618 483 suaderet
1639 465 1768 492 nusquam
1791 459 1934 487 humanam

1139 499 1251 534 gloriam
1262 505 1287 527 et
1298 508 1390 528 auram
1405 509 1465 528 esse
1479 502 1700 537 persequendam,
1718 511 1806 538 neque
1820 506 1934 532 multitu-

1139 545 1228 573 dinem
1244 547 1438 575 attrahendum.
1449 549 1514 576 Cant
1526 555 1614 576 :uttem
1624 550 1696 583 dicit,
1710 550 1806 587 Coegit,
1815 552 1934 580 declarat

1139 593 1284 628 discipulos
1302 594 1359 629 ejus
1375 603 1522 629 prmsentta:
1536 596 1647 625 multum
1671 596 1790 625 ltzt-sisse.
1808 598 1840 626 Et
1860 600 1933 627 misit

1138 645 1185 665 cos
1197 659 1204 671 ,
1219 639 1304 666 turba:
1318 645 1346 667 ut
1360 641 1465 668 videtur
1480 642 1593 669 vitanda:
1612 650 1689 670 causa
1702 664 1710 676 ,
1725 644 1781 678 ipse
1795 651 1882 673 autem
1905 647 1931 674 in

1139 689 1256 712 tuontetn
1264 686 1369 713 volebat
1377 687 1530 721 ascendere,
1541 692 1569 715 ut
1584 696 1632 716 ttos
1640 689 1758 723 doceret,
1769 691 1870 718 turbam
1881 700 1931 720 nec

1137 731 1242 759 assidue
1251 731 1477 767 frequentandam.
1491 742 1577 769 ttequc
1585 742 1691 770 semper
1700 735 1848 771 fugiendam
1857 745 1928 771 esse,

1136 777 1182 804 sed
1199 782 1339 814 utrttmqtte
1352 780 1384 806 ad
1396 780 1534 808 utilitatem
1550 780 1709 815 faciettdum,
1725 786 1752 809 et
1766 783 1928 817 alternatim,

1137 829 1214 857 prout
1228 824 1321 857 decet,
1333 825 1474 860 agendum.
1489 826 1626 854 Discamus
1640 832 1666 854 et
1679 835 1727 855 ttos
1739 836 1845 864 qttoquc
1864 830 1928 857 Jesu

1135 871 1243 897 (Ihristo
1258 871 1370 904 luercre,
1385 880 1437 899 tton
1455 880 1502 906 pro
1517 873 1691 907 impetrandis
1705 874 1868 902 sensibilium
1883 884 1929 904 re-

1134 925 1192 944 runt
1214 917 1292 945 donis
1304 940 1311 951 ,
1328 927 1360 946 nc
1384 919 1408 946 id
1424 919 1500 946 nobis
1520 920 1618 954 probro
1637 919 1716 947 detur
1728 921 1796 948 sicut
1816 921 1925 949 ludatis.

1136 962 1253 995 Qnrerilis
1267 972 1306 990 me
1317 985 1324 997 ,
1342 964 1426 1000 inquit
1439 986 1445 997 ,
1463 973 1512 992 non
1526 965 1584 1000 quia
1598 965 1670 1000 signa
1683 966 1780 993 ridistis
1789 988 1795 998 ,
1812 969 1856 994 sed
1868 968 1928 1002 quia

1134 1017 1164 1035 ut
1187 1009 1294 1044 panibus
1317 1011 1458 1037 rometlistis
1480 1016 1502 1037 et
1524 1012 1631 1038 saturnti
1645 1012 1704 1038 estis
1721 1012 1808 1047 (Joau.
1824 1014 1851 1040 6.
1867 1014 1926 1048 26).

1134 1054 1194 1083 Ideo
1207 1063 1258 1083 non
1272 1055 1424 1092 frequenter
1439 1057 1489 1084 ltnc
1501 1058 1604 1092 signum
1619 1057 1689 1089 facit,
1703 1059 1748 1086 sed
1762 1059 1800 1086 bis
1814 1066 1925 1094 ι.ιιιιιιιιι⁹

1132 1106 1161 1128 ιιι
1180 1101 1312 1130 discerent
1329 1110 1381 1129 non
1395 1104 1480 1130 ventri
1497 1111 1556 1131 esse
1577 1104 1764 1138 serviendum,
1779 1105 1825 1132 sed
1845 1106 1926 1140 spiri-

1133 1147 1247 1175 lttalibus
1266 1148 1372 1175 assidue
1392 1148 1556 1176 ltatrendutn.
1573 1149 1618 1176 llis
1633 1157 1682 1176 nos
1694 1157 1800 1186 quoque
1821 1151 1925 1178 haerea-

1131 1201 1190 1220 ntus
1203 1214 1210 1227 ,
1224 1199 1250 1221 et
1273 1202 1424 1229 qutcramus
1448 1203 1542 1229 panem
1566 1195 1698 1223 czelestem
1711 1217 1719 1230 ,
1743 1205 1795 1232 quo
1815 1203 1926 1232 accepto

1130 1248 1238 1268 omnem
1256 1241 1410 1269 sa'cularem
1434 1249 1525 1270 curam
1547 1241 1693 1278 ejicianttts.
1709 1243 1774 1271 Nam
1796 1244 1818 1271 si
1840 1245 1876 1272 iili
1898 1249 1924 1272 et

1129 1286 1223 1314 domos
1233 1292 1259 1314 et
1279 1287 1400 1314 civitates
1413 1291 1440 1314 et
1452 1292 1578 1322 cognatos
1598 1293 1624 1315 et
1643 1290 1732 1316 omnia
1747 1289 1922 1322 dimiserunt,

1129 1337 1208 1368 atque
1229 1333 1255 1359 in
1278 1333 1421 1361 solitudine
1443 1333 1635 1366 versabantur,
1660 1334 1828 1370 instanteque
1853 1335 1924 1363 fame

1129 1386 1180 1405 nott
1195 1379 1353 1406 recedebant
1365 1388 1372 1408 :
1384 1379 1467 1406 ntulto
1478 1379 1561 1414 magis
1574 1387 1622 1406 nos
1635 1388 1694 1407 cunt
1707 1380 1740 1407 ad
1755 1381 1832 1407 talent
1847 1389 1923 1408 men-

1127 1434 1184 1453 sam
1201 1425 1352 1453 accedimus
1365 1447 1371 1454 .
1389 1426 1515 1461 majorem
1531 1426 1658 1454 exhibere
1677 1431 1783 1460 oportet
1805 1427 1923 1462 philoso-

1128 1471 1216 1506 pltiattt
1233 1476 1259 1499 et
1278 1471 1454 1507 spiritualium
1469 1480 1604 1504 amorem,
1623 1473 1810 1508 sensibiliaque
1829 1479 1921 1508 postea

1126 1526 1256 1553 qurererc.
1274 1518 1338 1545 Nam
1354 1523 1381 1545 ct
1396 1518 1431 1545 illi
1446 1518 1648 1551 accusabantur,
1666 1527 1717 1545 non
1732 1519 1800 1554 quod
1815 1527 1921 1554 qumrc-

1126 1570 1186 1592 rettt
1199 1565 1284 1598 ipsum
1300 1570 1408 1600 propter
1422 1573 1532 1600 pauent;
1547 1565 1593 1592 sed
1608 1564 1677 1600 quod
1685 1570 1824 1599 propterea
1833 1566 1920 1593 solum

1125 1615 1284 1645 quaererent,
1298 1615 1325 1638 et
1339 1617 1447 1646 propter
1462 1610 1511 1637 hoe
1525 1610 1667 1645 praecipue.
1679 1610 1744 1637 Nam
1757 1611 1779 1637 si
1793 1611 1853 1646 quis
1864 1618 1919 1637 llm<

1124 1665 1174 1690 una
1189 1657 1257 1684 dona
1273 1657 1410 1691 deSpiciat,
1424 1658 1512 1691 parvis
1525 1661 1612 1683 autent
1627 1656 1736 1689 haereat,
1748 1664 1806 1691 quze
1818 1656 1919 1692 despici

1124 1704 1179 1731 vult
1193 1704 1214 1731 is
1229 1704 1273 1739 qui
1289 1703 1343 1736 dat,
1357 1703 1391 1730 ab
1403 1703 1452 1730 illis
1466 1703 1545 1730 etiam
1561 1702 1677 1730 excidit:
1691 1707 1720 1729 ut
1733 1703 1860 1734 contra,si
1874 1702 1919 1730 illa

1123 1751 1315 1780 desideremus,
1331 1750 1386 1777 haec
1399 1750 1477 1777 etiam
1491 1749 1580 1782 adjicit
1591 1757 1597 1773 τ
1607 1757 1667 1776 natn
1680 1749 1736 1775 lt;t-e
1749 1749 1774 1775 in
1787 1749 1920 1776 accessio-

1123 1804 1184 1823 ttcttt
1199 1796 1311 1828 dantur;
1325 1797 1359 1823 ita
1376 1803 1471 1830 nempe
1484 1795 1545 1822 vilia
1565 1800 1646 1827 sunt,
1661 1795 1683 1822 si
1696 1802 1756 1821 cum
1772 1794 1824 1822 illis
1845 1803 1918 1822 eont-

1123 1846 1268 1877 parcntur,
1285 1842 1390 1869 etiamsi
1415 1849 1509 1876 magna
1533 1841 1682 1869 videantur.
1706 1841 1763 1869 Non
1787 1849 1851 1876 ergo
1876 1841 1918 1868 his

1122 1888 1286 1921 studeautus,
1303 1893 1382 1922 atque
1395 1895 1489 1915 eorum
1504 1887 1560 1915 sive
1575 1888 1781 1922 possessionem,
1799 1889 1854 1915 sive
1868 1888 1918 1923 pri-

1122 1935 1254 1962 vationcttt
1280 1935 1474 1962 indifferentem
1501 1934 1916 1970 arbitrentur:quemadmodunt

1120 1986 1148 2008 et
1167 1981 1236 2013 Job,
1258 1981 1301 2016 qui
1325 1989 1373 2008 nec
1390 1973 1573 2016 'przesentibus
1598 1980 1733 2014 hmrebat,
1757 1988 1806 2008 nec
1829 1981 1916 2008 ablata

1121 2027 1267 2062 qttzcrebat.
1282 2027 1347 2054 Nam
1364 2033 1478 2062 χρήματα
1492 2034 1543 2053 ιιοιι
1556 2026 1596 2054 sic
1608 2031 1745 2058 vocantur,
1761 2032 1788 2054 ut
1802 2034 1832 2054 ea
1846 2026 1917 2054 defo-

1120 2074 1223 2101 diamus
1237 2095 1244 2106 ,
1258 2073 1304 2101 sed
1320 2078 1348 2100 ttt
1364 2073 1394 2100 iis
1416 2077 1543 2108 quantum
1564 2072 1642 2099 decet
1657 2077 1772 2099 utamur.
1788 2073 1826 2100 Ac
1848 2073 1917 2100 sicut

1119 2120 1215 2147 artifex
1225 2119 1337 2155 quisque
1351 2125 1425 2146 suam
1437 2118 1514 2146 habet
1524 2124 1619 2150 artem,
1629 2118 1668 2145 sic
1676 2118 1761 2152 dives,
1773 2118 1817 2154 qui
1831 2119 1917 2146 nescit

1120 2166 1240 2193 :vrariam
1252 2170 1347 2196 artetn,
1363 2172 1412 2192 ttcc
1427 2164 1514 2191 navim
1530 2163 1653 2190 fabricari
1663 2184 1671 2195 ,
1686 2171 1736 2190 nec
1751 2168 1851 2196 texere,
1866 2172 1915 2190 nec

1119 2213 1261 2245 aedificare,
1274 2221 1323 2240 nec
1337 2212 1407 2240 aliud
1423 2212 1511 2239 simile
1523 2211 1670 2247 quidpiam,
1681 2211 1765 2239 discat
1777 2212 1877 2239 divitiis
1888 2218 1914 2238 ut

1118 2260 1194 2288 dueet
1204 2261 1251 2293 uti,
1266 2265 1293 2287 et
1306 2260 1397 2295 egenis
1408 2259 1507 2294 largiri,
1520 2259 1711 2295 melioremque
1723 2259 1776 2286 illis
1790 2259 1915 2287 omnibus

1118 2314 1202 2335 artem
1217 2307 1334 2335 callebit.

1147 2356 1172 2382 4.
1181 2354 1355 2382 Misericordia
1365 2354 1389 2380 in
1398 2361 1519 2389 pauperes
1529 2361 1570 2379 ars
1579 2352 1758 2387 pretiosissima
1766 2356 1810 2379 est.
1819 2351 1914 2380 Contra

1116 2400 1268 2435 voluptatem
1292 2399 1402 2426 ciborum
1425 2404 1446 2425 rt
1468 2398 1567 2425 luxum.
1583 2397 1695 2425 -—Nam
1719 2398 1776 2424 lttec
1797 2404 1837 2425 est
1862 2398 1914 2424 illis

1117 2447 1239 2474 omnibus
1264 2446 1365 2472 artibus
1388 2445 1536 2472 sublimior.
1562 2444 1645 2478 llttjus
1665 2444 1771 2471 officina
1798 2444 1824 2471 in
1846 2445 1914 2472 ca-lo

1116 2497 1215 2520 structa
1228 2495 1277 2518 est.
1294 2492 1355 2518 lltec
1374 2499 1426 2517 non
1442 2498 1474 2517 ex
1500 2491 1570 2518 ferro
1588 2490 1630 2518 vel
1652 2498 1706 2517 :cre
1724 2489 1852 2517 adornata
1867 2498 1913 2517 or-

1115 2547 1182 2574 gutta
1202 2539 1300 2570 habet,
1315 2537 1361 2564 sed
1383 2545 1415 2564 ex
1430 2537 1590 2572 benignitate
1603 2541 1630 2563 et
1644 2537 1780 2563 voluntate
1795 2537 1815 2562 ι.
1828 2536 1914 2571 llujtts

1115 2585 1179 2612 artis
1191 2584 1314 2611 Christus
1328 2583 1422 2611 doctor
1432 2588 1482 2614 est,
1493 2590 1595 2610 necnon
1608 2582 1665 2615 ejus
1680 2582 1767 2609 Pater.
1784 2581 1849 2609 Nam
1864 2583 1912 2613 ait,

1117 2631 1202 2658 listote
1216 2630 1388 2657 misericordes
1401 2630 1464 2656 sicut
1476 2634 1499 2655 et
1516 2628 1593 2655 Pater
1607 2634 1684 2655 vester
1695 2628 1738 2662 qui
1752 2633 1788 2655 est
1804 2628 1829 2654 in
1843 2629 1914 2655 uelis

1116 2676 1191 2711 (Luc.
1203 2675 1231 2702 6.
1247 2675 1304 2708 56).
1318 2674 1446 2709 Quodque
1460 2674 1581 2702 mirabile
1595 2678 1636 2701 est
1646 2694 1652 2704 ,
1668 2681 1728 2700 cum
1749 2673 1784 2700 ita
1799 2678 1913 2700 caeteras

1114 2723 1275 2755 antecellat,
1298 2730 1351 2749 non
1374 2721 1465 2749 labore
1487 2721 1528 2747 vel
1555 2726 1676 2755 tempore
1696 2727 1764 2755 opus
1784 2719 1864 2747 habet
1884 2724 1913 2746 nt

1115 2773 1271 2796 exerceatur
1283 2776 1289 2793 :
1301 2767 1399 2794 sufﬁcit
1417 2767 1488 2794 enim
1508 2766 1594 2798 velle,
1612 2771 1639 2793 et
1655 2771 1738 2793 totum
1760 2765 1912 2801 perlectum

1149 2861 1155 2874 ²
1176 2858 1230 2882 Duo
1243 2862 1306 2888 "55.,
1318 2858 1360 2882 sul
1370 2864 1402 2882 ex
1414 2857 1475 2882 bona
1487 2857 1610 2882 voluntate.
