2068 3132
222 196 277 219 est.
293 190 436 218 Videamus
449 191 555 224 quoque
565 209 571 218 .
587 188 645 224 quis
662 187 721 215 ﬁnis
735 186 805 214 illius
817 187 862 214 sit.
877 186 942 220 Quis
957 190 1016 213 tan-

223 240 286 265 dem
300 237 360 264 ﬁnis
375 236 446 263 illius
460 230 519 263 est?
532 231 632 262 C:elum
641 254 651 268 ,
665 239 692 260 et
706 233 821 261 c:clcstia
835 232 903 260 bona
917 231 1019 268 :gloria

225 283 269 310 illa
281 281 433 314 ineﬂ'abilis,
442 280 594 316 spirituales
602 279 721 311 thalatni,
731 278 862 314 fulgentes
871 277 1017 313 lampades,

225 328 354 355 habitatio
372 332 433 354 cum
451 333 567 361 sponso;
584 325 634 352 alia
649 333 709 359 quze
724 324 812 351 nullus
826 331 925 355 sermo,
947 322 1018 350 nulla

223 380 301 401 mens
309 372 446 400 declarare
456 376 553 407 potest;
561 371 595 398 ita
607 376 636 398 ut
647 371 696 397 hac
706 371 731 396 in
741 374 816 404 parte
827 369 905 404 longe
914 368 947 396 ab
960 368 1019 395 aliis

222 419 410 447 diﬂ‘erat.Nam
423 418 518 445 artium
533 417 666 452 pleneque
676 416 709 443 ad
722 423 840 451 prtcsens
853 415 938 453 solum
950 418 1018 442 tem-

223 473 272 500 pus
279 465 356 492 utiles
362 467 424 491 sunt
435 462 521 494 nobis,
534 463 590 489 lucc
601 470 665 489 vero
673 462 752 488 etiatn
760 461 792 488 ad
801 461 916 488 futuram
927 456 1016 487 vitam.

223 511 251 539 Si
266 515 356 539 autem
368 510 404 537 ita
420 509 510 537 diﬂ‘ert
523 508 556 535 ab
571 508 603 534 iis
615 507 716 534 artibus
736 513 795 541 qua:
812 504 889 534 nobis
904 506 930 533 in
947 514 1018 541 prte-

222 557 292 584 senti
306 556 361 583 vita
373 559 436 583 sunt
449 551 618 586 necessariae,
631 556 660 579 ut
673 560 688 579 a
702 549 840 581 medicina.
856 552 1017 579 architecto-

223 603 282 630 nica
295 607 322 629 et
339 602 470 629 similibus
482 621 488 631 ,
502 600 587 627 multo
606 598 690 634 magis
704 597 737 625 ab
749 597 808 624 aliis
819 618 826 629 ,
841 604 907 631 quas
922 597 944 624 si
958 599 1018 631 quis

222 652 348 676 accurate
369 647 509 682 exploret,
526 653 612 680 neque
632 650 704 671 artes
727 651 788 671 csse
810 643 915 670 dixerit.
930 643 1018 677 Quare

180 710 183 714 ~
220 701 272 729 ego
286 692 354 720 alias
368 691 515 727 superﬂuas
531 699 583 718 non
606 698 653 725 pro
667 689 768 716 artibus
787 689 883 715 habeo.
898 688 937 716 Ad
953 688 1016 723 quid

218 739 293 766 enim
314 737 468 772 coquinaria
491 741 518 763 et
538 735 736 763 salsamentaria
759 735 835 761 nobis
859 734 957 760 utiles?
976 733 1017 761 Ad

222 785 287 812 nihil
299 790 371 812 certe
385 793 391 811 ε
405 784 458 810 imo
473 782 550 810 valde
564 782 672 809 inutiles
687 785 714 809 ct
727 782 813 808 noxia:
827 785 903 811 sunt,
917 787 976 816 qua}
991 783 1018 807 et

220 838 319 866 corpus
333 835 360 858 et
371 830 488 858 animant
503 829 671 862 labefactant,
688 827 757 863 quod
772 827 925 854 morborum
940 826 1017 862 aegri-

223 877 396 911 ludinumque
410 876 526 903 omnium
540 878 653 902 matrem
670 872 831 909 voluptatem
844 881 903 899 cum
921 880 1016 908 pompa

221 930 316 958 magna
330 920 530 949 iuducantJmo
540 912 802 955 nec-picturam,nec
816 918 1016 954 pltrygionicatu

220 974 292 996 artes
315 968 422 1003 proprie
441 967 566 994 dixerim.
588 966 655 994 Nam
680 965 707 993 in
728 964 877 999 superﬂuos
895 968 1016 998 sumptus

222 1023 272 1042 nos
294 1014 447 1049 conjiciunt.
464 1015 542 1041 Artes
562 1020 626 1039 vero
649 1012 813 1039 necessarias
825 1031 832 1042 ,
854 1018 914 1046 qua:
934 1010 1015 1037 vitam

221 1065 341 1088 nostram
351 1063 511 1091 sustentant,
522 1059 599 1086 nobis
614 1058 763 1085 necessztria
778 1057 913 1092 pra'beant
927 1062 954 1084 et
966 1065 1016 1092 ap.

220 1111 315 1141 parent
326 1109 440 1141 oportet.
457 1105 519 1132 Ideo
532 1110 646 1139 namque
659 1103 813 1138 sapientiam
831 1102 925 1130 indidit
938 1103 1016 1130 nobis

222 1152 301 1184 Deus,
313 1156 341 1179 ut
354 1150 518 1178 inveniamus
535 1149 686 1182 methodos,
700 1146 776 1184 queis
789 1147 921 1183 possimus
935 1148 1014 1176 vitam

219 1206 378 1227 conservare
388 1203 505 1225 nostram
519 1206 526 1224 :
537 1195 696 1224 animalcnla
706 1204 770 1223 vero
781 1200 826 1223 aut
836 1195 861 1222 itt
871 1195 1015 1230 parietibus

219 1251 265 1273 aut
277 1246 304 1273 in
314 1245 432 1273 vestibus
445 1248 638 1278 repmsentare
645 1243 677 1270 ad
687 1242 760 1277 quid,
771 1248 872 1277 quaeso,
882 1241 945 1269 utile
955 1246 996 1269 est
1003 1242 1015 1267 ’ἒ

220 1289 282 1319 Ideo
294 1299 326 1319 ex
342 1290 531 1318 calceariorum
553 1293 580 1316 et
603 1296 636 1316 ex
660 1292 791 1315 textorum
812 1287 912 1314 artibus
933 1287 1014 1314 multa

218 1337 364 1366 resecanda
380 1341 472 1364 essent
484 1345 490 1363 :
503 1343 563 1363 nam
578 1335 611 1363 ad
631 1335 722 1362 luxum
738 1334 819 1361 tnulta
834 1332 1013 1366 deduxerunt,

217 1389 248 1412 et
265 1383 336 1419 quod
351 1383 532 1410 necessarium
545 1387 603 1409 erat
622 1380 817 1408 labefactarunt
829 1401 836 1412 ,
850 1380 900 1406 arti
915 1378 1013 1406 malum

217 1430 360 1458 artiﬁcium
382 1427 578 1459 admiscentes;
603 1426 673 1463 quod
697 1427 778 1454 etiam
802 1425 1014 1454 architectonica;

219 1476 324 1504 accidit.
339 1475 390 1503 Sed
406 1481 435 1502 ut
449 1474 531 1505 hanc,
547 1473 632 1500 donec
645 1472 727 1505 mdes,
741 1478 794 1499 non
810 1476 897 1499 autem
911 1472 1013 1498 theatra

220 1525 412 1555 aediﬁcaverit.
435 1531 466 1551 ac
494 1522 664 1555 necessaria,
690 1528 742 1548 non
767 1525 855 1547 autem
881 1519 1013 1554 superﬂua

217 1571 356 1605 struxerit,
372 1575 457 1598 artem
473 1569 575 1596 Vocabo
586 1577 593 1596 :
604 1569 643 1595 sic
657 1573 684 1596 et
698 1566 838 1595 textoriam
848 1588 855 1598 .
870 1565 956 1594 donec
968 1575 1014 1593 ve-

218 1618 343 1645 slintenla
364 1616 455 1644 iecerit
469 1620 496 1643 et
513 1619 684 1645 assumenta,
701 1621 750 1640 nec
764 1620 877 1640 araneas
893 1613 992 1640 imitata
1004 1633 1012 1644 ,

218 1663 330 1691 multum
343 1662 427 1690 risum
440 1661 598 1688 excitaverit
607 1668 639 1687 ac
653 1659 790 1686 mollitiem
805 1660 939 1693 ingentem
949 1679 955 1690 ,
967 1665 1012 1685 ar-

217 1713 272 1736 tem
292 1715 368 1739 voco.
382 1706 489 1735 Necnon
501 1704 665 1733 lalceariam
685 1709 768 1732 artem
781 1725 788 1735 ,
802 1704 888 1731 donec
909 1704 1014 1731 calceos

217 1754 329 1785 iecerit,
341 1751 406 1781 artis
421 1753 529 1780 nomine
543 1760 596 1779 non
620 1752 744 1786 privabo;
755 1759 815 1778 cum
830 1755 919 1778 autem
942 1751 1014 1778 viros

217 1802 245 1828 in
258 1801 397 1828 mulierum
415 1800 525 1827 formam
542 1796 687 1825 traduxerit
702 1818 709 1829 ,
726 1798 819 1824 molles
832 1801 859 1824 et
874 1796 1013 1824 effemina-

219 1852 260 1874 tos
273 1854 306 1874 ex
319 1845 471 1874 calceorum
485 1845 568 1872 forma
584 1843 674 1871 fecerit
683 1863 690 1875 ,
704 1848 764 1870 cum
779 1842 866 1869 noxiis
878 1845 905 1869 et
919 1849 1013 1876 super-

218 1892 278 1920 ﬂuis
291 1892 361 1920 illam
377 1891 534 1919 locabimus.
550 1888 611 1918 Scio
626 1898 669 1917 me
681 1889 773 1917 multis
787 1887 870 1916 videri
891 1889 917 1915 in
933 1888 1012 1915 mini-

218 1940 269 1968 mis
277 1940 386 1967 nitninm
395 1938 530 1966 immorari
539 1946 545 1965 ε
554 1945 640 1974 neque
647 1942 734 1965 tamen
742 1935 878 1963 absistam.
886 1934 1012 1962 Omnium

216 1986 315 2020 quippe
330 1985 462 2012 malorum
477 1991 555 2012 causa
578 1981 636 2010 lucc
651 1987 692 2010 est
706 2004 713 2015 ,
726 1989 759 2010 eo
779 1981 850 2017 quod
873 1981 946 2016 parvi
969 1981 1012 2008 illa

219 2036 325 2065 peccata
339 2031 467 2058 momenti
483 2037 544 2058 esse
559 2030 708 2060 videantur.
720 2034 746 2056 et
759 2028 819 2055 ideo
835 2027 1011 2061 negligantur.

220 2077 254 2104 Et
266 2077 330 2112 quid
344 2075 397 2104 hoc
410 2076 512 2107 levius,
529 2076 647 2110 inquies,
662 2079 799 2109 peccatum
814 2079 939 2107 umquam
955 2072 1012 2099 fue-

217 2124 262 2154 rit.
278 2130 339 2151 cum
354 2122 413 2158 quis
427 2123 533 2150 calceos
546 2121 626 2148 habet
640 2126 749 2148 ornatos
762 2127 793 2146 ac
807 2119 948 2153 fulgentes,
964 2124 1012 2151 pc-

217 2169 296 2196 dibus
309 2173 424 2203 aptatos,
439 2169 460 2195 si
473 2173 561 2195 tamen
576 2168 625 2194 hoc
641 2171 776 2202 peccatum
791 2165 937 2192 vocandum
952 2164 1013 2191 est?

219 2215 305 2242 Vultis
327 2215 406 2250 igitur
426 2213 499 2241 illum
521 2213 679 2248 aggrediar,
704 2212 747 2246 qui
771 2212 809 2238 sic
836 2211 950 2246 loqttitnr
964 2228 971 2243 ,
987 2214 1013 2237 et

218 2265 317 2296 quanta
333 2260 372 2287 rei
391 2260 454 2286 insit
474 2258 611 2293 turpitudo
625 2257 786 2286 ostendam?
806 2264 894 2283 annon
911 2257 1011 2282 irasce-

219 2305 282 2332 mini
295 2304 373 2333 limo
386 2304 490 2332 etiamsi
511 2302 661 2330 irascamini
677 2324 684 2335 ,
702 2310 754 2330 non
769 2302 880 2328 multum
901 2300 1011 2327 curabo.

217 2349 283 2378 Nam
303 2357 351 2378 vos
371 2354 449 2377 tanta:
464 2347 623 2382 insipientia:
643 2354 723 2375 causa
742 2347 807 2374 estis
819 2368 826 2378 ,
841 2346 885 2381 qui
900 2354 956 2373 rem
979 2354 1013 2373 ne

218 2400 355 2431 peccatum
373 2393 480 2430 quidem
502 2402 562 2422 esse
581 2394 698 2429 putatis,
715 2400 816 2428 nosque
838 2391 898 2419 ideo
918 2391 1013 2426 cogitis

219 2441 245 2469 in
259 2441 409 2476 hujusmodi
424 2439 514 2467 luxum
531 2438 631 2467 invehi.

234 2502 237 2506 -
255 2487 282 2514 ὅ.
302 2486 395 2514 Contra
408 2486 496 2513 luxum
509 2486 536 2513 in
550 2484 651 2512 calceis.
664 2500 698 2505 -
712 2484 767 2520 Age
783 2484 861 2519 igitur
877 2483 903 2511 id
919 2483 1010 2518 etpla-

218 2539 308 2560 remus
319 2553 326 2564 ,
341 2531 533 2567 videamusque
547 2536 674 2567 quantum
688 2531 722 2558 sit
734 2530 844 2557 malum.
860 2529 926 2557 Cum
942 2529 1012 2555 cnim

220 2577 305 2606 serica
329 2575 371 2604 ﬁla
385 2597 392 2609 ,
409 2585 467 2612 quae
487 2585 521 2603 ne
540 2576 567 2603 in
587 2576 753 2603 vestimentis
767 2576 875 2609 quidem
895 2575 1013 2601 inserere

220 2623 361 2650 honestum
372 2627 424 2654 est,
437 2623 464 2649 in
477 2622 575 2649 calceis
588 2621 721 2653 inseratis,
733 2625 830 2656 quanta
841 2619 1012 2651 contumelia,

219 2674 319 2704 quanto
331 2669 386 2697 risu
397 2669 453 2696 hac
463 2668 542 2704 digna
552 2669 634 2696 sunt?
645 2667 673 2695 Si
684 2675 747 2695 vero
756 2667 915 2694 sententiam
926 2673 1013 2694 meam

219 2715 346 2752 despicis,
360 2715 420 2743 audi
435 2715 546 2743 Paulum
559 2722 619 2742 eum
631 2721 725 2749 magna
736 2713 902 2741 vehementia
913 2712 938 2740 id
952 2719 1014 2748 pro-

221 2761 356 2790 hibentem
369 2782 377 2793 ,
398 2766 422 2789 el
447 2766 510 2788 tunc
531 2760 668 2788 ridiculam
691 2767 747 2786 rem
770 2766 831 2786 esse
853 2758 1010 2791 comperies.

219 2807 289 2842 Quid
304 2815 368 2843 ergo
385 2808 421 2834 ait
440 2807 506 2835 ille?
525 2806 584 2834 Non
600 2805 627 2833 in
642 2805 714 2832 tortis
727 2805 854 2836 crinibus.
871 2810 915 2831 aut
929 2811 992 2830 auro
1002 2825 1009 2836 ,

221 2857 267 2880 alt
277 2853 422 2888 margaritis
433 2874 441 2884 ,
457 2852 496 2878 vel
507 2855 572 2878 vate
584 2851 692 2885 pretiosa
704 2850 713 2885 (
725 2851 750 2878 l.
769 2849 835 2876 Tim.
848 2849 875 2876 2.
892 2849 909 2878 9
920 2850 940 2886 ).
957 2849 1013 2883 Qua

402 2908 535 2939 Ριιτιιοι.
553 2897 611 2935 an.
635 2905 741 2936 mu.

723 128 756 157 IN
774 128 979 157 MATTllAZliM
999 128 1113 157 li0.\ilL.
1136 129 1227 157 XLIX.
1250 130 1283 158 al.
1306 130 1335 158 L.

1817 130 1870 160 50!

1077 187 1155 222 igitur
1169 187 1246 214 venia
1258 187 1353 222 dignus
1374 186 1455 214 fueris
1467 208 1474 218 ,
1495 186 1601 222 quando
1617 186 1712 214 Paulus
1725 188 1801 215 uxori
1817 192 1869 214 tino

1075 238 1127 261 non
1148 233 1276 268 permittit
1290 238 1363 261 veste
1378 232 1492 267 pretiosa
1507 232 1545 259 uti
1558 253 1565 263 ,
1585 233 1606 260 si
1623 238 1649 260 tu
1669 233 1759 260 luxum
1774 233 1868 268 hujus—

1074 281 1145 308 modi
1170 281 1197 308 in
1220 281 1324 308 calceos
1347 280 1476 312 inducas,
1501 280 1626 314 millcque
1648 280 1734 307 modis
1755 287 1869 315 appares

1073 334 1130 354 rem
1152 327 1188 354 ita
1207 326 1427 354 contumeliosam
1443 330 1470 353 et
1485 325 1647 353 ridiculam?
1666 325 1732 352 Nam
1748 326 1820 353 illam
1833 325 1869 353 ob

1073 381 1181 401 causam
1195 373 1270 401 navis
1283 373 1456 404 construitur,
1471 372 1585 407 remiges
1598 371 1792 404 conducuntur,
1807 380 1868 406 pro.

1072 428 1109 447 rte
1119 421 1214 447 ductor
1226 423 1254 447 et
1265 419 1426 455 gubernator
1437 419 1620 450 instituuntur,
1637 418 1725 445 velum
1739 417 1868 452 expandi-

1073 470 1125 498 tur,
1138 466 1244 500 pelagus
1257 466 1396 500 trajicitur,
1409 464 1508 492 relictis
1518 470 1612 496 uxore.
1625 463 1716 491 liberis
1726 466 1753 490 et
1763 463 1848 498 pitrin
1856 484 1864 494 ,

1072 517 1206 539 mercator
1225 512 1304 538 vitam
1328 511 1450 538 ﬂuctibus
1467 510 1606 537 committit
1619 530 1627 542 ,
1643 509 1724 544 inque
1741 509 1867 536 barbaro-

1072 564 1130 586 rum
1146 558 1280 593 re‘giOnem
1297 557 1471 592 proﬁciscitur
1482 577 1489 589 ,
1503 555 1578 583 mille
1591 554 1716 590 periculis
1730 555 1867 590 expositus

1071 604 1104 631 ad
1128 604 1185 631 haec
1208 605 1249 630 ﬁla
1269 603 1446 638 comparanda
1459 623 1466 635 ,
1483 603 1512 629 ut
1531 607 1590 636 post
1610 602 1666 629 lucc
1679 602 1768 628 omnia
1792 606 1818 628 ιιι
1840 601 1866 628 in

1046 673 1049 676 .
1071 648 1168 676 calceis
1182 649 1225 675 illa
1239 657 1329 675 assuas
1340 653 1368 676 et
1379 649 1479 676 corium
1492 655 1582 675 ornes.
1597 647 1696 682 Ecquid
1709 651 1781 674 tanta
1795 646 1867 674 insa-

1072 694 1113 720 nia
1128 692 1266 720 deterius?
1280 694 1311 720 At
1331 698 1450 721 veterum
1464 694 1545 721 calcei
1566 701 1618 720 non
1637 693 1703 720 tales
1717 697 1803 724 erant,
1818 692 1864 718 sed

1070 738 1163 774 quales
1181 738 1294 766 decebat
1311 739 1392 765 viros.
1407 740 1586 773 Quamobrem
1599 743 1705 769 vereor,
1721 745 1754 765 ne
1769 744 1864 772 procc-

1070 784 1150 811 dente
1165 786 1300 818 tempore,
1313 783 1497 810 adolescentes
1511 784 1581 817 apud
1595 791 1642 810 vos
1657 783 1797 810 mulierum
1811 782 1866 810 cal-

1069 831 1124 858 ceis
1137 835 1256 863 utantur,
1269 830 1348 864 idque
1358 830 1416 856 sine
1429 829 1539 863 pudore.
1551 826 1681 864 Quddquc
1693 829 1801 864 gravius
1813 835 1864 861 est,

1070 877 1127 904 haec
1142 874 1262 904 videntes
1278 880 1366 910 patres
1381 882 1432 902 non
1449 875 1630 910 indignantur,
1647 875 1694 902 sed
1709 883 1765 902 rem
1777 880 1807 902 ut
1822 876 1864 902 in-

1069 922 1235 950 diil'erentcln
1258 921 1364 949 habent.
1389 921 1509 948 Voltisne
1524 926 1555 948 ut
1569 921 1632 956 quid
1655 922 1734 948 etiam
1756 921 1865 956 gravius

1068 968 1194 995 aﬂ'eram?
1207 968 1268 995 lla-c
1281 967 1316 994 ita
1329 967 1395 994 ﬁunt
1404 967 1468 994 dum
1481 966 1555 993 multi
1565 971 1684 1002 egestate
1695 970 1862 1001 premuntur.

1068 1014 1154 1042 Vultis
1168 1014 1195 1041 in
1210 1013 1325 1041 medium
1338 1013 1467 1040 adducam
1480 1012 1614 1040 Christum
1625 1013 1801 1045 esurientem,
1815 1020 1865 1039 nn-

1068 1060 1142 1091 dum.
1158 1059 1274 1094 undique
1287 1065 1393 1094 captum
1404 1080 1411 1088 .
1429 1059 1545 1086 vinetum
1555 1058 1568 1085 ?
1583 1057 1616 1085 Et
1630 1063 1694 1093 quot
1710 1058 1864 1085 fulminibus

1068 1105 1140 1140 digni
1153 1112 1205 1132 non
1219 1105 1303 1136 eritis.
1315 1104 1376 1131 dum
1389 1104 1463 1131 illutn
1476 1103 1607 1138 negligllis
1620 1104 1773 1131 necessario
1783 1109 1864 1138 egetu-

1068 1158 1121 1180 tem
1136 1151 1198 1179 cibo
1209 1171 1217 1184 ,
1231 1156 1259 1178 et
1277 1150 1361 1186 pelles
1375 1157 1434 1177 cum
1451 1154 1525 1177 tanto
1538 1149 1626 1177 studio
1639 1150 1796 1177 crematis?
1817 1149 1864 1177 Ille

1067 1197 1174 1233 quidem
1189 1204 1250 1224 cum
1265 1196 1401 1231 discipulis
1422 1196 1507 1231 legem
1523 1195 1616 1227 daret,
1632 1203 1667 1222 ne
1682 1196 1862 1223 calccautcnta

1067 1244 1173 1278 quidem
1194 1242 1294 1270 habere
1309 1241 1430 1277 permisit
1451 1250 1458 1268 :
1479 1248 1529 1268 nos
1541 1248 1605 1268 vero
1618 1249 1669 1268 non
1689 1241 1863 1268 πιοι1‹ιίιιιιιί‹

1067 1290 1179 1325 pedibus
1191 1289 1316 1316 incedere
1326 1295 1378 1315 non
1390 1288 1564 1318 sustinemus,
1578 1287 1624 1314 scd
1639 1294 1725 1322 neque
1735 1287 1862 1314 calceatis

1067 1335 1113 1363 illo
1125 1343 1178 1370 quo
1189 1339 1326 1370 oporteret
1340 1333 1429 1361 modo.
1441 1333 1510 1367 Quid
1525 1333 1574 1360 hac
1585 1332 1750 1360 absurditate
1764 1332 1840 1367 peius
1850 1334 1862 1358 Ρ

1066 1383 1128 1418 quid
1153 1382 1237 1417 magis
1258 1380 1420 1408 ridiculum?
1442 1379 1508 1407 Illud
1527 1384 1602 1407 certe
1620 1379 1701 1406 anitni
1714 1379 1860 1406 eﬂ'eminati

1066 1433 1116 1459 est,
1134 1428 1282 1460 inhumani,
1299 1425 1378 1454 nimis
1391 1425 1489 1454 curiosi
1500 1446 1507 1456 .
1523 1425 1670 1453 vanissimi.
1683 1425 1862 1458 Quandunam

1066 1474 1162 1509 poterit
1178 1474 1335 1501 necessariae
1349 1473 1386 1500 rei
1400 1471 1553 1500 incumbere
1563 1492 1571 1504 ,
1587 1472 1630 1506 qui
1646 1471 1686 1498 bis
1699 1477 1860 1505 supervaca-

1066 1520 1124 1548 neis
1144 1519 1248 1546 deditus
1267 1517 1329 1546 est?
1352 1518 1459 1553 quando
1477 1518 1584 1551 juvenis
1598 1518 1751 1552 hujusmodi
1765 1518 1862 1545 anitum

1065 1571 1157 1592 curam
1169 1564 1287 1597 habebit,
1298 1563 1338 1591 vel
1349 1563 1475 1599 cogitabit
1485 1564 1565 1590 etiam
1575 1571 1606 1591 se
1617 1563 1732 1590 animam
1745 1561 1862 1591 habere?

1066 1611 1131 1639 Nam
1145 1612 1304 1639 vanissimus
1316 1613 1427 1638 omnino
1439 1611 1493 1638 erit
1505 1611 1549 1645 qui
1564 1611 1620 1637 haec
1634 1610 1724 1636 mirari
1740 1609 1860 1644 cmnpel-

1067 1659 1136 1685 letur
1147 1679 1154 1690 ,
1170 1663 1199 1685 et
1220 1657 1427 1685 immanissimus
1438 1675 1447 1690 -,
1463 1657 1508 1692 qtti
1531 1657 1573 1684 bis
1592 1657 1711 1684 intentus
1731 1662 1862 1691 pauperes

1067 1705 1198 1740 negliget;
1214 1704 1310 1731 virtute
1323 1710 1431 1733 vacuus.
1447 1703 1492 1738 qui
1506 1707 1589 1730 totam
1603 1703 1683 1729 vitam
1697 1702 1723 1729 in
1740 1702 1790 1729 hoc
1803 1705 1862 1729 stu-

1065 1751 1110 1778 dio
1125 1750 1262 1786 impendit.
1279 1749 1344 1777 Nam
1356 1750 1402 1785 qui
1417 1749 1521 1776 ﬁlorum
1536 1748 1727 1783 pnestantiam,
1739 1748 1861 1776 colorum

1065 1796 1159 1824 ﬂorem
1171 1817 1179 1829 ,
1203 1795 1362 1831 hedera-que
1381 1795 1497 1829 speciem
1519 1802 1535 1822 a
1555 1794 1600 1822 tali
1615 1799 1722 1823 textura
1735 1794 1862 1821 emissam

1065 1844 1171 1870 curiose
1185 1841 1324 1877 perquirit,
1338 1840 1508 1876 quandonam
1523 1840 1623 1875 poterit
1637 1841 1730 1867 caelum
1745 1839 1861 1874 respice~

1065 1889 1114 1916 re?
1128 1889 1234 1924 quando
1244 1895 1390 1923 supernam
1404 1886 1474 1914 illam
1487 1885 1712 1922 pulchritudinem
1722 1885 1863 1912 mirabitur

1066 1937 1105 1967 is,
1131 1936 1174 1970 qui
1203 1942 1302 1969 pronus
1330 1934 1355 1960 in
1380 1937 1478 1961 terram
1504 1932 1611 1967 pellium
1639 1931 1861 1966 pulchritudinem

1066 1981 1197 2009 miratur?
1211 1981 1280 2008 Dens
1293 1979 1400 2015 quidem
1416 1978 1536 2007 extendit
1551 1977 1656 2009 cretum,
1670 1976 1753 2003 solem
1766 1983 1861 2004 acccn~

1065 2028 1120 2059 dit,
1137 2027 1280 2061 oculosque
1295 2031 1354 2052 tttos
1368 2033 1474 2052 sursntn
1491 2024 1588 2057 trahit,
1609 2028 1638 2050 tu
1654 2029 1717 2050 vero
1732 2024 1758 2050 le
1774 2023 1860 2057 ipsum

1065 2073 1138 2108 cogis
1159 2079 1252 2100 versus
1271 2076 1371 2098 terram
1389 2076 1530 2105 porcorum
1550 2070 1634 2096 instar
1645 2069 1789 2103 respicere,
1804 2067 1862 2094 dia-

1066 2119 1180 2154 boloquc
1205 2126 1305 2144 mort-nt
1327 2116 1410 2151 geris.
1434 2116 1499 2143 Nam
1522 2116 1580 2149 ipse
1601 2114 1732 2149 malignus
1755 2113 1861 2141 daemon

1066 2163 1134 2191 hanc
1147 2161 1336 2197 turpitudinem
1349 2162 1523 2196 excogitavit,
1537 2164 1565 2187 ut
1583 2164 1610 2187 te
1627 2159 1662 2186 ab
1682 2158 1725 2187 illa
1744 2158 1862 2194 pulchri-

1066 2210 1156 2238 tudine
1168 2213 1317 2240 averteret;
1339 2208 1398 2234 ideo
1413 2211 1439 2234 te
1458 2207 1524 2234 istuc
1539 2206 1648 2233 attraxit
1658 2227 1665 2237 ,
1679 2206 1862 2241 postponitur-

1065 2264 1116 2290 que
1127 2256 1206 2287 tiens,
1215 2255 1308 2281 caehmt
1318 2253 1471 2285 ostendens,
1480 2252 1587 2279 diabolo
1596 2251 1677 2287 pelles
1685 2252 1859 2283 monstranti;

1066 2301 1121 2328 imo
1134 2307 1186 2327 non
1201 2299 1295 2334 pelles,
1312 2299 1353 2325 ha:
1365 2299 1462 2333 quippe
1476 2302 1539 2325 sunt
1553 2297 1599 2324 Dei
1613 2301 1696 2332 opus;
1713 2296 1760 2324 sed
1775 2296 1862 2324 molli-

1066 2347 1128 2374 tiem
1140 2346 1280 2382 quamdam
1292 2350 1318 2372 et
1329 2345 1473 2379 pessimum
1485 2343 1637 2370 artiﬁcium.
1650 2343 1695 2370 Sic
1705 2343 1861 2369 adolescens
1906 2354 1911 2358 ~

1066 2399 1165 2427 pronus
1177 2399 1270 2419 versus
1285 2395 1382 2417 terram
1397 2390 1517 2417 circumit
1530 2409 1537 2421 ,
1551 2389 1595 2423 qui
1608 2389 1723 2416 cmiestia
1740 2387 1860 2423 philoso-

1067 2438 1142 2473 phari
1155 2438 1245 2472 jussus
1259 2441 1300 2464 est
1311 2457 1318 2468 ,
1336 2436 1473 2470 magisque
1485 2435 1519 2462 de
1535 2435 1576 2461 bis
1588 2434 1731 2469 gloriatur,
1745 2441 1824 2468 quam
1839 2434 1861 2460 si

1066 2483 1129 2517 quid
1148 2488 1272 2517 magnum
1288 2486 1414 2516 operatus
1431 2485 1503 2508 esset
1513 2498 1520 2512 ,
1537 2480 1628 2514 sicque
1642 2479 1757 2506 molliter
1771 2485 1799 2505 et
1813 2478 1861 2506 de-

1067 2530 1145 2557 licate
1158 2536 1205 2564 per
1218 2528 1302 2555 lorum
1322 2527 1439 2558 incedit,
1453 2534 1597 2554 mmrorem
1618 2526 1668 2552 sibi
1685 2525 1861 2560 doloremque

1066 2576 1228 2606 concilians,
1250 2582 1284 2603 ne
1305 2575 1392 2601 hieme
1413 2573 1518 2601 calceos
1540 2573 1596 2600 luto
1616 2572 1810 2603 commaculet,
1827 2579 1861 2598 ne

1066 2626 1158 2650 aestate
1169 2622 1277 2657 pulvere
1289 2621 1402 2656 operiat.
1416 2619 1483 2653 Quid
1497 2619 1574 2651 dicis,
1587 2626 1604 2645 o
1617 2618 1718 2645 homo?
1730 2618 1861 2645 animam-

1068 2678 1101 2697 ue
1117 2674 1198 2697 totam
1220 2669 1244 2695 in
1265 2669 1349 2695 lutum
1364 2666 1502 2700 cottjecisti
1519 2673 1566 2701 per
1581 2664 1733 2700 hujusmodi
1748 2665 1838 2692 luxum
1852 2686 1860 2696 ,

1067 2721 1129 2743 num
1152 2714 1222 2742 illam
1246 2715 1317 2741 lmmi
1339 2713 1489 2741 devolutam
1511 2713 1642 2748 negligis,
1664 2716 1693 2739 et
1711 2710 1745 2739 de
1764 2711 1862 2739 calceis

1068 2764 1121 2789 tam
1135 2762 1214 2789 anxie
1227 2760 1350 2796 cogitas?
1371 2759 1449 2787 Disre
1468 2765 1545 2787 usum
1563 2767 1657 2786 eorum
1669 2779 1676 2791 ,
1691 2762 1719 2786 et
1731 2758 1863 2786 erubesco

1068 2806 1138 2842 quod
1155 2807 1218 2834 tanti
1232 2806 1275 2834 illa
1291 2806 1381 2833 facias.
1403 2805 1469 2832 Nam
1483 2804 1567 2832 calcei
1586 2804 1648 2832 ideo
1665 2804 1765 2833 ﬂaventi
1779 2808 1840 2830 sunt
1852 2822 1860 2830 .

1071 2853 1098 2876 ut
1113 2848 1196 2876 lutum
1211 2853 1236 2876 et
1251 2855 1356 2876 cwuum
1370 2847 1471 2875 calcent
1485 2866 1493 2879 ,
1509 2854 1557 2874 nec
1573 2854 1625 2875 non
1638 2845 1756 2874 maculas
1767 2850 1862 2872 omnes
