2068 3132
210 126 263 156 505
569 125 595 151 S.
611 124 750 152 JOANNIS
768 121 1005 151 CllltYSOSTOMl

1060 116 1186 149 {CIII-El).
1209 118 1473 149 CONSTANTINOP.
1799 124 1849 152 501

209 192 268 219 quae
291 183 318 211 in
342 182 493 217 pavimento
515 182 643 208 \isuutut-.
666 180 695 207 Si
715 184 805 207 autem
823 179 849 206 id
865 178 934 205 ferre
950 185 1003 204 Il0ll

211 235 286 264 potes
298 249 306 261 ,
322 229 396 256 solve
410 227 470 255 illos
485 232 512 255 et
526 235 540 254 a
554 227 622 254 collo
636 226 769 262 suspende
780 246 788 259 ,
802 226 844 253 vel
856 224 935 260 capiti
950 223 1004 252 cir-

209 282 352 309 compone.

241 321 271 349 6.
293 320 346 348 Vos
359 320 466 356 quidem
481 320 572 348 ridetis
589 319 646 347 haec
661 319 815 351 audientes;
839 324 888 353 ego
900 324 964 344 vero
978 325 1003 343 m
1018 336 1022 341 κ

208 367 339 403 iacrymas
352 374 464 403 erumpo
479 367 571 394 videns
588 366 695 394 illorum
709 365 858 398 insaniam,
874 368 901 391 et
914 362 1004 399 hujus-

210 412 282 441 tundi
295 419 398 441 curam.
411 413 477 441 Nam
491 413 615 440 libentius
629 412 666 439 illi
679 418 777 446 corpus
787 411 843 438 luto
854 417 1004 438 commacu-

209 461 294 488 larent
307 481 313 493 ,
328 468 408 496 quant
422 460 573 495 hujusmodi
587 460 702 486 calceos.
728 458 794 485 Hinc
810 458 848 485 illi
864 457 1005 485 levissimis

208 507 290 534 dediti
312 507 397 539 ﬁunt,
414 511 494 542 atque
512 507 562 533 alia
578 505 680 533 ratione
697 505 816 539 pecunim
836 504 916 531 avidi.
939 503 1004 530 Nam

208 553 254 588 qui
270 554 296 580 in
311 553 369 581 bare
386 554 480 580 insano
493 552 580 580 studio
595 552 657 579 ferri
672 544 769 579 assueti
783 556 846 578 sunt
857 571 864 582 ,
881 550 908 577 in
923 550 1005 577 vesti-

209 599 260 625 lms
272 599 298 625 in
311 599 424 633 aliisque
434 598 557 625 omnibus
568 598 650 624 multa
663 597 799 624 insumunt
808 601 839 624 et
852 596 1006 631 impendant

210 649 326 679 oportet.
348 644 399 678 Qui
421 644 443 671 si
465 643 634 671 ambitiosum
649 647 750 677 patrem
765 642 880 673 habeat,
894 645 1006 675 augetur

209 691 267 725 ejus
280 691 395 719 absurda
409 690 556 725 cupiditas;
573 690 595 717 si
609 697 728 722 avarum,
743 689 847 724 cogitur
859 688 909 715 alia
923 688 1006 722 turpi-

211 741 252 763 ter
274 736 399 771 aggredi.
416 740 445 763 ut
464 744 558 764 aurum
578 736 611 764 ad
635 736 705 763 ltunc
724 740 856 770 sumptum
872 735 1004 763 eorradat.

209 781 276 809 Hinc
290 782 365 809 multi
379 781 501 816 juvenes.
518 788 544 810 ct
557 782 669 809 fortnam
684 789 759 809 suam
773 781 965 813 vendiderunt.
979 787 1005 809 et

209 828 317 862 parasiti
331 827 442 855 divitum
463 827 550 855 eii'ecti
567 832 646 860 sunt,
661 828 765 862 aliaque
780 828 888 855 servilia
900 828 1006 855 subiere

209 874 377 907 ministeria,
401 879 429 901 ut
451 874 493 901 bis
517 875 669 901 facultatem
693 874 832 909 explendae
854 873 1006 909 cupiditatis

209 924 341 950 emerent.
361 920 437 953 Quod
452 921 533 955 igitur
549 920 592 948 bic
612 921 730 955 pecunia:
744 928 836 948 autans
856 921 959 949 iuturus
972 922 1007 949 sit

210 972 238 994 et
259 966 411 994 levissimus
431 972 510 1002 atque
531 967 563 995 ad
588 967 738 995 necessaria
763 967 873 995 omnino
894 975 1005 999 socors;

211 1013 327 1048 hincque
343 1013 458 1043 futurum
477 1014 512 1041 sit
531 1018 560 1041 ut
578 1013 629 1041 alia
650 1013 789 1042 admittere
805 1019 910 1049 peccata
928 1022 1007 1050 enga-

211 1063 264 1090 tur,
280 1066 313 1086 ex
328 1058 406 1086 dictis
421 1058 590 1087 manifestum
604 1065 645 1087 est
662 1068 668 1086 :
682 1060 753 1095 quod
768 1060 830 1088 item
844 1060 1007 1088 inhumanus

211 1105 247 1132 sit
260 1105 362 1144 iuturus
375 1110 402 1133 et
414 1113 489 1133 vanae
499 1106 591 1140 glorite
603 1106 729 1141 cupidus,
744 1114 823 1134 nemo
837 1107 940 1135 inficias
953 1113 1005 1135 eat.

212 1151 375 1179 luhumanus
396 1160 474 1184 eum,
496 1153 553 1180 viso
574 1159 706 1187 paupere.
727 1160 819 1181 amore
836 1158 946 1181 ornatus
966 1155 1005 1182 sui

211 1197 314 1230 ductus,
327 1206 362 1225 ne
374 1198 508 1232 respicere
520 1198 628 1233 quidem
641 1198 804 1233 dignabitur,
819 1199 866 1228 sed
877 1199 940 1227 dum
954 1200 1007 1227 cal-

213 1251 276 1271 ceos
290 1251 356 1272 anno
369 1249 481 1272 exornat
493 1265 500 1277 ,
521 1245 595 1272 illum
611 1244 681 1273 fame
697 1251 853 1280 pereuntem
867 1247 1005 1282 despiciet.

213 1288 295 1317 Vana:
319 1290 411 1324 gloriae
433 1290 564 1325 cupidus,
588 1290 652 1318 dum
674 1291 700 1318 iu
722 1291 840 1319 minimis
862 1291 1008 1319 videntium

212 1336 435 1364 existimationem
451 1337 540 1365 venari
561 1337 656 1366 doctus
672 1338 896 1373 deprehendetur.
918 1339 1008 1374 Neque

213 1382 284 1409 enim
300 1386 364 1416 puto
377 1382 473 1410 ducem
488 1383 523 1411 de
542 1384 702 1411 exercitibus
722 1388 750 1411 et
772 1385 879 1419 tropaeis
898 1386 953 1412 suis
972 1386 1007 1413 ita

212 1427 320 1461 gloriari
333 1448 340 1460 ,
360 1432 388 1455 ut
405 1428 530 1463 juvenem
553 1430 627 1457 illum
652 1430 784 1465 perditum
804 1431 838 1459 de
857 1432 1007 1459 calceorum

213 1478 322 1506 ornatu,
337 1474 369 1501 de
385 1474 549 1503 vestimentis
561 1475 749 1510 deﬂuentibus,
761 1477 795 1505 de
808 1484 884 1504 coma
896 1477 1007 1513 capitis:

213 1527 373 1555 quamquam
392 1520 449 1548 hate
462 1522 551 1549 omnia
570 1523 701 1551 artiﬁcum
714 1523 827 1551 aliorum
841 1531 923 1560 opera
936 1531 1007 1553 sunt.

213 1565 289 1598 Quod
302 1566 324 1593 si
336 1565 369 1593 de
381 1566 475 1594 alienis
487 1575 539 1594 non
553 1567 679 1596 desinunt
691 1577 758 1597 vane
769 1570 889 1605 gloriari,
902 1572 1009 1606 quando

214 1611 249 1639 de
261 1613 317 1639 suis
330 1612 453 1640 desinent
464 1612 475 1639 7
488 1613 547 1640 Alia
562 1621 668 1649 quoque
681 1615 797 1643 dicerem
813 1616 853 1643 liis
864 1617 987 1651 graviora
1001 1627 1008 1645 :

213 1661 241 1683 at
254 1657 311 1684 haec
326 1658 400 1685 vobis
413 1659 479 1685 satis
495 1664 566 1686 sunt.
582 1659 631 1687 llic
645 1668 709 1695 ergo
722 1661 800 1688 tinent
814 1662 905 1689 orandi
920 1662 1009 1691 facere

214 1707 341 1736 oportet:
357 1703 415 1730 [nec
432 1704 532 1738 quippe
553 1704 607 1732 dixi
627 1711 719 1733 contra
743 1707 942 1741 contentiosos,
963 1711 1008 1743 qui

215 1756 271 1776 rem
292 1748 357 1776 nihil
378 1749 486 1777 absurdi
510 1750 608 1778 ltabere
625 1751 759 1780 dicebant.
780 1753 814 1781 Et
830 1753 887 1781 scio
900 1754 1007 1788 quidem

215 1795 313 1823 multos
327 1803 361 1824 ex
379 1796 524 1830 juvenibus
536 1805 571 1825 ne
585 1797 663 1825 dictis
676 1798 783 1832 quidem
797 1799 937 1828 attendere
948 1821 955 1833 ,
973 1801 1008 1828 ita

215 1846 277 1869 sunt
295 1842 382 1875 ebrii,
398 1847 425 1870 et
445 1842 507 1870 huic
525 1843 620 1871 morbo
634 1843 751 1876 addicti;
767 1853 853 1881 neque
867 1850 955 1873 tamen
969 1847 1003 1874 si-

215 1887 321 1915 lendum
339 1892 406 1915 erat.
425 1888 490 1916 Nam
508 1894 597 1923 patres
611 1895 700 1917 mente
713 1891 770 1918 sani
784 1911 792 1923 ,
815 1891 888 1926 ipsos
902 1892 935 1919 ad
950 1900 1007 1920 mo-

214 1934 326 1961 destiam
351 1935 477 1963 inducere
499 1940 635 1969 poterunt.
666 1936 705 1964 Ne
727 1937 799 1965 dicas
820 1937 916 1973 igitur,
938 1938 1008 1965 Nihil

216 1980 286 2012 hinc,
303 1980 367 2007 nihil
381 1981 442 2008 inde
455 1980 494 2016 (α)
507 1991 513 2008 :
526 1982 577 2009 hoc
589 1983 686 2017 quippe
696 2003 703 2016 ,
719 1983 770 2010 ltoc
782 1984 869 2011 omnia
885 1991 990 2019 pessum
1000 2000 1006 2003 -

245 2046 281 2077 (II)
301 2046 391 2082 Dictum
403 2048 434 2071 ab
449 2047 646 2082 adolescentibus
665 2048 725 2082 illis,
738 2056 800 2082 quos
819 2051 896 2082 carpit
906 2050 1008 2082 Chryso-

213 2080 314 2106 stonuts,
328 2079 369 2109 qui
378 2077 462 2102 luxum
475 2085 589 2110 maguum
603 2080 626 2103 in
636 2080 726 2105 calceis
736 2077 795 2111 ipsis
806 2077 965 2106 exhibebant".

1058 177 1139 204 dedit.
1157 178 1300 213 Oportebat
1316 180 1386 205 enim
1403 179 1460 205 illos
1478 179 1631 209 instituere.
1646 185 1670 206 ct
1686 180 1710 207 in
1726 181 1757 207 iis
1769 201 1775 213 ,
1792 190 1851 215 quas

1059 223 1166 249 minima
1181 223 1337 250 videbantur
1351 231 1410 250 esse
1424 245 1430 256 ,
1449 224 1575 251 honestos
1594 225 1707 251 rctltlcre
1720 247 1727 258 ,
1744 233 1850 260 magna-

1058 269 1145 295 nimos
1158 290 1164 301 ,
1182 274 1397 296 ornamentorum
1414 274 1629 304 contemptores;
1653 272 1690 297 sic
1706 272 1777 297 enini
1793 272 1851 298 illos

1058 316 1084 342 in
1105 316 1207 349 magnis
1227 317 1304 342 etiam
1322 316 1466 351 pra‘claros
1487 324 1679 343 inveniremus.
1696 317 1764 350 Quid
1780 318 1850 344 enim

1058 361 1251 388 elementorum
1265 361 1402 396 disciplina
1418 361 1516 388 vilius?
1530 362 1653 389 Attamen
1670 370 1702 389 cx
1717 370 1747 389 ea
1763 362 1852 390 rheto-

1058 415 1110 440 res,
1123 407 1258 441 sophisttc,
1271 412 1297 434 et
1311 407 1460 442 philosophi
1471 408 1595 434 evadunt.
1609 408 1636 435 Si
1649 409 1706 435 lucc
1718 408 1850 443 ignorent.

1058 452 1101 478 illa
1115 460 1257 487 numquam
1275 453 1368 479 scient.
1387 452 1448 479 ll:cc
1461 457 1549 480 autem
1565 453 1680 479 diximus
1696 462 1747 480 non
1763 454 1852 488 pueris

1059 503 1159 524 tantum
1171 519 1177 531 ,
1194 498 1241 525 sed
1255 499 1335 525 etiam
1349 498 1502 525 mulieribus
1517 503 1542 525 et
1558 498 1663 532 puellis.
1688 498 1740 525 illa“:
1754 500 1852 533 quippe

1058 549 1119 571 sunt
1143 544 1235 571 iisdem
1260 544 1383 570 obnoxia:
1405 545 1539 578 peccatis;
1572 546 1625 571 ituo
1649 550 1721 572 tanto
1748 546 1849 579 magis,

1058 596 1157 624 qttanto
1171 590 1360 617 tnodestioretn
1375 590 1451 616 decet
1466 598 1525 617 esse
1540 588 1678 625 t’irginem.
1695 592 1759 623 Qua:
1773 591 1852 626 igitur

1058 636 1110 664 illis
1128 637 1196 664 dicta
1215 643 1290 670 sunt,
1306 638 1379 665 vobis
1396 639 1474 664 etiam
1494 638 1561 665 dicta
1582 644 1687 673 putate,
1707 646 1740 665 ne
1757 638 1849 665 eadem

1027 685 1030 688 ⁴
1058 688 1218 718 repetamus.
1242 685 1308 711 Nam
1331 690 1434 718 tempus
1452 690 1493 711 cst
1514 690 1541 712 ut
1560 693 1709 713 sermonem
1729 685 1850 720 precibus

1060 727 1358 761 claudamusJ‘osergo
1367 728 1507 754 uobiscum
1519 729 1598 753 simul
1607 733 1691 759 orate,
1701 732 1729 752 ut
1737 729 1848 760 juvenes

1061 774 1106 808 qtti
1119 774 1151 800 ad
1167 773 1317 801 Ecclesiam
1332 774 1478 808 pertinent,
1498 774 1620 800 modeste
1632 773 1721 799 vivere
1732 773 1850 800 maxime

1062 820 1177 855 possint,
1198 824 1224 846 et
1241 820 1273 846 ad
1297 824 1465 847 senectutctn
1489 818 1681 846 condecentem
1699 819 1848 853 pervenire.

1059 865 1122 892 Nam
1137 865 1175 892 eis
1188 867 1230 900 qui
1254 875 1306 893 non
1324 871 1502 901 temperanter
1514 867 1605 893 vivunt
1618 888 1624 898 ,
1640 875 1691 893 non
1706 867 1849 901 optandum

1059 916 1084 938 ιιι
1106 916 1270 939 seuectutetu
1286 918 1479 947 asscquantur,
1501 913 1560 940 illos
1577 921 1641 940 vero
1656 913 1700 948 qui
1717 913 1742 939 in
1756 912 1851 947 juven-

1059 961 1115 984 tute
1128 964 1205 984 senes
1219 957 1355 985 imitantur
1367 981 1374 991 ,
1391 966 1486 992 precor
1498 964 1644 986 extremam
1660 959 1790 993 attingere
1805 965 1850 984 ca-

1060 1003 1161 1036 nitiem,
1171 1009 1198 1030 et
1209 1004 1352 1039 prteclaros
1364 1005 1431 1031 ﬁlios
1441 1005 1558 1039 gignere,
1571 1005 1615 1040 qui
1628 1005 1744 1039 patribus
1755 1003 1851 1039 gaudio

1058 1052 1132 1083 sint,
1157 1052 1183 1078 in
1203 1051 1348 1086 primisque
1371 1051 1425 1079 Deo
1445 1052 1562 1079 omnium
1584 1052 1735 1084 conditori,
1758 1059 1852 1086 precor

1051 1089 1122 1124 item
1144 1103 1173 1124 ut
1193 1097 1315 1124 morbum
1337 1098 1416 1124 animi
1440 1105 1549 1124 omnem
1569 1098 1676 1133 abigat,
1698 1105 1751 1124 non
1772 1097 1851 1124 tuodo

1060 1151 1120 1171 cum
1136 1143 1180 1178 qui
1195 1144 1221 1170 in
1235 1143 1331 1170 calceis
1345 1148 1371 1171 et
1386 1144 1549 1171 vestimentis
1564 1143 1772 1178 deprehenditur
1782 1165 1789 1175 ,
1804 1143 1851 1171 sed

1059 1194 1087 1216 ct
1108 1190 1187 1216 aliutu
1212 1197 1415 1224 quemcumque.
1441 1189 1507 1217 Nam
1529 1191 1707 1217 adulescentia
1733 1189 1852 1225 neglecta

1059 1236 1153 1262 similis
1167 1240 1208 1262 est
1223 1235 1327 1262 inculta:
1344 1240 1431 1267 terrtc,
1446 1244 1505 1271 qua:
1520 1235 1618 1262 multas
1634 1236 1748 1270 undique
1761 1236 1852 1270 spinas

1059 1283 1150 1317 gignit.
1177 1282 1353 1309 ltnmittamus
1372 1290 1434 1317 ergo
1455 1283 1538 1310 sancti
1560 1283 1674 1316 Spiritus
1697 1283 1783 1318 ignem
1797 1304 1805 1316 .
1826 1288 1852 1311 et

1061 1329 1144 1356 malas
1166 1328 1246 1356 ltasce
1266 1329 1423 1363 cupiditates
1439 1336 1561 1361 uramns;
1583 1329 1679 1355 inculta
1694 1337 1755 1356 arva
1771 1337 1853 1357 exco-

1061 1376 1156 1408 lamus,
1167 1381 1195 1402 ut
1205 1383 1296 1403 semen
1308 1376 1410 1410 possint
1421 1375 1570 1410 suscipere;
1583 1376 1737 1411 etjuniorcs
1748 1381 1853 1403 nostros

1061 1422 1154 1448 alienis
1168 1422 1276 1449 senibus
1296 1421 1470 1455 sapientiores
1485 1421 1668 1448 cxhibeamus.
1692 1422 1757 1448 Nam
1772 1422 1853 1448 mira-

1063 1468 1114 1494 bile
1131 1467 1208 1502 plane
1224 1467 1285 1494 illud
1301 1472 1359 1500 est,
1376 1475 1435 1493 cutn
1450 1467 1476 1493 itt
1493 1466 1631 1501 juventute
1645 1467 1769 1501 splendet
1785 1471 1852 1494 tem-

1063 1515 1181 1549 perantia
1192 1535 1199 1547 ,
1213 1522 1272 1541 cum
1288 1519 1381 1541 contra
1398 1514 1419 1540 is
1430 1535 1436 1546 ,
1451 1514 1494 1548 qui
1511 1515 1537 1541 in
1553 1519 1689 1541 senectute
1703 1518 1852 1548 temperans

1062 1566 1102 1588 cst
1114 1582 1120 1594 ,
1143 1569 1194 1588 non
1216 1561 1251 1587 ita
1272 1568 1393 1595 magnam
1411 1560 1507 1587 referat
1522 1560 1691 1592 mercedem,
1709 1559 1753 1594 qui
1769 1560 1853 1587 aetatis

1061 1606 1207 1633 subsidium
1219 1606 1324 1633 habeat.
1341 1605 1404 1632 lllttd
1419 1610 1507 1632 autent
1521 1606 1616 1632 mirum
1628 1610 1677 1637 est,
1693 1605 1718 1632 in
1731 1604 1853 1632 ﬂuctibus

1063 1654 1250 1688 tranquillitate
1264 1653 1313 1678 l'rui
1327 1673 1333 1683 ,
1353 1657 1379 1678 et
1395 1652 1421 1678 in
1436 1652 1543 1679 fornace
1557 1659 1608 1678 non
1623 1651 1742 1678 comburi
1754 1672 1761 1683 ,
1775 1655 1854 1685 atque

1062 1700 1087 1726 in
1098 1700 1236 1733 juventute
1248 1706 1302 1725 non
1318 1698 1448 1724 lascivire.
1461 1697 1522 1724 Ilmc
1536 1697 1623 1731 itaque
1636 1698 1724 1724 animo
1735 1697 1854 1724 recolen-

1063 1750 1120 1777 tes,
1142 1745 1276 1771 imitemur
1296 1745 1400 1771 beatum
1425 1744 1498 1770 illum
1518 1743 1661 1777 Josepltum
1675 1763 1683 1775 ,
1703 1742 1746 1777 qui
1767 1742 1793 1768 in
1813 1741 1854 1768 his

1062 1791 1184 1819 omnibus
1199 1791 1357 1826 conspicuus
1370 1790 1429 1822 fuit,
1445 1795 1473 1817 ut
1488 1790 1593 1817 easdem
1608 1795 1674 1823 quas
1686 1789 1729 1815 ille
1742 1794 1853 1814 coronas

1062 1846 1234 1873 assequamur
1249 1846 1255 1864 :
1272 1838 1367 1872 quibus
1382 1838 1480 1864 utinam
1495 1843 1588 1863 onmes
1607 1835 1755 1869 potiamur,
1770 1833 1854 1868 gratia

1062 1890 1088 1912 et
1110 1884 1272 1918 benignitate
1295 1884 1398 1911 Domini
1422 1883 1504 1910 nostri
1524 1882 1585 1909 Iesu
1606 1881 1703 1908 Christi
1718 1901 1725 1911 ,
1747 1880 1853 1916 quicttm

1062 1931 1133 1958 Patri
1146 1931 1228 1966 gloria
1243 1935 1271 1958 et.
1283 1930 1361 1957 simul
1375 1930 1485 1964 Spiritui
1498 1933 1599 1960 sancto,
1615 1936 1684 1955 nunc
1698 1932 1725 1955 et
1738 1934 1852 1961 semper,

1060 1983 1088 2009 et
1106 1978 1131 2004 in
1147 1977 1242 2004 saecula
1259 1977 1425 2004 SLL'Cttinl'tlm.
1440 1976 1533 2002 Amen.

215 2146 1848 2161 ψ

829 2217 1001 2249 HOMlLlA
1027 2218 1061 2248 L.
1079 2217 1121 2248 al.
1139 2217 1188 2246 LI.

215 2299 277 2326 Car.
300 2299 343 2325 Η.
367 2306 393 2325 v.
414 2299 459 2328 25.
478 2299 513 2326 Et
532 2300 636 2327 dimissa
657 2301 738 2334 turba,
756 2301 867 2329 ascendit
886 2302 912 2331 in
937 2310 1008 2329 num-

250 2350 298 2370 lem
313 2345 381 2372 colus
395 2353 477 2372 orare.
495 2344 603 2380 Vespere
617 2351 702 2373 autem
717 2348 794 2382 facta,
811 2347 880 2375 totus
896 2353 949 2375 erat
962 2348 1007 2375 ibi.

248 2390 294 2418 24.
312 2389 439 2418 Nwicula
453 2396 539 2419 autent
556 2392 614 2426 jam
634 2391 661 2418 in
683 2392 765 2419 medio
780 2393 845 2419 mari
863 2393 1008 2428 jactabatur

249 2436 368 2470 ﬂuctibus
383 2445 392 2463 :
406 2442 460 2464 erat
476 2437 541 2464 enim
552 2438 694 2465 contrarius
708 2443 803 2465 uentus.

251 2484 276 2509 1.
293 2482 412 2511 Solitudo
425 2483 615 2518 tt'anquillitatis
636 2489 723 2512 mater.
739 2500 774 2505 —
783 2485 838 2513 Cur
850 2486 875 2512 in
889 2490 1007 2513 montem

216 2529 351 2555 ascendit?
372 2529 407 2557 Ut
420 2537 468 2557 nos
482 2529 587 2563 doceat,
604 2530 774 2558 commodum
788 2538 848 2558 esse
861 2531 1006 2563 desertum,

216 2573 382 2602 commodam
396 2574 578 2608 solitudinem,
593 2582 654 2602 cum
668 2575 722 2602 Deo
736 2576 937 2611 supplicandum
957 2580 1007 2604 est.

215 2618 361 2654 kieostepe
374 2619 480 2648 deserta
502 2621 578 2654 petit,
601 2621 690 2656 ibique
709 2625 846 2656 pernoctat
867 2629 957 2656 orans,
982 2628 1009 2650 ut

217 2672 265 2692 nos
278 2670 397 2697 moneat,
412 2670 439 2693 et
459 2669 563 2701 tempus
582 2671 609 2694 et
627 2667 712 2694 locum
734 2667 766 2694 ad
787 2667 927 2702 tranquille
947 2676 1008 2702 pre-

216 2710 329 2739 candum
340 2717 517 2746 opportunum
531 2720 590 2740 esse
604 2712 788 2747 quaerendum.
804 2713 925 2740 Solitudo
937 2713 1008 2741 enim

216 2757 412 2792 tranquillitatis
432 2762 518 2785 mater
532 2762 584 2792 est,
600 2759 751 2793 quietisque
769 2763 870 2793 portus,
883 2759 918 2786 ab
936 2759 1008 2786 omni

217 2811 265 2831 uos
280 2803 394 2831 tumultu
405 2802 530 2832 liberans.
546 2803 592 2830 Ille
607 2803 713 2838 quidem
735 2803 776 2830 his
792 2803 826 2831 de
845 2804 933 2831 causis
947 2803 1009 2831 illuc

216 2851 336 2878 sseeudlt
350 2858 357 2876 :
372 2849 493 2884 discipuli
516 2857 579 2877 vero
599 2857 705 2877 rursum
724 2849 846 2878 ﬂuctibus
864 2850 1005 2885 agitantur,

1061 2305 1089 2328 et
1101 2305 1259 2332 tempestate
1279 2304 1307 2325 ut
1322 2303 1384 2325 ante
1403 2298 1546 2333 jactantur.
1570 2297 1623 2325 Sed
1647 2301 1709 2324 tunc
1732 2298 1806 2325 illum
1828 2296 1854 2323 in

1060 2347 1180 2375 navicula
1198 2347 1326 2373 habentes
1339 2345 1396 2373 hinc
1412 2345 1593 2381 patiebantur;
1615 2351 1685 2371 ntmc
1698 2350 1786 2371 autem
1806 2345 1854 2373 soli

1060 2398 1123 2419 sunt
1136 2392 1286 2419 etseorsim
1302 2391 1389 2426 positi.
1414 2390 1518 2418 Etenim
1535 2390 1594 2417 illos
1614 2389 1741 2425 paulatim
1761 2395 1788 2417 et
1808 2398 1855 2425 per

1059 2440 1157 2473 gradus
1183 2439 1215 2466 ad
1236 2438 1335 2473 majora
1358 2437 1466 2468 inducit,
1482 2441 1511 2463 ut
1525 2437 1613 2464 omnia
1635 2436 1738 2463 fortiter
1758 2437 1852 2463 ferant.

1062 2486 1171 2516 Idcirco,
1186 2493 1246 2512 cmn
1269 2483 1440 2518 periclitaturi
1456 2483 1570 2517 primum
1589 2488 1675 2516 erant,
1690 2482 1782 2509 aderat.
1794 2482 1854 2517 qui-

1060 2531 1132 2563 dem,
1147 2530 1194 2558 sed
1205 2530 1364 2561 dormiebat,
1381 2534 1408 2555 ιιι
1419 2533 1516 2564 priesto
1527 2534 1597 2555 esset
1606 2527 1638 2555 ad
1649 2528 1775 2555 auxilium
1788 2536 1855 2563 pra--

1060 2576 1183 2604 standum
1203 2585 1209 2602 :
1225 2583 1295 2602 nttnc
1310 2582 1373 2602 vero
1388 2578 1416 2601 ut
1438 2574 1531 2608 majori
1553 2573 1612 2600 illos
1633 2574 1759 2608 patientia
1775 2581 1855 2600 exer-

1060 2627 1129 2655 ceat,
1155 2629 1208 2648 non
1232 2621 1258 2648 id
1286 2620 1365 2653 facit,
1390 2620 1436 2647 sed
1460 2619 1551 2651 abest,
1582 2624 1608 2646 et
1628 2619 1654 2645 in
1679 2619 1768 2646 medio
1787 2619 1853 2646 mari

1061 2667 1190 2702 permittit
1202 2670 1387 2701 tempestatem
1403 2666 1524 2697 excitari,
1540 2669 1567 2691 nt
1578 2664 1649 2691 nulla
1667 2664 1721 2692 fere
1737 2671 1798 2699 spes
1809 2671 1854 2691 sa-

1060 2713 1123 2739 lutis
1136 2717 1299 2747 superesset,
1316 2716 1343 2739 et
1356 2716 1408 2744 tota
1423 2716 1502 2738 ttocte
1518 2710 1580 2737 sinit
1599 2718 1645 2737 eos
1662 2709 1786 2736 ﬂuetibus
1800 2710 1855 2743 agi-

1061 2758 1121 2791 ωτι,
1139 2763 1169 2786 ιιι
1182 2765 1285 2790 eorum.
1300 2761 1374 2791 puto,
1391 2761 1552 2783 excaecatum
1572 2763 1619 2782 cor
1638 2754 1768 2782 incitaret.
1783 2754 1854 2781 Talis

1060 2804 1157 2839 quippe
1169 2810 1213 2830 res
1223 2807 1264 2830 est
1280 2803 1369 2836 timor,
1383 2809 1462 2837 quem
1476 2807 1503 2829 et
1516 2805 1659 2836 tempestas
1674 2804 1701 2828 et
1720 2807 1771 2826 nox
1787 2799 1855 2826 infe.

1061 2848 1164 2878 rcbant.
1175 2848 1242 2877 Cum
1263 2848 1466 2884 compunctionc
1484 2853 1572 2874 autem
1594 2846 1635 2874 illa
1658 2846 1698 2873 sui
1721 2842 1856 2873 desiderio
