2068 3132
204 159 263 188 ιςηιῖ,

204 217 288 251 magis
303 215 363 244 illos
376 214 558 248 inflammavit,
575 218 603 241 ut
619 213 657 240 sui
671 218 824 247 perpetuam
838 210 993 238 memoriam

205 263 359 290 retinerent.
375 261 436 287 ldco
450 268 500 288 non
519 262 606 287 statim
623 260 673 286 illis
687 259 770 285 adfuit
785 268 791 284 :
808 265 868 283 nam
883 257 919 283 ait
931 265 937 282 :
949 255 994 281 25.

207 308 304 341 Quarta
328 307 441 334 custodia
462 307 542 333 noctis
563 306 627 332 venit
650 305 682 331 ad
701 313 743 331 eos
764 304 896 330 ambulans
919 309 996 335 supra

206 362 293 386 mare;
308 358 336 379 ιιι
349 352 457 380 doceret
469 352 528 378 illos
544 359 576 378 ue
588 351 715 377 malorum
732 351 810 376 tinem
827 349 880 374 cito
892 353 996 381 qnzere-

210 404 278 432 rent,
299 398 345 425 sed
365 406 424 433 qtae
445 398 601 424 accidebant
625 396 728 422 fortiter
753 396 860 422 ferrent.
887 392 998 426 Quando

208 447 286 480 igitur
300 444 490 479 exspectabant
509 451 538 470 se
563 442 713 470 liberandos
733 449 802 473 esse,
820 446 873 466 tum
893 444 997 465 auctum

209 496 251 518 est
264 491 409 525 periculum
422 494 449 516 et
466 490 544 516 timor
558 489 642 522 major
655 497 660 513 :
677 496 737 514 nam
753 487 837 521 inquit
852 486 913 513 :26.
937 485 999 511 Cum

209 537 320 563 viderent
334 544 390 562 eum
402 534 519 570 discipuli
533 534 702 560 ambulantem
723 541 801 566 supra
816 540 894 562 mare,
908 530 1000 557 turbati

210 587 277 613 sunt,
294 581 403 608 dicentes
416 581 565 613 phantasma
585 587 647 611 esse,
664 583 686 604 et
700 585 752 612 pra:
771 577 859 602 timore
877 576 1001 602 clamave-

211 633 280 655 runt.
296 628 406 661 Semper
419 626 489 654 enim
509 625 559 652 hoc
579 624 641 651 facit
657 633 663 650 :
678 631 737 651 cum
749 629 882 649 mrumnas
901 621 1002 649 solutu—

213 682 259 703 rus
274 678 324 706 est,
341 673 405 699 alias
419 672 555 707 graviores
577 671 656 698 infert
677 677 704 698 et
724 669 896 697 terribiliores
910 677 916 695 :
932 667 1002 703 quod

213 720 293 746 etiam
310 724 372 745 tunc
392 718 512 752 contigit.
534 717 599 744 Nam
619 721 646 744 et
668 720 822 750 tempestas,
847 722 895 742 nec
916 715 1003 740 minus

214 766 301 791 visum
316 764 387 794 illud,
406 764 477 797 ipsos
491 762 615 794 turbavit,
633 761 693 788 ideo
714 769 799 795 neque
813 760 934 787 tenebras
949 759 1003 786 sol-

215 812 262 844 vit,
279 819 363 845 neque
377 810 493 844 seipsum
513 810 600 836 statim
613 808 738 841 ostendit,
752 814 880 834 exercens
894 806 962 834 illos.
978 808 1005 830 ut

215 857 280 889 dixi,
295 865 341 891 per
355 860 485 883 terrorum
503 855 696 886 assiduitatem,
708 858 735 880 et
749 854 848 879 doecus
861 857 889 878 ut
905 852 1006 886 patier-

217 908 256 929 tes
268 905 367 929 essent.
379 901 434 928 Hoc
446 905 472 928 et
487 901 512 927 in
526 900 593 927 Jobo
611 900 688 930 fecit;
703 907 763 926 cum
782 898 851 925 enim
868 902 966 924 metum
980 902 1006 923 et

217 948 389 975 tentationem
406 947 539 973 soluturus
552 950 619 978 erat,
638 950 700 971 tum:
725 945 802 971 linem
817 943 934 977 permisit
948 950 1008 968 esse

217 993 365 1027 graviorem
378 999 386 1024 ;
406 1000 458 1018 non
481 999 513 1018 ex
527 996 613 1018 morte
627 990 752 1022 ﬁliorum,
767 997 852 1023 neque
867 996 898 1015 ex
917 988 1008 1014 uxoris

218 1038 306 1068 dictis,
327 1036 374 1064 sed
389 1044 421 1063 ex
435 1036 585 1071 opprobriis
605 1043 743 1063 servorum
764 1040 791 1062 et
807 1035 962 1062 amicorum.
976 1034 1009 1060 Et

218 1090 278 1109 cum
293 1081 420 1109 Iacobum
437 1082 462 1108 in
481 1082 618 1116 peregrina
632 1085 704 1109 terra
717 1088 732 1108 a
750 1080 856 1107 miseria
870 1084 1009 1113 erepturus

219 1133 287 1162 erat,
303 1129 431 1164 exagitari
446 1129 520 1156 illum
536 1134 563 1155 et
576 1128 703 1162 majorem
716 1128 816 1162 perpeti
833 1126 894 1153 sivit
908 1130 1010 1160 pertur-

221 1175 364 1204 bationem.
389 1174 455 1202 Nam
483 1182 559 1202 socer
588 1174 645 1209 ejus
670 1172 863 1207 apprehensum
890 1171 1012 1198 occidere

223 1220 382 1252 minabatur,
396 1226 423 1247 et
446 1225 504 1255 post
524 1220 595 1247 illum
620 1219 702 1246 frater
716 1219 862 1253 excipiens,
877 1218 902 1244 in
922 1223 1011 1244 extre-

224 1274 295 1293 mum
310 1266 455 1301 periculum
468 1265 589 1299 conjeeit.
603 1264 668 1298 Quia
679 1265 749 1291 enim
765 1272 816 1290 non
832 1263 1012 1298 possuntjusti

223 1312 348 1339 diuturno
363 1316 481 1346 tempore
495 1312 667 1338 vehementer
682 1310 789 1343 tentari,
804 1318 862 1337 cum
878 1318 910 1337 ex
930 1314 1015 1336 certa-

225 1359 297 1385 mine
312 1358 415 1385 evasuri
428 1362 499 1385 sunt.
520 1363 548 1384 ut
562 1357 646 1391 majus
662 1357 763 1383 lucrum
780 1360 926 1389 reportent,
940 1363 1016 1382 exer—

225 1405 364 1432 citationes
377 1407 466 1439 auget.
491 1403 518 1430 ld
540 1404 620 1431 etiam
637 1403 662 1430 in
676 1402 828 1430 Abrahamo
850 1402 921 1434 fecit,
941 1402 1016 1436 cujus

228 1455 390 1485 postremum
409 1453 545 1476 certamen
571 1447 748 1475 immolandas
774 1447 843 1475 ﬁlius
866 1451 923 1474 erat
940 1447 1015 1482 (Gen.

227 1495 271 1522 22.
286 1496 321 1530 1).
336 1495 411 1522 Tunc
424 1495 494 1522 enim
509 1494 683 1521 intolerabilia
694 1494 802 1521 tolerari
814 1498 947 1528 poti-runt,
957 1501 1016 1520 cum

229 1542 256 1569 in
267 1542 365 1576 januis,
386 1547 414 1568 ut
437 1542 471 1568 ita
487 1540 583 1573 dicam,
601 1541 759 1572 inferuntur,
783 1545 809 1567 et
827 1540 879 1573 jam
896 1540 1017 1574 proxima

229 1592 271 1615 est
285 1587 416 1615 liberatio.
432 1587 487 1614 lloc
499 1591 526 1613 et
540 1591 602 1614 tunc
615 1587 686 1620 fecit,
703 1594 752 1613 nec
765 1587 838 1621 prius
853 1585 973 1613 Christus
990 1593 1019 1613 se

230 1634 294 1668 ipsis
313 1633 526 1668 cognoscendum
553 1633 684 1668 prmbuit,
714 1633 800 1660 donec
828 1633 1017 1659 clamaverunt.

229 1680 333 1713 Quanta
344 1680 414 1706 enim
432 1679 516 1714 major
530 1684 587 1706 crat
603 1679 752 1713 trepidatio,
767 1684 840 1705 tanto
853 1679 953 1712 gratior
963 1678 1021 1712 ejus

231 1726 373 1762 praesentia
396 1725 536 1751 videbatur
559 1725 633 1759 ipsis.
659 1725 723 1751 Cum
750 1725 821 1751 enim
845 1725 1020 1756 clamassent,

231 1773 268 1802 ait
284 1781 290 1797 :
304 1772 348 1804 27.
362 1771 452 1799 Statim
467 1771 582 1807 loquutus
600 1776 635 1798 est
649 1772 699 1798 illis
718 1771 793 1798 Jcsus
815 1771 898 1798 dicens
912 1779 920 1798 :
935 1772 1021 1805 (Iouﬁ-

232 1819 293 1851 dite,
309 1827 353 1853 ego
367 1826 433 1851 sum,
448 1818 525 1845 nolite
539 1818 634 1845 timere.
650 1818 706 1845 [loc
719 1818 818 1845 dictum
836 1818 958 1844 timorem
977 1826 1024 1844 ex-

234 1864 326 1895 cussit,
343 1867 369 1890 et
383 1863 504 1894 ﬁduciam
521 1863 623 1892 indidit.
639 1863 704 1896 Quia
723 1864 793 1890 enim
815 1864 899 1897 ipsum
917 1867 979 1890 tunc
990 1864 1024 1890 de

235 1910 298 1936 facie
312 1917 363 1935 nun
378 1912 515 1941 noverant,
533 1914 558 1936 et
571 1909 605 1936 ob
617 1909 760 1936 inauditum
770 1909 920 1936 ambulandi
930 1917 1022 1944 genus,

235 1959 261 1982 et
275 1954 310 1981 ob
324 1955 408 1981 noctis
425 1960 535 1989 tempus,
561 1962 575 1981 a
598 1963 662 1982 voce
682 1962 711 1982 se
731 1955 892 1982 noscendum
912 1956 1023 1989 przebct.

235 1999 302 2032 Quid
323 2000 401 2034 igitur
422 2000 523 2030 Petrus.
553 2007 657 2034 semper
685 2000 815 2032 fervidus,
838 2008 944 2034 semper
963 2006 1025 2027 ante

236 2045 300 2072 alios
315 2045 482 2080 pratsiliens?
497 2045 541 2072 28.
557 2044 675 2078 Domine,
699 2046 720 2072 si
743 2051 769 2072 tu
792 2055 827 2077 es.
850 2047 943 2080 inquit,
963 2047 1027 2081 jube

237 2099 275 2120 me
289 2091 371 2117 uenire
392 2091 425 2116 ad
438 2095 461 2117 te
480 2099 555 2125 super
570 2099 657 2123 aquas.
679 2091 734 2118 Non
755 2092 821 2118 dixit
835 2101 841 2117 :
857 2092 908 2119 Ora
923 2097 949 2118 et
968 2100 1028 2127 pre-

237 2143 308 2168 care,
323 2136 370 2163 sed
385 2136 460 2162 Jube.
475 2136 567 2165 Viden‘
581 2142 694 2171 quantus
710 2137 814 2164 fervor‘!
828 2143 924 2172 quanta
943 2138 1027 2165 fides?

237 2182 400 2219 Quamquam
420 2181 481 2210 hinc
502 2190 573 2216 sa‘pe
593 2183 794 2217 periclitaretur,
816 2184 885 2217 quod
902 2184 967 2211 ultra
991 2186 1029 2210 vi-

239 2227 306 2254 lium
323 2235 472 2254 mensuram
487 2233 627 2262 qu:rreret.
648 2229 712 2255 Nam
738 2229 781 2256 hic
802 2237 857 2256 rem
885 2231 1027 2258 maximam

239 2273 398 2308 postulabat,
418 2274 452 2300 ob
473 2275 609 2301 Caritatem
629 2275 727 2308 solum,
750 2283 801 2302 non
824 2276 856 2302 ad
872 2277 1025 2303 ostentatio-

239 2326 310 2345 nem.
321 2318 378 2345 Non
392 2319 461 2345 enim
473 2319 548 2350 dixit,
564 2319 631 2346 Jube
642 2328 684 2347 me
692 2321 827 2348 ambidarr.
840 2329 920 2355 super
929 2329 1028 2356 aquas;

239 2365 285 2392 sed
298 2365 379 2399 quid?
392 2365 457 2391 Jube
478 2374 516 2392 me
532 2366 614 2392 venire
625 2367 664 2392 ad~
678 2371 710 2393 te.
727 2366 811 2394 Nemo
825 2367 923 2403 quippe
938 2368 972 2394 ita
987 2368 1031 2395 Je—

240 2418 297 2437 sum
313 2411 427 2437 amabat.
447 2410 509 2438 Illud
525 2412 603 2439 etiam
630 2417 689 2447 post
713 2414 934 2441 resurrectionem
955 2414 1027 2441 fecit.

239 2457 330 2492 Neque
351 2458 421 2484 enim
438 2458 563 2485 sustinuit
582 2467 643 2485 cum
665 2460 725 2487 aliis
740 2461 840 2492 venire,
864 2461 909 2488 sed
931 2469 1032 2496 praecu-

240 2502 334 2529 currit.
350 2502 403 2531 Nec
414 2504 621 2538 modoainoris,
638 2506 684 2532 sed
699 2506 778 2533 etiam
797 2507 856 2534 fidei
877 2515 933 2535 sua}
952 2516 1031 2542 argu-

241 2554 328 2575 menta
349 2549 459 2583 prmbct.
481 2550 570 2585 Neque
594 2551 678 2578 solum
705 2552 817 2580 credidit
842 2560 921 2587 posse
945 2554 1030 2588 ipsum

240 2594 375 2621 ambulare
389 2602 467 2629 supra
484 2603 566 2627 mare.
583 2596 628 2623 sed
643 2599 721 2624 etiam
737 2599 796 2625 aliis
815 2607 906 2633 parem
922 2600 1032 2628 faculta-

240 2643 294 2666 tem
319 2639 384 2667 dare
407 2649 413 2666 :
434 2641 619 2677 desideratqne
640 2644 691 2670 cito
710 2644 742 2671 ad
768 2645 853 2679 ipsum
880 2648 1030 2680 pervenire.

240 2684 286 2713 29.
302 2684 362 2719 Ipse
383 2690 465 2712 autem
488 2687 574 2716 dixit:
593 2687 664 2715 Veni.
689 2689 720 2715 Et
735 2698 792 2716 cum
818 2691 982 2719 descendisset
1002 2693 1033 2719 de

241 2730 357 2758 navicula
380 2731 483 2765 Petrus,
504 2733 648 2760 ambulabat
663 2743 739 2769 super
759 2745 846 2770 aquas,
871 2743 894 2764 et
915 2739 980 2765 venit
999 2740 1033 2765 ad

241 2775 339 2803 Jesum.
358 2777 402 2805 50.
419 2778 467 2805 Ubi
486 2779 547 2805 vidit
569 2785 651 2807 autent
671 2787 768 2807 ventum
789 2783 909 2816 validum,
929 2785 1009 2811 timuit
1025 2795 1033 2812 :

243 2829 265 2850 et
276 2832 332 2850 cum
346 2825 458 2858 coepisset
474 2827 561 2860 mergi,
585 2827 701 2854 clamauit
725 2829 818 2861 dicens,
845 2830 959 2864 Domine,
980 2833 1033 2859 sal-

243 2876 299 2898 uum
313 2878 350 2897 me
362 2872 412 2902 fac.
430 2871 473 2898 5|.
491 2872 583 2899 Statim
605 2881 661 2900 vero
679 2873 752 2902 Iesus
775 2877 908 2904 extendens
931 2886 1032 2906 mauum

739 154 774 183 ni
795 147 999 181 MAT'I‘llAiIlM
1019 145 1135 176 nouit.
1158 148 1187 176 L.
1207 150 1242 177 al;
1265 148 1306 177 LI:

1788 148 1851 178 δθσι

1049 206 1214 241 apprehendit
1227 215 1295 238 eum,
1308 211 1331 233 et
1346 206 1407 236 dicit
1420 207 1443 234 ei
1451 215 1463 234 -:
1478 206 1588 234 Modice
1605 207 1675 241 fidei,
1695 215 1773 241 quare
1785 207 1841 234 dat—

1050 253 1133 280 iimu'
1145 253 1158 279 γ
1170 253 1225 280 ιιυο
1238 243 1327 288 priore
1339 252 1488 280 mirabilius
1496 257 1546 281 est.
1561 253 1632 281 Ideo.
1641 259 1700 288 post
1718 253 1782 281 illud
1794 261 1841 281 ac-

1051 299 1123 327 cidit.
1138 299 1203 327 Cum
1223 300 1294 327 enim
1308 300 1470 328 ostendisset
1490 307 1520 327 se
1540 301 1607 328 mari
1622 301 1764 335 imperare,
1780 305 1843 329 tunc

1051 347 1153 381 signum
1168 347 1313 374 mirabilius
1327 346 1424 374 effecit.
1436 346 1512 374 Tunc
1523 347 1593 374 enim
1608 347 1694 374 ventis
1705 347 1845 381 imperavit

1053 397 1173 426 tantum;
1188 401 1258 420 nunc
1280 399 1368 421 autem
1383 397 1410 420 et
1424 394 1479 428 ipse
1496 393 1623 423 ambulat.
1640 398 1666 421 et
1687 393 1767 420 alium
1784 401 1844 428 pcr-

1053 440 1133 467 mitlit
1145 440 1281 467 ambulare
1298 449 1306 466 :
1319 440 1392 473 quod
1404 440 1425 466 si
1438 440 1512 467 initio
1521 440 1655 474 jussissct,
1670 447 1723 466 non
1735 439 1775 466 sic
1786 447 1844 466 eam

1054 493 1109 513 rem
1124 485 1284 520 suscepisset
1298 485 1402 518 Petrus,
1418 485 1479 519 quia
1493 484 1610 511 nomium
1633 489 1705 511 tanta
1719 483 1845 519 praeditus

1054 536 1111 558 erat
1124 531 1186 559 ﬁde.
1774 549 1776 551 .

1090 579 1117 606 2.
1131 579 1185 606 Cur
1197 585 1262 613 ergo
1276 578 1398 613 Christus
1411 578 1437 605 id
1453 578 1591 613 permisit?
1610 577 1676 611 Quia
1689 577 1712 604 si
1725 576 1846 606 dixisset.

1055 624 1113 651 Non
1127 628 1214 659 potes,
1230 612 1285 658 ille,
1298 612 1348 659 qui
1357 612 1462 651 fervens
1470 628 1537 656 erat,
1548 623 1761 651 contradixisset.
1775 622 1848 649 Ideo-

1056 676 1109 704 que
1121 676 1154 696 ex
1168 669 1224 703 ipsa
1240 677 1270 697 re
1290 670 1364 697 illum
1380 670 1405 697 id
1426 677 1580 705 persuasum
1600 670 1701 697 habere
1713 669 1806 701 voluit,
1819 672 1850 696 ut

1058 715 1084 742 in
1104 713 1194 741 futuro
1214 714 1361 741 modestior
1372 720 1452 742 esset.
1473 715 1526 743 Sed
1547 723 1633 750 neque
1656 715 1695 742 sic
1718 722 1747 742 se
1763 718 1851 749 potest

1058 762 1205 789 continere.
1221 760 1286 788 Cum
1309 761 1490 789 descendisset
1509 762 1598 796 igitur,
1620 761 1741 789 [luctibus
1760 760 1851 795 exagi-

1060 807 1163 834 tabatur
1177 815 1184 833 :
1200 807 1310 834 timebat
1321 807 1402 833 enim.
1424 806 1458 833 Ut
1476 808 1664 841 exagitarctur.
1681 807 1776 834 ﬁuctns
1788 806 1852 833 eﬁ‘e—
1894 832 1896 834 .

1059 853 1108 884 cit;
1124 857 1153 879 ιιι
1166 852 1281 884 timeret,
1304 856 1409 879 ventus.
1427 851 1544 879 Joannes
1566 851 1639 888 (Cap.
1654 851 1681 879 6.
1693 852 1739 887 2|)
1763 856 1851 879 autem

1060 900 1106 930 ait,
1118 898 1232 925 voluisse
1243 905 1288 925 eos
1299 898 1384 933 ipsum
1399 898 1424 924 in
1442 898 1590 925 naviculam
1602 898 1732 932 accipere,
1748 902 1775 925 et
1788 904 1854 925 con-

1061 944 1147 971 festim
1167 943 1314 971 naviculam
1330 943 1435 971 venisse
1447 944 1480 971 ad
1497 948 1605 976 terram,
1619 944 1651 971 ad
1666 951 1744 978 quam
1762 943 1854 971 tende-

1062 990 1142 1022 bant;
1168 990 1281 1024 idipsum
1306 990 1470 1025 signiﬁcans,
1486 990 1521 1017 ita
1538 994 1567 1016 ιιι
1579 997 1639 1017 eum
1653 990 1687 1016 ad
1701 995 1798 1017 terram
1809 997 1857 1024 θρ-

1062 1035 1162 1070 pulsuri
1180 1039 1280 1068 essent,
1297 1035 1323 1062 in
1343 1035 1475 1070 navigium
1487 1036 1652 1063 ascenderet.
1665 1034 1730 1063 Cum
1745 1035 1857 1062 descen-

1063 1081 1164 1109 dissrnt
1177 1089 1241 1116 ergo
1253 1081 1287 1109 de
1301 1082 1377 1115 navi,
1388 1082 1421 1109 ad
1435 1083 1521 1116 ipsum
1536 1081 1599 1114 ibat,
1614 1089 1667 1109 non
1683 1082 1717 1108 ita
1738 1082 1857 1116 gaudens

1063 1128 1134 1163 quod
1159 1135 1238 1163 supra
1259 1135 1342 1163 aquas
1363 1128 1521 1160 ambularet,
1535 1135 1615 1163 quam
1628 1128 1698 1162 quod
1714 1128 1746 1154 ad
1771 1128 1858 1162 ipsum

1065 1175 1167 1202 veniret
1184 1183 1191 1201 :
1205 1178 1304 1201 etcum
1319 1173 1345 1201 id
1360 1174 1430 1208 quod
1445 1173 1531 1208 majus
1541 1177 1599 1201 erat
1611 1179 1810 1209 assequeretur,
1825 1181 1857 1201 cx

1066 1220 1163 1248 minori
1178 1220 1375 1255 periclitaturus
1394 1224 1463 1252 erat,
1482 1227 1497 1247 a
1513 1219 1583 1247 venti
1603 1219 1664 1247 dico
1679 1220 1790 1253 impetu,
1806 1228 1858 1246 non

1067 1274 1082 1294 a
1097 1267 1173 1294 mari.
1188 1266 1259 1293 Talis
1272 1266 1369 1301 quippe
1384 1270 1426 1293 est
1445 1265 1558 1293 humana
1576 1270 1670 1293 natura
1685 1273 1691 1292 :
1708 1273 1779 1301 smpe
1798 1273 1858 1292 cum

1068 1321 1162 1348 magna
1175 1312 1318 1347 superavit.
1332 1320 1347 1339 a
1359 1312 1506 1339 minoribus
1521 1312 1644 1339 vincitur.

1107 1358 1197 1386 Petrus
1209 1367 1259 1385 non
1274 1359 1323 1385 nisi
1335 1358 1465 1392 deﬁciente
1484 1358 1535 1391 [ide
1550 1366 1624 1392 super
1637 1366 1715 1393 aquas
1730 1358 1855 1385 titubavit.

1070 1405 1184 1433 Christus
1207 1405 1345 1431 diuinitatis
1368 1412 1420 1431 tute
1443 1405 1519 1439 [idem
1539 1405 1684 1431 adstruebat
1707 1404 1800 1431 nedum
1818 1406 1860 1431 ἀε-

1070 1455 1186 1478 strueret.
1209 1449 1242 1476 In
1254 1449 1416 1476 Eucharistia
1428 1450 1511 1485 ipsum
1533 1449 1627 1477 Christi
1640 1457 1731 1484 corpus
1750 1449 1860 1477 comedi-

1071 1501 1121 1524 tur.
1129 1496 1247 1530 —Quod
1257 1497 1336 1523 etiam
1346 1496 1418 1524 Elias
1426 1496 1476 1523 sub
1486 1496 1608 1523 Jezabele
1621 1504 1716 1532 passus
1726 1501 1776 1532 est.
1791 1495 1861 1530 quod

1071 1543 1176 1579 Moyses
1186 1544 1219 1571 ab
1229 1543 1366 1579 Egyptio,
1378 1543 1461 1570 David
1475 1551 1489 1570 a
1501 1543 1643 1570 Bersabee.
1657 1542 1692 1570 Ita
1703 1547 1731 1570 et
1746 1542 1840 1570 Petrus
1854 1550 1862 1569 :

1073 1590 1187 1617 instante
1204 1590 1291 1617 adhuc
1310 1595 1413 1617 terrore
1431 1597 1513 1624 super
1525 1597 1609 1625 aquas
1627 1589 1766 1617 ambulare
1785 1596 1863 1616 ausus

1073 1642 1125 1670 est,
1140 1638 1185 1664 sed
1205 1642 1297 1665 contra
1319 1638 1390 1665 venti
1410 1638 1539 1672 impetum
1561 1643 1632 1665 stare
1652 1645 1705 1665 non
1728 1637 1823 1673 potuit,
1840 1641 1865 1665 et

1075 1683 1124 1711 hoc
1147 1691 1206 1711 cum
1225 1691 1307 1719 prope
1326 1683 1462 1711 Christum
1482 1688 1563 1711 esset.
1584 1684 1621 1711 Ita
1642 1684 1707 1711 nihil
1720 1683 1795 1718 juvat
1807 1691 1866 1711 esse

1075 1726 1157 1765 prope
1169 1730 1315 1762 Christum,
1329 1730 1379 1757 nisi
1395 1730 1448 1757 ﬁde
1462 1738 1543 1765 prope
1556 1731 1602 1758 sis.
1618 1730 1674 1758 Hoc
1688 1738 1770 1765 porro
1779 1738 1865 1765 quan-

1076 1780 1132 1802 tum
1142 1781 1213 1803 chet
1226 1776 1295 1803 inter
1308 1775 1462 1811 Magistrum
1481 1780 1509 1803 et
1520 1776 1680 1811 diseipulum
1699 1776 1867 1803 intervallum

1075 1822 1201 1854 ostendit,
1214 1822 1326 1856 aliisque
1339 1821 1515 1849 consolationi
1529 1821 1587 1848 fuit.
1604 1821 1667 1849 Nam
1683 1821 1705 1848 si
1718 1821 1752 1849 de
1766 1821 1868 1849 duobus

1078 1868 1202 1896 fratribus
1223 1869 1283 1896 irati
1298 1873 1371 1901 sunt,
1391 1869 1475 1896 multo
1493 1869 1576 1903 magis
1593 1868 1637 1896 hic
1655 1868 1781 1904 indignati
1803 1868 1870 1896 fuis-

1077 1918 1159 1942 sent:
1178 1914 1296 1941 nondum
1317 1914 1388 1942 enim
1408 1914 1535 1949 Spiritum
1554 1919 1674 1942 sanctum
1701 1920 1870 1950 acceperant.

1079 1959 1130 1987 Sed
1145 1964 1236 1994 postea
1255 1967 1306 1987 non
1323 1960 1391 1987 tales
1414 1959 1530 1987 fuerunt.
1553 1959 1656 1995 Ubique
1678 1960 1748 1987 enim
1772 1961 1872 1995 primas

1080 2005 1158 2033 l’etro
1166 2005 1323 2037 concedunt,
1338 2010 1365 2032 et
1379 2006 1411 2032 ad
1426 2007 1568 2033 conciones
1582 2006 1702 2040 publicas
1715 2006 1789 2033 illum
1801 2014 1871 2041 prie-

1080 2051 1178 2084 ferunt,
1191 2051 1311 2086 quamvis
1322 2051 1426 2078 caeteris
1436 2052 1527 2079 rudior
1540 2052 1682 2079 videretur.
1695 2051 1747 2079 Sed
1761 2059 1808 2079 cur
1820 2060 1876 2081 non

1081 2097 1220 2132 imperavit
1234 2097 1320 2124 ventis
1342 2101 1371 2123 ιιι
1390 2097 1566 2131 quiescerent,
1590 2097 1636 2125 sed
1660 2103 1768 2125 extensa
1794 2106 1875 2126 manu

1081 2142 1256 2177 apprehendit
1280 2142 1361 2170 eum?
1375 2142 1442 2176 Quia
1460 2142 1512 2170 ﬁde
1533 2143 1616 2178 ipsius
1636 2151 1703 2179 opus
1719 2149 1784 2171 erat.
1806 2144 1873 2172 Cum

1082 2189 1152 2216 enim
1166 2192 1255 2216 nostra
1272 2188 1406 2222 desinunt,
1418 2197 1476 2224 qua?
1491 2189 1538 2217 Dei
1554 2194 1616 2216 sunt
1634 2190 1713 2217 etiam
1734 2191 1872 2217 sistuntur.

1082 2234 1231 2262 Ostendens
1249 2235 1337 2269 igitur,
1353 2242 1405 2262 non
1426 2235 1496 2263 venti
1513 2236 1652 2270 impetum.
1675 2235 1720 2262 sed
1743 2235 1873 2263 modicam

1082 2281 1141 2315 ejus
1154 2281 1232 2308 fidem
1253 2280 1339 2315 ipsum
1356 2281 1495 2314 evertisse,
1515 2281 1552 2308 ait
1564 2290 1571 2307 :
1585 2281 1694 2308 Modica:
1708 2281 1776 2316 ﬁdei,
1797 2289 1875 2317 quare

1083 2328 1202 2355 dubitasti
1210 2327 1325 2362 ?-ltaque
1338 2327 1389 2354 nisi
1402 2327 1467 2355 ﬁdes
1477 2327 1581 2355 inﬁrma
1599 2327 1701 2361 fuisset,
1717 2328 1796 2355 etiam
1807 2335 1881 2355 con-.

1085 2380 1125 2402 tra
1145 2379 1254 2402 ventum
1275 2374 1353 2401 facile
1379 2375 1505 2402 stetisset.
1527 2375 1693 2409 Quapropter
1716 2374 1761 2401 illo
1781 2381 1875 2409 appre-

1084 2420 1179 2453 henso,
1192 2425 1300 2447 ventum
1320 2420 1384 2447 ﬁare
1407 2420 1520 2452 sinebat,-
1536 2420 1680 2447 ostendens
1701 2420 1767 2447 nihil
1788 2419 1874 2455 ipsum

1085 2467 1193 2499 laedere,
1208 2466 1231 2493 si
1250 2466 1315 2493 ﬁdes
1336 2467 1411 2494 ﬁrma
1433 2472 1516 2494 esset.
1539 2466 1574 2493 Et
1596 2467 1665 2494 sicut
1684 2467 1795 2501 pullum,
1815 2471 1876 2494 ante

1085 2516 1190 2546 tempus
1212 2520 1228 2540 e
1255 2512 1317 2539 nido
1340 2519 1489 2547 egressum,
1514 2517 1542 2539 et
1560 2512 1670 2547 jamjam
1696 2513 1875 2548 delapsurum,

1085 2564 1170 2586 mater
1183 2559 1233 2586 alis
1249 2563 1401 2586 sustentans
1419 2559 1448 2586 in
1465 2558 1556 2586 nidum
1571 2558 1683 2592 reducit,
1699 2559 1738 2585 sic
1756 2563 1783 2586 et
1801 2559 1880 2586 Chri-

1085 2609 1142 2631 stus
1161 2604 1232 2632 fecit.
1255 2604 1299 2632 52.
1317 2603 1350 2630 Et
1361 2604 1599 2631 cumatcenrlissent
1611 2604 1638 2631 in
1651 2604 1801 2635 naviculam,
1820 2610 1878 2631 tunc

1084 2650 1188 2677 cessauit
1213 2655 1309 2677 ventus.
1330 2650 1412 2677 Prius
1427 2650 1532 2684 quidem
1557 2650 1680 2679 dicebant
1699 2660 1705 2677 :
1728 2651 1817 2683 Qualis
1840 2656 1878 2678 est

1086 2695 1126 2722 hic
1139 2695 1223 2727 homo,
1240 2696 1299 2729 quia
1308 2702 1373 2723 venti
1382 2700 1482 2723 euitare
1492 2696 1610 2724 obediunt
1620 2697 1643 2724 ei
1653 2696 1758 2728 (Matth.
1773 2697 1799 2724 8.
1812 2697 1878 2731 27)?

1086 2742 1160 2769 Nunc
1171 2747 1258 2769 autem
1276 2750 1331 2769 non
1342 2743 1390 2769 sic.
1406 2742 1451 2770 55.
1470 2742 1535 2770 Nam
1556 2742 1605 2775 Qui
1620 2743 1647 2770 in
1665 2743 1781 2770 navicula
1796 2747 1879 2776 erant,

1086 2789 1181 2823 inquit,
1201 2789 1324 2816 venientes
1339 2789 1506 2815 adoraverunt
1529 2797 1586 2816 eum
1601 2790 1711 2817 dicentes
1725 2798 1734 2816 :
1752 2789 1815 2816 Vere
1831 2788 1877 2815 Pl.

1086 2835 1135 2862 lius
1147 2834 1195 2862 Dei
1209 2843 1245 2863 es.
1268 2834 1359 2862 Viden’
1376 2835 1510 2869 quomodo
1527 2836 1651 2870 paulatim
1669 2836 1702 2863 ad
1722 2836 1877 2864 sublimiora

1087 2887 1180 2908 omnes
1193 2881 1290 2908 ducat?
1309 2881 1374 2908 Nam
1395 2882 1465 2914 quia-
1477 2882 1502 2908 in
1523 2883 1588 2910 mari
1602 2882 1755 2914 ambulavit,
1773 2882 1876 2915 etvq-uia
