2068 3132
216 142 266 170 507

215 198 295 225 alium
308 197 387 233 jussit
401 198 427 225 id
441 197 538 232 facere,
555 206 586 226 ac
596 199 790 234 periclitantem
806 200 933 230 servavit,
945 198 1007 226 hinc

216 244 282 272 ﬁdes
302 252 394 272 eorum
417 244 563 272 admodum
579 250 654 272 aucta
680 251 731 273 est.
749 245 824 272 Tunc
843 246 915 272 enim
934 250 1007 272 mare

215 291 371 326 increpavit,
388 300 458 320 nunc
477 299 530 319 non
551 293 679 327 increpat,
698 292 751 320 alio
764 291 911 326 majorique
927 291 1007 318 modo

215 338 359 371 jattentiam
371 346 447 368 suam
460 338 615 366 ostendens.
635 337 696 365 Ideo
717 336 841 365 dicebant
855 345 862 365 :
881 336 944 364 Vere
958 336 1006 364 Fi-

214 384 264 412 lius
279 383 328 412 Dei
341 393 376 412 es.
397 385 464 419 Quid
479 385 580 420 igitur?
599 393 632 411 an
654 385 799 419 increpavit
816 390 864 411 eos
886 383 931 418 qui
956 384 1007 410 hoc

213 429 351 458 dicereut?
366 431 422 458 luto
436 436 528 458 contra
541 431 650 457 omnino
665 438 671 456 :
688 429 739 457 huc
751 429 851 456 dictum
865 429 944 456 etiam
959 429 1006 456 ﬁr-

213 476 305 508 mavit,
320 484 380 503 cum
402 476 495 511 majori
511 480 641 510 potestate
661 482 759 502 curans
773 479 820 502 eos
833 474 878 510 qtti
893 474 1005 502 accede-

213 525 291 554 rent,
306 527 332 548 et
359 529 410 548 non
433 526 460 548 ttt
485 525 572 548 antea.
591 521 636 548 δι.
663 520 695 547 Et
715 528 772 546 cum
792 522 1002 554 transfretassent,

213 567 308 602 inquit,
323 572 443 594 uenerunt
459 567 485 593 in
501 571 594 594 terram
610 566 755 594 Geuesaret.
773 566 818 595 55.
842 565 875 592 Et
889 573 947 592 cum
959 575 1004 593 ro-

211 615 354 649 gitavissent
368 621 425 640 eum
443 613 489 639 viri
504 613 554 639 laci
567 613 645 645 illius,
663 613 781 639 miserunt
796 613 823 639 in
836 621 934 639 omnem
955 613 1005 638 cir-

211 668 269 686 :ttnt
285 661 412 694 regionem
424 659 506 691 illam,
522 664 545 685 et
559 658 701 685 obtulerunt
719 660 742 684 ei
764 666 850 684 omnes
869 658 934 683 mute
955 657 1003 683 Ita-

211 706 305 736 beutes,
321 706 364 733 36.
381 711 403 733 et
414 705 535 740 rogabant
545 710 571 732 ut
584 709 711 739 tangerent
726 703 851 738 ﬁmbriam
867 703 1004 729 uestimenti

211 752 275 785 eius,
289 756 312 778 et
326 756 446 786 quotquot
466 751 608 786 tetigerunt,
621 751 685 777 salui
702 750 763 785 facti
779 755 846 779 sum,
862 748 918 776 Non
932 749 1003 777 enim

211 802 240 824 ut
252 797 324 831 prius
336 797 422 831 ipsum
436 797 469 823 ad
482 797 577 824 dumos
591 803 654 823 suas
667 795 816 828 trahebant,
833 802 882 822 nec
898 800 1002 829 qurere-

211 843 274 870 itant
288 847 316 870 ut
327 848 406 870 manu
417 847 545 878 tangeret,
558 850 589 870 ac
596 842 684 869 verbis
698 843 842 877 imperaret
854 851 860 869 :
874 841 921 869 sed
938 841 1003 869 sub-

211 889 299 918 litnius
312 888 520 924 sapientiusqne,
542 896 574 916 ac
591 896 651 916 cum
665 888 757 923 majori
771 888 823 915 ﬁde
838 888 1001 916 curationem

212 935 398 970 impetrabant.
409 934 474 962 Nant
489 942 519 963 ea
538 941 598 969 quze
619 935 718 961 tinxunt
734 933 869 969 sanguinis
886 934 1003 968 patieba-

211 987 262 1014 tur,
286 982 410 1010 omuibus
431 981 605 1016 philosophia:
629 981 707 1015 lmjns
732 980 862 1015 magistra'
881 979 939 1006 fuit.
967 979 1002 1007 Ut

211 1028 333 1056 ostendat
352 1031 441 1055 autem
467 1026 638 1061 evangelista,
664 1026 719 1060 jam
742 1033 757 1052 a
779 1025 863 1052 multo
882 1030 1003 1059 tempore

211 1074 297 1107 ipsum
313 1073 339 1101 in
363 1075 412 1100 Itas
437 1078 525 1107 partes
545 1072 661 1103 venisse,
682 1072 739 1099 ait:
755 1070 817 1098 Cum
831 1071 1002 1106 cognovissent

211 1119 256 1146 viri
267 1119 316 1146 loci
329 1119 409 1151 illius,
424 1119 545 1145 miserunt
555 1118 589 1144 ad
600 1125 698 1144 omnem
716 1117 811 1144 circum
826 1117 962 1152 regionem,
978 1120 1002 1143 et

210 1170 317 1199 (egrotae
332 1163 468 1199 oﬂ‘erelmnt
479 1165 512 1192 ei.
526 1165 650 1191 Attamen
666 1167 769 1197 tempus
783 1170 835 1189 ttou
850 1162 929 1189 modo
949 1169 1001 1189 non

210 1211 289 1238 solvit
304 1211 393 1243 tidem,
405 1211 451 1238 sed
464 1215 491 1237 et
504 1210 633 1244 majorem
647 1208 745 1241 eﬁ'ecit,
760 1213 788 1235 et
799 1209 931 1243 vigentem
946 1217 1003 1236 ser-

210 1257 290 1283 vavit.
310 1256 460 1292 Tangamus
480 1263 544 1290 ergo
565 1262 614 1282 nos
635 1262 741 1290 quoque
765 1254 895 1281 ﬁtnbriam
919 1255 1002 1281 Vestio

210 1302 292 1329 tuenti
307 1302 380 1337 ejus;
396 1302 460 1335 ittto,
476 1301 499 1330 si
518 1301 639 1334 velimus,
658 1305 741 1328 totmn
755 1300 841 1335 ipsum
861 1300 1001 1327 habemus.

209 1348 276 1376 Nam
287 1355 384 1383 corpus
402 1355 474 1377 nunc
496 1347 573 1375 nobis
588 1346 751 1382 propositum
771 1350 828 1378 est;
850 1354 904 1373 non
919 1346 1001 1374 vesti-

209 1399 329 1426 mentum
342 1399 453 1426 tamum,
467 1394 514 1421 sed
524 1401 636 1428 corpus;
647 1401 700 1420 non
714 1397 743 1420 ut
755 1397 893 1428 tangamus
903 1392 1001 1425 solum,

209 1441 256 1469 sed
276 1442 355 1469 etiam
372 1446 401 1468 ut
421 1439 604 1472 comedatuus,
628 1444 656 1467 et
677 1439 815 1466 satiemur.
836 1438 1002 1466 Accedamus

209 1489 297 1523 itaque
309 1496 371 1516 cum
387 1487 449 1519 ﬁde,
463 1487 559 1522 singuli
575 1490 746 1521 aegrotantes.
760 1485 826 1513 Nam
841 1486 862 1512 si
879 1486 896 1513 ii
911 1486 955 1520 qui
974 1486 1001 1512 in

211 1534 342 1562 ﬁmbriam
361 1533 511 1561 vestimenti
530 1532 588 1567 ejus
606 1532 758 1567 tangebam.
778 1535 877 1558 tatttam
895 1531 944 1558 sibi
960 1536 1002 1558 at-

209 1586 315 1608 traxere
335 1579 472 1611 virtutem,
495 1583 595 1614 quanto
611 1579 696 1613 magis
715 1578 733 1604 ii
757 1579 802 1613 qui
818 1582 901 1605 totum
916 1578 1001 1613 ipsum

209 1626 319 1654 tenent!
343 1625 479 1654 Accedere
498 1630 586 1652 autem
610 1631 673 1654 cum
697 1623 751 1651 ﬁde
766 1631 818 1651 non
839 1628 880 1651 est
900 1628 1001 1650 tantum

208 1673 375 1708 propositum
401 1678 498 1706 corpus
519 1671 658 1706 accipere,
680 1670 727 1698 sed
748 1677 808 1697 cum
832 1677 899 1704 puro
922 1669 1003 1697 corde

211 1724 329 1752 tangere,
345 1721 424 1752 tque
438 1717 471 1744 ita
487 1715 610 1743 affectum
624 1722 692 1747 esse,
707 1722 740 1742 ac
748 1715 770 1742 si
781 1714 815 1743 ad
827 1715 912 1749 ipsum
927 1714 1004 1742 Citri-

211 1769 280 1792 stum
294 1763 415 1790 accedas.
426 1762 494 1796 Quid
508 1762 590 1795 enim,
613 1762 635 1790 si
655 1769 747 1789 vocem
766 1761 824 1795 ejus
842 1769 895 1788 non
907 1760 1002 1788 audis?

211 1812 245 1837 At
256 1809 330 1837 vides
340 1808 412 1836 illum
422 1808 565 1843 iacentem.
580 1808 634 1834 itno
650 1813 714 1835 vero
730 1814 823 1834 vocem
837 1806 895 1841 ejus
915 1805 1001 1840 audis,

211 1855 346 1890 loquentis
357 1862 402 1889 per
414 1854 601 1888 evangelistas.

246 1902 273 1928 ὃ.
288 1900 394 1928 Credite
412 1900 499 1934 igitur,
516 1907 586 1926 nunc
603 1899 675 1926 illam
692 1905 796 1926 canam
815 1898 956 1931 celebrari,
976 1899 1003 1926 in

211 1955 262 1983 qua
278 1947 335 1982 ipse
345 1946 530 1974 recumbebat.
542 1945 612 1972 Nihil
622 1945 720 1980 quippe
733 1944 791 1972 haec
802 1944 835 1972 ab
846 1945 890 1972 illa
904 1944 1002 1972 differt.

211 1993 303 2028 Neque
321 1992 393 2020 enim
414 1992 483 2019 hanc
504 1992 583 2018 ltomo
604 1991 696 2023 efﬁcit,
714 1991 786 2017 illam
807 1991 938 2023 Christus,
956 1991 1003 2019 sed

213 2041 255 2068 hic
277 2040 334 2074 ipse
359 2044 508 2073 utramque.
533 2037 644 2071 Quando
668 2037 748 2072 igitur
769 2036 935 2064 sacerdotem
958 2037 1003 2064 tibi

213 2086 375 2120 praebentem
396 2084 480 2116 vides,
499 2092 533 2111 ne
551 2088 626 2118 putes
644 2082 810 2110 sacerdotem
832 2082 884 2110 hoc
900 2083 1003 2114 facere;

212 2131 260 2159 sed
272 2130 369 2159 Christi
385 2137 491 2157 manum
512 2136 572 2156 esse
591 2136 650 2163 qua:
665 2128 824 2155 extenditur.
841 2127 916 2155 Sicut
933 2129 1004 2155 enirn

213 2185 273 2204 cum
292 2175 418 2203 sacerdos
432 2175 557 2209 baptizat,
572 2182 624 2201 non
639 2174 695 2208 ipse
714 2174 840 2208 baptizat,
860 2174 906 2201 sed
925 2174 1004 2207 Deus,

213 2223 257 2257 qui
270 2228 350 2257 caput
364 2227 437 2251 tuum
453 2221 577 2249 invisibili
598 2221 694 2248 virtute
713 2225 794 2253 tenet,
809 2228 841 2248 ac
859 2229 946 2255 neque
958 2228 1006 2248 an-

213 2269 298 2303 gelus,
311 2275 397 2303 neque
414 2267 598 2302 archangelus,
622 2273 670 2293 nec
694 2265 761 2294 alius
773 2266 904 2301 quispiam
926 2266 1006 2294 audet

213 2314 342 2343 accedere
358 2318 386 2342 et
399 2319 424 2342 te
439 2318 567 2348 tangere:
583 2313 622 2339 sic
639 2317 666 2340 et
679 2319 758 2340 nunc.
776 2312 842 2339 Nam
860 2318 919 2339 cum
937 2313 1006 2340 Deus

213 2361 287 2388 solus
300 2365 450 2395 regenerat,
465 2359 491 2386 id
515 2359 560 2386 Dei
578 2359 660 2386 solius
679 2359 777 2386 donum
792 2363 843 2386 est.
858 2358 951 2387 Nonne
967 2359 1007 2386 vi-

214 2407 262 2434 des
274 2413 322 2434 eos
339 2405 385 2440 qui
399 2405 442 2433 hic
462 2405 489 2435 in
511 2405 580 2432 ﬁlios
602 2404 772 2439 adoptantur.
797 2403 932 2438 quomodo
952 2412 1005 2432 non

216 2461 272 2482 rem
294 2452 380 2480 servis
401 2451 578 2484 committant,
601 2450 649 2478 sed
665 2450 715 2485 ipsi
734 2450 767 2477 ad
782 2450 868 2478 lorum
881 2450 1006 2485 judiciaie

214 2499 322 2527 adsint?
338 2497 382 2526 Sic
397 2499 465 2526 Deus
481 2505 534 2525 non
547 2497 647 2532 angelis
667 2497 719 2524 hoc
739 2503 836 2523 munus
849 2496 982 2523 commisit
998 2505 1005 2523 :

215 2545 262 2572 sed
273 2544 330 2578 ipse
340 2544 415 2572 adest
426 2544 522 2579 jubens
538 2548 565 2570 et
578 2543 671 2571 dicens
686 2551 693 2569 :
710 2542 797 2569 Nolite
809 2550 899 2569 vocare
910 2547 1006 2577 patrem

215 2599 291 2625 super
302 2595 394 2617 terram
404 2590 510 2626 (Matth.
524 2589 569 2620 25.
583 2589 627 2625 9);
643 2597 696 2616 non
709 2592 739 2616 ut
752 2593 875 2623 parentes
888 2593 1008 2615 contem-

216 2642 276 2670 nat;
291 2637 337 2663 scd
350 2640 379 2663 ut
401 2636 452 2662 illis
471 2636 594 2663 omnibus
610 2635 739 2663 factorem
754 2639 828 2661 tuum
848 2639 1005 2669 anteponas,

216 2683 260 2719 qui
277 2688 302 2710 te
322 2683 390 2710 inter
405 2682 475 2710 ﬁlios
488 2690 552 2710 suos
566 2682 716 2716 adscripsit.
735 2681 800 2708 Nam
815 2681 859 2715 qui
885 2680 911 2708 id
935 2681 1006 2714 quod

217 2731 301 2765 majus
312 2734 370 2757 erat
382 2729 464 2759 dedit.
481 2730 531 2756 hoc
545 2734 595 2761 est,
613 2729 739 2763 seipsum,
760 2728 844 2754 multo
862 2727 946 2762 magis
965 2727 1007 2753 di-

215 2777 338 2811 ςιιιιιίιιιι·
352 2783 428 2802 suum
442 2775 487 2802 tibi
502 2775 608 2802 tradere
628 2781 734 2808 corpus.
749 2773 895 2800 Audiamus
917 2773 1006 2806 igitur,

214 2827 242 2850 rt
260 2821 423 2853 sacerdotes,
439 2826 466 2847 et
479 2820 576 2849 subditi
596 2821 646 2853 eis,
670 2823 768 2854 quanto
786 2826 895 2846 munere
909 2818 1007 2853 dignati

216 2869 311 2901 timus;
332 2867 480 2899 audiamus,
503 2870 529 2894 et
550 2858 793 2901 peritorrcscamus.
813 2864 908 2894 Socrus
932 2864 1008 2892 nobis

544 142 572 172 S.
592 142 730 171 JOANNIS
748 137 985 171 CHRYSOS'I‘OMI
1008 143 1166 172 AﬂClllEP.
1186 136 1452 175 CONSTANTINOP.

1800 151 1851 178 508

1061 203 1156 227 carnes
1170 207 1233 228 suas
1242 202 1421 230 comedendas
1435 201 1518 236 dedit,
1533 202 1650 238 selpsum
1665 206 1787 240 apposuit
1801 207 1851 233 im-

1060 246 1199 273 molatum.
1212 247 1277 279 Quae
1292 248 1371 282 igitur
1390 249 1467 276 nobis
1488 250 1625 277 excusatio
1648 250 1709 283 erit,
1729 258 1788 278 cum
1805 251 1850 279 tali

1059 292 1127 326 pasti
1141 292 1210 325 cibo,
1229 293 1316 320 taliter
1328 294 1490 328 peccemus?
1509 301 1569 322 cum
1588 301 1684 331 agnum
1706 296 1850 324 comeden-

1059 341 1110 369 tes,
1125 337 1178 373 lupi
1203 338 1352 367 efﬁcimur?
1371 349 1431 368 cum
1446 347 1522 368 ovem
1544 341 1746 375 manducantes,
1768 343 1851 371 instar

1060 383 1165 410 leonum
1179 385 1316 419 rapimus?
1337 385 1393 413 Hoc
1411 387 1509 422 quippe
1524 388 1678 423 mysterium
1697 396 1749 416 non
1763 390 1849 417 soluat

1058 434 1074 455 a
1096 431 1186 465 rapina
1200 451 1207 464 ,
1227 431 1274 459 scd
1287 432 1366 460 etiam
1381 440 1395 459 a
1414 433 1465 460 levi
1490 434 1625 462 inimicitia
1641 443 1722 470 puros
1744 444 1850 472 semper

1058 481 1118 503 esse
1129 477 1216 511 jubet.
1237 477 1302 505 Nam
1328 479 1379 506 hoc
1404 480 1571 513 mysterium,
1598 481 1670 515 pacis
1693 486 1734 508 est
1748 489 1848 518 myste-

1058 521 1150 548 rium:
1166 530 1215 550 nec
1227 523 1291 550 sinit
1303 523 1402 551 divitiis
1422 530 1483 552 esse
1505 525 1635 553 addictos.
1661 526 1726 554 Nam
1750 528 1772 554 si
1793 529 1848 563 ipse

1058 572 1167 602 propter
1181 574 1230 595 nos
1252 569 1301 596 sibi
1325 569 1375 604 ipsi
1395 575 1448 598 non
1474 571 1601 606 pepercit,
1621 580 1674 607 quo
1697 574 1796 602 erimus
1809 575 1848 602 di-

1056 611 1101 646 giti
1123 613 1252 648 supplicio
1267 613 1290 641 sl
1308 611 1407 643 divitiis
1428 622 1580 651 pareamus,
1607 619 1775 655 animamque
1800 629 1847 648 ne-

1056 658 1208 692 gligatnus,
1234 668 1282 695 pro
1305 669 1357 696 qua
1387 662 1444 697 ipse
1469 663 1519 690 sibi
1547 662 1596 698 ipsi
1622 671 1675 692 non
1707 667 1847 700 pepercit?

1056 705 1156 733 ludatis
1170 707 1278 741 quidem
1304 709 1446 743 quotannis
1468 710 1493 736 in
1519 711 1675 738 memoriam
1701 712 1844 741 beneﬁcio-

1056 757 1115 778 rum
1137 759 1245 779 suorum
1261 753 1443 781 solemnitates
1468 755 1540 782 Deus
1562 756 1694 789 instituit;
1717 758 1762 784 tibi
1784 767 1846 785 veru

1055 797 1166 831 singulis
1188 804 1257 832 pene
1278 798 1371 826 diebus
1396 806 1443 833 per
1468 799 1527 828 haec
1545 807 1621 828 sacra
1649 802 1785 837 mysteria.
1807 803 1846 831 No

1056 841 1135 875 igitur
1153 850 1259 870 crucem
1282 844 1424 872 erubescas
1441 853 1448 872 :
1464 846 1521 873 lucc
1547 846 1645 882 quippe
1669 853 1731 875 sunt
1750 849 1844 876 decora

1056 893 1157 921 nostra,
1173 889 1231 917 hate
1249 896 1339 917 nostra
1353 892 1489 925 mysteria,
1515 892 1564 919 hoc
1586 901 1712 921 oruamur
1725 903 1844 929 munere,

1055 933 1106 961 hoc
1118 935 1271 970 gloriantur.
1288 936 1315 964 Si
1331 937 1434 971 dixero,
1448 938 1549 966 Cretum
1562 944 1589 966 et
1604 945 1701 967 terram
1715 941 1844 975 extendit,

1054 987 1128 1008 mare
1150 980 1251 1014 eﬁ'udit,
1266 982 1410 1017 prophetas
1429 989 1457 1010 et
1475 985 1584 1019 angelos
1607 985 1689 1019 misit,
1705 987 1770 1013 nihil
1786 988 1846 1015 huic

1054 1025 1092 1052 rei
1106 1028 1155 1060 par
1175 1026 1278 1054 dixero.
1307 1028 1362 1055 Hoc
1374 1029 1471 1063 quippe
1492 1033 1571 1064 caput
1583 1035 1624 1058 est
1638 1031 1767 1058 bonorum
1787 1040 1844 1059 om-

1054 1072 1127 1099 nium
1143 1093 1150 1104 ο
1169 1073 1238 1108 quod
1254 1072 1322 1100 Filio
1342 1080 1391 1101 suo
1405 1078 1457 1102 neu
1475 1077 1633 1110 pepercerit,
1654 1081 1682 1104 ut
1695 1084 1787 1104 servos
1801 1078 1846 1106 ab-

1054 1118 1183 1147 aliettatos
1195 1124 1324 1147 servaret.
1338 1119 1431 1148 Nullus
1437 1128 1501 1156 ergo
1510 1121 1591 1150 Judas
1601 1122 1670 1150 itane
1682 1123 1760 1150 adeat
1772 1131 1845 1151 men-

1054 1173 1129 1198 sam;
1157 1166 1245 1193 nullus
1268 1167 1359 1194 Simon
1385 1176 1390 1194 :
1416 1167 1497 1195 ambo
1527 1168 1598 1196 enim
1633 1177 1681 1204 per
1707 1170 1844 1198 avaritiam

1054 1212 1200 1247 perierunt.
1221 1213 1364 1248 Fugiamus
1388 1213 1477 1249 itaque
1500 1214 1551 1242 hoc
1572 1215 1737 1248 barathrum,
1760 1225 1846 1251 neque

1054 1263 1177 1292 putemus
1188 1258 1263 1286 nobis
1277 1259 1341 1286 satis
1355 1266 1414 1286 esse
1424 1258 1457 1287 ad
1474 1260 1596 1294 salutem,
1613 1260 1635 1288 si
1651 1267 1790 1296 postquam
1805 1261 1845 1289 vi-

1053 1304 1120 1332 duas
1135 1308 1163 1331 et
1174 1304 1289 1340 pupillos
1307 1305 1526 1339 exspoliavimus,
1548 1306 1673 1341 poculum
1692 1315 1803 1334 aureutn
1819 1312 1846 1334 et

1053 1350 1166 1385 gemmis
1185 1354 1308 1377 ornatum
1323 1355 1423 1378 mensae
1445 1351 1597 1378 circi-amns.
1613 1351 1678 1378 Nam
1700 1352 1722 1379 si
1736 1352 1776 1379 vis
1796 1351 1846 1380 hoc

1053 1395 1212 1422 sacriﬁcium
1227 1395 1369 1428 honorare,
1393 1396 1507 1423 animam
1530 1396 1607 1430 ‘oﬁ'er,
1623 1397 1657 1424 ob
1680 1397 1846 1432 quantChri-

1054 1445 1110 1467 stus
1123 1440 1274 1468 itnmolatus
1287 1445 1329 1468 est
1343 1449 1349 1468 :
1365 1440 1433 1468 hanc
1444 1441 1523 1468 facito
1536 1447 1643 1469 auream
1660 1451 1667 1468 :
1682 1442 1704 1469 si
1716 1450 1779 1470 vero
1791 1443 1845 1477 ipsa

1054 1487 1089 1515 sit
1102 1487 1209 1522 plumbo
1224 1491 1251 1514 et
1265 1491 1331 1514 testa
1344 1487 1470 1519 deterior,
1493 1495 1538 1514 vas
1560 1493 1649 1514 autem
1670 1495 1781 1515 aureum
1800 1489 1845 1521 sit,

1054 1532 1117 1567 Quid
1127 1532 1190 1560 inde
1203 1533 1268 1560 lucri
1282 1532 1343 1560 ?Ne
1358 1533 1438 1568 igitur
1453 1533 1504 1561 hoc
1515 1541 1640 1561 curemus
1653 1533 1739 1561 solutn
1755 1537 1783 1560 ut
1796 1538 1843 1560 au-

1055 1587 1100 1606 rea
1116 1585 1177 1606 vasa
1196 1578 1350 1609 oﬁ‘eramus,
1373 1579 1419 1606 sed
1433 1584 1461 1606 ut
1473 1585 1506 1606 cx
1525 1579 1604 1614 justis
1618 1579 1761 1606 laboribus.
1785 1579 1846 1606 llam

1054 1624 1154 1659 quippe
1168 1629 1230 1652 sunt
1244 1631 1310 1652 auro
1320 1624 1490 1659 pretiosiora,
1506 1631 1566 1659 qua:
1585 1632 1638 1651 non
1652 1632 1684 1651 ex
1698 1624 1806 1651 avaritia
1819 1629 1847 1652 et

1056 1669 1148 1704 rapina
1169 1675 1242 1704 parta
1268 1676 1339 1697 sunt.
1361 1670 1452 1705 Neque
1464 1671 1535 1697 enim
1549 1671 1606 1697 auri
1619 1671 1659 1698 vel
1673 1671 1775 1705 argenti
1788 1670 1847 1698 offi-

1055 1717 1113 1744 cina
1127 1721 1168 1744 est
1188 1717 1311 1751 ecclesia,
1333 1718 1380 1745 sed
1405 1717 1560 1753 angelorum
1584 1717 1724 1746 celebritas
1741 1724 1844 1752 :quare

1054 1763 1194 1790 animabus
1205 1764 1282 1791 nobis
1295 1768 1336 1791 est
1347 1771 1414 1798 opus
1429 1772 1436 1792 :
1449 1771 1508 1790 nam
1521 1764 1578 1791 haec
1590 1771 1650 1791 vasa
1666 1770 1774 1799 propter
1788 1765 1845 1792 ani-

1056 1816 1113 1836 mas
1132 1809 1247 1836 admittit
1271 1809 1350 1836 Deus.
1371 1809 1430 1836 Non
1456 1814 1513 1837 erat
1532 1815 1656 1844 argentea
1676 1817 1768 1837 mensa
1791 1810 1845 1843 illa,

1056 1862 1105 1882 nec
1126 1861 1223 1882 aureus
1243 1856 1310 1882 calix
1327 1855 1353 1882 in
1379 1862 1432 1890 quo
1445 1855 1601 1890 sanguinem
1621 1862 1698 1882 suum
1712 1855 1847 1890 discipulis

1055 1900 1177 1928 Christus
1188 1900 1260 1928 dedit
1276 1910 1283 1928 :
1299 1900 1345 1928 sed
1363 1905 1451 1929 tamen
1472 1900 1561 1928 omnia
1580 1900 1625 1928 illa
1639 1901 1752 1935 pretiosa
1772 1907 1847 1928 erant

1056 1951 1083 1974 et
1094 1946 1239 1980 tremenda,
1262 1946 1322 1982 quia
1343 1947 1430 1973 omnia
1463 1946 1562 1981 Spiritu
1581 1947 1681 1981 repleta
1702 1952 1787 1974 erant.
1804 1944 1848 1973 Vis

1056 1998 1153 2026 corpus
1168 1991 1265 2019 Christi
1289 1991 1441 2019 honorare?
1463 1992 1520 2018 Non
1540 1991 1672 2027 despicias
1692 1993 1777 2027 ipsum
1798 2001 1846 2019 uu-

1057 2037 1121 2064 dum
1137 2046 1143 2063 :
1158 2045 1243 2071 neque
1257 2037 1302 2064 hic
1315 2037 1408 2064 sericis
1421 2036 1538 2064 vestibus
1552 2037 1678 2069 lieuorcs,
1690 2037 1753 2065 foris
1760 2043 1847 2065 autem

1058 2083 1156 2118 frigore
1178 2090 1208 2110 ac
1232 2083 1350 2110 nuditate
1374 2081 1501 2109 afﬂictum
1524 2083 1651 2118 negligas.
1679 2080 1744 2110 Nant
1761 2084 1783 2110 is
1804 2083 1848 2118 qui

1057 2130 1134 2162 dixit,
1146 2128 1203 2157 Hoc
1217 2134 1253 2156 est
1269 2137 1361 2163 corpus
1375 2137 1458 2156 meum
1472 2129 1579 2164 (Matth.
1595 2128 1641 2157 26.
1655 2129 1713 2165 26),
1728 2135 1754 2157 et
1768 2130 1849 2157 verbo

1058 2183 1115 2203 rem
1130 2175 1253 2207 ﬁrtnavit,
1269 2174 1338 2202 idem
1363 2175 1419 2209 ipse
1438 2175 1505 2202 dixit
1519 2183 1526 2201 :
1542 2175 1701 2202 Esuricntem
1722 2184 1762 2202 me
1783 2176 1849 2202 vidi-

1058 2221 1113 2254 stis,
1129 2225 1150 2247 et
1164 2228 1213 2247 non
1227 2220 1364 2247 nutriuiuis
1376 2228 1385 2253 ;
1398 2225 1434 2253 et,
1450 2220 1482 2247 In
1498 2225 1619 2255 quantum
1634 2229 1684 2247 non
1698 2222 1791 2256 fecistis
1806 2221 1849 2249 ιιιιὶ

1059 2268 1148 2292 horum
1167 2265 1338 2297 minimarum,
1362 2273 1406 2291 nec
1421 2266 1483 2292 nti/ti
1501 2266 1597 2300 fecistis
1619 2262 1724 2301 (Matth.
1740 2265 1784 2294 ‘25.
1803 2265 1848 2294 42.

1058 2313 1116 2347 45).
1136 2311 1193 2339 Hoc
1219 2318 1292 2339 certe
1317 2319 1369 2339 non
1386 2318 1452 2346 opus
1478 2311 1556 2338 habet
1579 2312 1688 2345 antictu,
1715 2312 1762 2340 sed
1785 2321 1850 2347 puro

1058 2357 1164 2390 animo;
1177 2357 1241 2384 illud
1252 2362 1339 2385 autem
1350 2365 1444 2392 magna
1456 2365 1523 2392 opus
1534 2357 1613 2385 habet
1627 2365 1699 2385 cura.
1713 2358 1851 2386 Discatuus

1059 2404 1148 2439 itaque
1169 2403 1360 2439 philosophari,
1385 2409 1412 2430 et
1433 2403 1568 2431 Christum
1588 2404 1722 2432 honorare
1747 2409 1775 2431 ut
1795 2405 1851 2439 ipse

1059 2450 1116 2477 vult
1131 2456 1139 2477 ε
1155 2456 1216 2476 nam
1229 2450 1264 2482 ei,
1279 2449 1324 2484 qui
1338 2449 1492 2482 honoratur,
1507 2449 1594 2476 honor
1608 2449 1652 2477 ille
1667 2449 1849 2482 suavissimus,

1059 2502 1139 2529 quem
1156 2495 1213 2529 ipse
1226 2499 1310 2529 optat,
1331 2502 1383 2522 non
1399 2502 1478 2530 quem
1493 2501 1543 2522 nos
1562 2499 1695 2530 putamus.
1716 2495 1850 2530 Siquidem

1060 2541 1155 2568 Petrus
1170 2548 1199 2568 se
1212 2541 1286 2568 illum
1304 2541 1435 2568 honorare
1451 2541 1570 2575 putabat,
1584 2546 1643 2568 cum
1653 2541 1800 2572 _c0hiberet
1819 2549 1851 2568 ne

1062 2586 1143 2622 pedes
1157 2594 1220 2614 suos
1236 2587 1337 2614 levaret
1357 2586 1446 2621 (Joan.
1461 2586 1504 2613 15.
1521 2586 1566 2620 8);
1583 2586 1630 2613 sed
1648 2587 1674 2614 id
1693 2588 1763 2622 quod
1777 2587 1851 2614 vole-

1061 2634 1106 2661 bat
1119 2641 1170 2660 non
1187 2639 1244 2660 erat
1255 2633 1351 2666 honor,
1364 2633 1410 2660 sed
1421 2639 1497 2660 secus
1511 2633 1629 2660 omnino.
1643 2633 1688 2660 Sic
1701 2638 1726 2659 et
1741 2637 1766 2659 tu
1778 2633 1850 2660 illuni

1062 2680 1110 2714 ipsi
1133 2679 1229 2707 exhibe
1252 2679 1380 2707 honorem
1402 2685 1480 2714 quem
1504 2679 1562 2714 lege
1585 2679 1720 2714 praecepit,
1747 2679 1853 2706 divitias

1062 2730 1121 2752 tuas
1135 2725 1295 2760 pauperibus
1316 2733 1440 2759 erogans.
1465 2724 1556 2759 Neque
1580 2726 1744 2752 enim-vasis
1765 2724 1853 2752 aureis

1061 2779 1128 2806 opus
1142 2771 1221 2798 habet
1234 2772 1314 2804 Deus,
1329 2771 1375 2798 sed
1389 2771 1526 2798 animabus
1541 2772 1638 2798 aureis.

1097 2817 1123 2844 4.
1144 2816 1311 2852 Eleemesyna
1324 2817 1404 2851 magis
1422 2815 1474 2842 Deo
1489 2816 1570 2851 placet
1590 2824 1664 2850 quant
1682 2824 1785 2843 munera
1806 2816 1853 2850 ipsi

1065 2863 1119 2891 sine
1139 2863 1247 2890 utilitate
1265 2862 1373 2897 proximi
1395 2867 1549 2889 consecrata.
1569 2862 1667 2890 —lloc
1683 2870 1763 2897 porro
1782 2862 1852 2896 dico,
