2068 3132
186 165 239 194 509

186 231 238 250 non
252 221 323 257 quod
337 219 491 256 prohibeam
505 227 539 246 ne
553 218 612 245 talia
625 226 732 245 munera
746 222 916 252 apparentur,
929 217 976 244 sed

187 268 333 303 postulans,
354 271 383 293 ut
397 274 458 293 cum
473 265 513 292 his
527 270 554 292 et
568 269 630 291 ante
650 264 706 291 haec
724 263 892 296 eleemosyna
915 270 977 290 ero-

184 320 270 350 getnr.
286 313 351 341 Nam
363 312 422 339 haec
435 311 541 347 quidem
553 311 657 344 accipit,
671 311 718 337 sed
730 310 811 337 multo
825 309 908 344 magis
920 309 977 337 illa.

185 359 214 386 In
229 359 270 386 his
284 358 355 385 enim
377 357 400 384 is
422 356 467 391 qui
487 355 565 383 offert
581 356 654 383 solus
676 356 815 383 utilitatem
833 355 927 387 habet,
943 354 978 381 ibi

184 412 250 432 vero
272 404 352 431 etiam
376 402 399 429 is
419 402 463 437 qui
482 401 588 436 accipit.
614 401 661 428 llic
683 401 788 428 videtur
802 401 899 427 donum
919 408 980 427 esse

185 449 374 478 ostentationis
393 448 517 479 occasio;
534 447 568 473 ibi
588 448 758 482 eleemosyna
780 451 808 473 et
828 446 979 480 benignitas

185 499 287 523 tantum
312 498 362 521 est.
386 493 450 526 Qua:
471 492 541 518 enim
557 491 658 518 utilitas
672 492 694 518 si
717 499 808 518 mensa
824 491 920 518 Christi
943 493 979 517 sit

183 540 274 567 aureis
286 538 389 573 poculis
404 542 511 568 onusta,
527 537 585 572 ipse
599 544 662 564 vero
682 536 751 563 fame
767 537 876 570 pereat?
890 536 980 563 Primo

183 585 348 613 esuriean
362 583 453 618 imple,
467 587 494 610 et
505 588 566 609 tunc
578 589 613 609 ex
624 581 848 616 superabundanti
860 589 978 609 mensam

184 630 244 665 ejus
255 637 367 657 exorna.
387 629 505 656 Aureum
519 628 628 655 calicem
644 627 719 660 facis,
735 630 764 654 et
778 627 887 654 calicem
905 634 980 662 aquze

185 683 240 703 non
263 675 331 702 das?
348 674 383 701 Et
401 673 465 709 quid
487 681 554 708 opus
576 677 617 700 est
637 680 703 699 auro
727 673 826 699 intexta
849 673 979 699 velamina

185 728 287 749 mensae
299 726 439 754 apparare,
464 719 513 754 ipsi
535 726 599 746 vero
620 726 654 745 ne
674 718 780 753 quidem
800 718 979 745 necessarium

187 771 369 802 tegumentum
383 765 518 800 prtebcre‘!
527 765 589 800 quid
601 764 661 791 inde
672 765 757 792 lucri?
768 764 833 791 Nam
844 764 886 792 dic
897 765 978 796 mihi:

186 812 209 839 si
223 818 301 846 quem
317 811 420 837 videres
433 810 584 837 necessario
597 814 719 844 egentem
734 810 805 840 cibo,
824 814 852 836 et
870 810 928 844 ipso
941 810 980 836 sic

187 856 292 889 relicto,
315 863 435 882 mensam
458 862 524 882 auro
544 855 724 882 circunidares
746 859 858 887 tantum,
878 863 911 882 an
933 855 979 882 tibi

187 901 286 936 gratias
293 900 414 933 haberet,
426 909 513 928 annon
523 901 610 936 potius
619 901 799 936 indignaretur
807 901 818 928 ?
826 901 893 935 Quid
905 909 978 933 vero,

187 948 211 975 si
226 947 299 974 illum
315 947 419 974 videres
430 947 534 974 detritis
548 946 640 981 pannis
655 947 774 974 indutum
788 952 815 974 et
828 947 924 982 frigore
942 947 979 974 ri-

187 996 305 1028 gentem,
321 996 349 1020 et
363 992 451 1019 missis
465 992 592 1023 vestibus,
608 999 702 1019 aureas
717 992 766 1026 ipsi
781 992 918 1019 columnas
928 992 981 1019 cri-

187 1045 276 1073 geres,
290 1037 383 1065 dicens
397 1038 423 1064 id
438 1042 463 1065 te
475 1038 500 1064 iu
514 1037 572 1072 ejus
582 1037 710 1064 honorem
724 1037 831 1064 facere?
845 1038 939 1065 Annon
951 1046 980 1065 se

186 1084 304 1112 derideri
327 1089 443 1120 putaret,
468 1089 547 1117 atque
569 1088 689 1111 extrema
708 1083 868 1111 contumelia
891 1084 980 1111 afﬁci?

189 1131 246 1158 lloc
258 1130 337 1158 etiam
350 1130 421 1157 circa
434 1129 572 1157 Christum
587 1134 691 1164 reputa,
704 1137 764 1156 cum
778 1128 945 1157 errabundus
954 1134 982 1157 et

187 1176 343 1211 peregrinus
356 1175 488 1208 circumit,
502 1179 574 1202 tecto
591 1175 726 1210 indigens;
744 1179 770 1202 tu
792 1179 879 1202 autem
894 1175 939 1202 illo
953 1175 980 1202 in

187 1221 319 1256 hospitem
338 1229 391 1248 non
413 1221 540 1254 admisso,
557 1221 736 1255 pavimentum
757 1228 872 1248 exornas
885 1225 912 1248 et
932 1229 980 1255 pa-

188 1267 269 1294 rietes
282 1266 519 1302 columnarumque
533 1265 664 1301 capitella,
679 1271 707 1293 et
718 1271 860 1301 argenteas
872 1271 981 1294 catenas

187 1312 353 1348 lampadibus
365 1313 467 1348 alligas,
483 1313 570 1347 ipsum
585 1319 648 1339 vero
663 1313 689 1339 iu
704 1319 812 1339 carcere
827 1312 935 1347 ligatum
947 1320 981 1340 ne

188 1359 279 1387 videre
293 1359 402 1394 quidem
423 1359 550 1387 sustines.
571 1358 633 1386 Hrec
651 1366 730 1393 porro
746 1359 805 1386 dico
819 1367 872 1386 non
888 1359 980 1394 prohi-

190 1404 258 1433 bens
279 1409 309 1432 ut
330 1404 389 1432 hmc
410 1409 567 1432 ornamenta
588 1404 781 1436 adhibeantur;
806 1404 853 1432 sed
874 1411 902 1431 ut
924 1404 981 1433 haec

189 1451 270 1479 etiam
283 1459 344 1478 cum
362 1451 422 1479 aliis
443 1457 588 1484 curentur;
603 1451 655 1478 imo
676 1451 769 1478 hortor
786 1456 814 1478 ut
828 1451 885 1479 hate
907 1452 981 1486 prius

189 1504 270 1532 quam
290 1497 340 1524 alia
361 1497 434 1524 ﬁant.
450 1496 534 1524 Nemo
547 1497 630 1530 enim,
645 1496 715 1531 quin!
736 1497 828 1524 isthtec
841 1505 892 1524 non
908 1497 981 1525 face-

189 1546 240 1574 ret,
257 1546 397 1569 accuSatus
419 1549 544 1577 umquam
559 1542 623 1575 fuit;
647 1542 691 1569 illa
712 1550 776 1569 vero
789 1542 981 1578 negligentibus

188 1587 309 1623 gebenna
324 1588 471 1616 destinatur
489 1593 517 1616 et
538 1587 605 1624 ignis
620 1588 851 1624 inexstinguibilis,
870 1595 896 1617 et
916 1597 979 1624 sup-

190 1634 299 1669 plicium
313 1642 374 1662 cum
388 1634 552 1662 daimonibus
563 1635 756 1663 sustinendum.
771 1635 809 1663 Ne
819 1637 907 1671 itaque
917 1636 980 1663 dum

189 1680 296 1709 domum
311 1688 435 1713 exornas,
457 1681 585 1708 afflictum
610 1681 718 1709 fralrctu
736 1681 867 1716 despicias
889 1691 896 1709 :
919 1690 980 1709 nam

190 1729 241 1756 hoc
255 1729 380 1763 templum
396 1729 441 1756 illo
456 1728 607 1763 pretiosius.
624 1728 686 1756 llaec
698 1729 796 1764 quippe
810 1729 914 1756 citnelia
930 1737 980 1765 po—

190 1779 288 1807 terunt,
303 1774 344 1803 vel
357 1782 432 1810 reges
447 1774 576 1807 infideles,
593 1775 634 1802 vel
649 1776 764 1810 tyranni,
780 1775 823 1803 vel
839 1775 911 1803 fures
930 1783 978 1802 au-

765 1913 934 1943 HOMILIA
958 1912 1010 1943 LI.

189 1999 252 2027 CAP.
269 1999 313 2027 l5.
328 2007 354 2026 ν.
370 1999 395 2026 1.
415 1998 486 2026 Tunc
499 2003 655 2025 accesserunt
672 1997 705 2024 ad
719 1997 806 2024 Jesum
819 2005 835 2024 α
847 1996 979 2032 Jerosoly-

279 2047 326 2073 mi:
336 2046 423 2072 scriba:
435 2049 457 2071 et
469 2044 592 2071 Pharisaei
603 2045 722 2076 dicentes,
740 2044 834 2077 Quare,
845 2048 897 2070 ete.

225 2092 251 2118 1.
271 2091 344 2118 Tum:
357 2090 562 2125 :quandonam?
575 2089 640 2117 Cum
654 2090 726 2117 mille
737 2090 811 2125 signa
824 2088 901 2120 fecit;
918 2096 977 2115 cum

189 2137 309 2163 infirmos
322 2143 354 2163 ex
369 2140 439 2162 tactu
452 2135 563 2162 ﬁmbriae
577 2134 688 2162 curavit.
706 2135 766 2162 Ideo
780 2134 850 2161 enim
866 2141 980 2168 evange—

190 2182 248 2210 lista
263 2186 367 2216 tempus
381 2181 488 2214 indicat,
504 2187 531 2208 ιιι
547 2174 664 2216 ipsorum
688 2181 820 2215 ingentem
834 2180 978 2215 nequitiam

189 2227 310 2254 ostendat
324 2227 388 2254 nulli
404 2227 551 2254 cedentem.
568 2226 636 2260 Quid
657 2226 705 2253 sibi
720 2226 775 2253 vult
790 2225 866 2258 illud,
883 2225 919 2252 Ab
932 2224 975 2251 Je-

188 2274 322 2309 rosolymis
342 2273 431 2299 scriba:
445 2277 468 2299 et
484 2272 629 2299 Pharisaei?
649 2272 714 2306 Quia
736 2272 770 2298 in'
784 2272 907 2298 omnibus
929 2271 978 2298 tri-

188 2319 274 2346 bubus
287 2318 399 2353 dispersi
417 2323 502 2348 erant.
521 2323 548 2345 et
563 2319 587 2345 in
609 2318 746 2345 duodecim
768 2323 855 2352 partes
870 2317 946 2344 divisi
968 2325 976 2343 :

188 2365 234 2391 Sed
255 2363 468 2400 Jerosolymitani
489 2363 594 2391 caeteris
615 2363 755 2398 nequiores
777 2368 862 2394 erant,
884 2367 913 2390 ut
932 2363 977 2397 qui

188 2410 281 2444 majori
298 2409 449 2437 fruerentur
461 2409 571 2439 honore.
587 2414 614 2436 et
631 2409 774 2444 plurimum
795 2408 845 2436 sibi
865 2416 975 2444 arroga-

187 2461 255 2483 rent.
269 2455 406 2490 Perpende
418 2462 505 2482 autem
521 2456 654 2490 quomodo
669 2463 700 2483 ex
715 2456 770 2490 ipsa
793 2463 839 2483 sua
861 2456 977 2483 interro-

186 2502 295 2536 gatione
308 2502 456 2535 capiantur.
472 2501 562 2536 Neque
576 2501 646 2528 cnim
660 2501 761 2533 dicunt,
774 2501 827 2528 Cur
842 2507 976 2537 transgre-

186 2546 295 2573 diuntur
316 2547 399 2581 legem
416 2546 535 2582 Moysis?
556 2546 614 2580 sed,
639 2545 809 2573 Traditionem
828 2547 977 2574 seniorum?

185 2592 262 2621 Unde
278 2593 365 2627 palam
378 2598 429 2625 est,
445 2593 527 2619 multa
539 2593 692 2620 sacerdotes
703 2593 854 2625 innovasse,
871 2594 975 2621 etiamsi

184 2638 290 2674 Moyses
307 2646 403 2673 magno
415 2643 525 2670 terrore,
543 2639 684 2672 nmltisque
698 2639 776 2665 minis
792 2639 917 2666 adhibitis
931 2647 976 2666 ve-

187 2687 281 2712 tuisset
294 2692 328 2711 ne
341 2684 404 2718 quiti
418 2684 556 2716 adderent,
574 2685 615 2711 vel
634 2684 780 2712 demerent.
798 2684 856 2712 Non
869 2685 975 2720 adjicie-

185 2732 216 2758 lis
229 2732 262 2757 ad
276 2731 387 2762 uerbum,
401 2730 468 2765 quod
481 2738 526 2764 ego
542 2730 660 2764 prwcipio
673 2729 740 2756 vobis
758 2730 842 2764 hodie,
865 2739 909 2758 nec
926 2740 974 2757 au-

183 2777 268 2812 feretis
280 2776 311 2802 ab
324 2785 352 2802 eo
368 2775 456 2811 (Deut.
468 2776 494 2803 4.
507 2776 548 2810 2).
563 2775 700 2810 Nihiloque
714 2776 801 2803 minus
814 2785 880 2803 nova
897 2777 973 2803 indu-

183 2822 296 2853 cebant;
315 2827 343 2849 ut
358 2822 407 2848 hoc
421 2826 489 2854 erat,
511 2830 544 2848 ne
559 2821 638 2848 illotis
655 2822 776 2849 manibus
790 2823 972 2856 comederent.

184 2871 212 2895 ut
225 2868 319 2899 poeula
330 2871 359 2894 et
368 2875 428 2895 vasa
439 2874 513 2895 amca
526 2867 674 2900 abluerent,
690 2872 717 2894 ut
730 2875 788 2896 sese
799 2868 974 2903 baptizareut.

717 161 748 189 IN
768 159 971 189 MATTll/EUM
984 159 1099 189 HOMIL.
1120 160 1163 188 Ll.
1184 161 1219 188 al.
1240 160 1293 188 Lll.

1769 162 1822 192 510

1034 217 1121 250 ferre;
1143 225 1318 251 quzccumque
1344 224 1406 243 vero
1428 205 1541 252 benigne
1562 218 1588 245 in
1607 217 1717 245 fratrem
1738 217 1820 246 facies

1031 263 1203 294 esurientem,
1219 263 1399 297 peregrinum,
1414 262 1523 294 nudum,
1536 271 1570 291 ne
1579 263 1699 291 diabolus
1713 264 1819 299 quidem

1032 309 1129 343 poterit
1139 308 1253 340 auferre,
1268 308 1314 335 sed
1329 308 1354 335 in
1368 308 1493 335 thesauro
1504 309 1622 335 manebit
1632 310 1739 337 intacto.
1752 310 1819 344 Quid

1032 355 1110 388 igitur
1124 354 1160 381 ait
1181 354 1242 381 ille?
1257 353 1386 389 Pauperes
1399 354 1524 382 vobiscum
1539 363 1636 389 scalper
1653 355 1758 388 habetis,
1782 364 1821 382 me

1031 404 1114 426 autent
1126 408 1224 435 semper
1236 407 1286 426 non
1300 400 1394 426 habetis
1411 399 1516 435 (Matth.
1531 399 1575 427 26.
1591 399 1648 437 ll).
1669 400 1731 427 ideo
1749 401 1820 427 enim

1032 446 1146 473 maxime
1159 445 1342 473 misericordia
1356 446 1455 473 moveri
1468 450 1583 481 oportet,
1605 447 1666 481 quia
1681 454 1733 473 non
1748 454 1820 474 sem-

1032 498 1080 525 per
1091 491 1220 519 habemus
1232 492 1306 520 illum
1320 493 1492 523 esurientem.
1506 493 1552 520 sed
1570 493 1596 520 in
1617 494 1739 527 praesenti
1761 498 1821 520 tan-

1033 542 1087 565 tum
1101 538 1165 565 vita.
1181 538 1257 571 Quod
1277 539 1300 566 si
1316 539 1382 566 velis
1404 544 1486 566 totam
1500 539 1562 566 dicti
1584 539 1642 574 ejus
1662 539 1820 566 sententiam

1032 583 1163 617 ediscere,
1187 584 1258 611 audi.
1275 584 1333 612 Hoc
1350 584 1382 611 ad
1399 584 1542 620 discipulos
1561 585 1661 612 dictum
1685 593 1736 611 non
1760 585 1820 618 fuit,

1032 630 1135 656 etiamsi
1152 630 1186 656 ita
1207 629 1328 658 videatur
1340 651 1348 663 ,
1373 630 1420 658 sed
1439 631 1612 658 imbecillitati
1631 631 1749 658 mulieris
1770 631 1820 658 ad-

1032 679 1150 709 optatum
1165 680 1216 702 est.
1237 676 1302 708 Quia
1316 676 1386 703 enim
1401 676 1488 704 adhuc
1502 677 1681 712 imperfectior
1695 681 1763 710 erat,
1784 677 1821 705 illi

1032 727 1096 747 vero
1110 720 1157 754 ipsi
1173 720 1277 747 molesti
1299 726 1385 754 erant,
1407 726 1435 749 ut
1451 722 1520 749 illam
1535 723 1665 750 solaretur
1680 722 1737 750 haec
1750 723 1818 750 diee-

1033 766 1086 794 bat.
1102 766 1129 792 ld
1142 774 1205 793 vero
1218 771 1289 802 patet
1303 774 1336 794 ex
1354 767 1385 793 iis
1399 776 1457 801 qua:
1471 768 1537 795 dixit
1551 777 1557 794 :
1574 769 1641 802 Quid
1654 769 1751 795 molesti
1764 769 1823 796 estis

1032 811 1090 837 huic
1101 811 1201 837 mulieri
1216 810 1295 842 (Ibid.
1311 819 1333 837 υ.
1350 811 1415 846 10)?
1427 812 1501 845 Quod
1517 816 1609 840 autem
1619 814 1703 848 ipsum
1717 822 1823 849 semper

1033 856 1168 883 nobiscum
1182 855 1327 883 habeamus
1341 857 1380 884 sic
1394 857 1439 884 ille
1452 857 1520 884 dixit
1537 867 1542 883 :
1560 857 1624 885 Ecce
1637 867 1682 894 ego
1696 860 1822 886 vobiscum

1031 909 1087 928 sum
1102 901 1216 928 omnibus
1230 901 1316 929 diebus
1336 910 1413 937 usque
1429 903 1463 929 ad
1479 904 1716 932 consummationem
1737 905 1824 932 seaculi

1033 947 1140 982 (Matth.
1157 947 1202 975 28.
1222 947 1281 983 20).
1299 948 1337 975 Ex
1358 948 1454 982 quibus
1475 949 1597 976 clunibus
1620 950 1712 984 liquet,
1736 951 1821 985 ipsum

1032 1000 1085 1020 non
1100 993 1152 1020 alia
1165 993 1200 1020 de
1212 1001 1291 1020 causa
1306 993 1364 1021 hzec
1377 993 1485 1026 dixisse,
1501 995 1550 1021 nisi
1562 999 1590 1022 ut
1601 995 1720 1022 mulieris
1731 996 1821 1028 ﬁdem,

1032 1046 1092 1073 quae
1115 1043 1177 1065 tunc
1202 1039 1360 1073 pullulabat,
1386 1039 1578 1074 discipulorum
1601 1041 1747 1075 increpatio
1769 1049 1823 1068 non

1033 1085 1152 1113 laederet.
1173 1085 1212 1113 Ne
1227 1085 1307 1120 igitur
1322 1086 1380 1113 haec
1397 1087 1424 1113 in
1443 1086 1559 1114 medium
1580 1094 1651 1114 nunc
1668 1087 1822 1121 aderamus,

1031 1140 1091 1167 quae
1100 1139 1147 1167 per
1160 1131 1335 1160 oeconomiam
1349 1132 1419 1160 dicta
1434 1137 1505 1164 sunt,
1519 1133 1565 1160 sed
1577 1133 1649 1168 leges
1659 1141 1753 1161 omnes
1764 1141 1824 1169 qua:

1032 1178 1059 1206 in
1073 1185 1151 1210 nova,
1169 1185 1228 1213 quae
1241 1177 1267 1205 in
1281 1178 1363 1205 veteri
1379 1178 1436 1213 lege
1450 1183 1511 1205 sunt
1527 1179 1655 1213 legentes,
1670 1180 1780 1206 multam
1792 1188 1822 1206 ca

1033 1225 1059 1253 in
1079 1233 1110 1253 re
1127 1232 1219 1252 curam
1233 1225 1427 1259 impendamus.
1443 1225 1498 1252 Hoc
1511 1225 1582 1252 enim
1597 1233 1612 1252 a
1628 1231 1737 1260 peccato
1758 1234 1822 1261 pur-

1032 1276 1077 1307 gat
1099 1279 1107 1298 :
1129 1279 1191 1299 natn
1215 1272 1252 1298 ait
1272 1280 1278 1298 :
1299 1270 1364 1297 Date
1384 1271 1581 1306 eleemosynam,
1606 1276 1631 1298 et
1652 1272 1737 1298 omnia
1757 1272 1825 1299 vobis

1032 1318 1128 1343 munda
1141 1322 1213 1344 erunt
1230 1316 1304 1352 (Luc.
1319 1318 1363 1344 11.
1379 1317 1437 1352 Ill).
1458 1317 1520 1344 llaec
1533 1316 1663 1344 sacriﬁcio
1676 1318 1760 1352 major
1772 1322 1824 1350 est,

1034 1363 1235 1391 Misericordia)»:
1249 1363 1346 1399 quippe
1358 1365 1424 1395 volo,
1440 1368 1464 1390 et
1477 1371 1528 1391 non
1542 1364 1692 1398 sacri/icium
1704 1364 1783 1400 (Osee
1795 1364 1822 1392 6.

1033 1409 1073 1444 6).
1088 1409 1144 1436 Hoc
1156 1409 1237 1437 cados
1257 1409 1340 1444 aperit
1357 1418 1363 1436 :
1381 1408 1523 1442 Orationes,
1546 1410 1639 1444 inquit,
1662 1414 1712 1437 tute
1725 1415 1748 1437 et
1760 1410 1825 1437 elae-

1033 1463 1145 1490 mosynte
1156 1459 1207 1481 tua:
1218 1455 1381 1482 ascenderunt
1394 1455 1420 1482 in
1436 1456 1580 1483 memoriam
1593 1456 1619 1483 in
1631 1460 1765 1490 conspectu
1776 1455 1824 1483 Dei

1033 1501 1103 1536 (Act.
1117 1501 1159 1529 10.
1174 1501 1212 1536 4).
1226 1501 1281 1528 Hoc
1294 1501 1378 1536 magis
1391 1502 1570 1529 necessarium
1590 1506 1631 1528 est
1650 1509 1728 1536 quam
1744 1502 1825 1536 virgi-

1032 1548 1119 1581 nitas;
1135 1555 1196 1574 nam
1211 1547 1382 1583 eleemosyna
1397 1548 1516 1583 neglecta
1527 1547 1579 1574 illa:
1591 1547 1708 1582 expulsa:
1722 1556 1753 1575 ex
1768 1549 1825 1574 tha-

1033 1593 1103 1620 lamo
1116 1592 1241 1625 fuerunt;
1255 1593 1313 1620 alite
1324 1600 1387 1620 vero
1398 1593 1523 1628 ingressae
1545 1597 1616 1620 sunt.
1644 1594 1709 1626 Quae
1734 1594 1824 1620 omnia

1033 1647 1093 1666 cum
1106 1639 1232 1671 sciamus,
1243 1639 1405 1666 semincnms
1419 1639 1534 1674 largiter,
1551 1643 1579 1666 ut
1595 1647 1655 1667 cum
1671 1639 1763 1674 majori
1777 1647 1823 1666 co—

1033 1684 1074 1718 pia
1087 1689 1228 1716 metamus,
1245 1689 1271 1711 et
1292 1683 1378 1711 futura
1392 1691 1586 1719 consequamur
1598 1684 1665 1712 bona
1676 1705 1684 1718 ,
1700 1685 1784 1720 gratia
1797 1691 1825 1712 et

1033 1729 1195 1765 benignitate
1208 1730 1312 1757 Domini
1325 1731 1408 1757 nostri
1430 1730 1493 1758 Jesu
1512 1730 1621 1764 Christi,
1642 1731 1684 1758 cui
1698 1731 1781 1766 gloria
1796 1731 1823 1758 in

1032 1776 1139 1804 secula.
1153 1776 1250 1803 Amen.

1034 1913 1077 1944 al.
1105 1913 1172 1944 Lll.

1033 1996 1091 2031 Quo
1112 2002 1232 2032 tempore
1254 2003 1344 2026 autem
1367 1998 1508 2033 oportebat
1531 1999 1593 2027 illos
1614 1999 1648 2026 ab
1671 1999 1823 2034 huiusmodi

1032 2043 1262 2072 observationibus
1276 2052 1337 2072 sese
1351 2045 1487 2080 expedire,
1503 2050 1566 2073 tunc
1580 2053 1609 2073 se
1622 2046 1659 2072 illi
1676 2047 1759 2080 magis
1774 2047 1821 2073 iis-

1032 2095 1091 2117 acm
1105 2090 1265 2124 obligaruut,
1282 2094 1431 2117 metuentes
1453 2099 1485 2118 ne
1502 2091 1562 2125 quis
1580 2091 1629 2118 sibi
1647 2091 1822 2126 principatmn

1031 2137 1181 2172 abriperet;
1197 2142 1223 2164 et
1237 2136 1459 2164 formidabiliores
1475 2136 1565 2164 haberi
1582 2138 1716 2171 volebant,
1731 2143 1822 2172 utpote

1031 2182 1207 2217 lcgislatores.
1222 2182 1249 2209 In
1264 2186 1362 2208 tantam
1373 2189 1436 2217 ergo
1447 2182 1611 2216 iniquitatem
1626 2191 1669 2210 res
1680 2184 1821 2218 processit,

1031 2233 1059 2255 ut
1074 2232 1206 2263 praecepta
1219 2227 1326 2263 quidem
1340 2235 1387 2255 sua
1401 2233 1582 2262 servarentur,
1600 2229 1646 2256 Dei
1669 2238 1732 2257 vero
1747 2237 1822 2257 man-

1029 2274 1092 2302 data
1114 2275 1296 2302 violarentur:
1327 2279 1353 2303 et
1371 2280 1475 2302 tantum
1495 2276 1532 2302 illi
1558 2275 1770 2310 prim-aluerunt,
1787 2279 1817 2302 ut

1029 2320 1085 2355 jam
1112 2321 1214 2348 crimen
1238 2327 1312 2348 esset
1340 2329 1434 2349 eorum
1463 2325 1597 2356 przecepta
1621 2321 1739 2353 violare;
1763 2327 1816 2354 qua

1032 2367 1060 2394 111
1078 2374 1107 2394 re
1133 2367 1232 2402 duplex
1258 2368 1338 2401 culpa
1364 2371 1432 2399 erat,
1449 2371 1476 2394 et
1498 2367 1570 2401 quod
1586 2367 1766 2398 innovarent,
1789 2369 1820 2392 et

1028 2411 1099 2447 quod
1114 2412 1152 2438 sic
1165 2419 1212 2438 sua
1225 2411 1400 2441 vindicarent,
1416 2410 1461 2437 Dei
1478 2410 1576 2437 nullam
1593 2409 1721 2437 habentes
1733 2411 1817 2438 ratio-

1030 2465 1100 2485 nem.
1117 2457 1306 2484 Prmtermissis
1318 2464 1381 2483 vero
1395 2456 1464 2489 aliis,
1485 2456 1607 2483 sextariis
1623 2464 1716 2490 nempe
1730 2461 1756 2484 et
1771 2464 1818 2483 va-

1028 2502 1065 2530 sis
1076 2503 1168 2534 :eneis,
1182 2510 1240 2537 qua:
1257 2501 1365 2529 ridicula
1382 2505 1467 2534 erant,
1482 2500 1552 2536 quod
1569 2501 1729 2536 praecipuum
1745 2501 1820 2529 vide-

1029 2550 1105 2577 batur
1118 2549 1143 2576 in
1160 2548 1274 2576 medium
1290 2547 1438 2582 proferunt,
1454 2554 1507 2582 quo
1521 2547 1607 2579 illum,
1626 2550 1654 2573 ut
1673 2546 1737 2574 mihi
1756 2547 1823 2582 qui-

1027 2596 1087 2624 dem
1104 2596 1217 2627 videtur,
1234 2595 1260 2622 in
1276 2595 1341 2622 iram
1351 2594 1525 2621 concitarent.
1536 2593 1715 2627 Quamobrem
1729 2594 1817 2621 senio-

1027 2651 1085 2670 rum
1103 2643 1292 2673 meminerunt,
1306 2646 1334 2669 ut
1348 2640 1423 2676 quasi
1439 2640 1498 2667 illos
1513 2640 1671 2674 despiceret,
1689 2639 1751 2667 hinc
1765 2647 1815 2666 an-

1027 2698 1083 2716 sam
1099 2689 1241 2716 accusandi
1262 2687 1403 2723 praeberet.
1418 2685 1629 2713 Examinandum
1653 2686 1741 2720 primo
1763 2689 1816 2719 est,

1026 2743 1074 2763 cur
1095 2734 1216 2769 discipuli
1237 2733 1318 2760 illolis
1334 2732 1463 2763 manibus
1484 2731 1682 2758 manducarent.
1704 2729 1762 2757 Non
1783 2730 1817 2758 de

1027 2781 1153 2813 industria
1169 2780 1195 2807 id
1209 2779 1321 2815 agebant
1331 2779 1351 2812 ',
1366 2778 1413 2806 sed
1425 2778 1494 2812 quod
1506 2777 1550 2804 illa
1559 2776 1693 2811 superﬂua
1708 2784 1817 2810 respue-

1061 2879 1069 2897 ι
1087 2878 1124 2903 Ex
1138 2877 1221 2903 Gnaeo
1235 2879 1367 2910 legendum
1385 2880 1461 2909 esset,
1481 2885 1525 2904 cur
1547 2876 1664 2910 discipuli
1679 2876 1751 2903 illatis
1763 2883 1815 2902 ma-
