2068 3132
236 137 284 165 5H

236 196 306 224 rent,
320 191 384 219 dum
400 188 558 217 necessariis
570 187 738 215 attenderem
753 194 760 212 :
777 192 826 212 nec
841 191 888 219 pro
904 183 962 217 lege
977 182 1026 209 ha-

237 239 335 266 bebant
349 237 410 264 lotis
423 241 468 264 aut
479 235 561 263 illotis
571 233 693 261 manibus
706 231 858 262 comedere,
871 227 917 257 sed
929 233 1032 255 utrum-

236 292 288 319 que
304 289 331 310 ut
345 291 405 310 Sese
419 282 524 310 occasio
539 280 618 308 dabat
630 279 754 314 agebant.
770 277 835 305 Nam
850 277 894 311 qui
907 281 1032 301 necessa-

237 331 306 357 rium
327 337 432 364 quoque
451 329 539 356 cibum
555 325 748 361 despiciebant,
761 321 895 358 quomodo
909 321 967 348 lucc
985 327 1031 346 ac-

237 379 329 402 curate
339 373 509 402 servassent?
519 373 585 406 Quia
602 372 681 406 igitur
694 371 851 404 plerumque
861 366 1032 401 contingebat

238 425 267 447 ut
286 421 312 447 in
327 425 462 454 promptu,
477 422 504 446 et
517 418 592 452 quasi
607 416 716 443 fortuito
733 414 758 441 id
782 415 909 443 lacerent,
924 416 954 438 ut
971 418 1031 438 cum

239 467 265 493 in
287 466 393 493 deserto
415 464 601 495 comedeliaut,
619 467 718 489 etcum
734 460 821 493 Spicas
841 458 984 489 vellehaut,
1006 456 1032 483 id

238 512 313 546 quasi
327 512 427 539 crimen
443 509 590 545 proferunt,
610 507 655 542 qui
670 506 770 541 majora
791 512 897 539 semper
916 503 1032 538 oughge-

240 559 315 590 baut,
337 562 363 585 et
386 556 518 590 superllua
540 554 682 582 admodum
704 551 842 580 curabant.
862 550 931 584 Quid
952 549 1033 584 igitur

238 606 378 632 Christus“!
400 604 457 631 Non
480 602 544 630 illud
569 600 693 630 attendit.
713 607 799 634 neque
820 597 1031 625 criminationem

239 651 351 685 depulit,
366 649 412 677 sed
425 648 514 675 stat-im
529 646 715 674 recriminatus
730 649 781 676 est,
798 647 827 670 ut
845 642 982 669 audaciam
999 641 1032 667 il-

240 697 326 723 lorum
346 695 516 730 reprimeret,
536 692 752 724 ostenderetque,
767 697 827 715 eum
841 687 886 722 qui
907 688 932 714 in
947 686 1033 721 majo-

240 741 314 768 ribus
329 745 430 775 peccat,
451 738 554 765 minora
572 738 597 764 in
613 737 671 763 aliis
688 742 740 761 non
762 739 832 760 tanta
856 739 919 759 cura
941 732 1034 765 esplo-

241 791 300 814 rare
311 785 422 812 debere.
438 783 491 811 Vos
504 781 623 810 accusari
637 780 786 815 oportebat,
801 782 828 805 et
841 777 982 804 accusatis.
995 775 1034 803 Tu

239 839 305 860 vero
320 832 447 859 observes
459 829 550 861 velim,
570 827 704 862 quomodo
718 832 778 852 cum
794 823 893 858 aliquid
910 831 942 849 ex
958 822 1031 856 lega-

240 880 310 906 libus
331 878 437 905 solvere
449 876 515 908 vult,
532 874 607 910 quasi
629 880 690 901 sese
711 871 862 899 excusando
886 870 912 897 id
937 870 1033 902 iaciat;

240 925 311 960 quod
326 929 351 951 et
366 931 430 950 tunc
445 921 516 950 fecit.
532 921 588 948 Non
602 920 672 947 enim
692 918 782 945 statim
793 916 826 943 ad
841 915 1035 951 transgressio-

242 978 301 998 nem
322 968 452 1005 procedit,
480 973 567 1002 neque
594 965 674 997 dicit,
701 964 730 991 ld
755 963 818 990 nihil
841 965 896 994 est;
917 961 1034 995 alioquin

241 1023 305 1043 vero
327 1015 387 1042 illos
407 1013 551 1041 ferociores
564 1010 724 1038 reddidisset
741 1018 747 1035 :
768 1008 815 1036 sed
835 1008 910 1042 prius
930 1007 1036 1034 illorum

241 1062 379 1089 audaciam
395 1059 521 1092 retundit,
546 1058 625 1092 longe
648 1056 734 1090 majus
753 1055 852 1082 crimen
873 1054 900 1080 in
919 1052 1035 1080 medium

242 1109 391 1144 proferens,
407 1112 434 1134 et
447 1108 473 1134 in
489 1107 605 1140 ipsorqu
619 1107 698 1138 caput
708 1106 876 1136 retorquens.
892 1099 983 1135 Neque
997 1099 1037 1126 di-

243 1157 290 1188 cit,
306 1159 380 1182 recte
394 1154 454 1180 illos
465 1152 552 1179 facere
566 1151 628 1178 dum
642 1148 883 1184 transgrediuntur,
897 1154 930 1174 ne
945 1153 1036 1174 ausam

243 1201 296 1228 illis
312 1200 447 1235 prmheat;
463 1205 550 1232 neque
573 1196 633 1224 ideo
655 1195 788 1229 objurgat,
812 1201 846 1220 ne
860 1192 981 1220 videatur
1001 1192 1038 1218 Ie-

243 1254 304 1282 gem
322 1247 444 1277 tlrmare;
467 1251 552 1279 neque
568 1249 662 1270 rursus
676 1241 796 1269 seniores
816 1244 922 1267 accusat
937 1243 966 1266 ut
986 1238 1037 1265 ini-

244 1299 322 1328 quos,
346 1296 376 1318 ut
398 1291 544 1323 scelestos;
567 1288 684 1324 alioquin
699 1287 769 1315 enim
787 1291 816 1314 ιιι
831 1286 1037 1314 conviciatorem

245 1337 320 1366 illum
333 1341 521 1365 aversarentur
537 1346 543 1362 :
560 1343 652 1362 verum
667 1334 755 1361 missis
770 1333 822 1360 illis
835 1332 970 1363 omnibus,
987 1331 1038 1358 alia

245 1385 287 1412 via
300 1384 437 1420 procedit;
448 1391 480 1410 ac
488 1382 592 1410 videtur
602 1381 709 1416 quidem
720 1379 878 1407 accedentes
890 1379 1037 1412 increpare,

246 1431 294 1459 sed
317 1430 468 1466 perstringit
489 1436 537 1456 eos
551 1428 595 1463 qui
618 1426 768 1462 hujusmodi
791 1425 863 1460 leges
878 1428 1038 1459 posuerant;

248 1477 367 1504 seniores
380 1481 510 1510 nusquam
521 1481 684 1504 memorans,
696 1472 742 1499 sed
753 1471 779 1498 iu
794 1471 964 1498 accusatione
976 1477 1040 1496 eon-

249 1529 288 1550 tra
309 1523 358 1550 hos
378 1522 506 1553 instituta,
524 1520 583 1547 illos
604 1525 710 1554 quoque
728 1517 865 1551 dejiciens,
879 1514 1040 1542 ostendens-

248 1577 311 1603 que,
327 1567 426 1602 duplex
446 1574 505 1594 esse
529 1570 676 1600 peccatum,
692 1563 762 1599 quod
777 1567 805 1590 et
819 1562 873 1590 Deo
887 1569 941 1588 non
963 1561 1041 1588 obse-

249 1620 407 1649 querentur,
424 1617 452 1641 et
472 1612 542 1648 quod
556 1617 665 1646 propter
678 1610 800 1638 homines
815 1609 841 1636 id
858 1609 987 1640 lacerent;
1010 1613 1042 1634 ac

249 1660 272 1687 si
285 1660 407 1687 (liceret:
423 1659 479 1686 Hoc
516 1657 590 1685 enim
609 1657 698 1691 ipsum
717 1662 765 1682 vos
781 1676 788 1687 ,
807 1654 860 1680 hoc
896 1653 1041 1689 perdidit',

250 1706 321 1741 quod
338 1707 364 1733 in
379 1705 453 1732 omni
467 1713 496 1732 re
509 1703 659 1732 senioribus
674 1708 776 1730 morem
790 1701 906 1736 geratis;
927 1699 973 1728 sed
988 1707 1041 1727 non

251 1751 302 1778 hoe
315 1751 389 1782 dicit,
405 1749 469 1777 illud
482 1753 570 1776 autem
583 1749 668 1783 ipsum
679 1747 839 1778 subindicat,
851 1745 914 1773 dum
927 1747 966 1773 sic
979 1745 1044 1780 ipsis

251 1796 404 1832 respondet.
421 1796 448 1823 ὅ.
465 1796 550 1828 Quare
562 1796 637 1822 etiam
651 1802 694 1821 vos
714 1792 920 1828 transgredimini
935 1791 1044 1818 vitanda-

252 1847 304 1868 tum
318 1841 365 1868 Dei
380 1845 483 1876 propter
496 1840 657 1867 traditionem
670 1838 800 1866 uestram?
814 1837 883 1864 Deus
895 1838 963 1864 enim
975 1844 1042 1871 prte-

251 1888 317 1922 cepit
333 1895 342 1914 :
356 1887 383 1914 4.
405 1886 513 1912 Honora
534 1891 631 1920 patrem
653 1889 676 1911 et
698 1889 820 1915 matrem;
839 1888 872 1915 et,
898 1882 949 1916 Qui
966 1881 1044 1908 ntale-

252 1933 343 1960 dixerit
356 1932 424 1968 patri
439 1932 478 1958 vel
493 1931 578 1964 mam,
594 1935 673 1957 morte
689 1930 812 1956 moriatur
825 1928 924 1964 (Exod.
938 1927 983 1954 20.
999 1927 1043 1954 12.

253 1983 276 2004 et
289 1978 335 2005 ‘21.
349 1977 404 2013 17).
422 1977 449 2005 5.
469 1976 519 2004 Vos
538 1981 621 2003 autem
640 1975 723 2002 dicitis
744 1982 753 2001 :
775 1974 930 2008 Quicumque
954 1973 1046 1999 dixerit

253 2026 319 2060 patri
333 2025 373 2053 vel
386 2025 471 2058 matri,
486 2024 580 2051 Munus
592 2024 765 2058 quodcumque
779 2026 814 2048 est
828 2029 859 2047 ex
872 2028 911 2046 me
926 2020 969 2046 tibi
985 2027 1044 2052 pro—

253 2073 328 2105 derit,
351 2073 378 2099 6.
398 2078 420 2098 et
443 2080 492 2098 non
512 2069 645 2097 honorabit
670 2074 764 2104 patrem
787 2075 859 2094 suum
878 2065 917 2092 vel
939 2071 1043 2092 matrem

253 2127 344 2150 suam;
361 2124 383 2146 et
402 2119 502 2145 irritum
521 2117 616 2152 fecistis
635 2115 782 2142 mandatum
803 2114 850 2140 Dei
871 2117 972 2148 propter
995 2118 1047 2139 tra-

254 2167 374 2193 ditionem
395 2170 511 2192 vestram.

290 2212 318 2238 2.
339 2211 512 2238 Truditionem
524 2209 659 2236 Judaicam
673 2208 800 2242 redarguit
813 2203 1046 2233 Christus.—-N0n

255 2259 331 2292 dicit,
351 2258 492 2285 Seniorum
508 2256 686 2286 traditionem,
711 2253 767 2286 sed,
797 2251 921 2284 Vestram,
944 2256 979 2284 et,
998 2249 1048 2277 Vos

256 2305 359 2336 dicitis;
374 2311 426 2331 nou
439 2302 516 2335 dixit,
528 2301 664 2333 Seniores,
677 2305 704 2326 ut
717 2299 805 2326 minus
820 2298 947 2324 molestus
960 2302 1049 2324 sermo

257 2352 403 2379 videretur.
419 2350 485 2383 Quia
506 2349 576 2377 enim
600 2346 746 2381 discipulos
767 2350 975 2380 transgressores
988 2348 1048 2370 esse

257 2399 324 2433 legis
337 2399 523 2425 demonstrare
539 2395 672 2425 volebant,
688 2392 782 2427 probat
796 2392 869 2426 ipsos
882 2398 945 2418 vere
959 2394 1048 2416 trans-

259 2444 334 2479 gredi
348 2444 444 2477 legem,
460 2441 605 2475 discipulos
626 2444 715 2466 auteni
736 2437 847 2465 crimine
861 2436 958 2463 liberos
977 2443 1046 2463 esse.

259 2490 350 2525 Neque
363 2490 405 2516 lex
415 2493 456 2516 est
466 2488 491 2514 id
505 2487 575 2522 quod
589 2487 622 2513 ab
635 2484 787 2512 hominibus
797 2484 964 2519 praecipitur:
977 2482 1050 2510 ideo-

260 2543 312 2571 que
329 2535 496 2562 traditionem
512 2538 598 2563 vocat,
613 2539 672 2567 qua:
687 2535 746 2558 erat
760 2529 985 2564 iuiquissimorum
1000 2528 1048 2554 ho-

260 2581 371 2608 minum.
387 2580 484 2606 Verum
499 2579 559 2613 quia
573 2578 658 2612 jussio
681 2575 786 2603 lavandi
807 2582 900 2602 manus
922 2582 973 2601 non
994 2577 1050 2601 erat

260 2627 311 2662 legi
325 2627 456 2654 contraria
473 2635 480 2652 :
494 2626 573 2651 aliam
588 2623 756 2651 traditionem
769 2622 793 2648 in
809 2621 924 2649 medium
939 2620 1048 2655 profert,

261 2680 321 2707 qua:
337 2672 385 2706 legi
406 2671 537 2698 contraria
551 2675 632 2697 esset.
646 2668 722 2703 Quod
738 2675 802 2694 vero
816 2667 889 2699 dicit,
906 2666 957 2693 hoc
971 2666 1051 2700 signi-

262 2718 334 2747 ﬁcat.
360 2718 511 2744 Docuerunt
530 2716 644 2751 juvenes
668 2720 695 2741 ut
720 2713 826 2748 pietatis
849 2713 937 2748 specie
961 2717 1050 2747 patres

263 2791 334 2826 nibus
346 2790 525 2826 nrunducarcnt.
542 2792 621 2821 Quare
631 2790 708 2824 igitur
717 2790 752 2816 sic
763 2789 956 2816 manducarunt?
965 2796 1013 2815 non
1022 2788 1052 2815 de

265 2822 387 2848 industria
400 2822 424 2846 id
438 2823 544 2852 rigebant.

299 2855 305 2870 ¹
318 2853 376 2886 Alii,
390 2854 433 2879 trav
444 2851 507 2878 enim
520 2860 560 2878 vos
570 2855 592 2878 et
604 2851 660 2878 illo:
672 2852 789 2885 perdidit.

605 131 632 158 S.
654 129 791 158 JOANNIS
809 121 1047 156 CIIRYSOSTOMI
1069 121 1226 150 ARClllEP.
1247 121 1512 151 CONSTANTINOP.

1815 121 1868 152 512

1084 179 1261 215 desiiieerent.
1275 182 1414 216 Quomodo
1426 187 1452 210 et
1466 191 1518 218 qua
1535 185 1654 211 ratione?
1667 184 1694 212 Si
1710 185 1769 220 quis
1783 194 1872 222 paren-

1085 233 1140 254 tum
1155 228 1210 255 tllio
1221 227 1333 262 diceret,
1350 228 1385 255 Da
1402 228 1466 256 mihi
1484 229 1563 262 hanc,
1585 237 1662 265 quam
1677 229 1769 264 habes,
1785 241 1872 263 ovem,

1084 280 1129 302 aut
1152 276 1272 308 vitulum,
1297 281 1343 303 aut
1365 276 1434 303 aliud
1450 277 1513 311 quid
1535 277 1621 305 simile
1639 287 1645 305 :
1667 279 1876 314 respondebant,

1086 322 1113 350 Id
1127 324 1196 358 quod
1213 331 1228 351 a
1245 332 1287 350 me
1307 324 1345 351 vis
1365 325 1498 359 accipere,
1518 325 1617 352 donum
1637 331 1678 353 cst
1693 327 1747 354 Dco
1760 329 1875 362 promis-

1085 375 1155 401 sum,
1171 377 1221 397 nec
1235 374 1309 404 potes
1324 370 1388 397 illud
1403 371 1534 405 accipere,
1550 379 1581 398 ac
1595 371 1691 406 duplex
1705 372 1766 399 hine
1777 373 1875 400 malum

1085 415 1247 450 emergebat.
1263 416 1354 451 Neque
1366 418 1436 444 enim
1454 417 1508 444 Deo
1529 416 1687 448 offerebant.
1708 426 1738 445 ac
1753 424 1876 453 parentes

1086 462 1229 490 oblationis
1252 464 1359 490 nomine
1382 462 1595 495 del'raudabaut,
1620 469 1647 491 et
1673 465 1745 499 ipsos
1768 471 1876 500 propter

1086 507 1169 536 Deum
1193 509 1288 542 injuria
1302 508 1470 541 afﬁciebant;
1494 509 1630 544 Deumque
1650 515 1759 544 propter
1780 519 1875 545 paren-

1087 560 1136 582 tes.
1155 555 1253 582 Verum
1268 563 1320 581 non
1337 555 1386 582 hoc
1401 556 1489 582 statim
1501 555 1575 588 dicit,
1590 556 1636 584 sed
1652 556 1724 591 prius
1738 557 1820 591 legem
1832 567 1876 585 rc—

1086 600 1160 633 citat,
1177 609 1228 635 qua
1242 600 1359 628 declarat
1379 601 1459 634 Deus,
1482 601 1624 628 admodum
1645 602 1712 630 velle
1732 609 1760 629 se
1780 608 1808 630 ut
1829 612 1875 638 pa-

1087 651 1176 674 rentes
1199 646 1364 674 honorentur
1383 655 1389 673 :
1407 655 1466 673 nam
1489 647 1526 674 ait
1543 657 1549 674 :
1569 646 1674 674 Honora
1689 653 1785 683 patrem
1807 654 1874 675 tuum

1086 697 1109 719 et
1123 697 1238 723 matrem,
1254 699 1280 719 ut
1290 694 1324 720 sis
1334 694 1460 729 tangamus
1469 693 1494 720 in
1505 698 1588 726 terra;
1599 693 1732 727 item,Qui
1742 695 1877 723 maledixi:-

1087 739 1119 766 rit
1129 739 1195 773 patri
1204 739 1241 765 vel
1247 740 1330 771 matri,
1340 745 1419 766 marte
1428 740 1558 766 moriatur.
1569 739 1692 767 Christus
1699 746 1786 767 autem
1797 741 1876 768 misso

1088 785 1198 820 prteinio
1212 793 1265 820 quo
1275 786 1407 812 donantur
1422 786 1438 812 ii
1452 786 1495 820 qui
1512 791 1634 821 parentes
1651 785 1792 819 honorant,
1806 788 1874 822 quod

1089 831 1232 858 terribilius
1256 835 1298 858 est
1323 830 1433 865 profert,
1455 839 1552 866 ncuipe
1571 832 1730 866 supplicium
1755 839 1877 866 parentes

1088 876 1307 903 inhonoraniilnis
1329 876 1506 909 inferendum,
1528 882 1581 904 tum
1604 882 1633 904 ut
1648 877 1720 913 ipsos
1734 877 1877 912 deterreat,

1089 927 1144 948 tum
1159 926 1182 948 ut
1199 921 1343 956 prudentes
1354 921 1479 954 attrahat,
1496 922 1609 957 hincque
1621 922 1737 950 ostendit
1750 923 1809 951 illos
1820 931 1879 951 esse

1089 973 1175 994 morte
1190 967 1293 1002 dignos.
1309 967 1374 994 Nam
1390 968 1411 994 si
1426 967 1447 994 is
1463 988 1470 1000 ,
1487 968 1531 1002 qui
1543 968 1632 995 verbis
1647 969 1796 1001 inhonorat,
1820 970 1878 1004 ple-

1088 1014 1178 1044 ctitur,
1191 1013 1273 1040 multo
1284 1014 1368 1048 magis
1381 1021 1428 1040 vos
1437 1014 1480 1048 qui
1492 1021 1573 1049 opere
1587 1014 1610 1040 id
1626 1014 1728 1042 facitis:
1741 1023 1790 1042 nec
1800 1016 1880 1043 modo

1090 1059 1266 1092 iuhonoratis,
1287 1060 1333 1086 sed
1350 1059 1429 1086 etiam
1444 1059 1509 1086 alios
1538 1059 1564 1086 id
1587 1059 1675 1087 facere
1694 1060 1806 1087 doeetis.
1827 1061 1881 1088 \‘os

1089 1113 1153 1140 ergo
1165 1105 1210 1140 qui
1226 1113 1274 1132 nec
1293 1106 1319 1132 in
1344 1105 1410 1132 vivis
1431 1113 1490 1132 esse
1510 1105 1654 1139 deberetis,
1671 1114 1719 1133 cur
1739 1106 1881 1141 discipulos

1090 1151 1237 1179 incusatis?
1251 1151 1320 1184 Quid
1335 1151 1430 1178 mirum
1445 1156 1532 1178 autem
1548 1152 1569 1178 si
1586 1151 1610 1178 in
1625 1159 1679 1184 me,
1694 1160 1772 1187 quem
1788 1152 1880 1180 hacte—

1091 1205 1140 1225 nus
1161 1198 1310 1233 iguorasns,
1336 1202 1389 1224 tam
1410 1198 1596 1225 contumeliosi
1615 1198 1692 1231 estis,
1715 1198 1822 1232 quando
1843 1198 1883 1225 id-

1091 1244 1176 1278 ipsum
1201 1251 1263 1278 erga
1290 1248 1392 1278 patrem
1415 1242 1519 1270 facitis?
1547 1243 1650 1278 Ubique
1672 1244 1744 1271 enim
1762 1236 1835 1271 dicit
1856 1249 1882 1271 et

1091 1290 1207 1317 ostendit
1221 1289 1282 1316 hinc
1296 1295 1381 1316 ortam
1393 1290 1571 1324 arrogantiam
1587 1289 1658 1316 illam
1671 1297 1741 1317 esse.
1757 1289 1881 1318 Nonnulli

1092 1338 1170 1365 aliter
1185 1338 1394 1371 interpretantur
1408 1336 1484 1366 illud,
1497 1335 1602 1362 Donum
1615 1336 1789 1371 quodcumque
1800 1345 1831 1363 ea:
1845 1345 1883 1363 me

1093 1383 1136 1410 tibi
1150 1383 1260 1419 proderit
1275 1383 1330 1419 (a);
1348 1382 1372 1409 id
1387 1386 1438 1415 est,
1452 1381 1510 1409 Non
1529 1379 1615 1408 debeo
1626 1380 1671 1408 tibi
1683 1381 1822 1414 honorem,
1836 1381 1882 1408 sed

1092 1431 1113 1458 si
1130 1435 1154 1456 te
1169 1430 1307 1461 honorem,
1323 1429 1347 1456 id
1362 1429 1444 1464 gratis
1458 1428 1536 1456 facio.
1551 1428 1604 1455 Sed
1614 1427 1736 1455 Christus
1749 1435 1801 1455 non
1815 1427 1883 1455 hanc

1093 1475 1281 1503 contumeliam
1314 1474 1481 1502 memoravit.
1509 1473 1613 1501 Marcus
1640 1481 1705 1501 vero
1733 1473 1830 1501 clarius
1857 1473 1883 1501 id

1092 1522 1218 1558 exprimit
1241 1522 1282 1549 his
1302 1521 1390 1548 verbis
1412 1530 1417 1547 :
1434 1519 1533 1548 Corbun
1547 1520 1720 1555 quodcumque
1740 1528 1771 1547 ex
1788 1528 1828 1546 me
1841 1519 1885 1547 tibi

1094 1569 1205 1605 proderit
1219 1568 1313 1605 (Marc.
1332 1568 1357 1594 7.
1378 1567 1421 1602 Η)
1438 1576 1443 1593 :
1460 1567 1485 1594 id
1501 1566 1570 1601 quod
1589 1574 1641 1592 non
1661 1570 1702 1593 est
1724 1574 1821 1593 munus
1840 1571 1885 1594 aut

1094 1617 1206 1649 donum,
1220 1615 1267 1642 sed
1282 1614 1382 1642 oblatio
1399 1613 1505 1648 proprie
1524 1612 1631 1639 dicitur.
1649 1612 1717 1639 Cum
1739 1612 1816 1646 igitur
1836 1612 1885 1639 de-

1096 1667 1280 1695 monstrasset,
1297 1669 1349 1688 non
1368 1660 1428 1695 jure
1447 1660 1516 1691 illos,
1539 1658 1583 1694 qui
1606 1658 1691 1694 legem
1713 1658 1758 1686 Dei
1779 1658 1887 1686 concul-

1095 1715 1166 1742 ceut,
1183 1710 1250 1736 alios
1270 1707 1477 1742 reprehendere,
1500 1706 1544 1740 qui
1565 1706 1700 1732 seniorum
1724 1709 1885 1739 praeceptum

1096 1755 1254 1790 transgressi
1268 1759 1368 1786 essent,
1384 1753 1497 1787 idipsum
1509 1751 1626 1779 ostendit
1645 1755 1672 1778 ct
1688 1759 1721 1778 ex
1742 1751 1882 1785 propheta.

1096 1803 1162 1837 Quia
1173 1801 1245 1829 enim
1257 1801 1316 1827 illos
1330 1799 1503 1826 vehementer
1513 1798 1693 1832 redarguerat,
1705 1797 1816 1823 ulterius
1826 1803 1887 1830 pro-

1096 1848 1166 1877 cedit
1180 1846 1267 1882 :quod
1282 1846 1362 1874 etiam
1376 1845 1473 1879 ubique
1482 1844 1553 1875 facit,
1568 1843 1716 1877 Scripturas
1731 1843 1757 1869 in
1771 1842 1886 1869 medium

1097 1893 1250 1923 adducens,
1266 1897 1294 1918 ut
1309 1891 1371 1918 hinc
1390 1898 1420 1918 se
1439 1889 1564 1917 ostendat
1583 1889 1637 1916 Deo
1655 1895 1801 1915 consonum
1817 1895 1885 1915 esse.

1097 1939 1164 1973 Quid
1189 1938 1268 1973 igitur
1288 1937 1326 1964 ait
1348 1935 1496 1971 propheta?
1511 1935 1537 1962 8.
1554 1933 1672 1968 Populus
1690 1933 1730 1959 hic
1753 1933 1826 1959 labiis
1849 1940 1888 1959 me

1098 1985 1215 2016 honorat,
1229 1991 1273 2010 cor
1283 1988 1366 2010 autem
1378 1989 1464 2009 eorum
1474 1981 1548 2016 longe
1557 1984 1594 2007 ut
1605 1987 1621 2005 ιι
1634 1987 1673 2006 me
1685 1978 1760 2014 (Isai.
1773 1977 1819 2005 29.
1832 1977 1887 2012 15).

1099 2031 1126 2058 9.
1142 2030 1251 2057 Frustra
1262 2034 1346 2055 autem
1359 2029 1443 2055 colunt
1460 2035 1509 2058 me,
1528 2026 1644 2052 docente:
1658 2025 1796 2057 doctrinas,
1815 2031 1888 2050 man-

1101 2078 1162 2104 data
1185 2077 1323 2103 Iwminum.
1354 2074 1447 2102 Viden‘
1470 2073 1634 2108 prophetiam
1660 2075 1784 2098 accurate
1812 2069 1889 2096 dictis

1099 2130 1256 2154 consonam,
1273 2130 1331 2156 quze
1348 2121 1403 2156 jam
1423 2120 1486 2147 olim
1502 2126 1594 2147 eorum
1614 2117 1803 2152 malignitatem
1821 2124 1888 2150 pra:-

1100 2170 1224 2198 nuntiat?
1235 2169 1311 2202 Quod
1326 2167 1448 2195 Christus
1461 2173 1531 2193 nunc
1542 2165 1693 2192 accusando
1706 2163 1818 2198 profert,
1840 2162 1890 2190 hoc

1099 2217 1154 2252 jam
1169 2217 1233 2244 olim
1248 2216 1313 2242 dixit
1335 2215 1425 2247 Isaias,
1447 2213 1518 2249 quod
1534 2212 1656 2239 mandata
1671 2211 1718 2238 Dei
1735 2215 1862 2245 spernant
1881 2218 1888 2236 :

1101 2264 1210 2291 Frustra
1222 2263 1293 2290 enim
1314 2261 1399 2288 colunt
1414 2269 1463 2293 me,
1487 2259 1588 2294 inquit;
1609 2257 1643 2285 de
1662 2257 1716 2284 suis
1736 2264 1801 2284 vero
1821 2264 1891 2291 pra:-

1101 2310 1185 2345 ceptis
1207 2315 1329 2343 magnam
1353 2314 1444 2334 curam
1469 2305 1593 2337 habeant,
1616 2302 1740 2329 Docentes
1761 2302 1890 2333 mundata,

1102 2357 1229 2390 doctrinas
1243 2355 1382 2381 hominum.
1398 2352 1462 2380 Jure
1484 2358 1548 2386 ergo
1563 2351 1611 2377 has
1626 2349 1749 2384 discipuli
1765 2357 1817 2375 non
1833 2356 1891 2375 ser-

1103 2407 1178 2429 vant.
1195 2401 1336 2435 Postquam
1352 2399 1432 2432 igitur
1451 2398 1556 2424 letalem
1572 2396 1640 2422 hanc
1659 2395 1761 2430 plagam
1778 2393 1830 2420 illis
1850 2393 1892 2420 in-

1103 2449 1179 2481 ﬂixit,
1194 2452 1274 2483 atque
1299 2454 1334 2473 cx
1361 2445 1454 2477 factis,
1484 2449 1511 2471 et
1538 2451 1571 2470 ex
1583 2442 1688 2477 propria
1701 2442 1819 2476 ipsorum
1833 2447 1893 2466 sen-

1104 2495 1196 2526 tentia,
1210 2499 1295 2527 evque
1312 2489 1438 2524 propheta
1451 2488 1646 2516 accusationem
1662 2487 1745 2517 auxit,
1761 2486 1813 2513 illis
1832 2486 1892 2520 qui-

1103 2541 1163 2568 dem
1186 2539 1251 2566 nihil
1274 2538 1340 2564 ultra
1361 2536 1486 2570 loquitur,
1503 2538 1594 2568 utpote
1614 2533 1658 2568 qui
1679 2532 1817 2560 emendari
1840 2539 1892 2558 non

1104 2590 1236 2623 poterant,
1262 2591 1412 2611 sermonem
1437 2590 1500 2608 vero
1523 2581 1655 2608 convertit
1676 2579 1709 2606 ad
1735 2579 1841 2610 turbas,
1865 2582 1894 2604 ut

1103 2634 1198 2668 dogma
1213 2631 1321 2658 inducat
1335 2629 1459 2660 sublime,
1478 2635 1612 2662 maguum,
1627 2631 1654 2653 et
1668 2626 1750 2653 multa
1771 2625 1894 2660 philoso-

1134 2724 1170 2756 (a)
1179 2727 1264 2747 Eorum
1274 2721 1316 2756 (ιρί
1326 2721 1361 2745 sic
1371 2719 1593 2756 interpretabantur
1599 2725 1669 2756 mens
1679 2718 1731 2753 haec
1737 2717 1832 2756 videtur
1841 2718 1895 2756 fuit

1102 2746 1258 2781 milliarium
1268 2746 1354 2784 offero.
1367 2746 1563 2784 quod_'eti(_nn_tibi
1574 2749 1662 2781 prosit,
1675 2748 1765 2784 siquid
1778 2755 1833 2773 vero
1851 2746 1895 2782 tibi

1103 2778 1175 2819 ἶ)ίῇἂῖ
1182 2778 1298 2819 prwstei'il
1309 2802 1315 2813 ,
1332 2778 1451 2819 :qrutis
1473 2780 1550 2819 rufio,
1569 2778 1623 2819 cum
1641 2778 1721 2805 omnia
1738 2786 1792 2819 meq
1806 2778 1895 2819 pps'sint

1107 2809 1262 2848 ib'éooﬁ’ei‘re;
1274 2813 1295 2840 si
1307 2809 1365 2845 quid
1375 2809 1402 2839 in
1414 2817 1435 2838 te
1447 2809 1578 2843 conferam,
1587 2811 1613 2837 id
1624 2817 1656 2836 ea:
1666 2818 1718 2836 mw
1726 2809 1813 2843 pendet
1823 2809 1892 2834 liber-

1101 2852 1160 2876 (οω-
