2068 3132
198 209 258 244 phia
273 209 398 244 plenum;
413 207 572 242 sumptaque
585 207 618 233 e'x
631 206 677 232 illo
692 204 842 234 occasione,
857 200 943 236 majus
958 200 989 227 il-

201 256 244 283 lud
264 255 410 286 contexuit,
433 259 460 280 et
483 254 603 280 ciborum
625 251 837 278 observationem
861 247 988 274 eliminat.

197 301 250 329 Sed
265 300 326 327 vide
339 297 454 335 quando.
466 298 533 326 Cutn
547 298 682 332 leprosum
694 295 840 326 munda'vit,
856 300 915 321 curn
929 293 989 320 sab-

197 347 286 374 batum
301 346 397 378 solvit;
413 345 520 380 quando
539 348 617 370 terra:
640 342 772 376 marisque
787 347 875 375 regem
894 347 923 367 sc
942 339 988 366 de-

196 392 317 424 claravit,
333 391 438 426 quando
451 388 524 425 leges
538 389 621 419 dedit.
634 387 741 423 quando
757 391 862 422 peccala
876 385 985 416 dimisit,

195 437 302 472 quando
316 440 436 464 mortuos
456 435 589 467 excitavit,
605 433 711 467 quando
730 437 885 467 argumenta
906 432 987 457 multa

195 482 343 510 divinitatis
364 489 419 509 sua:
441 481 506 517 ipsis
527 479 650 515 prtebttit,
673 484 735 505 tunc
757 478 790 505 de
811 477 879 504 cibis
901 476 987 510 loqui-

195 534 248 556 tur.

231 575 257 602 5.
281 573 441 609 Abrognnda.’
467 571 664 599 circumcisionis
690 569 832 605 difﬁcultas.
850 584 885 589 —
905 568 986 595 Totus

195 621 267 647 enim
284 619 437 647 Judaismus
457 618 507 645 hac
522 618 546 644 in
563 625 591 644 re
604 617 756 644 continetur
770 624 776 641 ε
792 615 813 642 si
834 615 884 642 hoc
897 614 987 641 abstu-

196 666 276 699 leris,
300 670 385 692 totum
415 663 556 691 ﬂhsllliiall.
591 663 656 690 Nam
688 661 749 689 inde
775 665 985 694 commonstrat,

195 713 274 740 etiam
298 711 528 739 circumcisionem
550 709 672 744 abrogari
696 712 840 744 oportere:
857 707 903 734 srd
923 706 987 734 illud

196 766 248 785 non
277 758 409 793 pnccipue
442 756 561 788 induxit,
588 755 711 790 quoniam
744 753 794 780 hoc
827 756 985 787 praeceptum

196 803 256 830 aliis
280 807 338 830 erat
362 801 514 836 antiquius,
537 805 565 827 et
589 800 690 834 majore
712 798 903 826 observabatur
924 797 986 824 reli-

196 849 288 880 gione;
303 847 350 874 sed
373 855 420 882 per
430 846 575 881 discipulos
591 845 654 872 illud
667 845 767 871 statuit.
784 844 819 870 lta
834 851 927 878 magna
944 850 987 869 res

195 898 271 926 erat,
287 899 315 921 ut
338 902 397 921 cum
418 893 539 927 discipuli
566 897 625 926 post
645 896 746 918 tantum
763 895 867 925 tempus
888 889 988 917 vellent

196 941 267 968 illum
294 940 438 975 abrogare,
468 940 553 973 primo
576 939 647 966 illaut
673 937 860 970 adhibuerint,
890 936 987 963 deimle

196 988 359 1019 abrogat-int.
387 986 452 1013 Vide
479 989 566 1013 autent
593 984 726 1020 quomodo
753 983 838 1018 legem
868 982 985 1009 inducat.

196 1034 240 1061 10.
261 1032 324 1060 Cum
352 1033 496 1059 advocasset
519 1031 585 1057 enim
607 1029 710 1062 turbas,
732 1029 832 1063 inquit,
849 1028 912 1055 dixit
930 1028 984 1060 eis,

195 1078 287 1105 Audite
300 1082 322 1105 et
335 1077 475 1111 intelligite.
492 1075 584 1111 Neque
599 1076 669 1102 enitn
683 1073 839 1108 simpliciter
859 1073 923 1107 ipsis
936 1073 986 1100 hoc

195 1124 349 1155 annuntiat,
376 1122 422 1150 sed
445 1122 519 1157 prius
534 1121 634 1148 honore
654 1124 733 1154 atque
753 1118 881 1154 obsequio
899 1122 986 1145 atten-

197 1170 293 1196 tionem
315 1168 434 1196 sermoni
453 1175 503 1195 suo
524 1167 647 1194 conciliat
670 1166 732 1201 (hoc
744 1165 814 1193 enim
828 1164 987 1199 signiﬁcavit

195 1216 355 1250 evangelista
371 1223 431 1242 cum
447 1214 530 1246 dixit,
547 1213 611 1241 Cant
623 1213 768 1240 adnotasset
780 1211 900 1245 deinde),
922 1217 985 1238 nec-

196 1269 247 1288 non
261 1268 293 1288 ex
309 1260 437 1295 temporis
449 1258 657 1293 opportunitate.
680 1257 822 1291 Postquam
842 1256 911 1282 enim
926 1255 985 1281 il!os

194 1308 375 1335 confutaverat
394 1311 421 1334 et
443 1306 559 1336 vicerat,
578 1309 715 1339 postquam
730 1310 762 1330 ex
778 1301 905 1337 propheta
927 1300 986 1327 red-

194 1356 333 1388 arguerat,
356 1356 418 1379 tunc
443 1351 527 1386 legem
552 1349 623 1377 ferre
654 1349 763 1384 incipit,
797 1355 856 1374 cmn
883 1346 984 1373 facilius

195 1403 316 1434 poterant
336 1398 405 1426 dicta
430 1397 572 1431 excipere;
602 1403 652 1423 nec
674 1395 753 1422 modo
778 1395 907 1426 advocat,
937 1394 983 1420 sed

193 1446 348 1473 attentiorcs
371 1444 467 1472 reddit.
488 1443 639 1479 lntelligite,
660 1442 762 1477 inquit;
785 1441 835 1468 hoc
853 1446 910 1473 est,
933 1440 983 1466 Co-

193 1493 290 1528 gitate,
301 1492 418 1519 animum
434 1491 546 1526 erigite,
558 1489 704 1516 attentione
721 1487 798 1522 digna
811 1492 852 1514 est
862 1487 904 1514 lex
923 1494 983 1514 mox

193 1537 343 1565 scribenda.
366 1537 432 1564 Nam
447 1537 469 1563 si
490 1536 528 1563 illi
548 1540 668 1569 tempore
686 1541 737 1560 non
754 1537 933 1560 consentaneo
945 1531 983 1559 lc—

191 1590 252 1618 gcm
277 1582 415 1609 solverunt
443 1584 551 1616 propter
572 1579 741 1607 traditionem
766 1585 858 1609 suam,
883 1582 910 1604 et
935 1584 983 1604 vos

193 1628 303 1655 audistis
321 1628 380 1655 illos
399 1635 406 1654 :
428 1626 511 1654 multo
526 1625 610 1660 magis
631 1633 673 1652 me
693 1624 783 1652 audire
796 1628 918 1658 oportet,
937 1623 980 1658 qui

193 1679 313 1709 tempore
335 1677 485 1708 opportuno
508 1671 541 1698 ad
561 1670 689 1706 majorem
715 1677 762 1697 vos
785 1668 980 1705 philosophiam

194 1720 301 1748 induco.
328 1719 383 1746 Nec
401 1718 487 1750 dixit,
511 1716 582 1744 Nihil
605 1721 646 1743 est
669 1715 788 1743 ciborum
811 1713 979 1746 observatio,

192 1765 249 1797 vel,
263 1764 367 1800 Moyses
380 1763 404 1790 id
419 1763 488 1790 male
502 1761 628 1797 praecepit
638 1781 644 1791 .
660 1761 700 1788 vel
718 1768 778 1787 sese
791 1759 865 1787 vobis
884 1764 980 1786 attem-

192 1810 309 1847 peravit;
331 1809 378 1836 sed
398 1809 472 1843 quasi
493 1806 661 1834 admonendo
682 1811 708 1833 et
726 1804 905 1836 consulendo,
925 1809 950 1831 et
965 1812 980 1831 a

192 1864 280 1884 rerum
303 1859 395 1882 natura
411 1853 590 1881 testiinonium
611 1851 744 1886 accipiens
758 1851 843 1878 dicit:
859 1851 903 1878 ll.
919 1849 979 1876 Non

190 1910 246 1936 quae
259 1902 354 1928 intrant
372 1900 399 1926 in
416 1908 458 1930 os,
474 1899 636 1934 coinquinant
656 1898 800 1929 hominem,
815 1897 859 1924 sed
876 1903 933 1930 qua:
950 1904 981 1922 ex

190 1956 233 1974 ore
248 1947 384 1981 procedunt
398 1954 408 1973 ε
423 1945 568 1973 secundum
586 1944 670 1979 ipsam
694 1948 814 1970 naturam
825 1964 833 1976 ,
853 1947 880 1970 et
894 1942 978 1977 legem

192 1993 291 2026 profert
315 1997 341 2019 et
363 1991 522 2019 sententiam
535 1990 610 2017 dicit.
635 1989 696 2017 Haec
711 1989 747 2016 illi
767 1989 906 2016 audientes
926 1995 978 2015 non

190 2037 405 2065 contradixerunt
417 2058 423 2067 .
446 2045 532 2072 neque
556 2036 700 2069 dixerunt,
714 2035 782 2069 Quid
804 2039 830 2062 tu
844 2034 901 2062 ais?
919 2042 978 2061 cntn

190 2086 260 2113 Deus
280 2085 314 2113 de
336 2085 456 2112 ciborum
476 2083 661 2111 observatione
682 2083 821 2110 innumera
844 2088 979 2116 prtecepe-

190 2132 238 2162 rit,
254 2136 282 2158 tu
299 2129 450 2165 huiusmodi
466 2130 537 2164 leges
553 2127 653 2156 tradis?
667 2127 712 2155 sed
731 2127 792 2162 quia
806 2126 978 2154 vehementer

189 2178 249 2205 illos
262 2181 441 2212 represserat,
456 2184 508 2203 non
530 2174 691 2203 confutando
710 2174 812 2205 Solum,
828 2173 874 2201 sed
890 2173 977 2200 dolum

190 2224 307 2258 ipsorum
337 2224 363 2250 in
393 2223 508 2250 medium
530 2221 684 2254 aﬂ'erendo,
712 2228 744 2248 ac
771 2227 829 2254 qua:
848 2220 915 2247 clam
943 2218 977 2245 illi

191 2276 358 2304 struxerant,
391 2278 540 2304 arcanaque
570 2269 667 2296 mentis
691 2276 783 2295 eorum
815 2266 977 2298 revelando,

190 2326 249 2345 cum
270 2317 377 2345 silentio
398 2321 574 2344 recesserunt.
596 2315 636 2342 Tu
657 2322 721 2341 vero
741 2313 803 2340 mihi
822 2312 976 2347 perpende,

190 2363 323 2398 quomodo
349 2370 398 2389 nec
422 2361 561 2389 manileste
585 2368 634 2387 nec
664 2359 750 2394 palam
770 2358 804 2386 de
821 2357 886 2385 cibis
908 2357 979 2384 edis-

189 2414 270 2437 serat.
286 2408 400 2443 Ideoque
415 2415 467 2435 non
479 2407 562 2440 dixit,
582 2405 654 2437 Cibi,
669 2405 714 2433 sed
727 2426 734 2438 ,
752 2405 806 2437 Ea,
827 2404 977 2438 quteingre-

189 2455 309 2487 diuntur,
326 2462 377 2481 non
399 2454 561 2487 coinquinant
582 2452 724 2483 hominem;
746 2450 815 2486 quod
831 2450 910 2478 etiam
932 2457 979 2483 po-

190 2505 278 2528 terant
303 2500 337 2527 de
355 2499 435 2526 illotis
464 2499 585 2526 manibus
604 2497 743 2532 suspicari.
774 2496 833 2531 Ipse
863 2502 978 2529 namque

189 2547 221 2574 de
249 2545 319 2573 cibis
337 2545 512 2580 loquebatur;
533 2549 689 2579 poteratque
709 2548 796 2570 tamen
816 2541 925 2575 intelligi
945 2540 978 2567 de

187 2591 269 2618 illotis
285 2590 416 2617 manibus.
436 2589 520 2616 Tanta
542 2590 612 2616 enim
629 2593 687 2615 erat
709 2588 828 2614 ciborum
850 2587 978 2613 observa-

188 2636 242 2668 tio,
264 2640 293 2662 nt
313 2636 393 2663 etiam
414 2639 474 2669 post
493 2633 715 2661 resurrectionem
737 2632 831 2659 Petrus
849 2631 951 2658 diceret
969 2638 977 2656 :

189 2681 269 2713 Non,
294 2680 418 2714 Domine,
437 2681 497 2716 quia
525 2687 661 2715 numquam
684 2686 832 2711 commune,
859 2682 903 2704 aut
929 2677 979 2704 im-

189 2727 311 2754 mundum
334 2727 393 2762 quid
413 2726 510 2753 comedi
537 2726 605 2759 (Act.
629 2724 672 2752 10.
695 2724 750 2759 Η).
775 2723 883 2751 Etiamsi
907 2723 978 2750 enim

188 2773 303 2801 aliorum
322 2781 401 2800 causa
424 2773 481 2800 haec
495 2772 613 2804 diceret,
630 2775 658 2798 ut
676 2770 726 2797 sibi
750 2769 878 2796 adversus
898 2776 978 2796 accu-

189 2824 293 2846 satores
311 2818 495 2847 defensionem
520 2821 640 2852 pararet,
666 2814 871 2849 ostenderetque
892 2821 922 2842 se
934 2822 979 2841 re-

189 2866 308 2899 stitisse,
322 2872 408 2900 neque
418 2864 456 2892 sic
474 2863 499 2891 id
513 2863 562 2891 sibi
577 2868 734 2891 concessum
748 2860 830 2888 fuisse
839 2880 848 2894 ,
862 2865 977 2889 attamen

717 141 748 174 IN
768 137 971 172 MA'l‘TH/EUM
991 140 1106 170 ll0.\lll..
1125 141 1167 171 Ll.
1189 145 1224 172 al.
1246 144 1299 173 l.ll.

1780 147 1834 176 διι

1043 200 1157 228 ostendit
1168 209 1287 236 magnam
1303 202 1381 238 hujus
1395 204 1433 232 rei
1446 211 1536 231 curam
1552 209 1578 231 et
1594 205 1756 239 opinionem.
1771 205 1832 233 Ideo

1028 246 1161 274 Christus
1172 247 1197 274 in
1209 249 1339 283 principio
1357 257 1410 276 non
1426 250 1461 276 ita
1475 255 1567 284 aperte
1579 251 1613 278 de
1626 251 1692 278 cibis
1706 251 1831 286 loquutus

1040 296 1094 324 est,
1109 292 1155 319 sed
1175 292 1255 325 dixit,
1271 293 1334 326 Qua:
1354 302 1398 329 per
1409 303 1437 322 os
1453 296 1629 330 ingrediuntur
1647 305 1656 323 :
1674 304 1706 323 ac
1720 304 1812 324 rursus
1823 317 1831 329 ,

1040 345 1100 364 cum
1121 339 1285 367 manifestius
1301 340 1349 367 hac
1366 341 1400 368 de
1422 349 1451 368 re
1473 345 1564 375 postea
1586 341 1711 376 loquutus
1725 342 1832 369 videre-

1042 388 1084 411 tur
1095 405 1103 417 ,
1119 393 1133 412 a
1150 385 1203 413 fine
1218 387 1259 413 illa
1272 387 1439 414 obumbravit
1453 387 1544 415 dicens
1558 397 1565 414 :
1581 387 1666 415 lllotis
1677 393 1761 415 autent
1778 397 1833 415 tua-

1040 430 1113 457 nibus
1133 431 1287 459 manducare
1308 441 1358 460 non
1379 434 1523 468 coinquinat
1546 434 1692 461 hominem:
1715 438 1743 460 ut
1772 434 1833 463 hinc

1040 476 1175 504 videretur
1190 479 1292 506 initium
1312 480 1426 511 ducere,
1449 481 1606 515 interimque
1627 480 1670 507 illa
1685 480 1718 508 de
1736 487 1765 508 re
1779 480 1834 508 dis-

1000 545 1002 548 .
1040 523 1165 551 seruisse.
1186 524 1289 553 Idcirco
1302 533 1355 553 non
1376 526 1456 559 dixit,
1472 526 1597 553 Ciborum
1609 534 1671 553 esus
1688 534 1740 553 non
1755 527 1832 554 coin-

1039 569 1130 602 quinat
1141 570 1290 603 hominem;
1307 571 1353 598 sed
1367 573 1440 607 quasi
1458 572 1493 599 de
1509 572 1560 599 alia
1580 580 1610 599 re
1629 572 1768 607 disputans
1779 593 1787 605 ,
1803 577 1833 599 ut

1042 614 1107 641 nihil
1128 620 1236 649 possent
1256 617 1293 643 illi
1307 617 1434 652 objicere.
1455 618 1517 646 Haec
1536 626 1596 645 etim
1616 618 1771 651 audissent,
1789 618 1831 644 in-

1040 661 1110 694 quit,
1125 662 1295 690 scandalizati
1312 668 1390 696 sunt,
1408 664 1532 692 Pharistci
1547 672 1654 700 nempe,
1671 673 1722 692 non
1735 666 1829 692 turba‘.

1041 705 1084 733 12.
1106 705 1258 734 Accedentes
1281 709 1366 740 enim,
1393 710 1488 745 inquit,
1506 711 1625 745 discipuli
1647 711 1700 744 ejus
1714 711 1832 738 dixerunt

1040 751 1062 776 ei
1075 760 1084 777 :
1100 751 1157 778 Scis
1177 753 1236 786 quia
1260 752 1386 781 Pharistci
1395 776 1401 785 .
1417 756 1504 781 audito
1521 755 1568 782 hoc
1590 756 1682 789 verba,
1702 756 1831 783 scandali-

1039 797 1090 823 ιιιιί
1103 798 1183 824 sunt?
1200 798 1230 825 Et
1245 803 1331 826 tamen
1348 800 1411 826 nihil
1421 801 1548 828 adversus
1562 809 1608 828 eos
1622 801 1721 828 dictum
1735 802 1830 829 fuerat.

1040 842 1106 876 Quid
1124 842 1202 878 igitur
1220 842 1358 871 Christus?
1375 845 1431 872 Non
1448 846 1526 872 solvit
1549 846 1703 874 scandalum
1717 855 1809 874 eorum
1821 867 1829 878 ,

1039 888 1085 915 sed
1101 889 1264 924 increpavit,
1286 891 1379 918 dicens
1394 900 1402 918 2
1417 892 1461 919 15.
1478 892 1567 918 Omnis
1592 892 1732 926 plantaria,
1754 901 1830 928 quam

1039 941 1089 959 non
1104 934 1225 968 plantat-it
1246 935 1321 962 Pater
1342 944 1411 962 meus
1428 937 1551 970 uelutis,
1575 937 1752 965 eradicabitur.
1774 938 1829 966 No-

1039 984 1114 1006 verat
1136 981 1206 1007 enim
1228 981 1395 1016 qnandonam
1422 982 1546 1010 scandala
1567 983 1779 1016 contemnenda,
1803 989 1830 1012 (ιι

1038 1027 1144 1061 quando
1169 1035 1222 1054 non
1247 1028 1417 1062 dcspicienda
1439 1034 1526 1057 erant.
1547 1030 1616 1057 Alibi
1641 1030 1738 1065 quippe
1759 1031 1796 1058 ait
1820 1039 1828 1058 :

1039 1071 1081 1099 Ne
1093 1073 1292 1101 scandalizemus
1304 1082 1360 1106 eos,
1383 1075 1452 1102 mitte
1473 1075 1575 1102 hamum
1588 1076 1614 1102 in
1633 1084 1703 1103 mare
1722 1076 1828 1111 (Matth.

1040 1119 1084 1146 17.
1098 1119 1164 1154 26);
1183 1119 1225 1147 hic
1246 1128 1309 1147 vero
1323 1121 1387 1148 dicit
1403 1130 1409 1147 :
1428 1121 1470 1148 Μ.
1491 1121 1574 1149 Sinite
1587 1122 1662 1154 illos,
1675 1122 1735 1148 οωιὲ
1752 1127 1828 1153 sunt,

1038 1169 1062 1191 et
1083 1165 1158 1191 duces
1182 1173 1314 1192 arearum.
1347 1165 1433 1193 chus
1457 1172 1539 1194 autem
1569 1167 1591 1193 si
1614 1175 1679 1194 caeco
1709 1167 1828 1194 ducatum

1038 1216 1154 1244 pra'stet,
1167 1211 1240 1238 ambo
1257 1212 1284 1238 in
1298 1214 1395 1246 foveam
1409 1212 1508 1239 cadent.
1525 1212 1587 1239 Ha‘c
1601 1218 1690 1240 autem
1704 1212 1828 1240 dicebam

1038 1256 1177 1291 discipuli,
1201 1265 1253 1284 non
1268 1261 1321 1284 tam
1336 1257 1405 1292 quod
1426 1257 1460 1285 de
1475 1257 1527 1284 illis
1538 1257 1674 1289 dolerent,
1688 1258 1736 1286 sed
1756 1258 1826 1293 quod

1039 1309 1065 1331 et
1079 1304 1128 1339 ipsi
1151 1305 1314 1340 aliquantum
1339 1305 1517 1332 turbarentur.
1533 1304 1600 1338 Quia
1615 1313 1678 1332 vero
1701 1313 1754 1332 non
1776 1312 1825 1332 att-

1038 1350 1136 1378 debant
1160 1350 1224 1378 illud
1245 1359 1277 1378 ex
1294 1351 1399 1386 propria
1416 1358 1528 1385 persona
1550 1350 1655 1382 dicere,
1678 1351 1704 1377 in
1728 1359 1821 1378 narra-

1039 1398 1109 1424 tione
1126 1397 1160 1424 de
1186 1397 1244 1424 aliis
1261 1397 1379 1424 instituta
1405 1397 1430 1424 id
1455 1396 1575 1424 ediscere
1596 1397 1731 1424 volebant.
1759 1397 1824 1424 Nam

1036 1444 1107 1479 quod
1121 1450 1165 1471 res
1182 1444 1216 1470 ita
1234 1450 1263 1471 se
1276 1443 1371 1471 habeat
1381 1463 1388 1474 ,
1402 1443 1463 1470 audi
1481 1442 1614 1478 quomodo
1627 1448 1717 1477 postea
1731 1442 1825 1470 Petrus

1036 1490 1145 1518 fervens
1159 1490 1218 1523 ille,
1233 1491 1276 1525 qtti
1299 1497 1405 1524 semper
1419 1489 1492 1524 prior
1505 1489 1623 1521 accedit,
1638 1489 1709 1516 dicat
1725 1497 1731 1516 :
1749 1488 1825 1515 Edis-

1035 1544 1087 1563 sere
1101 1536 1171 1563 nobis
1191 1536 1337 1571 parobolatn
1347 1536 1411 1562 hanc
1428 1534 1532 1570 (Matth.
1549 1535 1591 1562 15.
1607 1534 1669 1570 15);
1689 1535 1770 1562 animi
1783 1535 1823 1562 sui

1035 1582 1260 1617 perturbationem
1289 1581 1443 1611 declarans.
1467 1587 1517 1607 nec
1539 1580 1640 1607 audens
1663 1580 1749 1614 palam
1780 1580 1823 1606 di-

1034 1635 1112 1660 cere,
1139 1627 1189 1654 hoc
1212 1627 1261 1654 sibi
1290 1626 1449 1653 oﬂendiculo
1481 1633 1557 1656 esse,
1584 1625 1632 1653 sed
1654 1632 1766 1660 rogans,
1794 1633 1824 1652 se

1034 1677 1214 1705 commotum,
1260 1671 1477 1706 interpretatione
1520 1670 1623 1703 sedari;
1664 1676 1824 1706 quapropter

1033 1717 1114 1745 etiam
1144 1718 1294 1752 increpatus
1321 1716 1378 1744 fuit.
1411 1716 1478 1750 Quid
1504 1715 1583 1751 igitur
1613 1716 1650 1743 ait
1680 1716 1823 1743 Christus?

1035 1763 1123 1791 Omnis
1145 1763 1287 1798 plantatio,
1314 1770 1390 1798 quam
1416 1770 1467 1788 non
1497 1762 1618 1796 plantavit
1644 1761 1722 1788 Pater
1752 1770 1822 1789 meus

1033 1810 1156 1841 (adestis,
1181 1809 1359 1836 eradicabitur.
1387 1808 1441 1835 lloc
1457 1807 1489 1835 dc
1515 1808 1571 1842 lege
1587 1807 1686 1835 dictum
1710 1808 1823 1836 all'erunt

1035 1857 1051 1884 ii
1066 1857 1109 1891 qni
1135 1856 1341 1883 Manichaeorum
1366 1855 1460 1882 morbo
1480 1854 1601 1882 laborant
1615 1854 1669 1890 (a);
1692 1855 1738 1882 sed
1762 1862 1821 1889 qua:

1034 1904 1106 1938 prius
1118 1903 1189 1931 dicta
1211 1906 1290 1935 sunt,
1306 1910 1353 1929 ora
1369 1901 1472 1928 illorum
1490 1901 1641 1928 obstruunt.
1665 1900 1731 1928 Nam
1753 1901 1774 1927 si
1788 1901 1822 1928 de

1033 1950 1090 1984 lege
1108 1949 1217 1976 dixisset
1227 1968 1234 1980 ,
1250 1947 1385 1982 quomodo
1399 1954 1478 1981 supra
1494 1946 1579 1981 legem
1590 1945 1769 1978 defendisset,
1789 1953 1821 1974 ac

1033 2004 1080 2031 pro
1103 2003 1133 2023 ea
1155 1999 1296 2029 pugnasset
1311 1994 1443 2021 dicendo:
1457 1993 1508 2020 Cur
1530 1992 1733 2027 transgredimini
1746 2001 1820 2019 man-

1032 2043 1119 2068 datum
1140 2041 1185 2067 Dei
1205 2048 1249 2074 per
1263 2039 1423 2065 traditionem
1437 2037 1564 2065 vestram?
1586 2037 1718 2072 quomodo
1731 2042 1819 2064 autem

1032 2088 1188 2123 prophetam
1212 2087 1238 2113 in
1261 2085 1376 2112 medium
1400 2084 1500 2111 inducit
1522 2083 1655 2111 dicentem
1680 2092 1686 2109 :
1706 2082 1820 2117 Populus

1032 2135 1072 2161 hic
1097 2134 1170 2160 labiis
1196 2141 1235 2159 me
1263 2133 1389 2164 honorat,
1413 2136 1466 2158 etc.
1498 2130 1550 2157 Sed
1576 2129 1610 2157 de
1634 2130 1684 2156 illis
1707 2130 1771 2164 ipsis
1792 2135 1820 2157 et

1031 2181 1064 2207 de.
1081 2178 1265 2207 traditionibus
1279 2185 1372 2204 eorum
1389 2177 1446 2204 hzec
1466 2176 1590 2211 loquitur.
1613 2174 1678 2202 Nam
1701 2176 1723 2203 si
1750 2175 1819 2202 Deus

1030 2226 1114 2258 dixit,
1151 2224 1255 2251 Honora
1285 2228 1381 2258 patrem
1413 2226 1501 2254 tttttm,
1534 2226 1557 2248 et
1587 2226 1690 2247 matrem
1722 2225 1790 2247 tuam
1809 2228 1819 2248 :

1031 2271 1165 2307 quomodo
1175 2271 1199 2298 id
1215 2269 1286 2305 quod
1296 2277 1310 2295 a
1324 2269 1378 2296 Deo
1392 2269 1489 2295 dictum
1504 2271 1554 2298 est,
1570 2275 1621 2294 nou
1637 2271 1678 2294 est
1692 2267 1820 2302 plantatio

1033 2319 1078 2346 Dei
1088 2319 1099 2345 Τ

1067 2364 1093 2391 ι.
1111 2363 1137 2390 ld
1157 2363 1238 2390 etiam
1263 2361 1335 2396 quod
1358 2360 1478 2394 sequitur
1497 2359 1607 2394 probat,
1623 2358 1655 2386 de
1671 2359 1722 2386 illis
1735 2363 1763 2386 et
1785 2359 1820 2386 de

1033 2407 1218 2436 traditionibus
1245 2406 1350 2433 illorum
1379 2405 1436 2432 hmc
1458 2405 1528 2432 dicta
1543 2404 1625 2431 fuisse
1651 2415 1658 2432 :
1681 2411 1742 2431 nam
1755 2404 1820 2431 sub-

1030 2455 1118 2490 junxit
1132 2463 1138 2480 :
1153 2453 1219 2482 Circi
1233 2458 1290 2481 sunt
1310 2453 1385 2479 duces
1403 2459 1534 2479 ratorum.
1553 2451 1579 2478 Si
1592 2450 1626 2478 de
1648 2451 1706 2486 lege
1731 2450 1757 2478 id
1779 2451 1819 2478 lo-

1032 2505 1130 2535 quutus
1145 2500 1253 2533 fuisset,
1268 2499 1390 2526 dicturus
1405 2503 1462 2525 erat
1472 2518 1480 2530 ,
1503 2498 1558 2525 Dux
1572 2502 1611 2526 esl
1635 2505 1720 2525 carens
1734 2505 1821 2525 croco-

1031 2555 1108 2578 rum;
1132 2554 1222 2574 verum
1245 2553 1296 2573 non
1322 2545 1356 2572 ila
1382 2545 1465 2577 dixit,
1489 2543 1552 2576 sed,
1580 2543 1662 2571 Duces
1686 2549 1743 2571 sunt
1761 2545 1821 2570 mari

1031 2600 1154 2619 ctecorum
1165 2613 1171 2623 ,
1194 2591 1279 2626 legem
1300 2591 1334 2618 ab
1348 2590 1516 2618 accusatione
1531 2589 1683 2621 vindicans,
1701 2589 1726 2616 in
1749 2589 1821 2616 illos-

1032 2647 1082 2672 que
1103 2643 1186 2665 totum
1201 2637 1356 2664 refundens.
1380 2636 1480 2664 Deinde
1499 2641 1527 2662 ut
1541 2635 1645 2662 turbam
1668 2634 1702 2662 ab
1716 2635 1767 2662 illis
1779 2635 1822 2661 tli-

1031 2683 1141 2711 velleret
1153 2704 1161 2715 ,
1179 2691 1211 2709 ne
1232 2682 1259 2709 in
1275 2681 1427 2709 barathrum
1445 2681 1478 2707 ab
1492 2680 1556 2715 ipsis
1569 2679 1746 2715 dejiceretur,
1761 2680 1797 2706 ait
1813 2688 1821 2707 :

1033 2729 1063 2757 Si
1078 2737 1160 2756 cacus
1173 2736 1266 2755 meum
1288 2727 1379 2759 ducat,
1402 2726 1474 2753 ambo
1487 2726 1514 2753 in
1534 2726 1631 2760 foveam
1652 2724 1751 2752 cadant.
1766 2725 1822 2753 Ma~

1033 2783 1111 2810 gnum
1125 2774 1231 2810 quidem
1245 2773 1344 2800 malum
1359 2773 1464 2799 ctecltas
1477 2775 1518 2799 est
1542 2781 1548 2798 :
1570 2771 1616 2799 sed
1629 2778 1690 2800 esse
1705 2778 1803 2799 cat-cum
1813 2790 1822 2805 ,

1067 2863 1102 2891 (tt)
1121 2861 1242 2886 Maltlclmti
1255 2860 1337 2891 legem
1349 2865 1396 2884 non
1408 2865 1422 2882 a
1431 2857 1486 2882 Deo
1499 2860 1567 2881 Patre
1579 2863 1635 2882 esse
1643 2856 1767 2882 dicebant.
