2056 3132
260 125 311 154 M5

259 192 309 212 nec
324 185 421 212 habere
432 185 526 212 ducem
536 207 543 217 ,
563 190 590 212 et
602 193 631 212 se
642 185 739 214 ducem
753 186 886 220 pnnherc.
904 184 929 211 id
951 183 1049 218 duplex

259 230 410 266 triplexque
432 231 536 258 crimen
562 236 614 258 est.
637 231 704 258 Nam
730 228 752 258 si
775 230 952 264 periculosum
977 236 1050 255 ctcco

258 282 320 309 est,
338 285 390 303 non
414 276 513 304 habere
528 277 638 308 durent,
657 278 740 304 multo
761 276 937 312 periculosius
957 275 1008 303 erit
1027 275 1048 302 si

257 330 288 349 se
310 322 386 349 alteri
408 322 502 350 dueum
518 323 646 358 prteheat.
662 322 729 356 Quid
752 323 831 357 igitur
855 321 966 349 Pctrus‘.l
990 321 1048 349 Non

257 368 342 400 dixit,
357 368 410 395 Cur
438 368 496 396 haec
518 368 628 396 dixisti?
651 368 698 396 sed
720 368 796 403 quasi
821 368 860 396 rei
887 367 1048 396 obscuritate

258 420 367 446 pressus
380 413 536 448 interrogat.
552 413 607 441 Nec
623 413 687 441 dicit
702 414 775 441 :Cur
787 418 879 442 contra
901 413 986 448 legem
1007 413 1048 441 lo-

256 463 354 493 quutus
369 459 418 487 es?
433 459 542 486 timebat
556 459 626 486 enim
646 467 680 486 ne
695 459 889 488 scandalizatus
911 459 993 488 fuisse
1005 459 1043 487 vi-

256 504 381 538 deretur;
396 504 442 532 sed
465 505 539 539 quasi
555 504 666 533 obscura
681 511 724 531 res
739 508 812 533 esset
830 504 957 539 loquitur.
971 504 1046 537 Quod

256 558 322 578 vero
342 559 395 578 non
410 551 580 578 obscuritatis
593 557 691 582 causa,
714 550 762 578 sed
788 550 858 585 quod
884 550 1046 579 scandaliza-

255 601 344 628 rctur,
368 597 426 623 haec
437 596 551 625 dixerit.
569 596 655 630 palam
678 601 718 623 est
734 606 740 622 :
757 596 820 623 nihil
843 597 913 624 enim
937 596 970 623 ibi
996 596 1045 624 ob-

254 642 388 669 scuritatis
415 642 508 669 inerat.
536 642 664 674 Quocirca
691 641 812 671 Christus
836 642 955 675 increpat
984 641 1045 669 illos

253 688 369 714 dicens:
392 687 436 714 16.
464 687 554 714 Adhuc
573 695 616 716 vos
640 687 715 717 etiam
737 688 791 715 sine
814 687 940 715 intellectu
963 687 1045 715 citis?

253 733 318 760 Nam
334 734 418 761 turbze
430 733 538 760 forsitan
549 733 619 761 dicta
632 742 684 761 non
698 734 885 761 intellexerunt
898 742 904 760 :
919 734 967 768 ipsi
980 741 1043 763 vero

252 778 422 806 scandaliaati
441 778 556 806 fuerant.
580 779 668 813 Quare
690 779 779 812 initio,
802 780 876 814 quasi
897 780 930 808 de
952 779 1044 807 Phari-

251 825 312 851 κείς
336 825 547 859 interrogantes,
577 824 697 852 ediscere
719 824 859 857 volebant;
883 824 925 852 ubi
953 828 1042 852 autent

250 870 393 900 audierunt
412 878 472 897 eum
485 869 601 905 graviter
612 870 820 897 comminantem
841 877 873 898 ac
886 870 1019 900 dicentem
1032 891 1040 903 ,

253 915 343 943 Omnis
362 916 504 950 plautatio,
528 924 604 950 quant
635 923 685 942 non
711 916 833 950 plantavit
866 915 945 944 Pater
971 923 1041 946 meus

250 962 370 995 celestis,
391 961 573 994 eradicabitar,
587 965 632 992 et,
647 960 714 988 Caeci
725 966 783 989 sunt
804 962 880 990 dare:
899 969 1039 994 cwcorum,

249 1008 366 1041 repressi
387 1013 458 1035 sunt.
484 1007 536 1035 Sed
566 1008 659 1035 Petrus
680 1015 786 1041 semper
808 1007 921 1040 ardens,
945 1015 978 1035 nc
1001 1008 1040 1036 sic

249 1055 355 1088 quidem
371 1058 461 1081 tacere
482 1053 584 1088 potuit,
605 1052 652 1080 sed
666 1052 730 1081 dicit
745 1061 751 1079 :
768 1051 811 1079 15.
837 1051 956 1080 Edissere
969 1053 1039 1081 nobis

249 1099 398 1134 parebolmn
422 1100 496 1125 hanc.
513 1098 581 1132 Quid
605 1105 669 1133 ergo
692 1098 834 1128 Christus?
851 1098 1039 1125 Vehementius

248 1144 391 1179 respondet
416 1153 423 1170 ι
447 1144 537 1170 Adhuc
561 1144 637 1171 etiam
662 1151 705 1173 cas
732 1143 786 1172 sine
812 1143 939 1173 intellectu
960 1144 1039 1172 estis!

249 1193 292 1220 Π.
308 1192 428 1218 Nondum
450 1191 599 1226 intelligttir.
615 1190 677 1219 Hice
699 1190 766 1219 dixit
780 1190 935 1225 increpans,
959 1195 988 1218 ut
1004 1191 1037 1219 il-

248 1238 332 1265 lorum
353 1236 550 1272 pra-judicatam
572 1236 723 1271 opinionem
741 1236 866 1270 ejiceret,
882 1244 932 1264 nec
957 1236 1037 1266 linem

247 1284 350 1311 dicendi
372 1285 448 1315 l‘ecit,
463 1283 509 1310 sed
525 1283 583 1311 haec
603 1283 720 1318 adjecit:
737 1282 818 1311 Omne
839 1283 906 1318 quod
919 1284 996 1312 intrat
1009 1284 1036 1314 in

246 1338 291 1362 οι,
324 1330 351 1355 in
379 1334 487 1356 ventrem
515 1327 600 1361 vadit,
629 1333 653 1356 et
682 1329 709 1357 in
743 1337 866 1357 secessum
898 1329 1036 1362 emittitur,-

247 1375 290 1403 l8.
305 1383 361 1410 qua
378 1379 460 1401 autent
480 1374 617 1410 procedunt
642 1382 673 1404 ea:
698 1382 757 1405 ore,
783 1374 814 1404 de
837 1374 912 1401 corde
925 1379 1034 1410 exeunt,

246 1426 268 1449 rt
278 1421 323 1448 illa
335 1420 497 1455 coinquinant
512 1420 648 1448 hominem.
669 1419 711 1447 i9.
729 1419 767 1448 De
778 1420 854 1446 corde
865 1419 932 1446 anim
943 1424 1035 1450 exeunt

245 1467 406 1502 cogitationes
431 1466 523 1497 multa,
544 1467 696 1496 homicidia.
719 1466 861 1498 adulteria,
887 1467 1035 1502 fornicatio-

245 1522 305 1546 nee,
333 1513 419 1549 furta,
441 1513 623 1547 blasphemia,
648 1514 713 1547 {alia
739 1514 890 1543 testimonia.
919 1513 965 1542 20.
999 1513 1035 1541 Et

243 1560 297 1586 hac
310 1564 368 1586 sunt
388 1567 445 1594 qua:
464 1559 626 1593 coinquinant
646 1559 780 1588 hominem.
796 1558 857 1586 Non
874 1559 932 1586 lotis
950 1564 1035 1587 autem

243 1606 358 1633 manibus
371 1606 541 1637 manducare,
559 1613 609 1632 non
626 1606 772 1640 coinquinat
789 1606 923 1633 hominem.
940 1605 1033 1633 Viden'

243 1660 323 1687 quam
339 1651 513 1679 vehementer
525 1652 585 1678 illos
599 1651 736 1685 increpet?
756 1651 857 1680 Deinde
868 1660 881 1678 u
896 1651 1033 1681 communi

243 1702 336 1725 natura
361 1697 573 1727 sermoeinatur,
596 1701 624 1724 ut
653 1697 711 1724 illos
737 1697 769 1725 ad
794 1697 889 1725 bonam
915 1701 1031 1727 mentem

242 1743 331 1771 ducat.
352 1743 419 1771 Cum
434 1741 506 1771 enim
528 1743 608 1777 dicit,
625 1742 656 1770 lu
676 1748 786 1771 uentrem
807 1744 892 1775 vadit,
906 1749 928 1770 at
946 1744 973 1770 in
994 1750 1033 1771 se-

241 1796 338 1817 certum
359 1790 493 1821 emittitur,
514 1789 602 1817 adhuc
624 1789 769 1818 secundum
795 1789 934 1818 Judaicum
956 1790 1032 1825 obje-

242 1840 313 1863 ctnm
327 1843 434 1863 sensum
449 1835 573 1869 loquitur.
589 1835 656 1863 Dicit
668 1836 756 1868 enim,
773 1835 817 1863 illa
832 1843 885 1863 non
901 1843 1010 1864 manere
1022 1856 1030 1868 ,

240 1883 288 1914 sed
310 1882 411 1920 egredi.
428 1882 593 1919 Quamquam
607 1883 711 1910 etiamsi
734 1887 887 1917 manerent,
904 1891 957 1911 non
979 1883 1031 1910 im-

241 1931 369 1962 mundum
391 1929 543 1958 redderent.
569 1929 621 1957 Sed
637 1928 752 1956 nondtun
776 1934 899 1964 poterant
913 1929 970 1957 luce
984 1937 1031 1957 au-

240 1982 308 2013 dire.
325 1979 386 2008 Ideo
400 1978 536 2014 legislator
557 1979 631 2005 tanto
646 1975 755 2003 dimittit.
777 1980 913 2010 tempore,
930 1979 1031 2010 quanto

241 2027 312 2055 intus
333 2030 438 2054 maneat
460 2034 467 2053 :
487 2033 548 2052 cum
573 2029 660 2055 autem
687 2031 824 2059 egressum
859 2022 951 2056 fuerit,
977 2030 1029 2052 non

241 2073 320 2100 ultra.
336 2072 453 2106 Vespere
473 2071 551 2105 igitur
565 2071 646 2097 lavari
656 2070 749 2105 jubet,
761 2077 792 2097 ac
810 2069 938 2099 mundum
951 2076 1028 2103 esse,

240 2117 396 2152 digestionis
410 2121 437 2143 et
450 2117 613 2150 expulsiouis
626 2121 729 2150 tempus
740 2120 864 2143 accurate
876 2115 1028 2144 dimelicns.

240 2163 305 2198 Qua:
324 2168 412 2190 autem
427 2162 515 2189 cordis
543 2167 621 2194 sunt,
643 2162 743 2196 inquit,
769 2161 839 2189 intus
864 2166 988 2192 manent,
1003 2166 1030 2189 ct

240 2217 299 2237 cum
322 2209 506 2244 egrediuntur,
521 2208 711 2242 coinquinant,
731 2215 781 2235 nec
796 2207 875 2234 modo
890 2215 950 2235 cum
973 2215 1029 2234 ma-

240 2260 320 2288 nent,
346 2255 372 2282 id
391 2255 499 2283 taciunt.
524 2254 613 2281 Primo
636 2254 711 2288 ponit
733 2253 816 2280 malas
837 2253 1027 2287 cogitationes,

240 2301 310 2336 quod
321 2300 473 2329 Jttdamrum
486 2303 542 2326 erat
569 2308 575 2325 :
601 2307 650 2326 nec
663 2298 750 2325 adhuc
772 2306 786 2325 a
811 2303 923 2330 natura,
945 2298 991 2325 scd
1013 2306 1028 2325 a

239 2351 317 2379 partu
330 2346 430 2373 ventris
443 2350 470 2373 et
484 2344 572 2372 cordis
591 2344 742 2379 redarguit,
756 2349 784 2371 et
796 2352 828 2371 ex
840 2351 874 2372 eo
893 2343 964 2379 quod
977 2344 1028 2372 alia

238 2392 381 2419 maneant,
399 2389 453 2417 alia
467 2396 521 2415 non
534 2390 608 2415 item.
631 2390 688 2416 Alia
703 2391 786 2423 enim,
796 2391 829 2418 de
846 2391 913 2419 loris
927 2391 1028 2426 ingres-

239 2442 289 2466 sa,
312 2433 386 2462 foras
409 2442 506 2462 rursus
527 2441 628 2463 exeunt
644 2445 650 2463 :
667 2436 720 2465 alia
739 2444 814 2469 vero,
837 2438 910 2466 intus
927 2438 1026 2472 genita,

240 2487 304 2509 eum
332 2485 449 2512 exeunt,
475 2481 676 2516 coinquinant,
703 2487 731 2511 et
758 2486 823 2512 tunc
843 2482 948 2517 magis,
965 2490 1027 2511 cum

238 2526 421 2559 egrediuntur.
445 2525 565 2552 Nuntium
582 2525 653 2552 enim
676 2528 817 2559 poterant,
834 2529 862 2551 ut
884 2525 955 2556 dixi,
971 2525 1028 2552 haec

236 2577 298 2596 cum
317 2570 473 2605 congruenti
490 2570 656 2605 philosophia
678 2570 779 2597 audire.
797 2570 899 2600 Marcus
912 2570 985 2605 (Cap.
999 2571 1025 2599 7.

238 2616 283 2650 i9)
295 2621 383 2643 autem
396 2616 475 2648 dicit,
492 2617 577 2651 ipsum
592 2616 624 2642 ad
638 2616 788 2651 purgandus
801 2616 875 2643 cibos
884 2616 1028 2643 incedixis-

237 2670 284 2696 se;
301 2670 351 2689 non
377 2668 465 2690 tamen
495 2663 521 2690 id
546 2663 692 2697 expressit,
707 2662 776 2697 quod
801 2662 861 2690 talia
885 2662 1026 2689 comedere

238 2715 291 2738 pun
308 2707 462 2741 coinquinet
483 2707 619 2734 hominem
645 2716 651 2734 :
678 2715 731 2734 non
746 2707 817 2735 enim
833 2706 978 2734 voluissent
992 2706 1024 2733 il-

238 2754 293 2780 lum
308 2758 361 2780 tam
374 2753 447 2780 dare
467 2754 617 2788 loquentem
637 2753 739 2781 audire.
756 2753 817 2781 ideo
831 2753 888 2780 luet:
902 2752 1002 2780 addidit
1017 2762 1023 2779 :

239 2798 299 2825 Non
320 2798 377 2825 lotis
398 2798 512 2825 manibus
537 2799 687 2825 manducare
699 2819 706 2831 ,
721 2807 770 2825 non
785 2799 929 2830 coinquinat
942 2798 1024 2824 homi-

239 2852 307 2874 nem.
322 2843 459 2871 Discumn:
473 2851 536 2879 ergo
546 2852 668 2880 quaenam
683 2844 854 2880 coinquinant.
866 2845 999 2874 hominem
1015 2853 1022 2872 :

614 124 639 155 S
661 125 798 155 JOANNIS
815 122 1051 157 (ῖιιιῑγεοδτυδίι
1072 124 1229 153 AilClllEP.
1250 125 1516 158 CONSTANTINOP.
1845 132 1892 163 5m

1104 182 1234 211 discamus
1249 185 1323 218 lucc,
1337 192 1364 213 et
1378 187 1518 222 fugiamus.
1531 188 1596 218 Nam
1611 190 1637 217 in
1651 190 1761 219 ecclesia
1775 191 1896 220 videmus

1103 228 1173 258 lquc
1195 238 1296 258 morem
1320 233 1390 267 apud
1414 234 1510 262 multos
1522 235 1625 270 vigere,
1643 236 1687 274 qui
1714 238 1820 264 mundis
1846 246 1894 266 rc-

1102 275 1187 302 stihus
1211 275 1310 304 intrare
1334 278 1454 310 student,
1485 280 1602 315 itemque
1626 282 1686 308 lotis
1707 283 1843 316 manibus;
1868 291 1894 315 ut

1102 328 1166 347 vero
1184 321 1300 349 animant
1322 331 1415 358 puram
1432 324 1487 352 Deo
1500 326 1593 353 sistant
1604 347 1612 359 ,
1635 327 1699 358 nihil
1714 334 1817 356 curant.
1833 330 1895 357 llzcc

1103 374 1183 401 porro
1194 367 1270 401 diro,
1288 377 1341 396 non
1366 371 1436 404 quod
1462 371 1617 405 prohibeam
1634 381 1727 401 manus
1748 375 1788 403 vel
1804 384 1834 403 os
1855 377 1893 406 la-

1101 418 1163 439 vare
1173 433 1181 447 ,
1196 413 1243 440 sed
1258 414 1329 448 quod
1343 415 1421 442 velint
1433 416 1466 443 ita
1483 417 1563 444 lavari
1579 423 1607 444 ut
1620 426 1667 453 par
1679 425 1720 450 est
1731 440 1739 450 .
1757 428 1810 451 non
1825 429 1893 456 aqua

1100 456 1203 489 solum,
1224 458 1270 485 sed
1294 459 1443 488 virtutibus.
1460 461 1527 489 Nam
1541 464 1635 494 sordes
1656 465 1711 494 oris
1726 471 1789 496 sunt
1809 467 1893 496 male-

1100 501 1185 535 dicta,
1215 503 1397 539 blasphemia,
1431 508 1598 540 convicium,
1630 511 1711 537 verba
1749 512 1892 542 iracundia:

1100 547 1187 581 plena,
1201 549 1243 576 vel
1256 549 1380 578 obsctena
1391 572 1398 584 ,
1413 552 1523 580 ridicula
1534 574 1542 586 ,
1558 555 1688 584 scurrilia.
1705 556 1733 583 Si
1756 565 1819 593 ergo
1845 558 1889 585 tibi

1098 593 1221 620 conscius
1241 594 1278 625 sis
1294 595 1357 622 nihil
1372 596 1424 626 tale
1436 597 1536 626 dixisse
1557 603 1598 632 te,
1614 608 1700 635 neque
1714 601 1754 628 his
1768 602 1890 630 sordibus

1099 638 1247 674 inquinari,
1263 648 1323 668 cum
1345 642 1439 670 liducia
1463 644 1577 677 accede;
1593 646 1633 673 sin
1659 648 1754 675 millies
1770 648 1817 676 has
1841 652 1889 677 ad-

1098 684 1192 711 misisti
1215 687 1349 720 maculas,
1364 696 1413 716 cur
1438 689 1534 720 frustra
1560 692 1675 727 linguam
1700 695 1804 728 abluis,
1826 697 1888 724 dum

1098 731 1262 764 perniciosas
1273 739 1300 760 et
1315 736 1407 761 noxias
1418 737 1511 763 Sordes
1528 737 1552 764 in
1568 739 1609 765 illa
1622 741 1793 768 circumfers?

1132 776 1159 803 5.
1177 777 1233 811 Qua
1247 779 1344 806 ratione
1357 781 1480 807 orandum
1494 783 1579 808 sit.~—
1589 784 1653 812 Nam
1671 786 1713 812 dic
1728 788 1790 814 mihi
1804 809 1809 817 .
1822 789 1842 814 si
1858 789 1886 816 li-

1096 828 1167 849 mum
1190 828 1216 850 et
1240 823 1321 852 lutum
1343 834 1396 859 prce
1420 828 1541 855 manilius
1566 829 1691 865 haberes,
1717 841 1750 859 an
1776 835 1886 861 auderes

1095 869 1193 896 orare?
1209 869 1389 907 Nequaquam.
1407 873 1530 901 Attamen
1548 876 1611 903 nihil
1626 877 1688 904 hinc
1701 879 1809 911 damni;
1824 881 1885 908 illud

1094 918 1182 942 autem
1196 916 1374 949 perniciosum
1387 924 1435 945 est.
1454 920 1507 947 Cur
1522 929 1584 955 ergo
1599 923 1624 948 in
1645 924 1723 951 rebus
1738 925 1886 954 indilleren‘

1095 960 1165 990 libus
1183 963 1251 997 pius.
1270 962 1294 989 in
1308 963 1448 1000 prohibitis
1461 966 1493 992 ita
1508 968 1643 1002 negligens
1658 978 1686 996 es
1700 970 1710 996 ἶ)
1725 972 1791 1005 Quid
1805 974 1885 1008 ergo?

1094 1007 1214 1042 inquies;
1231 1016 1283 1036 non
1305 1011 1408 1044 precari
1431 1015 1557 1046 oportet?
1573 1015 1684 1048 Oportet
1704 1019 1821 1051 quidem,
1839 1007 1884 1047 sed

1093 1061 1145 1080 non
1163 1054 1286 1083 sordibus
1309 1058 1481 1092 maculatum,
1503 1069 1554 1087 non
1569 1066 1640 1088 tanto
1655 1070 1731 1090 (‘tBno
1749 1071 1883 1093 onustum.

1091 1100 1159 1132 Quid
1174 1100 1196 1127 si
1207 1108 1269 1130 casu
1283 1102 1372 1137 lapsus
1385 1104 1479 1131 lucro?
1494 1106 1578 1140 l’urga
1593 1108 1715 1142 tcipsuni.
1727 1110 1884 1143 Quomodo?

1091 1144 1174 1180 Luge,
1188 1153 1275 1181 gente,
1290 1148 1485 1185 eleemosynam
1502 1159 1589 1186 croga,
1606 1162 1685 1188 purga
1701 1160 1726 1182 te
1739 1157 1807 1191 apud
1823 1166 1883 1185 eum

1090 1198 1169 1224 quem
1183 1193 1342 1221 contumelia
1359 1195 1481 1229 alit-cisti,
1496 1198 1636 1226 reconcilia
1658 1205 1682 1227 te
1698 1200 1744 1232 illi.
1763 1202 1883 1237 absterge

1092 1236 1219 1271 linguam,
1234 1246 1267 1265 ne
1281 1240 1387 1274 gravius
1403 1241 1483 1268 Deum
1499 1243 1594 1270 irritos.
1611 1244 1676 1272 Nam
1692 1248 1712 1272 si
1728 1249 1787 1281 quis
1798 1250 1883 1278 sordi-

1089 1280 1159 1309 datis
1173 1287 1292 1312 slemorc
1311 1286 1432 1313 manibus
1450 1288 1529 1321 pedes
1547 1295 1604 1316 tuos
1617 1280 1770 1325 supplicans
1792 1298 1881 1328 tange-

1089 1332 1139 1362 ret,
1150 1335 1202 1355 non
1216 1329 1297 1356 modo
1310 1330 1381 1360 illiilli
1394 1340 1445 1358 non
1458 1334 1573 1367 audires,
1585 1336 1630 1362 scd
1648 1337 1713 1370 pede
1726 1338 1879 1373 impeterest

1088 1374 1222 1407 quomodo
1233 1375 1316 1403 audes
1330 1378 1368 1404 sic
1384 1378 1466 1405 Deum
1482 1380 1575 1408 adire?
1589 1381 1652 1410 Nam
1669 1384 1753 1418 lingua
1770 1393 1880 1419 ρηοδιυς

1089 1419 1153 1446 tium
1171 1425 1212 1448 est
1227 1429 1331 1454 manus,
1347 1431 1377 1450 ae
1397 1432 1444 1458 per
1457 1433 1515 1453 eam
1538 1427 1581 1454 llci
1598 1436 1683 1461 genua
1706 1432 1880 1466 apprehendi.

1088 1473 1158 1492 mns.
1169 1466 1207 1494 Ne
1228 1467 1316 1503 itaque
1331 1469 1402 1496 iliam
1417 1473 1604 1505 commacules,
1618 1483 1650 1500 ne
1667 1475 1711 1501 tibi
1729 1476 1797 1503 dicat
1811 1477 1856 1504 ille
1871 1486 1877 1503 :

1089 1512 1119 1540 Si
1130 1513 1355 1547 multiplicarerilis
1367 1516 1576 1550 dnprrmtiunem,
1595 1528 1642 1546 non
1657 1522 1788 1548 exaudiam
1803 1522 1878 1557 (Iani.

1088 1557 1114 1585 Ι.
1125 1558 1180 1594 i5).
1192 1557 1258 1586 Nam
1271 1559 1305 1588 lu
1318 1569 1393 1588 manu
1407 1562 1499 1596 linguw
1512 1564 1562 1589 vim
1577 1570 1598 1590 at
1608 1573 1673 1592 mors
1684 1572 1718 1593 cst
1729 1567 1818 1601 (Prov.
1836 1569 1877 1597 18.

1087 1603 1117 1630 21
1132 1603 1142 1639 )
1153 1612 1160 1636 ;
1176 1610 1202 1631 et
1216 1605 1257 1632 Ex
1270 1608 1426 1634 sermonibus
1438 1609 1487 1634 tuis
1497 1610 1687 1642 jnstiﬁcaberis,
1699 1617 1772 1646 atque
1782 1622 1812 1641 ac
1824 1623 1878 1642 scr-

1086 1649 1200 1676 mouibua
1222 1650 1271 1677 tui:
1289 1652 1493 1679 rondcnmnhcris
1512 1657 1519 1688 (
1535 1653 1625 1682 Matth.
1650 1656 1692 1682 12.
1714 1656 1747 1684 57
1761 1658 1779 1691 ).
1797 1659 1877 1694 Magis

1087 1695 1165 1728 igitur
1178 1703 1257 1730 quam
1278 1697 1403 1732 pupillam
1422 1699 1490 1725 oculi
1509 1700 1623 1734 linguam
1643 1706 1712 1728 [Imm
1734 1705 1877 1731 custodias.

1086 1739 1185 1777 Regius
1197 1742 1304 1777 quidam
1324 1751 1407 1778 equus
1423 1750 1463 1771 est
1487 1746 1586 1781 lingua.
1603 1748 1628 1775 Si
1645 1757 1707 1783 ergo
1722 1750 1757 1776 illi
1775 1750 1877 1778 frenum

1086 1789 1239 1822 immiscris,
1253 1795 1280 1818 et
1292 1792 1422 1819 cencinne
1439 1792 1475 1818 ire
1491 1793 1630 1827 docueris,
1641 1803 1686 1822 rex
1703 1796 1728 1822 in
1744 1797 1786 1823 illa
1803 1799 1878 1825 sedc-

1086 1834 1124 1862 Ιιίι
1137 1839 1164 1861 et
1176 1835 1311 1869 quiescet;
1329 1837 1369 1863 sin
1387 1837 1515 1864 infrenem
1533 1839 1589 1866 ﬁeri
1606 1841 1733 1874 etjacluri
1751 1843 1877 1876 permise-

1085 1880 1131 1911 I'is.
1153 1880 1250 1910 diaboli
1272 1887 1299 1911 et
1320 1882 1470 1910 darniouum
1495 1885 1644 1913 vehiculum
1669 1888 1728 1915 crit.
1751 1888 1791 1915 Tu
1814 1897 1877 1916 vero

1084 1927 1191 1962 quando
1202 1936 1262 1957 cum
1277 1937 1359 1957 uxore
1370 1931 1545 1965 conculiuisti,
1560 1933 1630 1967 quod
1645 1941 1707 1960 sane
1722 1935 1797 1969 (-ulpa
1814 1936 1876 1962 lihe-

1084 1983 1141 2002 rum
1155 1979 1205 2008 est,
1221 1976 1323 2009 precari
1338 1985 1389 2003 non
1403 1977 1501 2010 audes;
1517 1983 1575 2012 post
1590 1979 1736 2007 convicium
1750 1985 1836 2008 autem
1850 1987 1876 2008 et

1083 2021 1270 2051 contumeliam
1283 2043 1290 2054 ,
1306 2030 1365 2057 qua:
1376 2023 1522 2057 gehennam
1537 2029 1683 2058 uterentur,
1696 2031 1834 2060 antequam
1851 2032 1875 2055 lo

1084 2069 1167 2103 probe
1179 2070 1342 2106 purgaveris,
1355 2070 1474 2096 extendis
1489 2072 1602 2098 manus?
1615 2076 1641 2098 ct
1655 2073 1797 2106 quomodo,
1805 2082 1876 2108 quau

1084 2122 1123 2146 so,
1138 2123 1192 2142 non
1216 2115 1397 2149 perhorrescis
1407 2117 1418 2141 Υ
1432 2116 1488 2142 Non
1502 2117 1597 2143 audisti
1614 2117 1721 2144 Paulum
1734 2118 1872 2150 dicentem,

1085 2161 1240 2189 Ilonorubilc
1247 2162 1403 2196 conjugium,
1419 2168 1441 2188 at
1457 2168 1524 2188 torus
1536 2164 1711 2190 immnculatus
1726 2166 1733 2199 (
1746 2164 1822 2191 llcbr.
1832 2166 1873 2193 15.

1083 2208 1100 2235 4
1112 2207 1144 2242 )?
1160 2208 1187 2236 Si
1201 2212 1289 2235 autent
1303 2215 1335 2236 ex
1349 2209 1517 2234 iuunaeulato
1536 2214 1593 2235 toro
1604 2217 1715 2244 surgens
1728 2218 1778 2236 non
1794 2210 1875 2237 audes

1081 2254 1116 2282 ad
1139 2254 1287 2282 orationem
1309 2255 1448 2287 aetredere,
1464 2263 1524 2282 cum
1548 2263 1579 2282 ex
1595 2261 1652 2282 loro
1674 2256 1805 2283 dialiulico
1827 2258 1873 2287 sis,

1082 2309 1130 2328 cur
1163 2301 1291 2329 horribile
1326 2301 1388 2328 illud
1423 2302 1592 2336 tt-rrihilcque
1626 2310 1722 2330 nomen
1753 2303 1875 2331 invocare

1083 2347 1183 2374 audes?
1205 2346 1306 2374 Diaboli
1320 2348 1417 2381 quippe
1433 2347 1516 2374 Icelus
1535 2352 1575 2373 est
1597 2348 1621 2374 in
1645 2348 1772 2375 eonviciis
1785 2354 1812 2376 et
1826 2357 1874 2383 0p-

1082 2393 1196 2427 probriis
1209 2392 1290 2420 lavari
1305 2392 1351 2427 (a).
1368 2394 1405 2419 Ac
1422 2393 1492 2419 velut
1505 2393 1667 2426 perniciosus
1680 2393 1786 2428 quidam
1802 2394 1874 2422 adul-

1082 2444 1124 2465 ter
1144 2438 1281 2466 iracundia
1309 2446 1359 2465 nos
1382 2446 1441 2465 cum
1470 2446 1563 2473 magna
1587 2439 1720 2475 voluptate
1753 2439 1850 2466 invadit
1867 2461 1874 2470 ,

1083 2485 1230 2520 perniciOSa
1252 2485 1279 2512 in
1303 2485 1380 2512 nobis
1404 2485 1505 2518 j.u:iens
1533 2486 1652 2516 St'nlilln,
1677 2490 1704 2512 et
1731 2485 1875 2513 diabolica:

1080 2531 1192 2565 gignens
1207 2530 1369 2559 inimicitias.
1382 2539 1411 2556 ac
1423 2535 1514 2557 contra
1530 2531 1690 2557 ('Ontltlltittlll
1700 2532 1788 2558 omnia
1802 2531 1872 2557 facit.

1081 2577 1146 2604 Nam
1159 2577 1312 2611 coniugium
1337 2577 1360 2602 id
1384 2577 1446 2603 facit
1470 2581 1497 2602 ut
1521 2577 1573 2603 duo
1588 2577 1639 2603 sint
1660 2584 1723 2603 caro
1743 2584 1811 2608 una;
1836 2576 1871 2602 ira

1079 2630 1203 2651 veroeos
1215 2624 1259 2657 qui
1278 2623 1361 2656 juncti
1383 2628 1443 2650 sunt
1458 2623 1483 2648 in
1505 2628 1591 2656 partes
1609 2622 1719 2652 dividit.
1736 2622 1873 2658 ipsamque

1080 2669 1196 2696 animam
1218 2668 1315 2696 scindit
1338 2673 1365 2695 et
1393 2668 1501 2695 lacerat.
1524 2667 1557 2694 Ut
1580 2668 1666 2701 itaque
1688 2675 1748 2694 cmn
1778 2667 1871 2694 liducia

1080 2714 1164 2741 Deum
1182 2714 1272 2744 adeas,
1295 2714 1359 2740 iram
1377 2718 1402 2740 te
1422 2713 1588 2741 inradenlem
1605 2721 1637 2740 ne
1661 2713 1785 2740 admittas
1797 2733 1804 2744 ,
1826 2713 1871 2739 sed

1079 2759 1154 2794 quidsi
1168 2758 1288 2786 rabidum
1302 2767 1393 2785 canem
1410 2758 1523 2793 depelle.
1541 2758 1604 2785 Illud
1620 2758 1689 2784 enim
1702 2757 1797 2783 Paulus
1813 2756 1871 2791 jus-

1085 2850 1090 2855 .
1114 2820 1217 2855 (a)_Non_
1228 2821 1299 2855 rideo
1310 2821 1397 2847 borum
1410 2824 1602 2848 consonantiam.
1616 2836 1644 2840 -—
1658 2822 1723 2848 Vidit
1735 2823 1816 2854 ΗΜ,

1075 2851 1120 2885 ,ᾔει
1134 2851 1166 2884 cf.
1179 2851 1265 2878 Adnot.
1278 2853 1346 2879 Eutr.
