  <div class='ocr_page' id='page_1' title='image "/cluster/home/n/w/nwhite01/storage/ocr_20150623/57-58/njp.32101077772653/456.png"; bbox 0 0 2056 3132; ppageno 0'>
   <div class='ocr_carea' id='block_1_1' title="bbox 198 117 251 145">
    <p class='ocr_par' dir='ltr' id='par_1_1' title="bbox 198 117 251 145">
     <span class='ocr_line' id='line_1_1' title="bbox 198 117 251 145; baseline -0.019 0"><span class='ocrx_word' id='word_1_1' title='bbox 198 117 251 145; x_wconf 71' lang='grc'><strong>517</strong></span> 
     </span>
    </p>
   </div>
   <div class='ocr_carea' id='block_1_2' title="bbox 196 175 991 213">
    <p class='ocr_par' dir='ltr' id='par_1_2' title="bbox 196 175 991 213">
     <span class='ocr_line' id='line_1_2' title="bbox 196 175 991 213; baseline 0.003 -11"><span class='ocrx_word' id='word_1_2' title='bbox 196 176 250 203; x_wconf 78' lang='lat' dir='ltr'><strong>sit:</strong></span> <span class='ocrx_word' id='word_1_3' title='bbox 265 175 386 203; x_wconf 68' lang='lat' dir='ltr'><strong>Lemma</strong></span> <span class='ocrx_word' id='word_1_4' title='bbox 400 182 500 203; x_wconf 74' lang='lat' dir='ltr'><strong>sanctas</strong></span> <span class='ocrx_word' id='word_1_5' title='bbox 514 184 604 204; x_wconf 81' lang='lat' dir='ltr'><strong>uiuum</strong></span> <span class='ocrx_word' id='word_1_6' title='bbox 620 177 712 213; x_wconf 79' lang='lat' dir='ltr'><strong>absque</strong></span> <span class='ocrx_word' id='word_1_7' title='bbox 728 177 766 204; x_wconf 87' lang='lat' dir='ltr'><strong>ira</strong></span> <span class='ocrx_word' id='word_1_8' title='bbox 778 183 801 205; x_wconf 92' lang='lat' dir='ltr'><strong>et</strong></span> <span class='ocrx_word' id='word_1_9' title='bbox 812 178 991 213; x_wconf 75' lang='lat' dir='ltr'><strong>disceptatione</strong></span> 
     </span>
    </p>
   </div>
   <div class='ocr_carea' id='block_1_3' title="bbox 196 221 989 259">
    <p class='ocr_par' dir='ltr' id='par_1_3' title="bbox 196 221 989 259">
     <span class='ocr_line' id='line_1_3' title="bbox 196 221 989 259; baseline 0.005 -12"><span class='ocrx_word' id='word_1_10' title='bbox 196 221 242 257; x_wconf 88' lang='grc'><strong>(1.</strong></span> <span class='ocrx_word' id='word_1_11' title='bbox 259 221 325 248; x_wconf 89' lang='lat' dir='ltr'><strong>Tim.</strong></span> <span class='ocrx_word' id='word_1_12' title='bbox 349 221 376 248; x_wconf 72' lang='lat'><strong>2.</strong></span> <span class='ocrx_word' id='word_1_13' title='bbox 393 221 439 258; x_wconf 83' lang='lat'><strong>8).</strong></span> <span class='ocrx_word' id='word_1_14' title='bbox 455 221 494 249; x_wconf 87' lang='lat' dir='ltr'><strong>Ne</strong></span> <span class='ocrx_word' id='word_1_15' title='bbox 518 222 634 258; x_wconf 83' lang='lat' dir='ltr'><strong>linguam</strong></span> <span class='ocrx_word' id='word_1_16' title='bbox 663 231 728 259; x_wconf 81' lang='lat' dir='ltr'><strong>ergo</strong></span> <span class='ocrx_word' id='word_1_17' title='bbox 751 224 876 259; x_wconf 74' lang='lat' dir='ltr'><strong>deturpcs</strong></span> <span class='ocrx_word' id='word_1_18' title='bbox 896 233 902 251; x_wconf 92' lang='lat'>:</span> <span class='ocrx_word' id='word_1_19' title='bbox 929 231 989 251; x_wconf 89' lang='lat' dir='ltr'><strong>nam</strong></span> 
     </span>
    </p>
   </div>
   <div class='ocr_carea' id='block_1_4' title="bbox 196 268 991 303">
    <p class='ocr_par' dir='ltr' id='par_1_4' title="bbox 196 268 991 303">
     <span class='ocr_line' id='line_1_4' title="bbox 196 268 991 303; baseline 0.005 -10"><span class='ocrx_word' id='word_1_20' title='bbox 196 268 330 302; x_wconf 89' lang='lat' dir='ltr'><strong>quomodo</strong></span> <span class='ocrx_word' id='word_1_21' title='bbox 344 275 393 302; x_wconf 85' lang='lat' dir='ltr'><strong>pro</strong></span> <span class='ocrx_word' id='word_1_22' title='bbox 408 273 434 295; x_wconf 87' lang='lat' dir='ltr'><strong>te</strong></span> <span class='ocrx_word' id='word_1_23' title='bbox 447 269 614 303; x_wconf 74' lang='lat' dir='ltr'><strong>precabitur,</strong></span> <span class='ocrx_word' id='word_1_24' title='bbox 628 277 688 296; x_wconf 91' lang='lat' dir='ltr'><strong>cum</strong></span> <span class='ocrx_word' id='word_1_25' title='bbox 704 269 827 297; x_wconf 85' lang='lat' dir='ltr'><strong>ﬁduciam</strong></span> <span class='ocrx_word' id='word_1_26' title='bbox 850 270 991 297; x_wconf 67' lang='lat' dir='ltr'><strong>amiseris?</strong></span> 
     </span>
    </p>
   </div>
   <div class='ocr_carea' id='block_1_5' title="bbox 195 313 987 350">
    <p class='ocr_par' dir='ltr' id='par_1_5' title="bbox 195 313 987 350">
     <span class='ocr_line' id='line_1_5' title="bbox 195 313 987 350; baseline 0.004 -10"><span class='ocrx_word' id='word_1_27' title='bbox 195 313 242 341; x_wconf 89' lang='lat' dir='ltr'><strong>scd</strong></span> <span class='ocrx_word' id='word_1_28' title='bbox 257 321 322 340; x_wconf 89' lang='lat' dir='ltr'><strong>orna</strong></span> <span class='ocrx_word' id='word_1_29' title='bbox 335 314 405 341; x_wconf 84' lang='lat' dir='ltr'><strong>illam</strong></span> <span class='ocrx_word' id='word_1_30' title='bbox 420 315 559 347; x_wconf 79' lang='lat' dir='ltr'><strong>modestia,</strong></span> <span class='ocrx_word' id='word_1_31' title='bbox 571 315 735 343; x_wconf 81' lang='lat' dir='ltr'><strong>humilitate:</strong></span> <span class='ocrx_word' id='word_1_32' title='bbox 752 316 792 343; x_wconf 86' lang='lat' dir='ltr'><strong>fac</strong></span> <span class='ocrx_word' id='word_1_33' title='bbox 804 316 908 350; x_wconf 83' lang='lat' dir='ltr'><strong>dignam</strong></span> <span class='ocrx_word' id='word_1_34' title='bbox 924 316 987 348; x_wconf 79' lang='lat' dir='ltr'><strong>Deo,</strong></span> 
     </span>
    </p>
   </div>
   <div class='ocr_carea' id='block_1_6' title="bbox 195 360 989 395">
    <p class='ocr_par' dir='ltr' id='par_1_6' title="bbox 195 360 989 395">
     <span class='ocr_line' id='line_1_6' title="bbox 195 360 989 395; baseline 0.003 -9"><span class='ocrx_word' id='word_1_35' title='bbox 195 360 240 393; x_wconf 93' lang='lat' dir='ltr'><strong>qui</strong></span> <span class='ocrx_word' id='word_1_36' title='bbox 261 368 308 394; x_wconf 85' lang='lat' dir='ltr'><strong>per</strong></span> <span class='ocrx_word' id='word_1_37' title='bbox 332 361 401 386; x_wconf 86' lang='lat' dir='ltr'><strong>illam</strong></span> <span class='ocrx_word' id='word_1_38' title='bbox 426 366 553 395; x_wconf 81' lang='lat' dir='ltr'><strong>rogatur;</strong></span> <span class='ocrx_word' id='word_1_39' title='bbox 571 361 640 387; x_wconf 83' lang='lat' dir='ltr'><strong>illaut</strong></span> <span class='ocrx_word' id='word_1_40' title='bbox 664 362 736 395; x_wconf 90' lang='lat' dir='ltr'><strong>reple</strong></span> <span class='ocrx_word' id='word_1_41' title='bbox 759 362 941 389; x_wconf 87' lang='lat' dir='ltr'><strong>benedictione</strong></span> <span class='ocrx_word' id='word_1_42' title='bbox 963 367 989 388; x_wconf 85' lang='lat' dir='ltr'><strong>et</strong></span> 
     </span>
    </p>
   </div>
   <div class='ocr_carea' id='block_1_7' title="bbox 195 406 987 441">
    <p class='ocr_par' dir='ltr' id='par_1_7' title="bbox 195 406 987 441">
     <span class='ocr_line' id='line_1_7' title="bbox 195 406 987 441; baseline 0.003 -9"><span class='ocrx_word' id='word_1_43' title='bbox 195 406 375 440; x_wconf 71' lang='lat' dir='ltr'><strong>eli-emosyua.</strong></span> <span class='ocrx_word' id='word_1_44' title='bbox 404 406 469 432; x_wconf 73' lang='lat' dir='ltr'><strong>Nam</strong></span> <span class='ocrx_word' id='word_1_45' title='bbox 495 407 583 433; x_wconf 85' lang='lat' dir='ltr'><strong>verbis</strong></span> <span class='ocrx_word' id='word_1_46' title='bbox 609 408 688 433; x_wconf 83' lang='lat' dir='ltr'><strong>etiam</strong></span> <span class='ocrx_word' id='word_1_47' title='bbox 713 412 797 440; x_wconf 81' lang='lat' dir='ltr'><strong>potest</strong></span> <span class='ocrx_word' id='word_1_48' title='bbox 820 408 987 441; x_wconf 75' lang='lat' dir='ltr'><strong>clremosyna</strong></span> 
     </span>
    </p>
   </div>
   <div class='ocr_carea' id='block_1_8' title="bbox 195 452 986 488">
    <p class='ocr_par' dir='ltr' id='par_1_8' title="bbox 195 452 986 488">
     <span class='ocr_line' id='line_1_8' title="bbox 195 452 986 488; baseline 0.003 -11"><span class='ocrx_word' id='word_1_49' title='bbox 195 453 298 487; x_wconf 80' lang='lat' dir='ltr'><strong>erogari</strong></span> <span class='ocrx_word' id='word_1_50' title='bbox 311 462 316 478; x_wconf 87' lang='lat'><strong>:</strong></span> <span class='ocrx_word' id='word_1_51' title='bbox 336 452 426 479; x_wconf 76' lang='lat' dir='ltr'><strong>Melior</strong></span> <span class='ocrx_word' id='word_1_52' title='bbox 439 458 474 479; x_wconf 74' lang='lat' dir='ltr'><strong>est</strong></span> <span class='ocrx_word' id='word_1_53' title='bbox 490 454 559 479; x_wconf 88' lang='lat' dir='ltr'><strong>enim</strong></span> <span class='ocrx_word' id='word_1_54' title='bbox 572 462 662 486; x_wconf 68' lang='lat' dir='ltr'><strong>sermo,</strong></span> <span class='ocrx_word' id='word_1_55' title='bbox 679 462 752 488; x_wconf 80' lang='lat' dir='ltr'><strong>quant</strong></span> <span class='ocrx_word' id='word_1_56' title='bbox 764 454 857 479; x_wconf 86' lang='lat' dir='ltr'><strong>donum</strong></span> <span class='ocrx_word' id='word_1_57' title='bbox 870 458 908 485; x_wconf 91' lang='lat' dir='ltr'><strong>;ct</strong></span> <span class='ocrx_word' id='word_1_58' title='bbox 919 461 925 479; x_wconf 90' lang='lat'>:</span> <span class='ocrx_word' id='word_1_59' title='bbox 936 453 986 479; x_wconf 74' lang='lat' dir='ltr'><strong>lie-</strong></span> 
     </span>
    </p>
   </div>
   <div class='ocr_carea' id='block_1_9' title="bbox 193 498 985 534">
    <p class='ocr_par' dir='ltr' id='par_1_9' title="bbox 193 498 985 534">
     <span class='ocr_line' id='line_1_9' title="bbox 193 498 985 534; baseline 0.003 -10"><span class='ocrx_word' id='word_1_60' title='bbox 193 498 289 532; x_wconf 88' lang='lat' dir='ltr'><strong>sponde</strong></span> <span class='ocrx_word' id='word_1_61' title='bbox 304 499 409 532; x_wconf 76' lang='lat' dir='ltr'><strong>pauperi</strong></span> <span class='ocrx_word' id='word_1_62' title='bbox 422 499 528 533; x_wconf 75' lang='lat' dir='ltr'><strong>pari/ica</strong></span> <span class='ocrx_word' id='word_1_63' title='bbox 544 499 569 525; x_wconf 84' lang='lat' dir='ltr'><strong>in</strong></span> <span class='ocrx_word' id='word_1_64' title='bbox 583 500 773 526; x_wconf 69' lang='lat' dir='ltr'><strong>mansuetudine</strong></span> <span class='ocrx_word' id='word_1_65' title='bbox 784 499 876 534; x_wconf 77' lang='lat' dir='ltr'><strong>(Eccli.</strong></span> <span class='ocrx_word' id='word_1_66' title='bbox 891 500 930 526; x_wconf 88' lang='lat' dir='ltr'><strong>l8.</strong></span> <span class='ocrx_word' id='word_1_67' title='bbox 944 500 985 526; x_wconf 82' lang='grc'><strong>16.</strong></span> 
     </span>
    </p>
   </div>
   <div class='ocr_carea' id='block_1_10' title="bbox 193 543 986 579">
    <p class='ocr_par' dir='ltr' id='par_1_10' title="bbox 193 543 986 579">
     <span class='ocr_line' id='line_1_10' title="bbox 193 543 986 579; baseline 0.003 -10"><span class='ocrx_word' id='word_1_68' title='bbox 193 548 215 570; x_wconf 80' lang='lat' dir='ltr'><strong>et</strong></span> <span class='ocrx_word' id='word_1_69' title='bbox 229 544 253 570; x_wconf 74' lang='grc' dir='ltr'><strong>Δ.</strong></span> <span class='ocrx_word' id='word_1_70' title='bbox 264 543 301 579; x_wconf 84' lang='lat'><strong>8).</strong></span> <span class='ocrx_word' id='word_1_71' title='bbox 314 544 407 570; x_wconf 86' lang='lat' dir='ltr'><strong>Totum</strong></span> <span class='ocrx_word' id='word_1_72' title='bbox 422 552 484 571; x_wconf 87' lang='lat' dir='ltr'><strong>\cro</strong></span> <span class='ocrx_word' id='word_1_73' title='bbox 498 545 626 579; x_wconf 86' lang='lat' dir='ltr'><strong>reliquum</strong></span> <span class='ocrx_word' id='word_1_74' title='bbox 639 550 742 579; x_wconf 93' lang='lat' dir='ltr'><strong>tempus</strong></span> <span class='ocrx_word' id='word_1_75' title='bbox 753 545 899 571; x_wconf 67' lang='lat' dir='ltr'><strong>divinarum</strong></span> <span class='ocrx_word' id='word_1_76' title='bbox 913 554 986 571; x_wconf 80' lang='lat' dir='ltr'><strong>t&#39;nar-</strong></span> 
     </span>
    </p>
   </div>
   <div class='ocr_carea' id='block_1_11' title="bbox 193 589 987 625">
    <p class='ocr_par' dir='ltr' id='par_1_11' title="bbox 193 589 987 625">
     <span class='ocr_line' id='line_1_11' title="bbox 193 589 987 625; baseline 0.004 -10"><span class='ocrx_word' id='word_1_77' title='bbox 193 589 295 616; x_wconf 76' lang='lat' dir='ltr'><strong>ratione</strong></span> <span class='ocrx_word' id='word_1_78' title='bbox 311 590 396 623; x_wconf 75' lang='lat' dir='ltr'><strong>legum</strong></span> <span class='ocrx_word' id='word_1_79' title='bbox 416 598 526 617; x_wconf 80' lang='lat' dir='ltr'><strong>exorna.</strong></span> <span class='ocrx_word' id='word_1_80' title='bbox 542 591 630 617; x_wconf 80' lang='lat' dir='ltr'><strong>Omnis</strong></span> <span class='ocrx_word' id='word_1_81' title='bbox 644 592 770 617; x_wconf 79' lang='lat' dir='ltr'><strong>enarratio</strong></span> <span class='ocrx_word' id='word_1_82' title='bbox 782 597 823 616; x_wconf 81' lang='lat' dir='ltr'><strong>Iun</strong></span> <span class='ocrx_word' id='word_1_83' title='bbox 844 592 874 617; x_wconf 83' lang='lat' dir='ltr'><strong>sit</strong></span> <span class='ocrx_word' id='word_1_84' title='bbox 890 592 914 617; x_wconf 91' lang='lat' dir='ltr'><strong>in</strong></span> <span class='ocrx_word' id='word_1_85' title='bbox 936 592 987 625; x_wconf 68' lang='lat' dir='ltr'><strong>lege</strong></span> 
     </span>
    </p>
   </div>
   <div class='ocr_carea' id='block_1_12' title="bbox 192 635 984 671">
    <p class='ocr_par' dir='ltr' id='par_1_12' title="bbox 192 635 984 671">
     <span class='ocr_line' id='line_1_12' title="bbox 192 635 984 671; baseline 0.003 -10"><span class='ocrx_word' id='word_1_86' title='bbox 192 635 314 661; x_wconf 67' lang='lat' dir='ltr'><strong>ditissimi</strong></span> <span class='ocrx_word' id='word_1_87' title='bbox 328 635 413 670; x_wconf 82' lang='lat' dir='ltr'><strong>(Ibid.</strong></span> <span class='ocrx_word' id='word_1_88' title='bbox 427 637 453 663; x_wconf 82' lang='lat'><strong>9.</strong></span> <span class='ocrx_word' id='word_1_89' title='bbox 470 637 503 662; x_wconf 79' lang='lat'><strong>‘23</strong></span> <span class='ocrx_word' id='word_1_90' title='bbox 553 637 587 663; x_wconf 89' lang='lat' dir='ltr'><strong>lla</strong></span> <span class='ocrx_word' id='word_1_91' title='bbox 617 645 665 663; x_wconf 90' lang='lat' dir='ltr'><strong>nos</strong></span> <span class='ocrx_word' id='word_1_92' title='bbox 681 637 822 663; x_wconf 76' lang='lat' dir='ltr'><strong>adorantes</strong></span> <span class='ocrx_word' id='word_1_93' title='bbox 838 637 869 663; x_wconf 83' lang='lat' dir='ltr'><strong>ad</strong></span> <span class='ocrx_word' id='word_1_94' title='bbox 888 637 984 670; x_wconf 72' lang='lat' dir='ltr'><strong>Regi-in</strong></span> 
     </span>
    </p>
   </div>
   <div class='ocr_carea' id='block_1_13' title="bbox 191 681 987 716">
    <p class='ocr_par' dir='ltr' id='par_1_13' title="bbox 191 681 987 716">
     <span class='ocr_line' id='line_1_13' title="bbox 191 681 987 716; baseline 0.004 -10"><span class='ocrx_word' id='word_1_95' title='bbox 191 681 350 707; x_wconf 73' lang='lat' dir='ltr'><strong>accedamus</strong></span> <span class='ocrx_word' id='word_1_96' title='bbox 363 702 369 713; x_wconf 92' lang='lat'><strong>,</strong></span> <span class='ocrx_word' id='word_1_97' title='bbox 386 686 412 708; x_wconf 88' lang='lat' dir='ltr'><strong>et</strong></span> <span class='ocrx_word' id='word_1_98' title='bbox 435 682 466 708; x_wconf 89' lang='lat' dir='ltr'><strong>ad</strong></span> <span class='ocrx_word' id='word_1_99' title='bbox 489 690 573 716; x_wconf 80' lang='lat' dir='ltr'><strong>genua</strong></span> <span class='ocrx_word' id='word_1_100' title='bbox 588 682 644 715; x_wconf 86' lang='lat' dir='ltr'><strong>ejus</strong></span> <span class='ocrx_word' id='word_1_101' title='bbox 659 683 826 716; x_wconf 79' lang='lat' dir='ltr'><strong>procidainus</strong></span> <span class='ocrx_word' id='word_1_102' title='bbox 837 705 843 714; x_wconf 92' lang='lat'><strong>,</strong></span> <span class='ocrx_word' id='word_1_103' title='bbox 861 692 912 709; x_wconf 88' lang='lat' dir='ltr'><strong>non</strong></span> <span class='ocrx_word' id='word_1_104' title='bbox 928 692 987 709; x_wconf 83' lang='lat' dir='ltr'><strong>eor-</strong></span> 
     </span>
    </p>
   </div>
   <div class='ocr_carea' id='block_1_14' title="bbox 193 728 984 764">
    <p class='ocr_par' dir='ltr' id='par_1_14' title="bbox 193 728 984 764">
     <span class='ocr_line' id='line_1_14' title="bbox 193 728 984 764; baseline 0.004 -12"><span class='ocrx_word' id='word_1_105' title='bbox 193 733 256 760; x_wconf 86' lang='lat' dir='ltr'><strong>pore</strong></span> <span class='ocrx_word' id='word_1_106' title='bbox 282 732 402 757; x_wconf 68' lang='lat' dir='ltr'><strong>tantum.</strong></span> <span class='ocrx_word' id='word_1_107' title='bbox 426 728 472 754; x_wconf 87' lang='lat' dir='ltr'><strong>scd</strong></span> <span class='ocrx_word' id='word_1_108' title='bbox 497 728 575 754; x_wconf 87' lang='lat' dir='ltr'><strong>etiam</strong></span> <span class='ocrx_word' id='word_1_109' title='bbox 604 734 702 755; x_wconf 86' lang='lat' dir='ltr'><strong>mente.</strong></span> <span class='ocrx_word' id='word_1_110' title='bbox 730 729 883 763; x_wconf 79' lang='lat' dir='ltr'><strong>Cogitemus</strong></span> <span class='ocrx_word' id='word_1_111' title='bbox 907 737 984 764; x_wconf 77' lang='lat' dir='ltr'><strong>quem</strong></span> 
     </span>
    </p>
   </div>
   <div class='ocr_carea' id='block_1_15' title="bbox 190 772 983 808">
    <p class='ocr_par' dir='ltr' id='par_1_15' title="bbox 190 772 983 808">
     <span class='ocr_line' id='line_1_15' title="bbox 190 772 983 808; baseline 0.003 -10"><span class='ocrx_word' id='word_1_112' title='bbox 190 772 325 803; x_wconf 80' lang='lat' dir='ltr'><strong>adeamus,</strong></span> <span class='ocrx_word' id='word_1_113' title='bbox 351 778 377 799; x_wconf 77' lang='grc' dir='ltr'><strong>(ιι</strong></span> <span class='ocrx_word' id='word_1_114' title='bbox 400 781 447 807; x_wconf 86' lang='lat' dir='ltr'><strong>pro</strong></span> <span class='ocrx_word' id='word_1_115' title='bbox 471 774 576 808; x_wconf 87' lang='lat' dir='ltr'><strong>quibus,</strong></span> <span class='ocrx_word' id='word_1_116' title='bbox 597 780 622 801; x_wconf 90' lang='lat' dir='ltr'><strong>et</strong></span> <span class='ocrx_word' id='word_1_117' title='bbox 642 774 703 808; x_wconf 90' lang='lat' dir='ltr'><strong>quid</strong></span> <span class='ocrx_word' id='word_1_118' title='bbox 727 776 845 802; x_wconf 78' lang='lat' dir='ltr'><strong>volentes</strong></span> <span class='ocrx_word' id='word_1_119' title='bbox 868 775 983 802; x_wconf 68' lang='lat' dir='ltr'><strong>efﬁci-rc.</strong></span> 
     </span>
    </p>
   </div>
   <div class='ocr_carea' id='block_1_16' title="bbox 191 818 982 854">
    <p class='ocr_par' dir='ltr' id='par_1_16' title="bbox 191 818 982 854">
     <span class='ocr_line' id='line_1_16' title="bbox 191 818 982 854; baseline 0.004 -10"><span class='ocrx_word' id='word_1_120' title='bbox 191 818 272 844; x_wconf 78' lang='lat' dir='ltr'><strong>Deum</strong></span> <span class='ocrx_word' id='word_1_121' title='bbox 290 818 404 851; x_wconf 86' lang='lat' dir='ltr'><strong>adimus,</strong></span> <span class='ocrx_word' id='word_1_122' title='bbox 417 827 494 853; x_wconf 93' lang='lat' dir='ltr'><strong>quem</strong></span> <span class='ocrx_word' id='word_1_123' title='bbox 509 820 647 854; x_wconf 86' lang='lat' dir='ltr'><strong>Serapliim</strong></span> <span class='ocrx_word' id='word_1_124' title='bbox 665 820 794 851; x_wconf 85' lang='lat' dir='ltr'><strong>videntes,</strong></span> <span class='ocrx_word' id='word_1_125' title='bbox 808 822 893 847; x_wconf 88' lang='lat' dir='ltr'><strong>vultus</strong></span> <span class='ocrx_word' id='word_1_126' title='bbox 907 829 982 847; x_wconf 86' lang='lat' dir='ltr'><strong>aver-</strong></span> 
     </span>
    </p>
   </div>
   <div class='ocr_carea' id='block_1_17' title="bbox 190 865 984 900">
    <p class='ocr_par' dir='ltr' id='par_1_17' title="bbox 190 865 984 900">
     <span class='ocr_line' id='line_1_17' title="bbox 190 865 984 900; baseline 0.003 -9"><span class='ocrx_word' id='word_1_127' title='bbox 190 868 258 897; x_wconf 85' lang='lat' dir='ltr'><strong>tunt,</strong></span> <span class='ocrx_word' id='word_1_128' title='bbox 275 872 326 892; x_wconf 94' lang='lat' dir='ltr'><strong>nou</strong></span> <span class='ocrx_word' id='word_1_129' title='bbox 343 865 459 892; x_wconf 88' lang='lat' dir='ltr'><strong>ferentes</strong></span> <span class='ocrx_word' id='word_1_130' title='bbox 475 866 604 900; x_wconf 77' lang='lat' dir='ltr'><strong>fulgorem</strong></span> <span class='ocrx_word' id='word_1_131' title='bbox 620 874 717 900; x_wconf 89' lang='lat' dir='ltr'><strong>;quem</strong></span> <span class='ocrx_word' id='word_1_132' title='bbox 731 867 822 893; x_wconf 87' lang='lat' dir='ltr'><strong>videns</strong></span> <span class='ocrx_word' id='word_1_133' title='bbox 837 872 905 894; x_wconf 86' lang='lat' dir='ltr'><strong>terra</strong></span> <span class='ocrx_word' id='word_1_134' title='bbox 921 875 984 893; x_wconf 84' lang='lat' dir='ltr'><strong>con-</strong></span> 
     </span>
    </p>
   </div>
   <div class='ocr_carea' id='block_1_18' title="bbox 192 912 983 947">
    <p class='ocr_par' dir='ltr' id='par_1_18' title="bbox 192 912 983 947">
     <span class='ocr_line' id='line_1_18' title="bbox 192 912 983 947; baseline 0.003 -10"><span class='ocrx_word' id='word_1_135' title='bbox 192 912 331 938; x_wconf 76' lang='lat' dir='ltr'><strong>tremiscit.</strong></span> <span class='ocrx_word' id='word_1_136' title='bbox 347 912 428 938; x_wconf 88' lang='lat' dir='ltr'><strong>Deum</strong></span> <span class='ocrx_word' id='word_1_137' title='bbox 445 912 559 943; x_wconf 88' lang='lat' dir='ltr'><strong>adimus,</strong></span> <span class='ocrx_word' id='word_1_138' title='bbox 577 913 620 947; x_wconf 85' lang='lat' dir='ltr'><strong>qui</strong></span> <span class='ocrx_word' id='word_1_139' title='bbox 640 913 724 939; x_wconf 82' lang='lat' dir='ltr'><strong>lucem</strong></span> <span class='ocrx_word' id='word_1_140' title='bbox 746 912 845 940; x_wconf 84' lang='lat' dir='ltr'><strong>habitat</strong></span> <span class='ocrx_word' id='word_1_141' title='bbox 865 914 983 940; x_wconf 83' lang='lat' dir='ltr'><strong>inacces-</strong></span> 
     </span>
    </p>
   </div>
   <div class='ocr_carea' id='block_1_19' title="bbox 188 958 983 994">
    <p class='ocr_par' dir='ltr' id='par_1_19' title="bbox 188 958 983 994">
     <span class='ocr_line' id='line_1_19' title="bbox 188 958 983 994; baseline 0.003 -10"><span class='ocrx_word' id='word_1_142' title='bbox 188 958 302 985; x_wconf 83' lang='lat' dir='ltr'><strong>sibilem.</strong></span> <span class='ocrx_word' id='word_1_143' title='bbox 319 958 439 990; x_wconf 70' lang='lat' dir='ltr'><strong>Adimus,</strong></span> <span class='ocrx_word' id='word_1_144' title='bbox 463 963 490 984; x_wconf 91' lang='lat' dir='ltr'><strong>ut</strong></span> <span class='ocrx_word' id='word_1_145' title='bbox 506 967 518 984; x_wconf 91' lang='lat' dir='ltr'><strong>a</strong></span> <span class='ocrx_word' id='word_1_146' title='bbox 533 958 655 994; x_wconf 79' lang='lat' dir='ltr'><strong>gebenna</strong></span> <span class='ocrx_word' id='word_1_147' title='bbox 671 959 824 992; x_wconf 84' lang='lat' dir='ltr'><strong>liberemur,</strong></span> <span class='ocrx_word' id='word_1_148' title='bbox 840 964 867 986; x_wconf 91' lang='lat' dir='ltr'><strong>ut</strong></span> <span class='ocrx_word' id='word_1_149' title='bbox 891 960 983 986; x_wconf 72' lang='lat' dir='ltr'><strong>remis~</strong></span> 
     </span>
    </p>
   </div>
   <div class='ocr_carea' id='block_1_20' title="bbox 190 1005 981 1040">
    <p class='ocr_par' dir='ltr' id='par_1_20' title="bbox 190 1005 981 1040">
     <span class='ocr_line' id='line_1_20' title="bbox 190 1005 981 1040; baseline 0.003 -10"><span class='ocrx_word' id='word_1_150' title='bbox 190 1005 290 1031; x_wconf 87' lang='lat' dir='ltr'><strong>sionem</strong></span> <span class='ocrx_word' id='word_1_151' title='bbox 304 1011 472 1039; x_wconf 84' lang='lat' dir='ltr'><strong>peccatorum</strong></span> <span class='ocrx_word' id='word_1_152' title='bbox 485 1005 666 1040; x_wconf 83' lang='lat' dir='ltr'><strong>impetremus,</strong></span> <span class='ocrx_word' id='word_1_153' title='bbox 677 1010 704 1033; x_wconf 89' lang='lat' dir='ltr'><strong>ut</strong></span> <span class='ocrx_word' id='word_1_154' title='bbox 718 1006 751 1033; x_wconf 85' lang='lat' dir='ltr'><strong>ab</strong></span> <span class='ocrx_word' id='word_1_155' title='bbox 763 1006 809 1033; x_wconf 93' lang='lat' dir='ltr'><strong>illo</strong></span> <span class='ocrx_word' id='word_1_156' title='bbox 823 1007 981 1034; x_wconf 79' lang='lat' dir='ltr'><strong>intolerabili</strong></span> 
     </span>
    </p>
   </div>
   <div class='ocr_carea' id='block_1_21' title="bbox 188 1050 981 1086">
    <p class='ocr_par' dir='ltr' id='par_1_21' title="bbox 188 1050 981 1086">
     <span class='ocr_line' id='line_1_21' title="bbox 188 1050 981 1086; baseline 0.005 -12"><span class='ocrx_word' id='word_1_157' title='bbox 188 1050 316 1083; x_wconf 84' lang='lat' dir='ltr'><strong>supplicio</strong></span> <span class='ocrx_word' id='word_1_158' title='bbox 331 1050 484 1083; x_wconf 81' lang='lat' dir='ltr'><strong>liberemur,</strong></span> <span class='ocrx_word' id='word_1_159' title='bbox 500 1055 527 1077; x_wconf 92' lang='lat' dir='ltr'><strong>ut</strong></span> <span class='ocrx_word' id='word_1_160' title='bbox 548 1050 642 1078; x_wconf 76' lang='lat' dir='ltr'><strong>czelum</strong></span> <span class='ocrx_word' id='word_1_161' title='bbox 666 1055 692 1078; x_wconf 88' lang='lat' dir='ltr'><strong>et</strong></span> <span class='ocrx_word' id='word_1_162' title='bbox 718 1051 753 1078; x_wconf 91' lang='lat' dir='ltr'><strong>ibi</strong></span> <span class='ocrx_word' id='word_1_163' title='bbox 775 1052 888 1086; x_wconf 88' lang='lat' dir='ltr'><strong>reposita</strong></span> <span class='ocrx_word' id='word_1_164' title='bbox 914 1052 981 1079; x_wconf 86' lang='lat' dir='ltr'><strong>bona</strong></span> 
     </span>
    </p>
   </div>
   <div class='ocr_carea' id='block_1_22' title="bbox 186 1103 390 1129">
    <p class='ocr_par' dir='ltr' id='par_1_22' title="bbox 186 1103 390 1129">
     <span class='ocr_line' id='line_1_22' title="bbox 186 1103 390 1129; baseline 0.01 -8"><span class='ocrx_word' id='word_1_165' title='bbox 186 1103 390 1129; x_wconf 71' lang='lat' dir='ltr'><strong>consequamur.</strong></span> 
     </span>
    </p>
   </div>
   <div class='ocr_carea' id='block_1_23' title="bbox 222 1140 980 1176">
    <p class='ocr_par' dir='ltr' id='par_1_23' title="bbox 222 1140 980 1176">
     <span class='ocr_line' id='line_1_23' title="bbox 222 1140 980 1176; baseline 0.007 -10"><span class='ocrx_word' id='word_1_166' title='bbox 222 1140 248 1167; x_wconf 81' lang='lat'><strong>6.</strong></span> <span class='ocrx_word' id='word_1_167' title='bbox 265 1141 432 1168; x_wconf 71' lang='lat' dir='ltr'><strong>Mansuetudo</strong></span> <span class='ocrx_word' id='word_1_168' title='bbox 446 1142 472 1168; x_wconf 87' lang='lat' dir='ltr'><strong>in</strong></span> <span class='ocrx_word' id='word_1_169' title='bbox 482 1143 595 1170; x_wconf 81' lang='lat' dir='ltr'><strong>oratione</strong></span> <span class='ocrx_word' id='word_1_170' title='bbox 606 1143 757 1170; x_wconf 76' lang='lat' dir='ltr'><strong>adhibenda.</strong></span> <span class='ocrx_word' id='word_1_171' title='bbox 773 1144 855 1171; x_wconf 74' lang='lat' dir='ltr'><strong>Nemo</strong></span> <span class='ocrx_word' id='word_1_172' title='bbox 871 1145 980 1176; x_wconf 73' lang='lat' dir='ltr'><strong>lwditur,</strong></span> 
     </span>
    </p>
   </div>
   <div class='ocr_carea' id='block_1_24' title="bbox 186 1187 982 1225">
    <p class='ocr_par' dir='ltr' id='par_1_24' title="bbox 186 1187 982 1225">
     <span class='ocr_line' id='line_1_24' title="bbox 186 1187 982 1225; baseline 0.006 -13"><span class='ocrx_word' id='word_1_173' title='bbox 186 1187 235 1213; x_wconf 86' lang='lat' dir='ltr'><strong>nisi</strong></span> <span class='ocrx_word' id='word_1_174' title='bbox 253 1195 268 1213; x_wconf 77' lang='grc' dir='ltr'><em>α</em></span> <span class='ocrx_word' id='word_1_175' title='bbox 288 1187 380 1221; x_wconf 71' lang='lat' dir='ltr'><strong>seipse.</strong></span> <span class='ocrx_word' id='word_1_176' title='bbox 402 1187 495 1214; x_wconf 83' lang='lat' dir='ltr'><strong>Contra</strong></span> <span class='ocrx_word' id='word_1_177' title='bbox 512 1197 553 1215; x_wconf 76' lang='lat' dir='ltr'><strong>eos</strong></span> <span class='ocrx_word' id='word_1_178' title='bbox 568 1189 610 1223; x_wconf 84' lang='lat' dir='ltr'><strong>qui</strong></span> <span class='ocrx_word' id='word_1_179' title='bbox 622 1190 729 1216; x_wconf 82' lang='lat' dir='ltr'><strong>aliorum</strong></span> <span class='ocrx_word' id='word_1_180' title='bbox 743 1191 806 1217; x_wconf 83' lang='lat' dir='ltr'><strong>bona</strong></span> <span class='ocrx_word' id='word_1_181' title='bbox 822 1191 932 1225; x_wconf 75' lang='lat' dir='ltr'><strong>rapiunt.</strong></span> <span class='ocrx_word' id='word_1_182' title='bbox 948 1206 982 1211; x_wconf 91' lang='lat'><strong>—</strong></span> 
     </span>
    </p>
   </div>
   <div class='ocr_carea' id='block_1_25' title="bbox 186 1232 980 1270">
    <p class='ocr_par' dir='ltr' id='par_1_25' title="bbox 186 1232 980 1270">
     <span class='ocr_line' id='line_1_25' title="bbox 186 1232 980 1270; baseline 0.006 -12"><span class='ocrx_word' id='word_1_183' title='bbox 186 1232 358 1259; x_wconf 76' lang='lat' dir='ltr'><strong>l’rocidaiuus</strong></span> <span class='ocrx_word' id='word_1_184' title='bbox 371 1233 450 1268; x_wconf 81' lang='lat' dir='ltr'><strong>igitur</strong></span> <span class='ocrx_word' id='word_1_185' title='bbox 462 1239 488 1261; x_wconf 90' lang='lat' dir='ltr'><strong>et</strong></span> <span class='ocrx_word' id='word_1_186' title='bbox 508 1242 620 1269; x_wconf 83' lang='lat' dir='ltr'><strong>corpore</strong></span> <span class='ocrx_word' id='word_1_187' title='bbox 635 1240 661 1262; x_wconf 89' lang='lat' dir='ltr'><strong>ct</strong></span> <span class='ocrx_word' id='word_1_188' title='bbox 674 1240 773 1268; x_wconf 82' lang='lat' dir='ltr'><strong>mente,</strong></span> <span class='ocrx_word' id='word_1_189' title='bbox 790 1240 817 1262; x_wconf 92' lang='lat' dir='ltr'><strong>ut</strong></span> <span class='ocrx_word' id='word_1_190' title='bbox 832 1236 876 1263; x_wconf 91' lang='lat' dir='ltr'><strong>ille</strong></span> <span class='ocrx_word' id='word_1_191' title='bbox 888 1236 980 1270; x_wconf 81' lang='lat' dir='ltr'><strong>jacen-</strong></span> 
     </span>
    </p>
   </div>
   <div class='ocr_carea' id='block_1_26' title="bbox 187 1279 982 1316">
    <p class='ocr_par' dir='ltr' id='par_1_26' title="bbox 187 1279 982 1316">
     <span class='ocr_line' id='line_1_26' title="bbox 187 1279 982 1316; baseline 0.008 -12"><span class='ocrx_word' id='word_1_192' title='bbox 187 1283 226 1305; x_wconf 86' lang='lat' dir='ltr'><strong>tcs</strong></span> <span class='ocrx_word' id='word_1_193' title='bbox 248 1279 331 1313; x_wconf 81' lang='lat' dir='ltr'><strong>erigat</strong></span> <span class='ocrx_word' id='word_1_194' title='bbox 356 1288 362 1305; x_wconf 90' lang='lat'>:</span> <span class='ocrx_word' id='word_1_195' title='bbox 390 1288 449 1307; x_wconf 89' lang='lat' dir='ltr'><strong>cum</strong></span> <span class='ocrx_word' id='word_1_196' title='bbox 475 1280 603 1308; x_wconf 83' lang='lat' dir='ltr'><strong>modestia</strong></span> <span class='ocrx_word' id='word_1_197' title='bbox 629 1282 754 1316; x_wconf 86' lang='lat' dir='ltr'><strong>omnique</strong></span> <span class='ocrx_word' id='word_1_198' title='bbox 779 1284 982 1310; x_wconf 83' lang='lat' dir='ltr'><strong>mansuetudine</strong></span> 
     </span>
    </p>
   </div>
   <div class='ocr_carea' id='block_1_27' title="bbox 189 1324 981 1362">
    <p class='ocr_par' dir='ltr' id='par_1_27' title="bbox 189 1324 981 1362">
     <span class='ocr_line' id='line_1_27' title="bbox 189 1324 981 1362; baseline 0.008 -12"><span class='ocrx_word' id='word_1_199' title='bbox 189 1324 273 1358; x_wconf 87' lang='lat' dir='ltr'><strong>ipsum</strong></span> <span class='ocrx_word' id='word_1_200' title='bbox 288 1324 464 1359; x_wconf 80' lang='lat' dir='ltr'><strong>alloquamur.</strong></span> <span class='ocrx_word' id='word_1_201' title='bbox 482 1325 515 1352; x_wconf 86' lang='lat' dir='ltr'><strong>Et</strong></span> <span class='ocrx_word' id='word_1_202' title='bbox 527 1327 586 1360; x_wconf 84' lang='lat' dir='ltr'><strong>quis</strong></span> <span class='ocrx_word' id='word_1_203' title='bbox 599 1332 649 1359; x_wconf 84' lang='lat' dir='ltr'><strong>cst,</strong></span> <span class='ocrx_word' id='word_1_204' title='bbox 669 1327 782 1362; x_wconf 85' lang='lat' dir='ltr'><strong>inquies,</strong></span> <span class='ocrx_word' id='word_1_205' title='bbox 801 1329 834 1355; x_wconf 89' lang='lat' dir='ltr'><strong>ita</strong></span> <span class='ocrx_word' id='word_1_206' title='bbox 851 1329 932 1358; x_wconf 85' lang='lat' dir='ltr'><strong>miser</strong></span> <span class='ocrx_word' id='word_1_207' title='bbox 956 1335 981 1356; x_wconf 79' lang='lat' dir='ltr'><strong>ct</strong></span> 
     </span>
    </p>
   </div>
   <div class='ocr_carea' id='block_1_28' title="bbox 187 1369 980 1412">
    <p class='ocr_par' dir='ltr' id='par_1_28' title="bbox 187 1369 980 1412">
     <span class='ocr_line' id='line_1_28' title="bbox 187 1369 980 1412; baseline 0.009 -16"><span class='ocrx_word' id='word_1_208' title='bbox 187 1369 290 1402; x_wconf 80' lang='lat' dir='ltr'><strong>infelix,</strong></span> <span class='ocrx_word' id='word_1_209' title='bbox 304 1372 371 1398; x_wconf 89' lang='lat' dir='ltr'><strong>utin</strong></span> <span class='ocrx_word' id='word_1_210' title='bbox 387 1372 506 1399; x_wconf 83' lang='lat' dir='ltr'><strong>oratione</strong></span> <span class='ocrx_word' id='word_1_211' title='bbox 521 1381 572 1399; x_wconf 91' lang='lat' dir='ltr'><strong>non</strong></span> <span class='ocrx_word' id='word_1_212' title='bbox 587 1374 622 1400; x_wconf 85' lang='lat' dir='ltr'><strong>sit</strong></span> <span class='ocrx_word' id='word_1_213' title='bbox 635 1374 807 1402; x_wconf 79' lang='lat' dir='ltr'><strong>moderatus?</strong></span> <span class='ocrx_word' id='word_1_214' title='bbox 819 1375 865 1403; x_wconf 91' lang='lat' dir='ltr'><strong>llle</strong></span> <span class='ocrx_word' id='word_1_215' title='bbox 879 1376 923 1412; x_wconf 88' lang='lat' dir='ltr'><strong>qui</strong></span> <span class='ocrx_word' id='word_1_216' title='bbox 940 1377 980 1403; x_wconf 61' lang='lat' dir='ltr'><strong>vel</strong></span> 
     </span>
    </p>
   </div>
   <div class='ocr_carea' id='block_1_29' title="bbox 185 1416 981 1456">
    <p class='ocr_par' dir='ltr' id='par_1_29' title="bbox 185 1416 981 1456">
     <span class='ocr_line' id='line_1_29' title="bbox 185 1416 981 1456; baseline 0.008 -13"><span class='ocrx_word' id='word_1_217' title='bbox 185 1416 318 1450; x_wconf 88' lang='lat' dir='ltr'><strong>precando</strong></span> <span class='ocrx_word' id='word_1_218' title='bbox 331 1418 470 1445; x_wconf 81' lang='lat' dir='ltr'><strong>maledicta</strong></span> <span class='ocrx_word' id='word_1_219' title='bbox 494 1419 604 1453; x_wconf 81' lang='lat' dir='ltr'><strong>profert,</strong></span> <span class='ocrx_word' id='word_1_220' title='bbox 624 1419 765 1455; x_wconf 77' lang='lat' dir='ltr'><strong>furoreque</strong></span> <span class='ocrx_word' id='word_1_221' title='bbox 782 1422 874 1456; x_wconf 86' lang='lat' dir='ltr'><strong>plenus</strong></span> <span class='ocrx_word' id='word_1_222' title='bbox 889 1427 939 1455; x_wconf 86' lang='lat' dir='ltr'><strong>est,</strong></span> <span class='ocrx_word' id='word_1_223' title='bbox 955 1427 981 1449; x_wconf 85' lang='lat' dir='ltr'><strong>ct</strong></span> 
     </span>
    </p>
   </div>
   <div class='ocr_carea' id='block_1_30' title="bbox 184 1463 978 1503">
    <p class='ocr_par' dir='ltr' id='par_1_30' title="bbox 184 1463 978 1503">
     <span class='ocr_line' id='line_1_30' title="bbox 184 1463 978 1503; baseline 0.009 -15"><span class='ocrx_word' id='word_1_224' title='bbox 184 1467 277 1489; x_wconf 86' lang='lat' dir='ltr'><strong>contra</strong></span> <span class='ocrx_word' id='word_1_225' title='bbox 300 1463 421 1490; x_wconf 87' lang='lat' dir='ltr'><strong>inimicos</strong></span> <span class='ocrx_word' id='word_1_226' title='bbox 443 1465 581 1492; x_wconf 87' lang='lat' dir='ltr'><strong>acclamat.</strong></span> <span class='ocrx_word' id='word_1_227' title='bbox 603 1466 628 1492; x_wconf 93' lang='lat' dir='ltr'><strong>Si</strong></span> <span class='ocrx_word' id='word_1_228' title='bbox 647 1466 684 1493; x_wconf 79' lang='lat' dir='ltr'><strong>vis</strong></span> <span class='ocrx_word' id='word_1_229' title='bbox 705 1475 829 1494; x_wconf 74' lang='lat' dir='ltr'><strong>accu~are</strong></span> <span class='ocrx_word' id='word_1_230' title='bbox 843 1489 849 1499; x_wconf 95' lang='lat'><strong>,</strong></span> <span class='ocrx_word' id='word_1_231' title='bbox 866 1469 978 1503; x_wconf 83' lang='lat' dir='ltr'><strong>tcipsum</strong></span> 
     </span>
    </p>
   </div>
   <div class='ocr_carea' id='block_1_31' title="bbox 185 1510 978 1548">
    <p class='ocr_par' dir='ltr' id='par_1_31' title="bbox 185 1510 978 1548">
     <span class='ocr_line' id='line_1_31' title="bbox 185 1510 978 1548; baseline 0.01 -14"><span class='ocrx_word' id='word_1_232' title='bbox 185 1515 291 1535; x_wconf 72' lang='lat' dir='ltr'><strong>accuSa.</strong></span> <span class='ocrx_word' id='word_1_233' title='bbox 311 1510 336 1536; x_wconf 88' lang='lat' dir='ltr'><strong>Si</strong></span> <span class='ocrx_word' id='word_1_234' title='bbox 361 1510 399 1537; x_wconf 86' lang='lat' dir='ltr'><strong>vis</strong></span> <span class='ocrx_word' id='word_1_235' title='bbox 422 1511 537 1545; x_wconf 88' lang='lat' dir='ltr'><strong>linguam</strong></span> <span class='ocrx_word' id='word_1_236' title='bbox 560 1519 664 1543; x_wconf 86' lang='lat' dir='ltr'><strong>acuere,</strong></span> <span class='ocrx_word' id='word_1_237' title='bbox 684 1519 776 1540; x_wconf 87' lang='lat' dir='ltr'><strong>contra</strong></span> <span class='ocrx_word' id='word_1_238' title='bbox 803 1521 906 1548; x_wconf 73' lang='lat' dir='ltr'><strong>peccata</strong></span> <span class='ocrx_word' id='word_1_239' title='bbox 936 1520 978 1542; x_wconf 85' lang='lat' dir='ltr'><strong>tua</strong></span> 
     </span>
    </p>
   </div>
   <div class='ocr_carea' id='block_1_32' title="bbox 184 1555 978 1596">
    <p class='ocr_par' dir='ltr' id='par_1_32' title="bbox 184 1555 978 1596">
     <span class='ocr_line' id='line_1_32' title="bbox 184 1555 978 1596; baseline 0.008 -14"><span class='ocrx_word' id='word_1_240' title='bbox 184 1563 259 1582; x_wconf 87' lang='lat' dir='ltr'><strong>aeue.</strong></span> <span class='ocrx_word' id='word_1_241' title='bbox 270 1555 323 1583; x_wconf 86' lang='lat' dir='ltr'><strong>Nec</strong></span> <span class='ocrx_word' id='word_1_242' title='bbox 337 1556 410 1584; x_wconf 86' lang='lat' dir='ltr'><strong>dicas</strong></span> <span class='ocrx_word' id='word_1_243' title='bbox 424 1558 486 1592; x_wconf 90' lang='lat' dir='ltr'><strong>quid</strong></span> <span class='ocrx_word' id='word_1_244' title='bbox 502 1559 569 1585; x_wconf 86' lang='lat' dir='ltr'><strong>alius</strong></span> <span class='ocrx_word' id='word_1_245' title='bbox 584 1559 628 1586; x_wconf 87' lang='lat' dir='ltr'><strong>tibi</strong></span> <span class='ocrx_word' id='word_1_246' title='bbox 643 1560 703 1586; x_wconf 86' lang='lat' dir='ltr'><strong>mali</strong></span> <span class='ocrx_word' id='word_1_247' title='bbox 719 1561 844 1592; x_wconf 74' lang='lat' dir='ltr'><strong>intulerit,</strong></span> <span class='ocrx_word' id='word_1_248' title='bbox 858 1562 902 1587; x_wconf 74' lang='lat' dir='ltr'><strong>scd</strong></span> <span class='ocrx_word' id='word_1_249' title='bbox 916 1562 978 1596; x_wconf 76' lang='lat' dir='ltr'><strong>quid</strong></span> 
     </span>
    </p>
   </div>
   <div class='ocr_carea' id='block_1_33' title="bbox 185 1601 976 1634">
    <p class='ocr_par' dir='ltr' id='par_1_33' title="bbox 185 1601 976 1634">
     <span class='ocr_line' id='line_1_33' title="bbox 185 1601 976 1634; baseline 0.01 -8"><span class='ocrx_word' id='word_1_250' title='bbox 185 1605 212 1626; x_wconf 90' lang='lat' dir='ltr'><strong>tu</strong></span> <span class='ocrx_word' id='word_1_251' title='bbox 232 1601 278 1628; x_wconf 85' lang='lat' dir='ltr'><strong>tibi</strong></span> <span class='ocrx_word' id='word_1_252' title='bbox 295 1602 355 1628; x_wconf 83' lang='lat' dir='ltr'><strong>mali</strong></span> <span class='ocrx_word' id='word_1_253' title='bbox 372 1602 484 1630; x_wconf 85' lang='lat' dir='ltr'><strong>feceris:</strong></span> <span class='ocrx_word' id='word_1_254' title='bbox 502 1604 562 1630; x_wconf 91' lang='lat' dir='ltr'><strong>illud</strong></span> <span class='ocrx_word' id='word_1_255' title='bbox 588 1605 658 1631; x_wconf 86' lang='lat' dir='ltr'><strong>cuitu</strong></span> <span class='ocrx_word' id='word_1_256' title='bbox 675 1607 787 1632; x_wconf 81' lang='lat' dir='ltr'><strong>maxime</strong></span> <span class='ocrx_word' id='word_1_257' title='bbox 809 1607 905 1633; x_wconf 84' lang='lat' dir='ltr'><strong>malum</strong></span> <span class='ocrx_word' id='word_1_258' title='bbox 927 1612 976 1634; x_wconf 66' lang='lat' dir='ltr'><strong>est.</strong></span> 
     </span>
    </p>
   </div>
   <div class='ocr_carea' id='block_1_34' title="bbox 184 1646 977 1686">
    <p class='ocr_par' dir='ltr' id='par_1_34' title="bbox 184 1646 977 1686">
     <span class='ocr_line' id='line_1_34' title="bbox 184 1646 977 1686; baseline 0.01 -14"><span class='ocrx_word' id='word_1_259' title='bbox 184 1646 275 1681; x_wconf 80' lang='lat' dir='ltr'><strong>Neque</strong></span> <span class='ocrx_word' id='word_1_260' title='bbox 290 1648 359 1674; x_wconf 83' lang='lat' dir='ltr'><strong>cuitu</strong></span> <span class='ocrx_word' id='word_1_261' title='bbox 374 1649 432 1683; x_wconf 87' lang='lat' dir='ltr'><strong>quis</strong></span> <span class='ocrx_word' id='word_1_262' title='bbox 449 1655 473 1676; x_wconf 87' lang='lat' dir='ltr'><strong>te</strong></span> <span class='ocrx_word' id='word_1_263' title='bbox 489 1650 586 1677; x_wconf 64' lang='lat' dir='ltr'><strong>laedere</strong></span> <span class='ocrx_word' id='word_1_264' title='bbox 608 1651 701 1685; x_wconf 82' lang='lat' dir='ltr'><strong>pulerit</strong></span> <span class='ocrx_word' id='word_1_265' title='bbox 715 1672 722 1684; x_wconf 96' lang='lat'><strong>,</strong></span> <span class='ocrx_word' id='word_1_266' title='bbox 742 1652 790 1678; x_wconf 83' lang='lat' dir='ltr'><strong>nii</strong></span> <span class='ocrx_word' id='word_1_267' title='bbox 816 1659 839 1679; x_wconf 79' lang='lat' dir='ltr'><strong>te</strong></span> <span class='ocrx_word' id='word_1_268' title='bbox 854 1653 909 1686; x_wconf 68' lang='lat' dir='ltr'><strong>ipse</strong></span> <span class='ocrx_word' id='word_1_269' title='bbox 933 1654 977 1680; x_wconf 79' lang='lat' dir='ltr'><strong>lzc-</strong></span> 
     </span>
    </p>
   </div>
   <div class='ocr_carea' id='block_1_35' title="bbox 184 1693 976 1734">
    <p class='ocr_par' dir='ltr' id='par_1_35' title="bbox 184 1693 976 1734">
     <span class='ocr_line' id='line_1_35' title="bbox 184 1693 976 1734; baseline 0.013 -16"><span class='ocrx_word' id='word_1_270' title='bbox 184 1693 232 1720; x_wconf 88' lang='lat' dir='ltr'><strong>das</strong></span> <span class='ocrx_word' id='word_1_271' title='bbox 247 1693 294 1729; x_wconf 76' lang='lat' dir='ltr'><strong>(ri).</strong></span> <span class='ocrx_word' id='word_1_272' title='bbox 313 1693 403 1730; x_wconf 88' lang='lat' dir='ltr'><strong>Itaque</strong></span> <span class='ocrx_word' id='word_1_273' title='bbox 426 1696 446 1722; x_wconf 90' lang='lat' dir='ltr'><strong>si</strong></span> <span class='ocrx_word' id='word_1_274' title='bbox 464 1696 502 1723; x_wconf 89' lang='lat' dir='ltr'><strong>vis</strong></span> <span class='ocrx_word' id='word_1_275' title='bbox 526 1701 617 1723; x_wconf 90' lang='lat' dir='ltr'><strong>contra</strong></span> <span class='ocrx_word' id='word_1_276' title='bbox 639 1698 764 1725; x_wconf 59' lang='lat' dir='ltr'><strong>ludentes</strong></span> <span class='ocrx_word' id='word_1_277' title='bbox 786 1703 809 1725; x_wconf 87' lang='lat' dir='ltr'><strong>te</strong></span> <span class='ocrx_word' id='word_1_278' title='bbox 831 1700 976 1734; x_wconf 62' lang='lat' dir='ltr'><strong>insurgi-re,</strong></span> 
     </span>
    </p>
   </div>
   <div class='ocr_carea' id='block_1_36' title="bbox 188 1739 976 1778">
    <p class='ocr_par' dir='ltr' id='par_1_36' title="bbox 188 1739 976 1778">
     <span class='ocr_line' id='line_1_36' title="bbox 188 1739 976 1778; baseline 0.011 -15"><span class='ocrx_word' id='word_1_279' title='bbox 188 1739 299 1773; x_wconf 82' lang='lat' dir='ltr'><strong>teipsum</strong></span> <span class='ocrx_word' id='word_1_280' title='bbox 315 1741 427 1774; x_wconf 88' lang='lat' dir='ltr'><strong>primum</strong></span> <span class='ocrx_word' id='word_1_281' title='bbox 445 1741 565 1775; x_wconf 81' lang='lat' dir='ltr'><strong>impetus.</strong></span> <span class='ocrx_word' id='word_1_282' title='bbox 582 1742 665 1771; x_wconf 83' lang='lat' dir='ltr'><strong>Nemo</strong></span> <span class='ocrx_word' id='word_1_283' title='bbox 685 1744 708 1769; x_wconf 94' lang='lat' dir='ltr'><strong>id</strong></span> <span class='ocrx_word' id='word_1_284' title='bbox 725 1744 833 1778; x_wconf 84' lang='lat' dir='ltr'><strong>impedit</strong></span> <span class='ocrx_word' id='word_1_285' title='bbox 848 1755 852 1775; x_wconf 83' lang='lat'><strong>;</strong></span> <span class='ocrx_word' id='word_1_286' title='bbox 881 1754 939 1772; x_wconf 83' lang='lat' dir='ltr'><strong>naut</strong></span> <span class='ocrx_word' id='word_1_287' title='bbox 955 1747 976 1773; x_wconf 85' lang='lat' dir='ltr'><strong>si</strong></span> 
     </span>
    </p>
   </div>
   <div class='ocr_carea' id='block_1_37' title="bbox 184 1784 975 1824">
    <p class='ocr_par' dir='ltr' id='par_1_37' title="bbox 184 1784 975 1824">
     <span class='ocr_line' id='line_1_37' title="bbox 184 1784 975 1824; baseline 0.011 -14"><span class='ocrx_word' id='word_1_288' title='bbox 184 1784 264 1810; x_wconf 88' lang='lat' dir='ltr'><strong>alium</strong></span> <span class='ocrx_word' id='word_1_289' title='bbox 279 1786 450 1820; x_wconf 85' lang='lat' dir='ltr'><strong>aggrediaris,</strong></span> <span class='ocrx_word' id='word_1_290' title='bbox 468 1788 551 1822; x_wconf 82' lang='lat' dir='ltr'><strong>magis</strong></span> <span class='ocrx_word' id='word_1_291' title='bbox 563 1788 639 1815; x_wconf 62' lang='lat' dir='ltr'><strong>laesus</strong></span> <span class='ocrx_word' id='word_1_292' title='bbox 651 1789 744 1816; x_wconf 86' lang='lat' dir='ltr'><strong>abibis.</strong></span> <span class='ocrx_word' id='word_1_293' title='bbox 761 1791 843 1824; x_wconf 80' lang='lat' dir='ltr'><strong>Quam</strong></span> <span class='ocrx_word' id='word_1_294' title='bbox 859 1800 921 1818; x_wconf 83' lang='lat' dir='ltr'><strong>vero</strong></span> <span class='ocrx_word' id='word_1_295' title='bbox 932 1793 975 1820; x_wconf 90' lang='lat' dir='ltr'><strong>tibi</strong></span> 
     </span>
    </p>
   </div>
   <div class='ocr_carea' id='block_1_38' title="bbox 185 1830 976 1871">
    <p class='ocr_par' dir='ltr' id='par_1_38' title="bbox 185 1830 976 1871">
     <span class='ocr_line' id='line_1_38' title="bbox 185 1830 976 1871; baseline 0.011 -15"><span class='ocrx_word' id='word_1_296' title='bbox 185 1830 284 1857; x_wconf 83' lang='lat' dir='ltr'><strong>illatam</strong></span> <span class='ocrx_word' id='word_1_297' title='bbox 308 1831 429 1865; x_wconf 85' lang='lat' dir='ltr'><strong>iujuriatu</strong></span> <span class='ocrx_word' id='word_1_298' title='bbox 451 1833 570 1867; x_wconf 88' lang='lat' dir='ltr'><strong>proferre</strong></span> <span class='ocrx_word' id='word_1_299' title='bbox 589 1835 685 1868; x_wconf 86' lang='lat' dir='ltr'><strong>potes?</strong></span> <span class='ocrx_word' id='word_1_300' title='bbox 701 1835 747 1863; x_wconf 84' lang='lat' dir='ltr'><strong>Ille</strong></span> <span class='ocrx_word' id='word_1_301' title='bbox 767 1837 830 1863; x_wconf 77' lang='lat' dir='ltr'><strong>milii</strong></span> <span class='ocrx_word' id='word_1_302' title='bbox 854 1837 976 1871; x_wconf 71' lang='lat' dir='ltr'><strong>injuri:th</strong></span> 
     </span>
    </p>
   </div>
   <div class='ocr_carea' id='block_1_39' title="bbox 185 1876 977 1917">
    <p class='ocr_par' dir='ltr' id='par_1_39' title="bbox 185 1876 977 1917">
     <span class='ocr_line' id='line_1_39' title="bbox 185 1876 977 1917; baseline 0.013 -15"><span class='ocrx_word' id='word_1_303' title='bbox 185 1876 283 1909; x_wconf 78' lang='lat' dir='ltr'><strong>intulit,</strong></span> <span class='ocrx_word' id='word_1_304' title='bbox 306 1877 372 1904; x_wconf 87' lang='lat' dir='ltr'><strong>bona</strong></span> <span class='ocrx_word' id='word_1_305' title='bbox 387 1879 484 1912; x_wconf 83' lang='lat' dir='ltr'><strong>rapuit,</strong></span> <span class='ocrx_word' id='word_1_306' title='bbox 502 1888 544 1907; x_wconf 85' lang='lat' dir='ltr'><strong>me</strong></span> <span class='ocrx_word' id='word_1_307' title='bbox 560 1880 584 1907; x_wconf 91' lang='lat' dir='ltr'><strong>in</strong></span> <span class='ocrx_word' id='word_1_308' title='bbox 600 1881 714 1915; x_wconf 89' lang='lat' dir='ltr'><strong>pericula</strong></span> <span class='ocrx_word' id='word_1_309' title='bbox 731 1882 839 1917; x_wconf 77' lang='lat' dir='ltr'><strong>injecit?</strong></span> <span class='ocrx_word' id='word_1_310' title='bbox 854 1884 906 1911; x_wconf 85' lang='lat' dir='ltr'><strong>Sed</strong></span> <span class='ocrx_word' id='word_1_311' title='bbox 928 1885 977 1912; x_wconf 73' lang='lat' dir='ltr'><strong>huc</strong></span> 
     </span>
    </p>
   </div>
   <div class='ocr_carea' id='block_1_40' title="bbox 186 1922 976 1960">
    <p class='ocr_par' dir='ltr' id='par_1_40' title="bbox 186 1922 976 1960">
     <span class='ocr_line' id='line_1_40' title="bbox 186 1922 976 1960; baseline 0.013 -13"><span class='ocrx_word' id='word_1_312' title='bbox 186 1929 238 1948; x_wconf 87' lang='lat' dir='ltr'><strong>non</strong></span> <span class='ocrx_word' id='word_1_313' title='bbox 253 1927 291 1948; x_wconf 79' lang='lat' dir='ltr'><strong>est</strong></span> <span class='ocrx_word' id='word_1_314' title='bbox 315 1923 338 1949; x_wconf 84' lang='lat' dir='ltr'><strong>la</strong></span> <span class='ocrx_word' id='word_1_315' title='bbox 348 1922 384 1955; x_wconf 90' lang='lat' dir='ltr'><strong>di,</strong></span> <span class='ocrx_word' id='word_1_316' title='bbox 401 1924 457 1956; x_wconf 78' lang='lat' dir='ltr'><strong>sed,</strong></span> <span class='ocrx_word' id='word_1_317' title='bbox 474 1925 495 1951; x_wconf 92' lang='lat' dir='ltr'><strong>si</strong></span> <span class='ocrx_word' id='word_1_318' title='bbox 520 1925 611 1960; x_wconf 75' lang='lat' dir='ltr'><strong>vigiles</strong></span> <span class='ocrx_word' id='word_1_319' title='bbox 624 1927 722 1958; x_wconf 81' lang='lat' dir='ltr'><strong>simus,</strong></span> <span class='ocrx_word' id='word_1_320' title='bbox 741 1928 797 1955; x_wconf 75' lang='lat' dir='ltr'><strong>lucc</strong></span> <span class='ocrx_word' id='word_1_321' title='bbox 812 1930 887 1957; x_wconf 89' lang='lat' dir='ltr'><strong>nobis</strong></span> <span class='ocrx_word' id='word_1_322' title='bbox 908 1932 976 1957; x_wconf 87' lang='lat' dir='ltr'><strong>und-</strong></span> 
     </span>
    </p>
   </div>
   <div class='ocr_carea' id='block_1_41' title="bbox 184 1969 977 2010">
    <p class='ocr_par' dir='ltr' id='par_1_41' title="bbox 184 1969 977 2010">
     <span class='ocr_line' id='line_1_41' title="bbox 184 1969 977 2010; baseline 0.011 -16"><span class='ocrx_word' id='word_1_323' title='bbox 184 1973 238 1994; x_wconf 92' lang='lat' dir='ltr'><strong>tum</strong></span> <span class='ocrx_word' id='word_1_324' title='bbox 262 1969 388 2003; x_wconf 85' lang='lat' dir='ltr'><strong>prodesse</strong></span> <span class='ocrx_word' id='word_1_325' title='bbox 409 1976 541 2004; x_wconf 75' lang='lat' dir='ltr'><strong>poterunt.</strong></span> <span class='ocrx_word' id='word_1_326' title='bbox 560 1971 625 1999; x_wconf 84' lang='lat' dir='ltr'><strong>Nam</strong></span> <span class='ocrx_word' id='word_1_327' title='bbox 646 1974 726 2000; x_wconf 69' lang='lat' dir='ltr'><strong>i‘JJSUS</strong></span> <span class='ocrx_word' id='word_1_328' title='bbox 740 1979 779 2001; x_wconf 85' lang='lat' dir='ltr'><strong>cst</strong></span> <span class='ocrx_word' id='word_1_329' title='bbox 800 1976 843 2002; x_wconf 91' lang='lat' dir='ltr'><strong>illc</strong></span> <span class='ocrx_word' id='word_1_330' title='bbox 863 1977 905 2010; x_wconf 90' lang='lat' dir='ltr'><strong>qui</strong></span> <span class='ocrx_word' id='word_1_331' title='bbox 921 1977 977 2004; x_wconf 78' lang='lat' dir='ltr'><strong>h:re</strong></span> 
     </span>
    </p>
   </div>
   <div class='ocr_carea' id='block_1_42' title="bbox 185 2015 977 2053">
    <p class='ocr_par' dir='ltr' id='par_1_42' title="bbox 185 2015 977 2053">
     <span class='ocr_line' id='line_1_42' title="bbox 185 2015 977 2053; baseline 0.013 -12"><span class='ocrx_word' id='word_1_332' title='bbox 185 2015 251 2041; x_wconf 76' lang='lat' dir='ltr'><strong>mala</strong></span> <span class='ocrx_word' id='word_1_333' title='bbox 269 2017 366 2048; x_wconf 78' lang='lat' dir='ltr'><strong>intulit,</strong></span> <span class='ocrx_word' id='word_1_334' title='bbox 382 2026 433 2044; x_wconf 78' lang='lat' dir='ltr'><strong>nun</strong></span> <span class='ocrx_word' id='word_1_335' title='bbox 449 2019 492 2052; x_wconf 87' lang='lat' dir='ltr'><strong>qui</strong></span> <span class='ocrx_word' id='word_1_336' title='bbox 508 2026 601 2053; x_wconf 72' lang='lat' dir='ltr'><strong>paSSus</strong></span> <span class='ocrx_word' id='word_1_337' title='bbox 614 2025 663 2047; x_wconf 63' lang='lat' dir='ltr'><strong>est.</strong></span> <span class='ocrx_word' id='word_1_338' title='bbox 682 2021 713 2047; x_wconf 87' lang='lat' dir='ltr'><strong>Et</strong></span> <span class='ocrx_word' id='word_1_339' title='bbox 730 2021 780 2049; x_wconf 90' lang='lat' dir='ltr'><strong>hoc</strong></span> <span class='ocrx_word' id='word_1_340' title='bbox 794 2024 907 2050; x_wconf 77' lang='lat' dir='ltr'><strong>maxime</strong></span> <span class='ocrx_word' id='word_1_341' title='bbox 922 2033 977 2051; x_wconf 84' lang='lat' dir='ltr'><strong>nia-</strong></span> 
     </span>
    </p>
   </div>
   <div class='ocr_carea' id='block_1_43' title="bbox 184 2060 977 2102">
    <p class='ocr_par' dir='ltr' id='par_1_43' title="bbox 184 2060 977 2102">
     <span class='ocr_line' id='line_1_43' title="bbox 184 2060 977 2102; baseline 0.013 -16"><span class='ocrx_word' id='word_1_342' title='bbox 184 2060 393 2089; x_wconf 82' lang='lat' dir='ltr'><strong>Inrumoumium</strong></span> <span class='ocrx_word' id='word_1_343' title='bbox 405 2071 481 2090; x_wconf 71' lang='lat' dir='ltr'><strong>causa</strong></span> <span class='ocrx_word' id='word_1_344' title='bbox 494 2066 622 2100; x_wconf 66' lang='lat' dir='ltr'><strong>est,quod</strong></span> <span class='ocrx_word' id='word_1_345' title='bbox 639 2067 786 2095; x_wconf 85' lang='lat' dir='ltr'><strong>nesciamus</strong></span> <span class='ocrx_word' id='word_1_346' title='bbox 797 2069 854 2102; x_wconf 88' lang='lat' dir='ltr'><strong>quis</strong></span> <span class='ocrx_word' id='word_1_347' title='bbox 868 2068 977 2102; x_wconf 65' lang='lat' dir='ltr'><strong>lit-dens,</strong></span> 
     </span>
    </p>
   </div>
   <div class='ocr_carea' id='block_1_44' title="bbox 184 2106 974 2150">
    <p class='ocr_par' dir='ltr' id='par_1_44' title="bbox 184 2106 974 2150">
     <span class='ocr_line' id='line_1_44' title="bbox 184 2106 974 2150; baseline 0.015 -20"><span class='ocrx_word' id='word_1_348' title='bbox 184 2106 243 2139; x_wconf 82' lang='lat' dir='ltr'><strong>quis</strong></span> <span class='ocrx_word' id='word_1_349' title='bbox 267 2107 343 2133; x_wconf 63' lang='lat' dir='ltr'><strong>Lusus</strong></span> <span class='ocrx_word' id='word_1_350' title='bbox 359 2109 402 2134; x_wconf 90' lang='lat' dir='ltr'><strong>sit.</strong></span> <span class='ocrx_word' id='word_1_351' title='bbox 427 2108 453 2135; x_wconf 90' lang='lat' dir='ltr'><strong>Si</strong></span> <span class='ocrx_word' id='word_1_352' title='bbox 470 2110 533 2137; x_wconf 91' lang='lat' dir='ltr'><strong>illud</strong></span> <span class='ocrx_word' id='word_1_353' title='bbox 555 2111 637 2144; x_wconf 86' lang='lat' dir='ltr'><strong>probe</strong></span> <span class='ocrx_word' id='word_1_354' title='bbox 660 2113 808 2146; x_wconf 83' lang='lat' dir='ltr'><strong>sciremus,</strong></span> <span class='ocrx_word' id='word_1_355' title='bbox 832 2123 974 2150; x_wconf 79' lang='lat' dir='ltr'><strong>numquam</strong></span> 
     </span>
    </p>
   </div>
   <div class='ocr_carea' id='block_1_45' title="bbox 184 2153 975 2196">
    <p class='ocr_par' dir='ltr' id='par_1_45' title="bbox 184 2153 975 2196">
     <span class='ocr_line' id='line_1_45' title="bbox 184 2153 975 2196; baseline 0.015 -19"><span class='ocrx_word' id='word_1_356' title='bbox 184 2160 232 2178; x_wconf 82' lang='lat' dir='ltr'><strong>nos</strong></span> <span class='ocrx_word' id='word_1_357' title='bbox 259 2153 463 2187; x_wconf 73' lang='lat' dir='ltr'><strong>ulciscerentur,</strong></span> <span class='ocrx_word' id='word_1_358' title='bbox 488 2164 539 2182; x_wconf 91' lang='lat' dir='ltr'><strong>non</strong></span> <span class='ocrx_word' id='word_1_359' title='bbox 564 2165 732 2191; x_wconf 83' lang='lat' dir='ltr'><strong>precaremur</strong></span> <span class='ocrx_word' id='word_1_360' title='bbox 755 2165 845 2187; x_wconf 84' lang='lat' dir='ltr'><strong>contra</strong></span> <span class='ocrx_word' id='word_1_361' title='bbox 872 2162 952 2188; x_wconf 85' lang='lat' dir='ltr'><strong>aluuu</strong></span> <span class='ocrx_word' id='word_1_362' title='bbox 967 2183 975 2196; x_wconf 94' lang='lat'><strong>,</strong></span> 
     </span>
    </p>
   </div>
   <div class='ocr_carea' id='block_1_46' title="bbox 215 2238 977 2275">
    <p class='ocr_par' dir='ltr' id='par_1_46' title="bbox 215 2238 977 2275">
     <span class='ocr_line' id='line_1_46' title="bbox 215 2238 977 2275; baseline 0.016 -13"><span class='ocrx_word' id='word_1_363' title='bbox 215 2238 250 2269; x_wconf 83' lang='lat' dir='ltr'><strong>(rt)</strong></span> <span class='ocrx_word' id='word_1_364' title='bbox 269 2239 295 2263; x_wconf 85' lang='lat' dir='ltr'><strong>In</strong></span> <span class='ocrx_word' id='word_1_365' title='bbox 317 2240 376 2264; x_wconf 82' lang='lat' dir='ltr'><strong>lianc</strong></span> <span class='ocrx_word' id='word_1_366' title='bbox 389 2240 732 2275; x_wconf 62' lang='lat' dir='ltr'><strong>pulcherrimamsententiam</strong></span> <span class='ocrx_word' id='word_1_367' title='bbox 751 2248 884 2272; x_wconf 83' lang='lat' dir='ltr'><strong>orationem</strong></span> <span class='ocrx_word' id='word_1_368' title='bbox 902 2250 977 2275; x_wconf 83' lang='lat' dir='ltr'><strong>edidit</strong></span> 
     </span>
    </p>
   </div>
   <div class='ocr_carea' id='block_1_47' title="bbox 182 2268 977 2305">
    <p class='ocr_par' dir='ltr' id='par_1_47' title="bbox 182 2268 977 2305">
     <span class='ocr_line' id='line_1_47' title="bbox 182 2268 977 2305; baseline 0.016 -13"><span class='ocrx_word' id='word_1_369' title='bbox 182 2268 367 2305; x_wconf 65' lang='lat' dir='ltr'><strong>Clirysostomus</strong></span> <span class='ocrx_word' id='word_1_370' title='bbox 383 2268 463 2305; x_wconf 65' lang='lat' dir='ltr'><strong>exsul,</strong></span> <span class='ocrx_word' id='word_1_371' title='bbox 477 2273 521 2297; x_wconf 80' lang='lat' dir='ltr'><strong>hoc</strong></span> <span class='ocrx_word' id='word_1_372' title='bbox 532 2274 609 2303; x_wconf 85' lang='lat' dir='ltr'><strong>titulo,</strong></span> <span class='ocrx_word' id='word_1_373' title='bbox 623 2268 772 2304; x_wconf 55' lang='lat' dir='ltr'><strong>ouod’némii</strong></span> 
     </span>
    </p>
   </div>
   <div class='ocr_carea' id='block_1_48' title="bbox 182 2303 827 2336">
    <p class='ocr_par' dir='ltr' id='par_1_48' title="bbox 182 2303 827 2336">
     <span class='ocr_line' id='line_1_48' title="bbox 182 2303 827 2336; baseline 0.014 -13"><span class='ocrx_word' id='word_1_374' title='bbox 182 2306 268 2331; x_wconf 72' lang='lat' dir='ltr'><strong>seipse,</strong></span> <span class='ocrx_word' id='word_1_375' title='bbox 281 2308 351 2332; x_wconf 82' lang='lat' dir='ltr'><strong>quam</strong></span> <span class='ocrx_word' id='word_1_376' title='bbox 363 2303 437 2327; x_wconf 70' lang='lat' dir='ltr'><strong>babes</strong></span> <span class='ocrx_word' id='word_1_377' title='bbox 447 2311 519 2334; x_wconf 83' lang='lat' dir='ltr'><strong>supra</strong></span> <span class='ocrx_word' id='word_1_378' title='bbox 531 2309 602 2329; x_wconf 85' lang='lat' dir='ltr'><strong>&#39;ronio</strong></span> <span class='ocrx_word' id='word_1_379' title='bbox 615 2303 638 2336; x_wconf 78' lang='lat'><strong>5,</strong></span> <span class='ocrx_word' id='word_1_380' title='bbox 651 2306 697 2330; x_wconf 90' lang='lat' dir='ltr'><strong>col.</strong></span> <span class='ocrx_word' id='word_1_381' title='bbox 711 2307 827 2333; x_wconf 69' lang='lat'><strong>459-460.</strong></span> 
     </span>
    </p>
   </div>
   <div class='ocr_carea' id='block_1_49' title="bbox 695 117 1307 151">
    <p class='ocr_par' dir='ltr' id='par_1_49' title="bbox 695 117 1307 151">
     <span class='ocr_line' id='line_1_49' title="bbox 695 117 1307 151; baseline 0.005 -4"><span class='ocrx_word' id='word_1_382' title='bbox 695 117 729 147; x_wconf 75' lang='lat' dir='ltr'><strong>IN</strong></span> <span class='ocrx_word' id='word_1_383' title='bbox 748 117 949 147; x_wconf 70' lang='lat' dir='ltr'><strong>MATTll/EUM</strong></span> <span class='ocrx_word' id='word_1_384' title='bbox 970 118 1085 148; x_wconf 75' lang='lat' dir='ltr'><strong>HOMIL.</strong></span> <span class='ocrx_word' id='word_1_385' title='bbox 1107 120 1161 148; x_wconf 89' lang='lat' dir='ltr'><strong>Lll.</strong></span> <span class='ocrx_word' id='word_1_386' title='bbox 1182 122 1218 149; x_wconf 87' lang='lat' dir='ltr'><strong>al.</strong></span> <span class='ocrx_word' id='word_1_387' title='bbox 1240 123 1307 151; x_wconf 79' lang='lat' dir='ltr'><strong>Lill.</strong></span> 
     </span>
    </p>
   </div>
   <div class='ocr_carea' id='block_1_50' title="bbox 1788 128 1840 158">
    <p class='ocr_par' dir='ltr' id='par_1_50' title="bbox 1788 128 1840 158">
     <span class='ocr_line' id='line_1_50' title="bbox 1788 128 1840 158; baseline 0 -1"><span class='ocrx_word' id='word_1_388' title='bbox 1788 128 1840 158; x_wconf 67' lang='lat' dir='ltr'><strong>lat!</strong></span> 
     </span>
    </p>
   </div>
   <div class='ocr_carea' id='block_1_51' title="bbox 1046 180 1841 223">
    <p class='ocr_par' dir='ltr' id='par_1_51' title="bbox 1046 180 1841 223">
     <span class='ocr_line' id='line_1_51' title="bbox 1046 180 1841 223; baseline 0.015 -17"><span class='ocrx_word' id='word_1_389' title='bbox 1046 180 1120 214; x_wconf 75' lang='lat' dir='ltr'><strong>gnari</strong></span> <span class='ocrx_word' id='word_1_390' title='bbox 1138 188 1189 208; x_wconf 91' lang='lat' dir='ltr'><strong>non</strong></span> <span class='ocrx_word' id='word_1_391' title='bbox 1213 188 1291 215; x_wconf 87' lang='lat' dir='ltr'><strong>posse</strong></span> <span class='ocrx_word' id='word_1_392' title='bbox 1307 188 1356 209; x_wconf 85' lang='lat' dir='ltr'><strong>uos</strong></span> <span class='ocrx_word' id='word_1_393' title='bbox 1369 182 1439 211; x_wconf 86' lang='lat' dir='ltr'><strong>malo</strong></span> <span class='ocrx_word' id='word_1_394' title='bbox 1453 183 1522 211; x_wconf 72' lang='lat' dir='ltr'><strong>attici</strong></span> <span class='ocrx_word' id='word_1_395' title='bbox 1537 185 1570 213; x_wconf 84' lang='lat' dir='ltr'><strong>ab</strong></span> <span class='ocrx_word' id='word_1_396' title='bbox 1585 185 1646 213; x_wconf 88' lang='lat' dir='ltr'><strong>alio.</strong></span> <span class='ocrx_word' id='word_1_397' title='bbox 1664 186 1754 223; x_wconf 78' lang='lat' dir='ltr'><strong>Neque</strong></span> <span class='ocrx_word' id='word_1_398' title='bbox 1767 191 1841 218; x_wconf 83' lang='lat' dir='ltr'><strong>enim</strong></span> 
     </span>
    </p>
   </div>
   <div class='ocr_carea' id='block_1_52' title="bbox 1045 226 1837 269">
    <p class='ocr_par' dir='ltr' id='par_1_52' title="bbox 1045 226 1837 269">
     <span class='ocr_line' id='line_1_52' title="bbox 1045 226 1837 269; baseline 0.014 -17"><span class='ocrx_word' id='word_1_399' title='bbox 1045 226 1163 261; x_wconf 81' lang='lat' dir='ltr'><strong>rapinam</strong></span> <span class='ocrx_word' id='word_1_400' title='bbox 1180 227 1243 261; x_wconf 85' lang='lat' dir='ltr'><strong>pati,</strong></span> <span class='ocrx_word' id='word_1_401' title='bbox 1260 227 1306 255; x_wconf 86' lang='lat' dir='ltr'><strong>sed</strong></span> <span class='ocrx_word' id='word_1_402' title='bbox 1317 227 1414 261; x_wconf 86' lang='lat' dir='ltr'><strong>facere,</strong></span> <span class='ocrx_word' id='word_1_403' title='bbox 1430 229 1540 257; x_wconf 88' lang='lat' dir='ltr'><strong>malum.</strong></span> <span class='ocrx_word' id='word_1_404' title='bbox 1552 230 1579 258; x_wconf 87' lang='lat' dir='ltr'><strong>Si</strong></span> <span class='ocrx_word' id='word_1_405' title='bbox 1594 232 1714 266; x_wconf 85' lang='lat' dir='ltr'><strong>rapuisti.</strong></span> <span class='ocrx_word' id='word_1_406' title='bbox 1725 234 1837 269; x_wconf 84' lang='lat' dir='ltr'><strong>teipsum</strong></span> 
     </span>
    </p>
   </div>
   <div class='ocr_carea' id='block_1_53' title="bbox 1044 273 1837 315">
    <p class='ocr_par' dir='ltr' id='par_1_53' title="bbox 1044 273 1837 315">
     <span class='ocr_line' id='line_1_53' title="bbox 1044 273 1837 315; baseline 0.01 -16"><span class='ocrx_word' id='word_1_407' title='bbox 1044 277 1187 305; x_wconf 86' lang='lat' dir='ltr'><strong>accusato;</strong></span> <span class='ocrx_word' id='word_1_408' title='bbox 1202 273 1242 300; x_wconf 92' lang='lat' dir='ltr'><strong>sin</strong></span> <span class='ocrx_word' id='word_1_409' title='bbox 1258 281 1324 301; x_wconf 86' lang='lat' dir='ltr'><strong>vero</strong></span> <span class='ocrx_word' id='word_1_410' title='bbox 1337 278 1380 301; x_wconf 86' lang='lat' dir='ltr'><strong>tua</strong></span> <span class='ocrx_word' id='word_1_411' title='bbox 1401 274 1468 302; x_wconf 85' lang='lat' dir='ltr'><strong>alius</strong></span> <span class='ocrx_word' id='word_1_412' title='bbox 1487 277 1584 311; x_wconf 84' lang='lat' dir='ltr'><strong>rapuit,</strong></span> <span class='ocrx_word' id='word_1_413' title='bbox 1597 284 1705 312; x_wconf 88' lang='lat' dir='ltr'><strong>precare</strong></span> <span class='ocrx_word' id='word_1_414' title='bbox 1727 287 1776 315; x_wconf 87' lang='lat' dir='ltr'><strong>pro</strong></span> <span class='ocrx_word' id='word_1_415' title='bbox 1793 288 1837 307; x_wconf 84' lang='lat' dir='ltr'><strong>ra-</strong></span> 
     </span>
    </p>
   </div>
   <div class='ocr_carea' id='block_1_54' title="bbox 1044 318 1836 355">
    <p class='ocr_par' dir='ltr' id='par_1_54' title="bbox 1044 318 1836 355">
     <span class='ocr_line' id='line_1_54' title="bbox 1044 318 1836 355; baseline 0.011 -11"><span class='ocrx_word' id='word_1_416' title='bbox 1044 322 1129 352; x_wconf 87' lang='lat' dir='ltr'><strong>ptore,</strong></span> <span class='ocrx_word' id='word_1_417' title='bbox 1145 318 1207 353; x_wconf 89' lang='lat' dir='ltr'><strong>quia</strong></span> <span class='ocrx_word' id='word_1_418' title='bbox 1233 319 1278 346; x_wconf 89' lang='lat' dir='ltr'><strong>tibi</strong></span> <span class='ocrx_word' id='word_1_419' title='bbox 1301 320 1416 348; x_wconf 83' lang='lat' dir='ltr'><strong>maxime</strong></span> <span class='ocrx_word' id='word_1_420' title='bbox 1437 320 1545 355; x_wconf 82' lang='lat' dir='ltr'><strong>profuit.</strong></span> <span class='ocrx_word' id='word_1_421' title='bbox 1563 322 1671 350; x_wconf 84' lang='lat' dir='ltr'><strong>Etiamsi</strong></span> <span class='ocrx_word' id='word_1_422' title='bbox 1687 324 1758 352; x_wconf 88' lang='lat' dir='ltr'><strong>enim</strong></span> <span class='ocrx_word' id='word_1_423' title='bbox 1783 334 1836 353; x_wconf 87' lang='lat' dir='ltr'><strong>non</strong></span> 
     </span>
    </p>
   </div>
   <div class='ocr_carea' id='block_1_55' title="bbox 1044 365 1839 402">
    <p class='ocr_par' dir='ltr' id='par_1_55' title="bbox 1044 365 1839 402">
     <span class='ocr_line' id='line_1_55' title="bbox 1044 365 1839 402; baseline 0.011 -12"><span class='ocrx_word' id='word_1_424' title='bbox 1044 365 1101 392; x_wconf 88' lang='lat' dir='ltr'><strong>talis</strong></span> <span class='ocrx_word' id='word_1_425' title='bbox 1115 365 1149 392; x_wconf 69' lang='lat' dir='ltr'><strong>sit</strong></span> <span class='ocrx_word' id='word_1_426' title='bbox 1162 373 1236 392; x_wconf 89' lang='lat' dir='ltr'><strong>mens</strong></span> <span class='ocrx_word' id='word_1_427' title='bbox 1252 366 1332 399; x_wconf 88' lang='lat' dir='ltr'><strong>illius,</strong></span> <span class='ocrx_word' id='word_1_428' title='bbox 1349 371 1420 394; x_wconf 74' lang='lat' dir='ltr'><strong>certe</strong></span> <span class='ocrx_word' id='word_1_429' title='bbox 1436 373 1461 393; x_wconf 91' lang='lat' dir='ltr'><strong>tu</strong></span> <span class='ocrx_word' id='word_1_430' title='bbox 1474 375 1594 402; x_wconf 88' lang='lat' dir='ltr'><strong>magnam</strong></span> <span class='ocrx_word' id='word_1_431' title='bbox 1611 369 1748 397; x_wconf 83' lang='lat' dir='ltr'><strong>utilitatem</strong></span> <span class='ocrx_word' id='word_1_432' title='bbox 1764 380 1839 400; x_wconf 87' lang='lat' dir='ltr'><strong>acce-</strong></span> 
     </span>
    </p>
   </div>
   <div class='ocr_carea' id='block_1_56' title="bbox 1043 411 1837 444">
    <p class='ocr_par' dir='ltr' id='par_1_56' title="bbox 1043 411 1837 444">
     <span class='ocr_line' id='line_1_56' title="bbox 1043 411 1837 444; baseline 0.009 -8"><span class='ocrx_word' id='word_1_433' title='bbox 1043 411 1102 444; x_wconf 89' lang='lat' dir='ltr'><strong>pisti</strong></span> <span class='ocrx_word' id='word_1_434' title='bbox 1117 431 1123 443; x_wconf 89' lang='lat'><strong>,</strong></span> <span class='ocrx_word' id='word_1_435' title='bbox 1142 412 1163 437; x_wconf 76' lang='lat' dir='ltr'><strong>si</strong></span> <span class='ocrx_word' id='word_1_436' title='bbox 1179 411 1283 439; x_wconf 81' lang='lat' dir='ltr'><strong>fortiter</strong></span> <span class='ocrx_word' id='word_1_437' title='bbox 1305 412 1407 439; x_wconf 81' lang='lat' dir='ltr'><strong>tuleris.</strong></span> <span class='ocrx_word' id='word_1_438' title='bbox 1423 412 1498 439; x_wconf 92' lang='lat' dir='ltr'><strong>Illum</strong></span> <span class='ocrx_word' id='word_1_439' title='bbox 1514 414 1583 440; x_wconf 90' lang='lat' dir='ltr'><strong>enim</strong></span> <span class='ocrx_word' id='word_1_440' title='bbox 1599 419 1626 441; x_wconf 83' lang='lat' dir='ltr'><strong>et</strong></span> <span class='ocrx_word' id='word_1_441' title='bbox 1639 415 1735 442; x_wconf 70' lang='lat' dir='ltr'><strong>divina:</strong></span> <span class='ocrx_word' id='word_1_442' title='bbox 1748 422 1774 443; x_wconf 90' lang='lat' dir='ltr'><strong>et</strong></span> <span class='ocrx_word' id='word_1_443' title='bbox 1788 418 1837 443; x_wconf 87' lang='lat' dir='ltr'><strong>Itlt-</strong></span> 
     </span>
    </p>
   </div>
   <div class='ocr_carea' id='block_1_57' title="bbox 1042 457 1838 492">
    <p class='ocr_par' dir='ltr' id='par_1_57' title="bbox 1042 457 1838 492">
     <span class='ocr_line' id='line_1_57' title="bbox 1042 457 1838 492; baseline 0.009 -11"><span class='ocrx_word' id='word_1_444' title='bbox 1042 463 1126 482; x_wconf 74' lang='lat' dir='ltr'><strong>mana:</strong></span> <span class='ocrx_word' id='word_1_445' title='bbox 1136 457 1207 490; x_wconf 82' lang='lat' dir='ltr'><strong>leges</strong></span> <span class='ocrx_word' id='word_1_446' title='bbox 1224 457 1348 484; x_wconf 89' lang='lat' dir='ltr'><strong>miserum</strong></span> <span class='ocrx_word' id='word_1_447' title='bbox 1367 458 1526 492; x_wconf 71' lang='lat' dir='ltr'><strong>prmdicant;</strong></span> <span class='ocrx_word' id='word_1_448' title='bbox 1540 464 1565 486; x_wconf 86' lang='lat' dir='ltr'><strong>te</strong></span> <span class='ocrx_word' id='word_1_449' title='bbox 1579 467 1642 487; x_wconf 86' lang='lat' dir='ltr'><strong>vero</strong></span> <span class='ocrx_word' id='word_1_450' title='bbox 1655 460 1746 487; x_wconf 61' lang='lat' dir='ltr'><strong>11’5qu</strong></span> <span class='ocrx_word' id='word_1_451' title='bbox 1761 470 1838 490; x_wconf 86' lang='lat' dir='ltr'><strong>corn-</strong></span> 
     </span>
    </p>
   </div>
   <div class='ocr_carea' id='block_1_58' title="bbox 1042 502 1837 539">
    <p class='ocr_par' dir='ltr' id='par_1_58' title="bbox 1042 502 1837 539">
     <span class='ocr_line' id='line_1_58' title="bbox 1042 502 1837 539; baseline 0.009 -12"><span class='ocrx_word' id='word_1_452' title='bbox 1042 506 1105 528; x_wconf 88' lang='lat' dir='ltr'><strong>nant</strong></span> <span class='ocrx_word' id='word_1_453' title='bbox 1118 506 1145 528; x_wconf 85' lang='lat' dir='ltr'><strong>et</strong></span> <span class='ocrx_word' id='word_1_454' title='bbox 1159 502 1305 529; x_wconf 86' lang='lat' dir='ltr'><strong>celebrant.</strong></span> <span class='ocrx_word' id='word_1_455' title='bbox 1326 502 1416 538; x_wconf 83' lang='lat' dir='ltr'><strong>Neque</strong></span> <span class='ocrx_word' id='word_1_456' title='bbox 1431 505 1500 531; x_wconf 87' lang='lat' dir='ltr'><strong>enim</strong></span> <span class='ocrx_word' id='word_1_457' title='bbox 1516 504 1537 531; x_wconf 89' lang='lat' dir='ltr'><strong>si</strong></span> <span class='ocrx_word' id='word_1_458' title='bbox 1554 505 1613 539; x_wconf 82' lang='lat' dir='ltr'><strong>quis</strong></span> <span class='ocrx_word' id='word_1_459' title='bbox 1627 505 1779 534; x_wconf 73' lang='lat' dir='ltr'><strong>febricitans</strong></span> <span class='ocrx_word' id='word_1_460' title='bbox 1791 515 1837 534; x_wconf 85' lang='lat' dir='ltr'><strong>vas</strong></span> 
     </span>
    </p>
   </div>
   <div class='ocr_carea' id='block_1_59' title="bbox 1041 549 1836 585">
    <p class='ocr_par' dir='ltr' id='par_1_59' title="bbox 1041 549 1836 585">
     <span class='ocr_line' id='line_1_59' title="bbox 1041 549 1836 585; baseline 0.01 -12"><span class='ocrx_word' id='word_1_461' title='bbox 1041 555 1107 582; x_wconf 88' lang='lat' dir='ltr'><strong>aqua</strong></span> <span class='ocrx_word' id='word_1_462' title='bbox 1123 549 1227 583; x_wconf 79' lang='lat' dir='ltr'><strong>plenum</strong></span> <span class='ocrx_word' id='word_1_463' title='bbox 1245 552 1362 584; x_wconf 81' lang='lat' dir='ltr'><strong>rapuerit</strong></span> <span class='ocrx_word' id='word_1_464' title='bbox 1376 551 1409 577; x_wconf 91' lang='lat' dir='ltr'><strong>ab</strong></span> <span class='ocrx_word' id='word_1_465' title='bbox 1422 552 1484 585; x_wconf 86' lang='lat' dir='ltr'><strong>alio,</strong></span> <span class='ocrx_word' id='word_1_466' title='bbox 1502 556 1528 579; x_wconf 89' lang='lat' dir='ltr'><strong>et</strong></span> <span class='ocrx_word' id='word_1_467' title='bbox 1542 553 1650 580; x_wconf 82' lang='lat' dir='ltr'><strong>noxiam</strong></span> <span class='ocrx_word' id='word_1_468' title='bbox 1668 553 1774 581; x_wconf 89' lang='lat' dir='ltr'><strong>bibendi</strong></span> <span class='ocrx_word' id='word_1_469' title='bbox 1790 563 1836 582; x_wconf 90' lang='lat' dir='ltr'><strong>cu-</strong></span> 
     </span>
    </p>
   </div>
   <div class='ocr_carea' id='block_1_60' title="bbox 1041 595 1835 632">
    <p class='ocr_par' dir='ltr' id='par_1_60' title="bbox 1041 595 1835 632">
     <span class='ocr_line' id='line_1_60' title="bbox 1041 595 1835 632; baseline 0.01 -12"><span class='ocrx_word' id='word_1_470' title='bbox 1041 595 1178 628; x_wconf 85' lang='lat' dir='ltr'><strong>piditatem</strong></span> <span class='ocrx_word' id='word_1_471' title='bbox 1192 597 1355 632; x_wconf 81' lang='lat' dir='ltr'><strong>expleverit,</strong></span> <span class='ocrx_word' id='word_1_472' title='bbox 1371 598 1490 626; x_wconf 82' lang='lat' dir='ltr'><strong>dicemus</strong></span> <span class='ocrx_word' id='word_1_473' title='bbox 1514 600 1604 627; x_wconf 66' lang='lat' dir='ltr'><strong>laesum</strong></span> <span class='ocrx_word' id='word_1_474' title='bbox 1623 601 1697 628; x_wconf 89' lang='lat' dir='ltr'><strong>illtnu</strong></span> <span class='ocrx_word' id='word_1_475' title='bbox 1722 602 1807 629; x_wconf 55' lang='lat' dir='ltr'><strong>fuisse</strong></span> <span class='ocrx_word' id='word_1_476' title='bbox 1820 610 1835 629; x_wconf 86' lang='lat' dir='ltr'><strong>a</strong></span> 
     </span>
    </p>
   </div>
   <div class='ocr_carea' id='block_1_61' title="bbox 1040 644 1834 680">
    <p class='ocr_par' dir='ltr' id='par_1_61' title="bbox 1040 644 1834 680">
     <span class='ocr_line' id='line_1_61' title="bbox 1040 644 1834 680; baseline 0.011 -16"><span class='ocrx_word' id='word_1_477' title='bbox 1040 647 1092 673; x_wconf 89' lang='lat' dir='ltr'><strong>quo</strong></span> <span class='ocrx_word' id='word_1_478' title='bbox 1111 646 1214 675; x_wconf 85' lang='lat' dir='ltr'><strong>raptum</strong></span> <span class='ocrx_word' id='word_1_479' title='bbox 1237 650 1284 669; x_wconf 86' lang='lat' dir='ltr'><strong>vas</strong></span> <span class='ocrx_word' id='word_1_480' title='bbox 1299 648 1349 676; x_wconf 88' lang='lat' dir='ltr'><strong>cst,</strong></span> <span class='ocrx_word' id='word_1_481' title='bbox 1370 644 1416 670; x_wconf 78' lang='lat' dir='ltr'><strong>sed</strong></span> <span class='ocrx_word' id='word_1_482' title='bbox 1439 645 1526 679; x_wconf 85' lang='lat' dir='ltr'><strong>potius</strong></span> <span class='ocrx_word' id='word_1_483' title='bbox 1550 646 1718 680; x_wconf 86' lang='lat' dir='ltr'><strong>rapientem:</strong></span> <span class='ocrx_word' id='word_1_484' title='bbox 1742 647 1834 673; x_wconf 83' lang='lat' dir='ltr'><strong>febrim</strong></span> 
     </span>
    </p>
   </div>
   <div class='ocr_carea' id='block_1_62' title="bbox 1039 686 1834 727">
    <p class='ocr_par' dir='ltr' id='par_1_62' title="bbox 1039 686 1834 727">
     <span class='ocr_line' id='line_1_62' title="bbox 1039 686 1834 727; baseline 0.011 -16"><span class='ocrx_word' id='word_1_485' title='bbox 1039 686 1109 711; x_wconf 79' lang='lat' dir='ltr'><strong>enim</strong></span> <span class='ocrx_word' id='word_1_486' title='bbox 1134 687 1219 720; x_wconf 77' lang='lat' dir='ltr'><strong>auxit,</strong></span> <span class='ocrx_word' id='word_1_487' title='bbox 1234 688 1410 723; x_wconf 69' lang='lat' dir='ltr'><strong>inorbumquc</strong></span> <span class='ocrx_word' id='word_1_488' title='bbox 1424 691 1553 718; x_wconf 87' lang='lat' dir='ltr'><strong>acriorem</strong></span> <span class='ocrx_word' id='word_1_489' title='bbox 1568 692 1666 719; x_wconf 70' lang='lat' dir='ltr'><strong>elicuit.</strong></span> <span class='ocrx_word' id='word_1_490' title='bbox 1679 692 1733 719; x_wconf 77' lang='lat' dir='ltr'><strong>Hoc</strong></span> <span class='ocrx_word' id='word_1_491' title='bbox 1750 693 1834 727; x_wconf 72' lang='lat' dir='ltr'><strong>ipsum</strong></span> 
     </span>
    </p>
   </div>
   <div class='ocr_carea' id='block_1_63' title="bbox 1039 731 1835 773">
    <p class='ocr_par' dir='ltr' id='par_1_63' title="bbox 1039 731 1835 773">
     <span class='ocr_line' id='line_1_63' title="bbox 1039 731 1835 773; baseline 0.011 -16"><span class='ocrx_word' id='word_1_492' title='bbox 1039 731 1070 757; x_wconf 87' lang='lat' dir='ltr'><strong>de</strong></span> <span class='ocrx_word' id='word_1_493' title='bbox 1085 733 1254 765; x_wconf 84' lang='lat' dir='ltr'><strong>pecuniarum</strong></span> <span class='ocrx_word' id='word_1_494' title='bbox 1270 738 1295 759; x_wconf 88' lang='lat' dir='ltr'><strong>et</strong></span> <span class='ocrx_word' id='word_1_495' title='bbox 1308 742 1386 768; x_wconf 87' lang='lat' dir='ltr'><strong>opum</strong></span> <span class='ocrx_word' id='word_1_496' title='bbox 1401 741 1506 763; x_wconf 88' lang='lat' dir='ltr'><strong>amante</strong></span> <span class='ocrx_word' id='word_1_497' title='bbox 1518 743 1619 771; x_wconf 84' lang='lat' dir='ltr'><strong>reputa.</strong></span> <span class='ocrx_word' id='word_1_498' title='bbox 1632 738 1696 765; x_wconf 77' lang='lat' dir='ltr'><strong>Nam</strong></span> <span class='ocrx_word' id='word_1_499' title='bbox 1720 739 1761 765; x_wconf 88' lang='lat' dir='ltr'><strong>hic</strong></span> <span class='ocrx_word' id='word_1_500' title='bbox 1778 739 1835 773; x_wconf 84' lang='lat' dir='ltr'><strong>plus</strong></span> 
     </span>
    </p>
   </div>
   <div class='ocr_carea' id='block_1_64' title="bbox 1038 778 1833 818">
    <p class='ocr_par' dir='ltr' id='par_1_64' title="bbox 1038 778 1833 818">
     <span class='ocr_line' id='line_1_64' title="bbox 1038 778 1833 818; baseline 0.013 -17"><span class='ocrx_word' id='word_1_501' title='bbox 1038 784 1115 811; x_wconf 88' lang='lat' dir='ltr'><strong>quam</strong></span> <span class='ocrx_word' id='word_1_502' title='bbox 1138 778 1182 804; x_wconf 89' lang='lat' dir='ltr'><strong>ille</strong></span> <span class='ocrx_word' id='word_1_503' title='bbox 1195 779 1260 805; x_wconf 89' lang='lat' dir='ltr'><strong>alius</strong></span> <span class='ocrx_word' id='word_1_504' title='bbox 1277 779 1437 812; x_wconf 83' lang='lat' dir='ltr'><strong>febricitans,</strong></span> <span class='ocrx_word' id='word_1_505' title='bbox 1454 790 1500 815; x_wconf 78' lang='lat' dir='ltr'><strong>per</strong></span> <span class='ocrx_word' id='word_1_506' title='bbox 1520 783 1587 809; x_wconf 86' lang='lat' dir='ltr'><strong>hane</strong></span> <span class='ocrx_word' id='word_1_507' title='bbox 1607 786 1743 818; x_wconf 82' lang='lat' dir='ltr'><strong>rapinam,</strong></span> <span class='ocrx_word' id='word_1_508' title='bbox 1759 793 1833 812; x_wconf 83' lang='lat' dir='ltr'><strong>suam</strong></span> 
     </span>
    </p>
   </div>
   <div class='ocr_carea' id='block_1_65' title="bbox 1038 823 1832 865">
    <p class='ocr_par' dir='ltr' id='par_1_65' title="bbox 1038 823 1832 865">
     <span class='ocr_line' id='line_1_65' title="bbox 1038 823 1832 865; baseline 0.013 -17"><span class='ocrx_word' id='word_1_509' title='bbox 1038 823 1154 853; x_wconf 85' lang='lat' dir='ltr'><strong>incendit</strong></span> <span class='ocrx_word' id='word_1_510' title='bbox 1170 824 1314 851; x_wconf 83' lang='lat' dir='ltr'><strong>ﬂammam.</strong></span> <span class='ocrx_word' id='word_1_511' title='bbox 1339 826 1404 852; x_wconf 79' lang='lat' dir='ltr'><strong>Etsi</strong></span> <span class='ocrx_word' id='word_1_512' title='bbox 1420 828 1478 860; x_wconf 85' lang='lat' dir='ltr'><strong>quis</strong></span> <span class='ocrx_word' id='word_1_513' title='bbox 1500 827 1591 855; x_wconf 80' lang='lat' dir='ltr'><strong>fui-eus</strong></span> <span class='ocrx_word' id='word_1_514' title='bbox 1604 830 1713 864; x_wconf 75' lang='lat' dir='ltr'><strong>abrepto</strong></span> <span class='ocrx_word' id='word_1_515' title='bbox 1736 839 1749 857; x_wconf 92' lang='lat' dir='ltr'><strong>a</strong></span> <span class='ocrx_word' id='word_1_516' title='bbox 1767 839 1832 865; x_wconf 80' lang='lat' dir='ltr'><strong>quo-</strong></span> 
     </span>
    </p>
   </div>
   <div class='ocr_carea' id='block_1_66' title="bbox 1038 869 1833 911">
    <p class='ocr_par' dir='ltr' id='par_1_66' title="bbox 1038 869 1833 911">
     <span class='ocr_line' id='line_1_66' title="bbox 1038 869 1833 911; baseline 0.013 -18"><span class='ocrx_word' id='word_1_517' title='bbox 1038 869 1106 902; x_wconf 82' lang='lat' dir='ltr'><strong>piain</strong></span> <span class='ocrx_word' id='word_1_518' title='bbox 1122 869 1208 903; x_wconf 85' lang='lat' dir='ltr'><strong>gladio</strong></span> <span class='ocrx_word' id='word_1_519' title='bbox 1227 878 1255 896; x_wconf 78' lang='lat' dir='ltr'><strong>se</strong></span> <span class='ocrx_word' id='word_1_520' title='bbox 1277 871 1442 904; x_wconf 86' lang='lat' dir='ltr'><strong>confoderit,</strong></span> <span class='ocrx_word' id='word_1_521' title='bbox 1458 874 1517 906; x_wconf 84' lang='lat' dir='ltr'><strong>quis</strong></span> <span class='ocrx_word' id='word_1_522' title='bbox 1533 873 1611 901; x_wconf 72' lang='lat' dir='ltr'><strong>lazsus</strong></span> <span class='ocrx_word' id='word_1_523' title='bbox 1631 876 1688 901; x_wconf 86' lang='lat' dir='ltr'><strong>est?</strong></span> <span class='ocrx_word' id='word_1_524' title='bbox 1703 876 1723 901; x_wconf 67' lang='lat' dir='ltr'><strong>is</strong></span> <span class='ocrx_word' id='word_1_525' title='bbox 1745 884 1759 903; x_wconf 90' lang='lat' dir='ltr'><strong>a</strong></span> <span class='ocrx_word' id='word_1_526' title='bbox 1781 885 1833 911; x_wconf 90' lang='lat' dir='ltr'><strong>quo</strong></span> 
     </span>
    </p>
   </div>
   <div class='ocr_carea' id='block_1_67' title="bbox 1036 915 1831 955">
    <p class='ocr_par' dir='ltr' id='par_1_67' title="bbox 1036 915 1831 955">
     <span class='ocr_line' id='line_1_67' title="bbox 1036 915 1831 955; baseline 0.011 -15"><span class='ocrx_word' id='word_1_527' title='bbox 1036 915 1162 948; x_wconf 78' lang='lat' dir='ltr'><strong>abreptus</strong></span> <span class='ocrx_word' id='word_1_528' title='bbox 1175 916 1294 949; x_wconf 76' lang='lat' dir='ltr'><strong>gladius,</strong></span> <span class='ocrx_word' id='word_1_529' title='bbox 1311 924 1343 942; x_wconf 89' lang='lat' dir='ltr'><strong>an</strong></span> <span class='ocrx_word' id='word_1_530' title='bbox 1359 918 1402 951; x_wconf 90' lang='lat' dir='ltr'><strong>qui</strong></span> <span class='ocrx_word' id='word_1_531' title='bbox 1424 918 1532 951; x_wconf 81' lang='lat' dir='ltr'><strong>rapuit?</strong></span> <span class='ocrx_word' id='word_1_532' title='bbox 1547 919 1592 944; x_wconf 93' lang='lat' dir='ltr'><strong>llic</strong></span> <span class='ocrx_word' id='word_1_533' title='bbox 1614 920 1713 954; x_wconf 79' lang='lat' dir='ltr'><strong>utique.</strong></span> <span class='ocrx_word' id='word_1_534' title='bbox 1731 921 1766 948; x_wconf 86' lang='lat' dir='ltr'><strong>De</strong></span> <span class='ocrx_word' id='word_1_535' title='bbox 1786 930 1831 955; x_wconf 86' lang='lat' dir='ltr'><strong>pe-</strong></span> 
     </span>
    </p>
   </div>
   <div class='ocr_carea' id='block_1_68' title="bbox 1036 961 1832 1000">
    <p class='ocr_par' dir='ltr' id='par_1_68' title="bbox 1036 961 1832 1000">
     <span class='ocr_line' id='line_1_68' title="bbox 1036 961 1832 1000; baseline 0.01 -15"><span class='ocrx_word' id='word_1_536' title='bbox 1036 961 1172 986; x_wconf 74' lang='lat' dir='ltr'><strong>cuniarum</strong></span> <span class='ocrx_word' id='word_1_537' title='bbox 1189 961 1266 994; x_wconf 79' lang='lat' dir='ltr'><strong>igitur</strong></span> <span class='ocrx_word' id='word_1_538' title='bbox 1280 962 1370 995; x_wconf 85' lang='lat' dir='ltr'><strong>rapina</strong></span> <span class='ocrx_word' id='word_1_539' title='bbox 1387 963 1499 997; x_wconf 86' lang='lat' dir='ltr'><strong>idipsum</strong></span> <span class='ocrx_word' id='word_1_540' title='bbox 1516 964 1747 998; x_wconf 84' lang='lat' dir='ltr'><strong>cogitenms.Nam</strong></span> <span class='ocrx_word' id='word_1_541' title='bbox 1762 967 1832 1000; x_wconf 91' lang='lat' dir='ltr'><strong>quod</strong></span> 
     </span>
    </p>
   </div>
   <div class='ocr_carea' id='block_1_69' title="bbox 1037 1005 1833 1046">
    <p class='ocr_par' dir='ltr' id='par_1_69' title="bbox 1037 1005 1833 1046">
     <span class='ocr_line' id='line_1_69' title="bbox 1037 1005 1833 1046; baseline 0.011 -15"><span class='ocrx_word' id='word_1_542' title='bbox 1037 1005 1132 1032; x_wconf 84' lang='lat' dir='ltr'><strong>furenti</strong></span> <span class='ocrx_word' id='word_1_543' title='bbox 1148 1006 1249 1040; x_wconf 77' lang='lat' dir='ltr'><strong>gladius</strong></span> <span class='ocrx_word' id='word_1_544' title='bbox 1272 1011 1326 1040; x_wconf 88' lang='lat' dir='ltr'><strong>est,</strong></span> <span class='ocrx_word' id='word_1_545' title='bbox 1343 1007 1368 1035; x_wconf 90' lang='lat' dir='ltr'><strong>id</strong></span> <span class='ocrx_word' id='word_1_546' title='bbox 1384 1016 1464 1035; x_wconf 80' lang='lat' dir='ltr'><strong>avaro</strong></span> <span class='ocrx_word' id='word_1_547' title='bbox 1479 1009 1577 1036; x_wconf 76' lang='lat' dir='ltr'><strong>divitia:</strong></span> <span class='ocrx_word' id='word_1_548' title='bbox 1600 1016 1679 1042; x_wconf 84' lang='lat' dir='ltr'><strong>sunt;</strong></span> <span class='ocrx_word' id='word_1_549' title='bbox 1702 1011 1755 1037; x_wconf 88' lang='lat' dir='ltr'><strong>imo</strong></span> <span class='ocrx_word' id='word_1_550' title='bbox 1775 1020 1833 1046; x_wconf 79' lang='lat' dir='ltr'><strong>pcr~</strong></span> 
     </span>
    </p>
   </div>
   <div class='ocr_carea' id='block_1_70' title="bbox 1036 1052 1831 1091">
    <p class='ocr_par' dir='ltr' id='par_1_70' title="bbox 1036 1052 1831 1091">
     <span class='ocr_line' id='line_1_70' title="bbox 1036 1052 1831 1091; baseline 0.01 -14"><span class='ocrx_word' id='word_1_551' title='bbox 1036 1052 1200 1079; x_wconf 84' lang='lat' dir='ltr'><strong>niciosiores.</strong></span> <span class='ocrx_word' id='word_1_552' title='bbox 1217 1053 1281 1079; x_wconf 87' lang='lat' dir='ltr'><strong>Nam</strong></span> <span class='ocrx_word' id='word_1_553' title='bbox 1297 1055 1341 1088; x_wconf 92' lang='lat' dir='ltr'><strong>qui</strong></span> <span class='ocrx_word' id='word_1_554' title='bbox 1358 1053 1438 1087; x_wconf 85' lang='lat' dir='ltr'><strong>furit,</strong></span> <span class='ocrx_word' id='word_1_555' title='bbox 1454 1059 1480 1081; x_wconf 89' lang='lat' dir='ltr'><strong>et</strong></span> <span class='ocrx_word' id='word_1_556' title='bbox 1495 1063 1554 1082; x_wconf 85' lang='lat' dir='ltr'><strong>sese</strong></span> <span class='ocrx_word' id='word_1_557' title='bbox 1579 1056 1667 1090; x_wconf 78' lang='lat' dir='ltr'><strong>gladio</strong></span> <span class='ocrx_word' id='word_1_558' title='bbox 1695 1058 1831 1091; x_wconf 86' lang='lat' dir='ltr'><strong>confodit,</strong></span> 
     </span>
    </p>
   </div>
   <div class='ocr_carea' id='block_1_71' title="bbox 1033 1099 1831 1139">
    <p class='ocr_par' dir='ltr' id='par_1_71' title="bbox 1033 1099 1831 1139">
     <span class='ocr_line' id='line_1_71' title="bbox 1033 1099 1831 1139; baseline 0.01 -15"><span class='ocrx_word' id='word_1_559' title='bbox 1033 1099 1087 1134; x_wconf 88' lang='lat' dir='ltr'><strong>jam</strong></span> <span class='ocrx_word' id='word_1_560' title='bbox 1106 1109 1118 1126; x_wconf 72' lang='grc' dir='ltr'><strong>τι</strong></span> <span class='ocrx_word' id='word_1_561' title='bbox 1135 1100 1222 1127; x_wconf 83' lang='lat' dir='ltr'><strong>furore</strong></span> <span class='ocrx_word' id='word_1_562' title='bbox 1241 1101 1369 1128; x_wconf 89' lang='lat' dir='ltr'><strong>liberatus</strong></span> <span class='ocrx_word' id='word_1_563' title='bbox 1391 1107 1431 1131; x_wconf 85' lang='lat' dir='ltr'><strong>est</strong></span> <span class='ocrx_word' id='word_1_564' title='bbox 1444 1123 1450 1135; x_wconf 93' lang='lat'><strong>,</strong></span> <span class='ocrx_word' id='word_1_565' title='bbox 1467 1110 1552 1137; x_wconf 88' lang='lat' dir='ltr'><strong>neque</strong></span> <span class='ocrx_word' id='word_1_566' title='bbox 1575 1103 1720 1131; x_wconf 86' lang='lat' dir='ltr'><strong>secundum</strong></span> <span class='ocrx_word' id='word_1_567' title='bbox 1736 1105 1831 1139; x_wconf 64' lang='lat' dir='ltr'><strong>accip‘t</strong></span> 
     </span>
    </p>
   </div>
   <div class='ocr_carea' id='block_1_72' title="bbox 1037 1147 1830 1184">
    <p class='ocr_par' dir='ltr' id='par_1_72' title="bbox 1037 1147 1830 1184">
     <span class='ocr_line' id='line_1_72' title="bbox 1037 1147 1830 1184; baseline 0.008 -13"><span class='ocrx_word' id='word_1_568' title='bbox 1037 1147 1133 1173; x_wconf 85' lang='lat' dir='ltr'><strong>vulnus</strong></span> <span class='ocrx_word' id='word_1_569' title='bbox 1149 1155 1264 1174; x_wconf 87' lang='lat' dir='ltr'><strong>:avarus</strong></span> <span class='ocrx_word' id='word_1_570' title='bbox 1283 1155 1345 1174; x_wconf 82' lang='lat' dir='ltr'><strong>vero</strong></span> <span class='ocrx_word' id='word_1_571' title='bbox 1365 1148 1502 1174; x_wconf 85' lang='lat' dir='ltr'><strong>innumera</strong></span> <span class='ocrx_word' id='word_1_572' title='bbox 1525 1149 1643 1182; x_wconf 89' lang='lat' dir='ltr'><strong>quotidie</strong></span> <span class='ocrx_word' id='word_1_573' title='bbox 1664 1153 1690 1176; x_wconf 85' lang='lat' dir='ltr'><strong>et</strong></span> <span class='ocrx_word' id='word_1_574' title='bbox 1709 1150 1830 1184; x_wconf 83' lang='lat' dir='ltr'><strong>graviora</strong></span> 
     </span>
    </p>
   </div>
   <div class='ocr_carea' id='block_1_73' title="bbox 1035 1192 1829 1227">
    <p class='ocr_par' dir='ltr' id='par_1_73' title="bbox 1035 1192 1829 1227">
     <span class='ocr_line' id='line_1_73' title="bbox 1035 1192 1829 1227; baseline 0.005 -8"><span class='ocrx_word' id='word_1_575' title='bbox 1035 1193 1130 1227; x_wconf 86' lang='lat' dir='ltr'><strong>accipit</strong></span> <span class='ocrx_word' id='word_1_576' title='bbox 1145 1193 1264 1224; x_wconf 79' lang='lat' dir='ltr'><strong>vulnera,</strong></span> <span class='ocrx_word' id='word_1_577' title='bbox 1283 1200 1336 1220; x_wconf 92' lang='lat' dir='ltr'><strong>non</strong></span> <span class='ocrx_word' id='word_1_578' title='bbox 1352 1200 1411 1220; x_wconf 88' lang='lat' dir='ltr'><strong>sese</strong></span> <span class='ocrx_word' id='word_1_579' title='bbox 1422 1193 1455 1220; x_wconf 88' lang='lat' dir='ltr'><strong>ab</strong></span> <span class='ocrx_word' id='word_1_580' title='bbox 1471 1192 1520 1220; x_wconf 84' lang='lat' dir='ltr'><strong>bac</strong></span> <span class='ocrx_word' id='word_1_581' title='bbox 1533 1194 1634 1221; x_wconf 87' lang='lat' dir='ltr'><strong>insania</strong></span> <span class='ocrx_word' id='word_1_582' title='bbox 1649 1195 1829 1227; x_wconf 84' lang='lat' dir='ltr'><strong>educens,sed</strong></span> 
     </span>
    </p>
   </div>
   <div class='ocr_carea' id='block_1_74' title="bbox 1035 1239 1830 1276">
    <p class='ocr_par' dir='ltr' id='par_1_74' title="bbox 1035 1239 1830 1276">
     <span class='ocr_line' id='line_1_74' title="bbox 1035 1239 1830 1276; baseline 0.005 -10"><span class='ocrx_word' id='word_1_583' title='bbox 1035 1240 1118 1274; x_wconf 70' lang='lat' dir='ltr'><strong>magis</strong></span> <span class='ocrx_word' id='word_1_584' title='bbox 1132 1246 1231 1274; x_wconf 84' lang='lat' dir='ltr'><strong>augens</strong></span> <span class='ocrx_word' id='word_1_585' title='bbox 1246 1240 1270 1266; x_wconf 92' lang='lat' dir='ltr'><strong>in</strong></span> <span class='ocrx_word' id='word_1_586' title='bbox 1285 1239 1342 1267; x_wconf 91' lang='lat' dir='ltr'><strong>dies</strong></span> <span class='ocrx_word' id='word_1_587' title='bbox 1356 1248 1362 1266; x_wconf 88' lang='lat'>:</span> <span class='ocrx_word' id='word_1_588' title='bbox 1379 1244 1405 1266; x_wconf 86' lang='lat' dir='ltr'><strong>et</strong></span> <span class='ocrx_word' id='word_1_589' title='bbox 1418 1244 1516 1274; x_wconf 86' lang='lat' dir='ltr'><strong>quanto</strong></span> <span class='ocrx_word' id='word_1_590' title='bbox 1531 1240 1604 1275; x_wconf 88' lang='lat' dir='ltr'><strong>plura</strong></span> <span class='ocrx_word' id='word_1_591' title='bbox 1620 1242 1753 1276; x_wconf 86' lang='lat' dir='ltr'><strong>acceperit</strong></span> <span class='ocrx_word' id='word_1_592' title='bbox 1770 1243 1830 1270; x_wconf 76' lang='lat' dir='ltr'><strong>vul-</strong></span> 
     </span>
    </p>
   </div>
   <div class='ocr_carea' id='block_1_75' title="bbox 1035 1285 1829 1323">
    <p class='ocr_par' dir='ltr' id='par_1_75' title="bbox 1035 1285 1829 1323">
     <span class='ocr_line' id='line_1_75' title="bbox 1035 1285 1829 1323; baseline 0.005 -12"><span class='ocrx_word' id='word_1_593' title='bbox 1035 1293 1096 1311; x_wconf 82' lang='lat' dir='ltr'><strong>nera</strong></span> <span class='ocrx_word' id='word_1_594' title='bbox 1112 1306 1119 1317; x_wconf 90' lang='lat'><strong>,</strong></span> <span class='ocrx_word' id='word_1_595' title='bbox 1137 1290 1209 1312; x_wconf 91' lang='lat' dir='ltr'><strong>tanto</strong></span> <span class='ocrx_word' id='word_1_596' title='bbox 1224 1285 1307 1319; x_wconf 83' lang='lat' dir='ltr'><strong>magis</strong></span> <span class='ocrx_word' id='word_1_597' title='bbox 1326 1286 1492 1312; x_wconf 85' lang='lat' dir='ltr'><strong>occasionem</strong></span> <span class='ocrx_word' id='word_1_598' title='bbox 1509 1287 1610 1320; x_wconf 69' lang='lat' dir='ltr'><strong>praebet</strong></span> <span class='ocrx_word' id='word_1_599' title='bbox 1624 1287 1706 1322; x_wconf 77' lang='lat' dir='ltr'><strong>plagis</strong></span> <span class='ocrx_word' id='word_1_600' title='bbox 1721 1288 1829 1323; x_wconf 87' lang='lat' dir='ltr'><strong>majori-</strong></span> 
     </span>
    </p>
   </div>
   <div class='ocr_carea' id='block_1_76' title="bbox 1035 1330 1829 1368">
    <p class='ocr_par' dir='ltr' id='par_1_76' title="bbox 1035 1330 1829 1368">
     <span class='ocr_line' id='line_1_76' title="bbox 1035 1330 1829 1368; baseline 0.005 -12"><span class='ocrx_word' id='word_1_601' title='bbox 1035 1330 1092 1356; x_wconf 88' lang='lat' dir='ltr'><strong>bus.</strong></span> <span class='ocrx_word' id='word_1_602' title='bbox 1109 1330 1171 1357; x_wconf 69' lang='lat' dir='ltr'><strong>llurc</strong></span> <span class='ocrx_word' id='word_1_603' title='bbox 1190 1338 1254 1364; x_wconf 81' lang='lat' dir='ltr'><strong>ergo</strong></span> <span class='ocrx_word' id='word_1_604' title='bbox 1268 1332 1413 1365; x_wconf 82' lang='lat' dir='ltr'><strong>cogitantes</strong></span> <span class='ocrx_word' id='word_1_605' title='bbox 1424 1352 1430 1363; x_wconf 88' lang='lat'><strong>,</strong></span> <span class='ocrx_word' id='word_1_606' title='bbox 1447 1330 1579 1366; x_wconf 86' lang='lat' dir='ltr'><strong>fugiamus</strong></span> <span class='ocrx_word' id='word_1_607' title='bbox 1603 1333 1672 1360; x_wconf 83' lang='lat' dir='ltr'><strong>hunc</strong></span> <span class='ocrx_word' id='word_1_608' title='bbox 1693 1334 1808 1368; x_wconf 83' lang='lat' dir='ltr'><strong>gladium</strong></span> <span class='ocrx_word' id='word_1_609' title='bbox 1821 1355 1829 1367; x_wconf 91' lang='lat'><strong>,</strong></span> 
     </span>
    </p>
   </div>
   <div class='ocr_carea' id='block_1_77' title="bbox 1034 1375 1829 1412">
    <p class='ocr_par' dir='ltr' id='par_1_77' title="bbox 1034 1375 1829 1412">
     <span class='ocr_line' id='line_1_77' title="bbox 1034 1375 1829 1412; baseline 0.008 -11"><span class='ocrx_word' id='word_1_610' title='bbox 1034 1375 1102 1402; x_wconf 87' lang='lat' dir='ltr'><strong>hanc</strong></span> <span class='ocrx_word' id='word_1_611' title='bbox 1123 1376 1261 1408; x_wconf 80' lang='lat' dir='ltr'><strong>insaniant,</strong></span> <span class='ocrx_word' id='word_1_612' title='bbox 1274 1381 1301 1403; x_wconf 87' lang='lat' dir='ltr'><strong>ct</strong></span> <span class='ocrx_word' id='word_1_613' title='bbox 1318 1384 1379 1404; x_wconf 86' lang='lat' dir='ltr'><strong>sero</strong></span> <span class='ocrx_word' id='word_1_614' title='bbox 1394 1377 1498 1404; x_wconf 85' lang='lat' dir='ltr'><strong>tandem</strong></span> <span class='ocrx_word' id='word_1_615' title='bbox 1515 1377 1663 1412; x_wconf 86' lang='lat' dir='ltr'><strong>vigilemus.</strong></span> <span class='ocrx_word' id='word_1_616' title='bbox 1680 1378 1745 1406; x_wconf 82' lang='lat' dir='ltr'><strong>Nam</strong></span> <span class='ocrx_word' id='word_1_617' title='bbox 1762 1379 1829 1408; x_wconf 76' lang='lat' dir='ltr'><strong>hanc</strong></span> 
     </span>
    </p>
   </div>
   <div class='ocr_carea' id='block_1_78' title="bbox 1032 1422 1828 1455">
    <p class='ocr_par' dir='ltr' id='par_1_78' title="bbox 1032 1422 1828 1455">
     <span class='ocr_line' id='line_1_78' title="bbox 1032 1422 1828 1455; baseline 0.008 -8"><span class='ocrx_word' id='word_1_618' title='bbox 1032 1426 1105 1448; x_wconf 82' lang='lat' dir='ltr'><strong>certe</strong></span> <span class='ocrx_word' id='word_1_619' title='bbox 1121 1422 1242 1448; x_wconf 89' lang='lat' dir='ltr'><strong>virtutem</strong></span> <span class='ocrx_word' id='word_1_620' title='bbox 1263 1422 1451 1450; x_wconf 86' lang='lat' dir='ltr'><strong>continentiam</strong></span> <span class='ocrx_word' id='word_1_621' title='bbox 1466 1428 1538 1450; x_wconf 84' lang='lat' dir='ltr'><strong>recte</strong></span> <span class='ocrx_word' id='word_1_622' title='bbox 1551 1431 1676 1451; x_wconf 87' lang='lat' dir='ltr'><strong>vocemus</strong></span> <span class='ocrx_word' id='word_1_623' title='bbox 1688 1446 1695 1455; x_wconf 82' lang='grc'><em>,</em></span> <span class='ocrx_word' id='word_1_624' title='bbox 1711 1434 1762 1452; x_wconf 89' lang='lat' dir='ltr'><strong>non</strong></span> <span class='ocrx_word' id='word_1_625' title='bbox 1777 1427 1828 1453; x_wconf 88' lang='lat' dir='ltr'><strong>mi-</strong></span> 
     </span>
    </p>
   </div>
   <div class='ocr_carea' id='block_1_79' title="bbox 1034 1468 1827 1504">
    <p class='ocr_par' dir='ltr' id='par_1_79' title="bbox 1034 1468 1827 1504">
     <span class='ocr_line' id='line_1_79' title="bbox 1034 1468 1827 1504; baseline 0.008 -11"><span class='ocrx_word' id='word_1_626' title='bbox 1034 1476 1083 1494; x_wconf 79' lang='lat' dir='ltr'><strong>nus</strong></span> <span class='ocrx_word' id='word_1_627' title='bbox 1104 1476 1181 1502; x_wconf 92' lang='lat' dir='ltr'><strong>quam</strong></span> <span class='ocrx_word' id='word_1_628' title='bbox 1206 1468 1276 1495; x_wconf 89' lang='lat' dir='ltr'><strong>illam</strong></span> <span class='ocrx_word' id='word_1_629' title='bbox 1301 1477 1360 1503; x_wconf 78' lang='lat' dir='ltr'><strong>qua:</strong></span> <span class='ocrx_word' id='word_1_630' title='bbox 1383 1470 1421 1496; x_wconf 91' lang='lat' dir='ltr'><strong>sic</strong></span> <span class='ocrx_word' id='word_1_631' title='bbox 1446 1470 1544 1504; x_wconf 88' lang='lat' dir='ltr'><strong>passim</strong></span> <span class='ocrx_word' id='word_1_632' title='bbox 1562 1476 1680 1497; x_wconf 90' lang='lat' dir='ltr'><strong>vocatur.</strong></span> <span class='ocrx_word' id='word_1_633' title='bbox 1704 1472 1738 1498; x_wconf 88' lang='lat' dir='ltr'><strong>lbi</strong></span> <span class='ocrx_word' id='word_1_634' title='bbox 1756 1473 1827 1500; x_wconf 88' lang='lat' dir='ltr'><strong>cnim</strong></span> 
     </span>
    </p>
   </div>
   <div class='ocr_carea' id='block_1_80' title="bbox 1032 1515 1826 1553">
    <p class='ocr_par' dir='ltr' id='par_1_80' title="bbox 1032 1515 1826 1553">
     <span class='ocr_line' id='line_1_80' title="bbox 1032 1515 1826 1553; baseline 0.006 -13"><span class='ocrx_word' id='word_1_635' title='bbox 1032 1519 1123 1540; x_wconf 81' lang='lat' dir='ltr'><strong>centra</strong></span> <span class='ocrx_word' id='word_1_636' title='bbox 1147 1522 1223 1540; x_wconf 91' lang='lat' dir='ltr'><strong>unam</strong></span> <span class='ocrx_word' id='word_1_637' title='bbox 1246 1515 1468 1549; x_wconf 67' lang='lat' dir='ltr'><strong>concupiscentiae</strong></span> <span class='ocrx_word' id='word_1_638' title='bbox 1491 1516 1657 1551; x_wconf 80' lang='lat' dir='ltr'><strong>tyrannidem</strong></span> <span class='ocrx_word' id='word_1_639' title='bbox 1676 1523 1826 1553; x_wconf 79' lang='lat' dir='ltr'><strong>pugnatur.</strong></span> 
     </span>
    </p>
   </div>
   <div class='ocr_carea' id='block_1_81' title="bbox 1033 1559 1827 1599">
    <p class='ocr_par' dir='ltr' id='par_1_81' title="bbox 1033 1559 1827 1599">
     <span class='ocr_line' id='line_1_81' title="bbox 1033 1559 1827 1599; baseline 0.009 -15"><span class='ocrx_word' id='word_1_640' title='bbox 1033 1559 1074 1585; x_wconf 85' lang='lat' dir='ltr'><strong>hie</strong></span> <span class='ocrx_word' id='word_1_641' title='bbox 1088 1567 1150 1586; x_wconf 79' lang='lat' dir='ltr'><strong>vero</strong></span> <span class='ocrx_word' id='word_1_642' title='bbox 1159 1560 1254 1586; x_wconf 83' lang='lat' dir='ltr'><strong>multas</strong></span> <span class='ocrx_word' id='word_1_643' title='bbox 1265 1567 1295 1586; x_wconf 91' lang='lat' dir='ltr'><strong>ac</strong></span> <span class='ocrx_word' id='word_1_644' title='bbox 1308 1560 1426 1587; x_wconf 85' lang='lat' dir='ltr'><strong>diversas</strong></span> <span class='ocrx_word' id='word_1_645' title='bbox 1439 1561 1597 1595; x_wconf 87' lang='lat' dir='ltr'><strong>cupiditates</strong></span> <span class='ocrx_word' id='word_1_646' title='bbox 1610 1570 1736 1597; x_wconf 85' lang='lat' dir='ltr'><strong>superare</strong></span> <span class='ocrx_word' id='word_1_647' title='bbox 1748 1571 1827 1599; x_wconf 87' lang='lat' dir='ltr'><strong>opor-</strong></span> 
     </span>
    </p>
   </div>
   <div class='ocr_carea' id='block_1_82' title="bbox 1033 1606 1826 1642">
    <p class='ocr_par' dir='ltr' id='par_1_82' title="bbox 1033 1606 1826 1642">
     <span class='ocr_line' id='line_1_82' title="bbox 1033 1606 1826 1642; baseline 0.004 -9"><span class='ocrx_word' id='word_1_648' title='bbox 1033 1610 1078 1633; x_wconf 88' lang='lat' dir='ltr'><strong>tet.</strong></span> <span class='ocrx_word' id='word_1_649' title='bbox 1092 1606 1174 1632; x_wconf 81' lang='lat' dir='ltr'><strong>Nemo</strong></span> <span class='ocrx_word' id='word_1_650' title='bbox 1188 1607 1269 1638; x_wconf 86' lang='lat' dir='ltr'><strong>enim,</strong></span> <span class='ocrx_word' id='word_1_651' title='bbox 1283 1614 1361 1633; x_wconf 89' lang='lat' dir='ltr'><strong>nemo</strong></span> <span class='ocrx_word' id='word_1_652' title='bbox 1373 1607 1480 1634; x_wconf 86' lang='lat' dir='ltr'><strong>stultior</strong></span> <span class='ocrx_word' id='word_1_653' title='bbox 1495 1615 1527 1635; x_wconf 89' lang='lat' dir='ltr'><strong>co</strong></span> <span class='ocrx_word' id='word_1_654' title='bbox 1543 1608 1586 1642; x_wconf 91' lang='lat' dir='ltr'><strong>qui</strong></span> <span class='ocrx_word' id='word_1_655' title='bbox 1599 1608 1752 1636; x_wconf 82' lang='lat' dir='ltr'><strong>divitiarum</strong></span> <span class='ocrx_word' id='word_1_656' title='bbox 1769 1617 1826 1637; x_wconf 79' lang='lat' dir='ltr'><strong>ser-</strong></span> 
     </span>
    </p>
   </div>
   <div class='ocr_carea' id='block_1_83' title="bbox 1031 1652 1825 1688">
    <p class='ocr_par' dir='ltr' id='par_1_83' title="bbox 1031 1652 1825 1688">
     <span class='ocr_line' id='line_1_83' title="bbox 1031 1652 1825 1688; baseline 0.005 -10"><span class='ocrx_word' id='word_1_657' title='bbox 1031 1660 1079 1678; x_wconf 79' lang='lat' dir='ltr'><strong>vus</strong></span> <span class='ocrx_word' id='word_1_658' title='bbox 1093 1656 1143 1679; x_wconf 87' lang='lat' dir='ltr'><strong>cst.</strong></span> <span class='ocrx_word' id='word_1_659' title='bbox 1164 1652 1298 1686; x_wconf 83' lang='lat' dir='ltr'><strong>Imperare</strong></span> <span class='ocrx_word' id='word_1_660' title='bbox 1319 1652 1368 1680; x_wconf 88' lang='lat' dir='ltr'><strong>sibi</strong></span> <span class='ocrx_word' id='word_1_661' title='bbox 1392 1653 1516 1686; x_wconf 82' lang='lat' dir='ltr'><strong>videtur,</strong></span> <span class='ocrx_word' id='word_1_662' title='bbox 1540 1653 1603 1680; x_wconf 89' lang='lat' dir='ltr'><strong>dum</strong></span> <span class='ocrx_word' id='word_1_663' title='bbox 1624 1654 1745 1681; x_wconf 91' lang='lat' dir='ltr'><strong>subditus</strong></span> <span class='ocrx_word' id='word_1_664' title='bbox 1762 1660 1825 1688; x_wconf 81' lang='lat' dir='ltr'><strong>cst;</strong></span> 
     </span>
    </p>
   </div>
   <div class='ocr_carea' id='block_1_84' title="bbox 1031 1698 1825 1732">
    <p class='ocr_par' dir='ltr' id='par_1_84' title="bbox 1031 1698 1825 1732">
     <span class='ocr_line' id='line_1_84' title="bbox 1031 1698 1825 1732; baseline 0.004 -7"><span class='ocrx_word' id='word_1_665' title='bbox 1031 1699 1161 1725; x_wconf 80' lang='lat' dir='ltr'><strong>dominari</strong></span> <span class='ocrx_word' id='word_1_666' title='bbox 1177 1698 1282 1725; x_wconf 84' lang='lat' dir='ltr'><strong>videtur</strong></span> <span class='ocrx_word' id='word_1_667' title='bbox 1295 1720 1301 1731; x_wconf 94' lang='lat'><strong>,</strong></span> <span class='ocrx_word' id='word_1_668' title='bbox 1318 1707 1377 1725; x_wconf 87' lang='lat' dir='ltr'><strong>cum</strong></span> <span class='ocrx_word' id='word_1_669' title='bbox 1402 1699 1436 1726; x_wconf 91' lang='lat' dir='ltr'><strong>sit</strong></span> <span class='ocrx_word' id='word_1_670' title='bbox 1459 1706 1570 1732; x_wconf 84' lang='lat' dir='ltr'><strong>servus;</strong></span> <span class='ocrx_word' id='word_1_671' title='bbox 1587 1699 1649 1726; x_wconf 92' lang='lat' dir='ltr'><strong>dum</strong></span> <span class='ocrx_word' id='word_1_672' title='bbox 1664 1707 1693 1727; x_wconf 83' lang='lat' dir='ltr'><strong>se</strong></span> <span class='ocrx_word' id='word_1_673' title='bbox 1715 1701 1825 1729; x_wconf 73' lang='lat' dir='ltr'><strong>vinealis</strong></span> 
     </span>
    </p>
   </div>
   <div class='ocr_carea' id='block_1_85' title="bbox 1031 1744 1823 1779">
    <p class='ocr_par' dir='ltr' id='par_1_85' title="bbox 1031 1744 1823 1779">
     <span class='ocr_line' id='line_1_85' title="bbox 1031 1744 1823 1779; baseline 0.004 -9"><span class='ocrx_word' id='word_1_674' title='bbox 1031 1745 1201 1779; x_wconf 67' lang='lat' dir='ltr'><strong>coitstringit,</strong></span> <span class='ocrx_word' id='word_1_675' title='bbox 1227 1744 1340 1779; x_wconf 80' lang='lat' dir='ltr'><strong>gaudet;</strong></span> <span class='ocrx_word' id='word_1_676' title='bbox 1355 1753 1415 1771; x_wconf 91' lang='lat' dir='ltr'><strong>cum</strong></span> <span class='ocrx_word' id='word_1_677' title='bbox 1436 1745 1567 1772; x_wconf 83' lang='lat' dir='ltr'><strong>acriorem</strong></span> <span class='ocrx_word' id='word_1_678' title='bbox 1593 1745 1674 1773; x_wconf 84' lang='lat' dir='ltr'><strong>forant</strong></span> <span class='ocrx_word' id='word_1_679' title='bbox 1696 1746 1823 1779; x_wconf 73' lang='lat' dir='ltr'><strong>reddidit,</strong></span> 
     </span>
    </p>
   </div>
   <div class='ocr_carea' id='block_1_86' title="bbox 1031 1790 1825 1824">
    <p class='ocr_par' dir='ltr' id='par_1_86' title="bbox 1031 1790 1825 1824">
     <span class='ocr_line' id='line_1_86' title="bbox 1031 1790 1825 1824; baseline 0.004 -8"><span class='ocrx_word' id='word_1_680' title='bbox 1031 1791 1154 1821; x_wconf 62' lang='lat' dir='ltr'><strong>imitatur;</strong></span> <span class='ocrx_word' id='word_1_681' title='bbox 1171 1797 1230 1816; x_wconf 90' lang='lat' dir='ltr'><strong>cum</strong></span> <span class='ocrx_word' id='word_1_682' title='bbox 1246 1791 1368 1824; x_wconf 86' lang='lat' dir='ltr'><strong>captivus</strong></span> <span class='ocrx_word' id='word_1_683' title='bbox 1381 1790 1495 1822; x_wconf 89' lang='lat' dir='ltr'><strong>ducitur,</strong></span> <span class='ocrx_word' id='word_1_684' title='bbox 1512 1790 1626 1817; x_wconf 65' lang='lat' dir='ltr'><strong>exsultat</strong></span> <span class='ocrx_word' id='word_1_685' title='bbox 1637 1799 1644 1822; x_wconf 88' lang='lat'><strong>;</strong></span> <span class='ocrx_word' id='word_1_686' title='bbox 1656 1799 1686 1818; x_wconf 82' lang='lat' dir='ltr'><strong>ac</strong></span> <span class='ocrx_word' id='word_1_687' title='bbox 1702 1791 1764 1818; x_wconf 86' lang='lat' dir='ltr'><strong>dum</strong></span> <span class='ocrx_word' id='word_1_688' title='bbox 1788 1794 1825 1819; x_wconf 80' lang='lat' dir='ltr'><strong>vi-</strong></span> 
     </span>
    </p>
   </div>
   <div class='ocr_carea' id='block_1_87' title="bbox 1030 1835 1821 1869">
    <p class='ocr_par' dir='ltr' id='par_1_87' title="bbox 1030 1835 1821 1869">
     <span class='ocr_line' id='line_1_87' title="bbox 1030 1835 1821 1869; baseline 0.004 -8"><span class='ocrx_word' id='word_1_689' title='bbox 1030 1836 1074 1862; x_wconf 88' lang='lat' dir='ltr'><strong>det</strong></span> <span class='ocrx_word' id='word_1_690' title='bbox 1099 1843 1191 1862; x_wconf 83' lang='lat' dir='ltr'><strong>caueiu</strong></span> <span class='ocrx_word' id='word_1_691' title='bbox 1217 1835 1337 1862; x_wconf 86' lang='lat' dir='ltr'><strong>rabidum</strong></span> <span class='ocrx_word' id='word_1_692' title='bbox 1363 1836 1388 1861; x_wconf 95' lang='lat' dir='ltr'><strong>iu</strong></span> <span class='ocrx_word' id='word_1_693' title='bbox 1412 1836 1526 1862; x_wconf 90' lang='lat' dir='ltr'><strong>animam</strong></span> <span class='ocrx_word' id='word_1_694' title='bbox 1549 1844 1623 1863; x_wconf 79' lang='lat' dir='ltr'><strong>suam</strong></span> <span class='ocrx_word' id='word_1_695' title='bbox 1647 1837 1821 1869; x_wconf 74' lang='lat' dir='ltr'><strong>insilientem,</strong></span> 
     </span>
    </p>
   </div>
   <div class='ocr_carea' id='block_1_88' title="bbox 1030 1882 1824 1919">
    <p class='ocr_par' dir='ltr' id='par_1_88' title="bbox 1030 1882 1824 1919">
     <span class='ocr_line' id='line_1_88' title="bbox 1030 1882 1824 1919; baseline 0.005 -11"><span class='ocrx_word' id='word_1_696' title='bbox 1030 1890 1090 1909; x_wconf 90' lang='lat' dir='ltr'><strong>cum</strong></span> <span class='ocrx_word' id='word_1_697' title='bbox 1105 1886 1240 1916; x_wconf 80' lang='lat' dir='ltr'><strong>oporteret</strong></span> <span class='ocrx_word' id='word_1_698' title='bbox 1253 1882 1324 1908; x_wconf 93' lang='lat' dir='ltr'><strong>illum</strong></span> <span class='ocrx_word' id='word_1_699' title='bbox 1340 1883 1420 1917; x_wconf 82' lang='lat' dir='ltr'><strong>ligare</strong></span> <span class='ocrx_word' id='word_1_700' title='bbox 1429 1888 1453 1910; x_wconf 89' lang='lat' dir='ltr'><strong>ct</strong></span> <span class='ocrx_word' id='word_1_701' title='bbox 1466 1882 1534 1910; x_wconf 86' lang='lat' dir='ltr'><strong>fame</strong></span> <span class='ocrx_word' id='word_1_702' title='bbox 1546 1884 1675 1917; x_wconf 80' lang='lat' dir='ltr'><strong>cruciare,</strong></span> <span class='ocrx_word' id='word_1_703' title='bbox 1690 1884 1737 1918; x_wconf 88' lang='lat' dir='ltr'><strong>ipsi</strong></span> <span class='ocrx_word' id='word_1_704' title='bbox 1753 1885 1824 1919; x_wconf 79' lang='lat' dir='ltr'><strong>large</strong></span> 
     </span>
    </p>
   </div>
   <div class='ocr_carea' id='block_1_89' title="bbox 1030 1927 1824 1962">
    <p class='ocr_par' dir='ltr' id='par_1_89' title="bbox 1030 1927 1824 1962">
     <span class='ocr_line' id='line_1_89' title="bbox 1030 1927 1824 1962; baseline 0.001 -7"><span class='ocrx_word' id='word_1_705' title='bbox 1030 1928 1117 1955; x_wconf 88' lang='lat' dir='ltr'><strong>cibum</strong></span> <span class='ocrx_word' id='word_1_706' title='bbox 1130 1927 1290 1962; x_wconf 84' lang='lat' dir='ltr'><strong>suppeditat,</strong></span> <span class='ocrx_word' id='word_1_707' title='bbox 1308 1932 1335 1954; x_wconf 88' lang='lat' dir='ltr'><strong>ut</strong></span> <span class='ocrx_word' id='word_1_708' title='bbox 1350 1929 1533 1955; x_wconf 84' lang='lat' dir='ltr'><strong>vehementius</strong></span> <span class='ocrx_word' id='word_1_709' title='bbox 1554 1929 1652 1955; x_wconf 84' lang='lat' dir='ltr'><strong>insiliat</strong></span> <span class='ocrx_word' id='word_1_710' title='bbox 1672 1935 1698 1956; x_wconf 84' lang='lat' dir='ltr'><strong>ct</strong></span> <span class='ocrx_word' id='word_1_711' title='bbox 1711 1929 1824 1956; x_wconf 74' lang='lat' dir='ltr'><strong>ferocior</strong></span> 
     </span>
    </p>
   </div>
   <div class='ocr_carea' id='block_1_90' title="bbox 1030 1974 1823 2008">
    <p class='ocr_par' dir='ltr' id='par_1_90' title="bbox 1030 1974 1823 2008">
     <span class='ocr_line' id='line_1_90' title="bbox 1030 1974 1823 2008; baseline 0 -7"><span class='ocrx_word' id='word_1_712' title='bbox 1030 1975 1074 2001; x_wconf 86' lang='lat' dir='ltr'><strong>sit.</strong></span> <span class='ocrx_word' id='word_1_713' title='bbox 1088 1974 1150 2001; x_wconf 80' lang='lat' dir='ltr'><strong>ll:1-c</strong></span> <span class='ocrx_word' id='word_1_714' title='bbox 1165 1975 1253 2008; x_wconf 85' lang='lat' dir='ltr'><strong>itaque</strong></span> <span class='ocrx_word' id='word_1_715' title='bbox 1274 1974 1361 2000; x_wconf 86' lang='lat' dir='ltr'><strong>omnia</strong></span> <span class='ocrx_word' id='word_1_716' title='bbox 1378 1974 1536 2008; x_wconf 73' lang='lat' dir='ltr'><strong>cogitantes,</strong></span> <span class='ocrx_word' id='word_1_717' title='bbox 1552 1974 1655 2001; x_wconf 88' lang='lat' dir='ltr'><strong>vincula</strong></span> <span class='ocrx_word' id='word_1_718' title='bbox 1677 1976 1823 2007; x_wconf 61' lang='lat' dir='ltr'><strong>solvamus,</strong></span> 
     </span>
    </p>
   </div>
   <div class='ocr_carea' id='block_1_91' title="bbox 1029 2019 1822 2053">
    <p class='ocr_par' dir='ltr' id='par_1_91' title="bbox 1029 2019 1822 2053">
     <span class='ocr_line' id='line_1_91' title="bbox 1029 2019 1822 2053; baseline 0.001 -6"><span class='ocrx_word' id='word_1_719' title='bbox 1029 2019 1113 2047; x_wconf 81' lang='lat' dir='ltr'><strong>feram</strong></span> <span class='ocrx_word' id='word_1_720' title='bbox 1129 2019 1291 2050; x_wconf 84' lang='lat' dir='ltr'><strong>occidamus,</strong></span> <span class='ocrx_word' id='word_1_721' title='bbox 1304 2019 1424 2045; x_wconf 89' lang='lat' dir='ltr'><strong>morbum</strong></span> <span class='ocrx_word' id='word_1_722' title='bbox 1443 2019 1572 2053; x_wconf 86' lang='lat' dir='ltr'><strong>pellamus</strong></span> <span class='ocrx_word' id='word_1_723' title='bbox 1585 2040 1591 2050; x_wconf 93' lang='lat'><strong>,</strong></span> <span class='ocrx_word' id='word_1_724' title='bbox 1610 2020 1728 2047; x_wconf 83' lang='lat' dir='ltr'><strong>furorem</strong></span> <span class='ocrx_word' id='word_1_725' title='bbox 1753 2020 1822 2048; x_wconf 84' lang='lat' dir='ltr'><strong>hunc</strong></span> 
     </span>
    </p>
   </div>
   <div class='ocr_carea' id='block_1_92' title="bbox 1030 2065 1820 2100">
    <p class='ocr_par' dir='ltr' id='par_1_92' title="bbox 1030 2065 1820 2100">
     <span class='ocr_line' id='line_1_92' title="bbox 1030 2065 1820 2100; baseline 0 -8"><span class='ocrx_word' id='word_1_726' title='bbox 1030 2065 1177 2100; x_wconf 81' lang='lat' dir='ltr'><strong>ejiciauuts,</strong></span> <span class='ocrx_word' id='word_1_727' title='bbox 1196 2070 1223 2091; x_wconf 93' lang='lat' dir='ltr'><strong>ut</strong></span> <span class='ocrx_word' id='word_1_728' title='bbox 1246 2065 1432 2099; x_wconf 82' lang='lat' dir='ltr'><strong>tranquillitate</strong></span> <span class='ocrx_word' id='word_1_729' title='bbox 1453 2070 1478 2092; x_wconf 87' lang='lat' dir='ltr'><strong>et</strong></span> <span class='ocrx_word' id='word_1_730' title='bbox 1501 2073 1564 2098; x_wconf 84' lang='lat' dir='ltr'><strong>pura</strong></span> <span class='ocrx_word' id='word_1_731' title='bbox 1586 2065 1737 2093; x_wconf 70' lang='lat' dir='ltr'><strong>valetudine</strong></span> <span class='ocrx_word' id='word_1_732' title='bbox 1751 2067 1820 2093; x_wconf 81' lang='lat' dir='ltr'><strong>frua-</strong></span> 
     </span>
    </p>
   </div>
   <div class='ocr_carea' id='block_1_93' title="bbox 1031 2110 1822 2145">
    <p class='ocr_par' dir='ltr' id='par_1_93' title="bbox 1031 2110 1822 2145">
     <span class='ocr_line' id='line_1_93' title="bbox 1031 2110 1822 2145; baseline 0.001 -8"><span class='ocrx_word' id='word_1_733' title='bbox 1031 2120 1099 2144; x_wconf 82' lang='lat' dir='ltr'><strong>mur,</strong></span> <span class='ocrx_word' id='word_1_734' title='bbox 1113 2116 1215 2138; x_wconf 88' lang='lat' dir='ltr'><strong>etcum</strong></span> <span class='ocrx_word' id='word_1_735' title='bbox 1239 2111 1319 2137; x_wconf 85' lang='lat' dir='ltr'><strong>multa</strong></span> <span class='ocrx_word' id='word_1_736' title='bbox 1341 2110 1474 2144; x_wconf 85' lang='lat' dir='ltr'><strong>voluptate</strong></span> <span class='ocrx_word' id='word_1_737' title='bbox 1495 2110 1527 2136; x_wconf 86' lang='lat' dir='ltr'><strong>ad</strong></span> <span class='ocrx_word' id='word_1_738' title='bbox 1548 2110 1715 2145; x_wconf 84' lang='lat' dir='ltr'><strong>tranquillum</strong></span> <span class='ocrx_word' id='word_1_739' title='bbox 1730 2112 1822 2145; x_wconf 80' lang='lat' dir='ltr'><strong>appel-</strong></span> 
     </span>
    </p>
   </div>
   <div class='ocr_carea' id='block_1_94' title="bbox 1031 2156 1821 2191">
    <p class='ocr_par' dir='ltr' id='par_1_94' title="bbox 1031 2156 1821 2191">
     <span class='ocr_line' id='line_1_94' title="bbox 1031 2156 1821 2191; baseline 0.001 -8"><span class='ocrx_word' id='word_1_740' title='bbox 1031 2157 1115 2184; x_wconf 70' lang='lat' dir='ltr'><strong>lentcs</strong></span> <span class='ocrx_word' id='word_1_741' title='bbox 1130 2161 1244 2191; x_wconf 81' lang='lat' dir='ltr'><strong>portum,</strong></span> <span class='ocrx_word' id='word_1_742' title='bbox 1255 2161 1352 2182; x_wconf 83' lang='lat' dir='ltr'><strong>:rtcrna</strong></span> <span class='ocrx_word' id='word_1_743' title='bbox 1366 2156 1432 2182; x_wconf 84' lang='lat' dir='ltr'><strong>bona</strong></span> <span class='ocrx_word' id='word_1_744' title='bbox 1447 2156 1640 2190; x_wconf 80' lang='lat' dir='ltr'><strong>adipiscamur:</strong></span> <span class='ocrx_word' id='word_1_745' title='bbox 1652 2165 1709 2190; x_wconf 68' lang='lat' dir='ltr'><strong>qua!</strong></span> <span class='ocrx_word' id='word_1_746' title='bbox 1722 2158 1821 2184; x_wconf 75' lang='lat' dir='ltr'><strong>utinam</strong></span> 
     </span>
    </p>
   </div>
   <div class='ocr_carea' id='block_1_95' title="bbox 1030 2202 1819 2237">
    <p class='ocr_par' dir='ltr' id='par_1_95' title="bbox 1030 2202 1819 2237">
     <span class='ocr_line' id='line_1_95' title="bbox 1030 2202 1819 2237; baseline 0.001 -8"><span class='ocrx_word' id='word_1_747' title='bbox 1030 2210 1122 2230; x_wconf 59' lang='lat' dir='ltr'><strong>omnes</strong></span> <span class='ocrx_word' id='word_1_748' title='bbox 1136 2210 1317 2237; x_wconf 77' lang='lat' dir='ltr'><strong>assequamur,</strong></span> <span class='ocrx_word' id='word_1_749' title='bbox 1333 2202 1416 2235; x_wconf 77' lang='lat' dir='ltr'><strong>gratia</strong></span> <span class='ocrx_word' id='word_1_750' title='bbox 1432 2206 1457 2228; x_wconf 91' lang='lat' dir='ltr'><strong>et</strong></span> <span class='ocrx_word' id='word_1_751' title='bbox 1475 2202 1635 2236; x_wconf 78' lang='lat' dir='ltr'><strong>benignitate</strong></span> <span class='ocrx_word' id='word_1_752' title='bbox 1653 2203 1754 2230; x_wconf 85' lang='lat' dir='ltr'><strong>Domini</strong></span> <span class='ocrx_word' id='word_1_753' title='bbox 1777 2212 1819 2230; x_wconf 89' lang='lat' dir='ltr'><strong>uo-</strong></span> 
     </span>
    </p>
   </div>
   <div class='ocr_carea' id='block_1_96' title="bbox 1030 2247 1820 2281">
    <p class='ocr_par' dir='ltr' id='par_1_96' title="bbox 1030 2247 1820 2281">
     <span class='ocr_line' id='line_1_96' title="bbox 1030 2247 1820 2281; baseline 0 -5"><span class='ocrx_word' id='word_1_754' title='bbox 1030 2248 1145 2276; x_wconf 82' lang='lat' dir='ltr'><strong>striJesu</strong></span> <span class='ocrx_word' id='word_1_755' title='bbox 1158 2248 1262 2279; x_wconf 73' lang='lat' dir='ltr'><strong>(iltristi,</strong></span> <span class='ocrx_word' id='word_1_756' title='bbox 1276 2248 1316 2274; x_wconf 92' lang='lat' dir='ltr'><strong>cui</strong></span> <span class='ocrx_word' id='word_1_757' title='bbox 1333 2247 1413 2281; x_wconf 73' lang='lat' dir='ltr'><strong>gloria</strong></span> <span class='ocrx_word' id='word_1_758' title='bbox 1428 2252 1455 2274; x_wconf 88' lang='lat' dir='ltr'><strong>et</strong></span> <span class='ocrx_word' id='word_1_759' title='bbox 1469 2247 1618 2281; x_wconf 78' lang='lat' dir='ltr'><strong>imperium.</strong></span> <span class='ocrx_word' id='word_1_760' title='bbox 1628 2256 1696 2275; x_wconf 84' lang='lat' dir='ltr'><strong>nunc</strong></span> <span class='ocrx_word' id='word_1_761' title='bbox 1710 2254 1735 2275; x_wconf 71' lang='lat' dir='ltr'><strong>et</strong></span> <span class='ocrx_word' id='word_1_762' title='bbox 1750 2257 1820 2276; x_wconf 85' lang='lat' dir='ltr'><strong>seut-</strong></span> 
     </span>
    </p>
   </div>
   <div class='ocr_carea' id='block_1_97' title="bbox 1031 2293 1556 2330">
    <p class='ocr_par' dir='ltr' id='par_1_97' title="bbox 1031 2293 1556 2330">
     <span class='ocr_line' id='line_1_97' title="bbox 1031 2293 1556 2330; baseline -0.004 -9"><span class='ocrx_word' id='word_1_763' title='bbox 1031 2303 1087 2330; x_wconf 85' lang='lat' dir='ltr'><strong>per,</strong></span> <span class='ocrx_word' id='word_1_764' title='bbox 1099 2300 1125 2321; x_wconf 91' lang='lat' dir='ltr'><strong>ct</strong></span> <span class='ocrx_word' id='word_1_765' title='bbox 1137 2295 1162 2320; x_wconf 95' lang='lat' dir='ltr'><strong>in</strong></span> <span class='ocrx_word' id='word_1_766' title='bbox 1175 2293 1268 2320; x_wconf 56' lang='lat' dir='ltr'><strong>sarcula</strong></span> <span class='ocrx_word' id='word_1_767' title='bbox 1282 2293 1448 2319; x_wconf 59' lang='lat' dir='ltr'><strong>seculorum.</strong></span> <span class='ocrx_word' id='word_1_768' title='bbox 1463 2294 1556 2319; x_wconf 82' lang='lat' dir='ltr'><strong>Arnen.</strong></span> 
     </span>
    </p>
   </div>
   <div class='ocr_carea' id='block_1_98' title="bbox 179 2474 976 2519">
    <p class='ocr_par' dir='ltr' id='par_1_98' title="bbox 179 2474 976 2519">
     <span class='ocr_line' id='line_1_98' title="bbox 179 2474 976 2519; baseline 0.013 -17"><span class='ocrx_word' id='word_1_769' title='bbox 179 2474 244 2502; x_wconf 76' lang='lat' dir='ltr'><strong>CAP.</strong></span> <span class='ocrx_word' id='word_1_770' title='bbox 258 2476 299 2503; x_wconf 84' lang='grc'><strong>15.</strong></span> <span class='ocrx_word' id='word_1_771' title='bbox 312 2485 337 2504; x_wconf 94' lang='lat' dir='ltr'><strong>v.</strong></span> <span class='ocrx_word' id='word_1_772' title='bbox 348 2476 393 2503; x_wconf 74' lang='grc'><strong>21.</strong></span> <span class='ocrx_word' id='word_1_773' title='bbox 407 2477 438 2503; x_wconf 80' lang='grc' dir='ltr'><strong>ΕΙ</strong></span> <span class='ocrx_word' id='word_1_774' title='bbox 450 2486 563 2514; x_wconf 81' lang='lat' dir='ltr'><strong>egressus</strong></span> <span class='ocrx_word' id='word_1_775' title='bbox 580 2480 639 2507; x_wconf 86' lang='lat' dir='ltr'><strong>inde</strong></span> <span class='ocrx_word' id='word_1_776' title='bbox 647 2480 733 2514; x_wconf 76' lang='lat' dir='ltr'><strong>Iesus,</strong></span> <span class='ocrx_word' id='word_1_777' title='bbox 745 2484 844 2510; x_wconf 73' lang='lat' dir='ltr'><strong>secessit</strong></span> <span class='ocrx_word' id='word_1_778' title='bbox 855 2485 881 2511; x_wconf 82' lang='lat' dir='ltr'><strong>in</strong></span> <span class='ocrx_word' id='word_1_779' title='bbox 892 2488 976 2519; x_wconf 68' lang='lat' dir='ltr'><strong>partes</strong></span> 
     </span>
    </p>
   </div>
   <div class='ocr_carea' id='block_1_99' title="bbox 215 2521 975 2566">
    <p class='ocr_par' dir='ltr' id='par_1_99' title="bbox 215 2521 975 2566">
     <span class='ocr_line' id='line_1_99' title="bbox 215 2521 975 2566; baseline 0.014 -19"><span class='ocrx_word' id='word_1_780' title='bbox 215 2521 277 2555; x_wconf 83' lang='lat' dir='ltr'><strong>Tyri</strong></span> <span class='ocrx_word' id='word_1_781' title='bbox 290 2527 312 2548; x_wconf 83' lang='grc' dir='ltr'><strong>ιἸ</strong></span> <span class='ocrx_word' id='word_1_782' title='bbox 326 2523 426 2551; x_wconf 73' lang='lat' dir='ltr'><strong>Sidonis</strong></span> <span class='ocrx_word' id='word_1_783' title='bbox 450 2525 494 2552; x_wconf 71' lang='lat'><strong>22.</strong></span> <span class='ocrx_word' id='word_1_784' title='bbox 507 2525 541 2552; x_wconf 86' lang='lat' dir='ltr'><strong>Et</strong></span> <span class='ocrx_word' id='word_1_785' title='bbox 554 2535 608 2553; x_wconf 76' lang='lat' dir='ltr'><strong>erce</strong></span> <span class='ocrx_word' id='word_1_786' title='bbox 619 2529 712 2562; x_wconf 62' lang='lat' dir='ltr'><strong>mulier</strong></span> <span class='ocrx_word' id='word_1_787' title='bbox 718 2529 863 2557; x_wconf 76' lang='lat' dir='ltr'><strong>CImnana-a</strong></span> <span class='ocrx_word' id='word_1_788' title='bbox 875 2539 975 2566; x_wconf 79' lang='lat' dir='ltr'><strong>egressa</strong></span> 
     </span>
    </p>
   </div>
   <div class='ocr_carea' id='block_1_100' title="bbox 215 2570 971 2610">
    <p class='ocr_par' dir='ltr' id='par_1_100' title="bbox 215 2570 971 2610">
     <span class='ocr_line' id='line_1_100' title="bbox 215 2570 971 2610; baseline 0.015 -17"><span class='ocrx_word' id='word_1_789' title='bbox 215 2575 247 2594; x_wconf 63' lang='lat' dir='ltr'><strong>ex</strong></span> <span class='ocrx_word' id='word_1_790' title='bbox 260 2570 351 2601; x_wconf 74' lang='lat' dir='ltr'><strong>ﬁnibus</strong></span> <span class='ocrx_word' id='word_1_791' title='bbox 368 2571 430 2603; x_wconf 83' lang='lat' dir='ltr'><strong>suis,</strong></span> <span class='ocrx_word' id='word_1_792' title='bbox 452 2571 568 2599; x_wconf 75' lang='lat' dir='ltr'><strong>clunmvit</strong></span> <span class='ocrx_word' id='word_1_793' title='bbox 588 2574 673 2601; x_wconf 79' lang='lat' dir='ltr'><strong>dicens</strong></span> <span class='ocrx_word' id='word_1_794' title='bbox 692 2575 715 2601; x_wconf 82' lang='lat' dir='ltr'><strong>ei</strong></span> <span class='ocrx_word' id='word_1_795' title='bbox 736 2583 745 2602; x_wconf 89' lang='lat'><em>:</em></span> <span class='ocrx_word' id='word_1_796' title='bbox 767 2575 887 2603; x_wconf 72' lang='lat' dir='ltr'><strong>Miserere</strong></span> <span class='ocrx_word' id='word_1_797' title='bbox 906 2578 971 2610; x_wconf 70' lang='lat' dir='ltr'><strong>mei,</strong></span> 
     </span>
    </p>
   </div>
   <div class='ocr_carea' id='block_1_101' title="bbox 215 2611 971 2650">
    <p class='ocr_par' dir='ltr' id='par_1_101' title="bbox 215 2611 971 2650">
     <span class='ocr_line' id='line_1_101' title="bbox 215 2611 971 2650; baseline 0.013 -12"><span class='ocrx_word' id='word_1_798' title='bbox 215 2611 321 2640; x_wconf 85' lang='lat' dir='ltr'><strong>Domine</strong></span> <span class='ocrx_word' id='word_1_799' title='bbox 331 2614 369 2648; x_wconf 86' lang='lat' dir='ltr'><strong>[ili</strong></span> <span class='ocrx_word' id='word_1_800' title='bbox 381 2614 463 2642; x_wconf 81' lang='lat' dir='ltr'><strong>David</strong></span> <span class='ocrx_word' id='word_1_801' title='bbox 470 2624 480 2648; x_wconf 86' lang='lat'><strong><em>;</em></strong></span> <span class='ocrx_word' id='word_1_802' title='bbox 491 2617 545 2650; x_wconf 79' lang='lat' dir='ltr'><strong>[ilia</strong></span> <span class='ocrx_word' id='word_1_803' title='bbox 556 2626 610 2645; x_wconf 89' lang='lat' dir='ltr'><strong>mea</strong></span> <span class='ocrx_word' id='word_1_804' title='bbox 621 2619 685 2645; x_wconf 84' lang='lat' dir='ltr'><strong>male</strong></span> <span class='ocrx_word' id='word_1_805' title='bbox 695 2628 710 2645; x_wconf 83' lang='grc' dir='ltr'><em>ιι</em></span> <span class='ocrx_word' id='word_1_806' title='bbox 721 2620 845 2647; x_wconf 71' lang='lat' dir='ltr'><strong>dwmonio</strong></span> <span class='ocrx_word' id='word_1_807' title='bbox 857 2627 971 2649; x_wconf 71' lang='lat' dir='ltr'><strong>vexatur.</strong></span> 
     </span>
    </p>
   </div>
   <div class='ocr_carea' id='block_1_102' title="bbox 213 2658 970 2700">
    <p class='ocr_par' dir='ltr' id='par_1_102' title="bbox 213 2658 970 2700">
     <span class='ocr_line' id='line_1_102' title="bbox 213 2658 970 2700; baseline 0.013 -16"><span class='ocrx_word' id='word_1_808' title='bbox 213 2658 238 2684; x_wconf 91' lang='grc'><strong>1.</strong></span> <span class='ocrx_word' id='word_1_809' title='bbox 254 2658 306 2685; x_wconf 83' lang='lat' dir='ltr'><strong>Cur</strong></span> <span class='ocrx_word' id='word_1_810' title='bbox 316 2659 430 2688; x_wconf 80' lang='lat' dir='ltr'><strong>Christus</strong></span> <span class='ocrx_word' id='word_1_811' title='bbox 448 2667 532 2697; x_wconf 78' lang='lat' dir='ltr'><strong>gentes</strong></span> <span class='ocrx_word' id='word_1_812' title='bbox 550 2663 622 2690; x_wconf 81' lang='lat' dir='ltr'><strong>adiit.</strong></span> <span class='ocrx_word' id='word_1_813' title='bbox 636 2679 671 2684; x_wconf 89' lang='lat'><strong><em>—</em></strong></span> <span class='ocrx_word' id='word_1_814' title='bbox 687 2664 791 2693; x_wconf 80' lang='lat' dir='ltr'><strong>Marcus</strong></span> <span class='ocrx_word' id='word_1_815' title='bbox 813 2672 902 2693; x_wconf 86' lang='lat' dir='ltr'><strong>autem</strong></span> <span class='ocrx_word' id='word_1_816' title='bbox 924 2668 970 2700; x_wconf 85' lang='lat' dir='ltr'><strong>ait,</strong></span> 
     </span>
    </p>
   </div>
   <div class='ocr_carea' id='block_1_103' title="bbox 178 2703 972 2742">
    <p class='ocr_par' dir='ltr' id='par_1_103' title="bbox 178 2703 972 2742">
     <span class='ocr_line' id='line_1_103' title="bbox 178 2703 972 2742; baseline 0.015 -13"><span class='ocrx_word' id='word_1_817' title='bbox 178 2703 262 2738; x_wconf 89' lang='lat' dir='ltr'><strong>ipsum</strong></span> <span class='ocrx_word' id='word_1_818' title='bbox 280 2705 362 2733; x_wconf 73' lang='lat' dir='ltr'><strong>latere</strong></span> <span class='ocrx_word' id='word_1_819' title='bbox 378 2715 429 2734; x_wconf 87' lang='lat' dir='ltr'><strong>non</strong></span> <span class='ocrx_word' id='word_1_820' title='bbox 446 2709 579 2742; x_wconf 86' lang='lat' dir='ltr'><strong>potuisse;</strong></span> <span class='ocrx_word' id='word_1_821' title='bbox 596 2717 656 2737; x_wconf 89' lang='lat' dir='ltr'><strong>cum</strong></span> <span class='ocrx_word' id='word_1_822' title='bbox 675 2710 701 2737; x_wconf 88' lang='lat' dir='ltr'><strong>in</strong></span> <span class='ocrx_word' id='word_1_823' title='bbox 724 2711 832 2739; x_wconf 88' lang='lat' dir='ltr'><strong>domum</strong></span> <span class='ocrx_word' id='word_1_824' title='bbox 855 2713 972 2740; x_wconf 83' lang='lat' dir='ltr'><strong>venisset.</strong></span> 
     </span>
    </p>
   </div>
   <div class='ocr_carea' id='block_1_104' title="bbox 177 2749 970 2793">
    <p class='ocr_par' dir='ltr' id='par_1_104' title="bbox 177 2749 970 2793">
     <span class='ocr_line' id='line_1_104' title="bbox 177 2749 970 2793; baseline 0.014 -18"><span class='ocrx_word' id='word_1_825' title='bbox 177 2749 276 2784; x_wconf 67' lang='lat' dir='ltr'><strong>(Marc.</strong></span> <span class='ocrx_word' id='word_1_826' title='bbox 293 2752 320 2779; x_wconf 90' lang='lat'><strong>7.</strong></span> <span class='ocrx_word' id='word_1_827' title='bbox 340 2753 402 2787; x_wconf 73' lang='grc'><strong>21).</strong></span> <span class='ocrx_word' id='word_1_828' title='bbox 422 2753 476 2781; x_wconf 86' lang='lat' dir='ltr'><strong>Cur</strong></span> <span class='ocrx_word' id='word_1_829' title='bbox 489 2760 576 2782; x_wconf 88' lang='lat' dir='ltr'><strong>autem</strong></span> <span class='ocrx_word' id='word_1_830' title='bbox 598 2756 623 2782; x_wconf 92' lang='lat' dir='ltr'><strong>in</strong></span> <span class='ocrx_word' id='word_1_831' title='bbox 642 2761 733 2792; x_wconf 84' lang='lat' dir='ltr'><strong>partes</strong></span> <span class='ocrx_word' id='word_1_832' title='bbox 755 2757 813 2785; x_wconf 83' lang='lat' dir='ltr'><strong>illas</strong></span> <span class='ocrx_word' id='word_1_833' title='bbox 835 2758 970 2793; x_wconf 85' lang='lat' dir='ltr'><strong>prolectus</strong></span> 
     </span>
    </p>
   </div>
   <div class='ocr_carea' id='block_1_105' title="bbox 178 2798 966 2836">
    <p class='ocr_par' dir='ltr' id='par_1_105' title="bbox 178 2798 966 2836">
     <span class='ocr_line' id='line_1_105' title="bbox 178 2798 966 2836; baseline 0.008 -11"><span class='ocrx_word' id='word_1_834' title='bbox 178 2799 234 2825; x_wconf 74' lang='lat' dir='ltr'><strong>esti</strong></span> <span class='ocrx_word' id='word_1_835' title='bbox 252 2798 364 2832; x_wconf 82' lang='lat' dir='ltr'><strong>Quando</strong></span> <span class='ocrx_word' id='word_1_836' title='bbox 380 2799 501 2827; x_wconf 84' lang='lat' dir='ltr'><strong>liberavit</strong></span> <span class='ocrx_word' id='word_1_837' title='bbox 515 2808 562 2827; x_wconf 88' lang='lat' dir='ltr'><strong>eos</strong></span> <span class='ocrx_word' id='word_1_838' title='bbox 575 2802 609 2828; x_wconf 89' lang='lat' dir='ltr'><strong>ab</strong></span> <span class='ocrx_word' id='word_1_839' title='bbox 623 2802 809 2831; x_wconf 86' lang='lat' dir='ltr'><strong>observatione</strong></span> <span class='ocrx_word' id='word_1_840' title='bbox 828 2804 946 2830; x_wconf 91' lang='lat' dir='ltr'><strong>ciborum</strong></span> <span class='ocrx_word' id='word_1_841' title='bbox 959 2825 966 2836; x_wconf 90' lang='lat'><strong>,</strong></span> 
     </span>
    </p>
   </div>
   <div class='ocr_carea' id='block_1_106' title="bbox 178 2844 967 2883">
    <p class='ocr_par' dir='ltr' id='par_1_106' title="bbox 178 2844 967 2883">
     <span class='ocr_line' id='line_1_106' title="bbox 178 2844 967 2883; baseline 0.009 -14"><span class='ocrx_word' id='word_1_842' title='bbox 178 2847 240 2871; x_wconf 84' lang='lat' dir='ltr'><strong>tunc</strong></span> <span class='ocrx_word' id='word_1_843' title='bbox 253 2844 345 2871; x_wconf 84' lang='lat' dir='ltr'><strong>eadem</strong></span> <span class='ocrx_word' id='word_1_844' title='bbox 362 2844 402 2870; x_wconf 81' lang='lat' dir='ltr'><strong>via</strong></span> <span class='ocrx_word' id='word_1_845' title='bbox 419 2852 582 2881; x_wconf 68' lang='lat' dir='ltr'><strong>progressus,</strong></span> <span class='ocrx_word' id='word_1_846' title='bbox 598 2847 722 2881; x_wconf 75' lang='lat' dir='ltr'><strong>gentibus</strong></span> <span class='ocrx_word' id='word_1_847' title='bbox 736 2856 840 2883; x_wconf 79' lang='lat' dir='ltr'><strong>quoque</strong></span> <span class='ocrx_word' id='word_1_848' title='bbox 860 2848 967 2883; x_wconf 76' lang='lat' dir='ltr'><strong>ianuam</strong></span> 
     </span>
    </p>
   </div>
   <div class='ocr_carea' id='block_1_107' title="bbox 340 2896 692 2928">
    <p class='ocr_par' dir='ltr' id='par_1_107' title="bbox 340 2896 692 2928">
     <span class='ocr_line' id='line_1_107' title="bbox 340 2896 692 2928; baseline 0.009 -4"><span class='ocrx_word' id='word_1_849' title='bbox 340 2896 476 2926; x_wconf 60' lang='grc' dir='ltr'><strong>Ριτιίοιι.</strong></span> <span class='ocrx_word' id='word_1_850' title='bbox 501 2897 559 2926; x_wconf 79' lang='lat' dir='ltr'><strong>Gn.</strong></span> <span class='ocrx_word' id='word_1_851' title='bbox 587 2897 692 2928; x_wconf 69' lang='lat' dir='ltr'><strong>LVIII.</strong></span> 
     </span>
    </p>
   </div>
   <div class='ocr_carea' id='block_1_108' title="bbox 1022 2475 1811 2516">
    <p class='ocr_par' dir='ltr' id='par_1_108' title="bbox 1022 2475 1811 2516">
     <span class='ocr_line' id='line_1_108' title="bbox 1022 2475 1811 2516; baseline -0.01 -8"><span class='ocrx_word' id='word_1_852' title='bbox 1022 2480 1107 2516; x_wconf 83' lang='lat' dir='ltr'><strong>aperit</strong></span> <span class='ocrx_word' id='word_1_853' title='bbox 1120 2489 1127 2507; x_wconf 90' lang='lat'><strong>:</strong></span> <span class='ocrx_word' id='word_1_854' title='bbox 1140 2477 1363 2514; x_wconf 82' lang='lat' dir='ltr'><strong>quemadmodum</strong></span> <span class='ocrx_word' id='word_1_855' title='bbox 1379 2483 1407 2505; x_wconf 88' lang='lat' dir='ltr'><strong>et</strong></span> <span class='ocrx_word' id='word_1_856' title='bbox 1425 2476 1530 2507; x_wconf 85' lang='lat' dir='ltr'><strong>Petrus.</strong></span> <span class='ocrx_word' id='word_1_857' title='bbox 1555 2483 1615 2503; x_wconf 86' lang='lat' dir='ltr'><strong>cum</strong></span> <span class='ocrx_word' id='word_1_858' title='bbox 1640 2475 1755 2509; x_wconf 88' lang='lat' dir='ltr'><strong>primum</strong></span> <span class='ocrx_word' id='word_1_859' title='bbox 1768 2475 1811 2509; x_wconf 80' lang='lat' dir='ltr'><strong>ju-</strong></span> 
     </span>
    </p>
   </div>
   <div class='ocr_carea' id='block_1_109' title="bbox 1024 2520 1812 2559">
    <p class='ocr_par' dir='ltr' id='par_1_109' title="bbox 1024 2520 1812 2559">
     <span class='ocr_line' id='line_1_109' title="bbox 1024 2520 1812 2559; baseline -0.009 -4"><span class='ocrx_word' id='word_1_860' title='bbox 1024 2527 1102 2555; x_wconf 91' lang='lat' dir='ltr'><strong>betur</strong></span> <span class='ocrx_word' id='word_1_861' title='bbox 1128 2525 1197 2553; x_wconf 84' lang='lat' dir='ltr'><strong>hanc</strong></span> <span class='ocrx_word' id='word_1_862' title='bbox 1219 2525 1304 2559; x_wconf 79' lang='lat' dir='ltr'><strong>legem</strong></span> <span class='ocrx_word' id='word_1_863' title='bbox 1326 2524 1442 2555; x_wconf 76' lang='lat' dir='ltr'><strong>solvere,</strong></span> <span class='ocrx_word' id='word_1_864' title='bbox 1468 2522 1582 2549; x_wconf 90' lang='lat' dir='ltr'><strong>mittitur</strong></span> <span class='ocrx_word' id='word_1_865' title='bbox 1604 2520 1637 2548; x_wconf 83' lang='lat' dir='ltr'><strong>ad</strong></span> <span class='ocrx_word' id='word_1_866' title='bbox 1659 2521 1812 2549; x_wconf 86' lang='lat' dir='ltr'><strong>Cornelium</strong></span> 
     </span>
    </p>
   </div>
   <div class='ocr_carea' id='block_1_110' title="bbox 1024 2566 1814 2607">
    <p class='ocr_par' dir='ltr' id='par_1_110' title="bbox 1024 2566 1814 2607">
     <span class='ocr_line' id='line_1_110' title="bbox 1024 2566 1814 2607; baseline -0.008 -8"><span class='ocrx_word' id='word_1_867' title='bbox 1024 2573 1094 2607; x_wconf 63' lang='lat' dir='ltr'><strong>(Aet,</strong></span> <span class='ocrx_word' id='word_1_868' title='bbox 1111 2572 1166 2605; x_wconf 88' lang='grc'><strong>10).</strong></span> <span class='ocrx_word' id='word_1_869' title='bbox 1183 2570 1210 2598; x_wconf 87' lang='lat' dir='ltr'><strong>Si</strong></span> <span class='ocrx_word' id='word_1_870' title='bbox 1229 2570 1288 2605; x_wconf 87' lang='lat' dir='ltr'><strong>quis</strong></span> <span class='ocrx_word' id='word_1_871' title='bbox 1304 2577 1369 2597; x_wconf 82' lang='lat' dir='ltr'><strong>vero</strong></span> <span class='ocrx_word' id='word_1_872' title='bbox 1388 2569 1500 2601; x_wconf 77' lang='lat' dir='ltr'><strong>dixerit,</strong></span> <span class='ocrx_word' id='word_1_873' title='bbox 1513 2567 1568 2595; x_wconf 89' lang='lat' dir='ltr'><strong>Cur</strong></span> <span class='ocrx_word' id='word_1_874' title='bbox 1590 2575 1655 2602; x_wconf 79' lang='lat' dir='ltr'><strong>ergo</strong></span> <span class='ocrx_word' id='word_1_875' title='bbox 1674 2566 1719 2602; x_wconf 89' lang='lat' dir='ltr'><strong>qui</strong></span> <span class='ocrx_word' id='word_1_876' title='bbox 1734 2566 1814 2594; x_wconf 81' lang='lat' dir='ltr'><strong>discl-</strong></span> 
     </span>
    </p>
   </div>
   <div class='ocr_carea' id='block_1_111' title="bbox 1024 2612 1812 2652">
    <p class='ocr_par' dir='ltr' id='par_1_111' title="bbox 1024 2612 1812 2652">
     <span class='ocr_line' id='line_1_111' title="bbox 1024 2612 1812 2652; baseline -0.006 -8"><span class='ocrx_word' id='word_1_877' title='bbox 1024 2618 1096 2652; x_wconf 72' lang='lat' dir='ltr'><strong>t-nlis</strong></span> <span class='ocrx_word' id='word_1_878' title='bbox 1108 2617 1183 2648; x_wconf 90' lang='lat' dir='ltr'><strong>dicit,</strong></span> <span class='ocrx_word' id='word_1_879' title='bbox 1195 2616 1226 2642; x_wconf 91' lang='lat' dir='ltr'><strong>lu</strong></span> <span class='ocrx_word' id='word_1_880' title='bbox 1238 2616 1303 2642; x_wconf 77' lang='lat' dir='ltr'><strong>uiam</strong></span> <span class='ocrx_word' id='word_1_881' title='bbox 1312 2615 1423 2650; x_wconf 76' lang='lat' dir='ltr'><strong>gentium</strong></span> <span class='ocrx_word' id='word_1_882' title='bbox 1432 2622 1464 2641; x_wconf 84' lang='lat' dir='ltr'><strong>ne</strong></span> <span class='ocrx_word' id='word_1_883' title='bbox 1477 2613 1588 2641; x_wconf 79' lang='lat' dir='ltr'><strong>abierilis</strong></span> <span class='ocrx_word' id='word_1_884' title='bbox 1597 2612 1705 2648; x_wconf 75' lang='lat' dir='ltr'><strong>(Matth.</strong></span> <span class='ocrx_word' id='word_1_885' title='bbox 1717 2612 1760 2640; x_wconf 89' lang='grc'><strong>10.</strong></span> <span class='ocrx_word' id='word_1_886' title='bbox 1772 2612 1812 2647; x_wconf 80' lang='lat'><strong>5),</strong></span> 
     </span>
    </p>
   </div>
   <div class='ocr_carea' id='block_1_112' title="bbox 1025 2657 1812 2697">
    <p class='ocr_par' dir='ltr' id='par_1_112' title="bbox 1025 2657 1812 2697">
     <span class='ocr_line' id='line_1_112' title="bbox 1025 2657 1812 2697; baseline -0.008 -8"><span class='ocrx_word' id='word_1_887' title='bbox 1025 2663 1093 2690; x_wconf 79' lang='lat' dir='ltr'><strong>banc</strong></span> <span class='ocrx_word' id='word_1_888' title='bbox 1114 2663 1172 2697; x_wconf 85' lang='lat' dir='ltr'><strong>ipse</strong></span> <span class='ocrx_word' id='word_1_889' title='bbox 1194 2662 1264 2688; x_wconf 84' lang='lat' dir='ltr'><strong>viam</strong></span> <span class='ocrx_word' id='word_1_890' title='bbox 1278 2660 1352 2688; x_wconf 81' lang='lat' dir='ltr'><strong>adit?</strong></span> <span class='ocrx_word' id='word_1_891' title='bbox 1366 2661 1452 2695; x_wconf 88' lang='lat' dir='ltr'><strong>primo</strong></span> <span class='ocrx_word' id='word_1_892' title='bbox 1464 2659 1572 2695; x_wconf 89' lang='lat' dir='ltr'><strong>quidem</strong></span> <span class='ocrx_word' id='word_1_893' title='bbox 1588 2658 1651 2685; x_wconf 91' lang='lat' dir='ltr'><strong>illud</strong></span> <span class='ocrx_word' id='word_1_894' title='bbox 1667 2657 1812 2692; x_wconf 81' lang='lat' dir='ltr'><strong>responde-</strong></span> 
     </span>
    </p>
   </div>
   <div class='ocr_carea' id='block_1_113' title="bbox 1023 2702 1816 2739">
    <p class='ocr_par' dir='ltr' id='par_1_113' title="bbox 1023 2702 1816 2739">
     <span class='ocr_line' id='line_1_113' title="bbox 1023 2702 1816 2739; baseline -0.004 -5"><span class='ocrx_word' id='word_1_895' title='bbox 1023 2708 1121 2739; x_wconf 88' lang='lat' dir='ltr'><strong>bimus,</strong></span> <span class='ocrx_word' id='word_1_896' title='bbox 1149 2714 1201 2734; x_wconf 88' lang='lat' dir='ltr'><strong>nou</strong></span> <span class='ocrx_word' id='word_1_897' title='bbox 1225 2706 1380 2734; x_wconf 71' lang='lat' dir='ltr'><strong>adstrictum</strong></span> <span class='ocrx_word' id='word_1_898' title='bbox 1404 2705 1477 2732; x_wconf 91' lang='lat' dir='ltr'><strong>illum</strong></span> <span class='ocrx_word' id='word_1_899' title='bbox 1498 2705 1532 2732; x_wconf 90' lang='lat' dir='ltr'><strong>iis</strong></span> <span class='ocrx_word' id='word_1_900' title='bbox 1555 2703 1693 2731; x_wconf 85' lang='lat' dir='ltr'><strong>servandis</strong></span> <span class='ocrx_word' id='word_1_901' title='bbox 1720 2702 1816 2731; x_wconf 74' lang='lat' dir='ltr'><strong>fuisse.</strong></span> 
     </span>
    </p>
   </div>
   <div class='ocr_carea' id='block_1_114' title="bbox 1023 2751 1814 2789">
    <p class='ocr_par' dir='ltr' id='par_1_114' title="bbox 1023 2751 1814 2789">
     <span class='ocr_line' id='line_1_114' title="bbox 1023 2751 1814 2789; baseline -0.008 -8"><span class='ocrx_word' id='word_1_902' title='bbox 1023 2762 1082 2789; x_wconf 70' lang='lat' dir='ltr'><strong>qua:</strong></span> <span class='ocrx_word' id='word_1_903' title='bbox 1095 2753 1234 2788; x_wconf 71' lang='lat' dir='ltr'><strong>disoipulis</strong></span> <span class='ocrx_word' id='word_1_904' title='bbox 1249 2752 1389 2787; x_wconf 81' lang='lat' dir='ltr'><strong>pra-cepit;</strong></span> <span class='ocrx_word' id='word_1_905' title='bbox 1404 2751 1534 2784; x_wconf 83' lang='lat' dir='ltr'><strong>secundo,</strong></span> <span class='ocrx_word' id='word_1_906' title='bbox 1547 2751 1620 2778; x_wconf 90' lang='lat' dir='ltr'><strong>illum</strong></span> <span class='ocrx_word' id='word_1_907' title='bbox 1633 2757 1685 2777; x_wconf 88' lang='lat' dir='ltr'><strong>non</strong></span> <span class='ocrx_word' id='word_1_908' title='bbox 1700 2754 1729 2777; x_wconf 92' lang='lat' dir='ltr'><strong>ut</strong></span> <span class='ocrx_word' id='word_1_909' title='bbox 1743 2756 1814 2783; x_wconf 69' lang='grc' dir='ltr'><strong>ιιι-ξη-</strong></span> 
     </span>
    </p>
   </div>
   <div class='ocr_carea' id='block_1_115' title="bbox 1022 2795 1815 2834">
    <p class='ocr_par' dir='ltr' id='par_1_115' title="bbox 1022 2795 1815 2834">
     <span class='ocr_line' id='line_1_115' title="bbox 1022 2795 1815 2834; baseline -0.009 -5"><span class='ocrx_word' id='word_1_910' title='bbox 1022 2802 1171 2830; x_wconf 83' lang='lat' dir='ltr'><strong>dicaturuut</strong></span> <span class='ocrx_word' id='word_1_911' title='bbox 1186 2800 1232 2828; x_wconf 75' lang='lat' dir='ltr'><strong>illo</strong></span> <span class='ocrx_word' id='word_1_912' title='bbox 1245 2799 1355 2830; x_wconf 80' lang='lat' dir='ltr'><strong>abiisse;</strong></span> <span class='ocrx_word' id='word_1_913' title='bbox 1370 2798 1439 2834; x_wconf 70' lang='lat' dir='ltr'><strong>quod</strong></span> <span class='ocrx_word' id='word_1_914' title='bbox 1452 2797 1622 2825; x_wconf 83' lang='lat' dir='ltr'><strong>subindicaus</strong></span> <span class='ocrx_word' id='word_1_915' title='bbox 1630 2796 1732 2824; x_wconf 78' lang='lat' dir='ltr'><strong>Marcus</strong></span> <span class='ocrx_word' id='word_1_916' title='bbox 1739 2795 1815 2822; x_wconf 82' lang='lat' dir='ltr'><strong>dice-</strong></span> 
     </span>
    </p>
   </div>
   <div class='ocr_carea' id='block_1_116' title="bbox 1022 2840 1812 2883">
    <p class='ocr_par' dir='ltr' id='par_1_116' title="bbox 1022 2840 1812 2883">
     <span class='ocr_line' id='line_1_116' title="bbox 1022 2840 1812 2883; baseline -0.01 -8"><span class='ocrx_word' id='word_1_917' title='bbox 1022 2849 1077 2882; x_wconf 86' lang='lat' dir='ltr'><strong>bat,</strong></span> <span class='ocrx_word' id='word_1_918' title='bbox 1087 2847 1147 2883; x_wconf 86' lang='lat' dir='ltr'><strong>quia</strong></span> <span class='ocrx_word' id='word_1_919' title='bbox 1157 2846 1299 2875; x_wconf 75' lang='lat' dir='ltr'><strong>occultavit</strong></span> <span class='ocrx_word' id='word_1_920' title='bbox 1314 2845 1430 2880; x_wconf 69' lang='lat' dir='ltr'><strong>seipsum</strong></span> <span class='ocrx_word' id='word_1_921' title='bbox 1438 2849 1465 2872; x_wconf 89' lang='lat' dir='ltr'><strong>et</strong></span> <span class='ocrx_word' id='word_1_922' title='bbox 1477 2852 1530 2872; x_wconf 86' lang='lat' dir='ltr'><strong>non</strong></span> <span class='ocrx_word' id='word_1_923' title='bbox 1540 2844 1623 2872; x_wconf 80' lang='lat' dir='ltr'><strong>latere</strong></span> <span class='ocrx_word' id='word_1_924' title='bbox 1632 2843 1727 2878; x_wconf 87' lang='lat' dir='ltr'><strong>potuit.</strong></span> <span class='ocrx_word' id='word_1_925' title='bbox 1736 2840 1812 2868; x_wconf 83' lang='lat' dir='ltr'><strong>Sicut</strong></span> 
     </span>
    </p>
   </div>
   <div class='ocr_carea' id='block_1_117' title="bbox 1638 2903 1658 2933">
    <p class='ocr_par' dir='ltr' id='par_1_117' title="bbox 1638 2903 1658 2933">
     <span class='ocr_line' id='line_1_117' title="bbox 1638 2903 1658 2933; baseline 0 0"><span class='ocrx_word' id='word_1_926' title='bbox 1638 2903 1658 2933; x_wconf 69' lang='grc' dir='ltr'>ι</span> 
     </span>
    </p>
   </div>
  </div>
