2056 3132
242 110 293 137 .‘il9

240 167 311 194 cuitu
326 173 413 195 rerum
428 165 616 199 consequentia
633 165 798 199 postulabat,
820 169 847 191 ut
868 172 901 191 ne
920 163 952 190 ad
975 163 1033 190 illos

241 219 341 247 primos
351 215 503 238 accurreret
517 219 524 237 :
538 211 576 237 sic
587 211 745 238 accedentes
757 210 884 244 repellere
898 208 1032 243 indignum

239 263 297 286 erat
313 258 383 286 illius
398 257 569 292 benignitate.
583 257 647 284 Nam
660 257 680 285 si
697 256 804 292 fllglCllll
814 265 826 283 s
840 255 941 290 insequi
955 263 1033 290 opor-

240 305 312 332 tehat
322 325 330 338 ,
353 305 437 332 multo
452 304 535 338 magis
550 304 718 337 inSequeutcs
740 302 829 336 fugi-re
845 309 897 328 non
912 301 1031 328 decebat.

241 352 306 379 Vide
320 351 400 386 igitur
412 350 546 386 quomodo
559 350 629 377 omni
645 350 774 377 heneticio
787 349 863 382 digna
879 349 912 374 sit
926 348 1030 375 mulier.

239 398 329 433 Neque
344 397 414 424 enim
430 405 493 424 ausa
509 401 548 423 est
564 396 654 423 venite
671 395 864 430 Jcrosolymam
874 414 882 426 ,
897 394 993 420 timens
1005 398 1031 421 ct

238 451 267 470 se
284 451 313 470 re
335 443 378 470 illa
401 443 534 478 indignam
553 445 689 475 reptttans.
708 440 763 467 Nisi
776 439 847 466 enitn
864 439 912 466 hoc
924 439 1030 466 detenta

239 494 311 516 metu
326 489 434 520 fuisset,
456 492 564 515 ventura
580 487 625 514 illo
637 491 709 518 erat,
726 490 754 512 ut
767 493 798 513 ex
813 484 938 520 pravsenti
952 483 1031 511 velte-

238 535 335 562 mentia
350 535 441 569 liquet,
453 538 481 562 et
490 541 523 560 ex
535 540 567 559 eo
580 531 650 567 quod
665 532 730 558 lines
743 538 805 557 suos
818 537 924 565 egressa
941 529 1028 556 fuerit.

237 579 348 614 Quidam
359 587 420 606 vero
430 578 486 606 hrrc
495 578 636 611 allegorice
644 576 807 611 explicantes
814 575 914 607 dicunt,
923 574 1029 610 quando

237 635 268 654 ex
283 627 374 655 Judu'a
389 633 512 661 egressus
527 629 566 652 est
580 624 708 656 Christus,
727 627 788 650 tunc
808 622 841 649 ad
861 622 935 649 illum
951 628 1028 648 acce-

237 674 300 700 dere
313 680 404 700 ausam
418 679 477 699 esse
493 670 658 702 Ecclesium,
676 677 735 703 qua:
754 673 781 695 et
802 668 857 702 ipsa
877 675 910 694 cx
933 667 1028 693 ﬁnibus

237 718 291 745 tuis
304 725 408 752 egressa
423 721 477 749 est;
493 715 530 743 ait
540 715 610 743 enirn
626 723 632 741 :
646 713 797 741 Ublivisccre
810 713 933 748 populum
946 718 1026 744 tuum,

235 770 259 791 ιιι
273 764 375 791 domum
389 763 469 798 patria
482 763 519 789 tui
532 761 541 796 (
553 761 624 789 Ρειιι,
639 761 684 789 ﬂ.
700 761 730 788 ll
741 759 762 796 ).
781 759 846 787 Nam
861 759 982 787 Christus
994 766 1026 786 ex

236 809 332 837 ﬁnibus
341 808 396 835 suis
406 808 533 839 excessit,
546 811 573 833 et
585 807 682 834 mulier
689 813 793 840 quoque
804 813 836 833 ex
848 805 944 832 ﬁnibus
954 805 1009 832 suis
1019 813 1026 831 :

235 859 261 882 et
274 855 314 882 sic
329 857 472 888 potuerunt
484 861 534 880 una
549 852 673 887 colloqui.
688 851 753 878 Ecce
767 851 852 883 enim,
869 851 921 882 ait,
937 849 1027 876 mulier

233 901 380 928 Chananwu
397 908 496 936 egressa
516 907 546 925 ex
566 898 657 932 ﬁnibus
677 898 738 924 suis.
755 899 868 924 Accusat
889 896 1026 923 mulierem

237 948 412 983 evangelista,
427 952 454 973 ut
466 945 590 973 ostendat
607 943 778 975 miraculum,
794 943 930 978 ipsamque
943 941 1026 975 magis

236 993 370 1028 praedicet.
386 992 490 1020 Etenim
506 999 565 1017 cum
585 990 660 1016 audis
674 989 864 1020 Cltanauaram,
886 987 1027 1014 recordare

235 1040 351 1075 gentium
368 1039 472 1066 illarum
487 1038 635 1071 iniquarum
645 1056 652 1067 ,
671 1044 730 1070 qua:
744 1035 823 1061 etiam
842 1034 913 1068 leges
927 1038 1026 1060 natura:

236 1095 249 1115 a
269 1086 448 1114 fundamentis
462 1088 621 1111 everterant.
643 1083 751 1110 Illorum
770 1089 834 1108 vero
854 1081 1025 1114 recordatus,

235 1133 320 1168 cogita
332 1133 383 1158 vim
395 1131 492 1159 Christi
507 1130 645 1157 adventus.
660 1129 709 1161 Qui
723 1128 792 1155 enim
807 1127 885 1162 ejeeli
899 1132 976 1160 sunt,
994 1135 1027 1155 ne

235 1179 341 1207 Iud-eos
355 1181 554 1213 pervertercnt,
572 1176 598 1203 hi
612 1175 679 1202 adeo
696 1174 794 1202 Jud.t‘is
809 1174 950 1201 meliores'
967 1172 1023 1200 fue-

236 1230 341 1258 runt,ut
350 1225 427 1251 ctiam
439 1231 471 1250 ex
485 1222 580 1250 ﬁnibus
590 1222 646 1249 suis
656 1221 754 1256 «gressi
767 1219 898 1246 tlhristum
912 1219 1024 1252 adirent,

235 1272 297 1298 dum
313 1270 397 1298 Judaei
413 1269 485 1296 illum
501 1268 533 1294 ad
548 1276 575 1295 se
591 1267 739 1294 venientem
756 1266 925 1300 repellerent.
940 1265 1024 1291 Acce-

235 1317 300 1345 dens
319 1324 382 1351 ergo
403 1315 466 1342 nihil
488 1314 558 1342 aliud
582 1313 662 1346 dixit,
686 1313 752 1344 nisi,
772 1312 896 1341 Miserere
915 1311 980 1343 mei,
1000 1315 1027 1338 et

235 1364 351 1392 clamore
365 1370 413 1390 suo
427 1369 550 1397 magnum
567 1360 698 1388 theatrum
712 1363 850 1386 convocat.
871 1357 934 1385 Erat
955 1358 1025 1385 enim

235 1409 385 1438 miserabile
400 1408 578 1444 spectaculum
591 1429 597 1438 ,
619 1406 757 1434 mttlicrem
773 1413 884 1433 cernere
905 1412 964 1432 eum
985 1404 1024 1431 af-

237 1458 304 1486 fectu
321 1462 394 1484 tanto
408 1457 582 1487 clamantem,
597 1459 624 1481 et
636 1453 773 1481 mulierem
789 1457 899 1479 matrem
915 1459 962 1486 pro
975 1451 1025 1478 ﬁlia

234 1505 426 1540 supplicantem
447 1503 551 1533 videre,
573 1509 621 1536 pro
641 1501 711 1534 ﬁlia,
737 1501 860 1535 inquam,
885 1504 935 1526 tam
958 1499 1026 1526 tnalc

234 1551 339 1579 affecta.
354 1549 444 1585 Neque
459 1550 529 1576 enim
543 1556 608 1576 ausa
621 1547 669 1574 fuit
684 1548 710 1574 in
724 1547 838 1581 Magistri
855 1551 1025 1580 conspectum

234 1597 424 1625 dzrmoniacam
445 1595 597 1622 adducere:
614 1594 660 1621 sed
682 1594 725 1620 illa
746 1593 816 1620 dmni
839 1593 946 1624 relicta,
971 1592 1024 1625 ipsa

235 1651 264 1671 sc
277 1643 423 1678 supplicem
435 1641 515 1672 sistit,
528 1640 702 1674 morhumquc
713 1643 813 1666 tanttun
823 1642 1024 1668 commemorat,

236 1689 300 1717 nihil
313 1689 427 1724 amplius
441 1687 583 1722 adjiciens;
607 1693 692 1720 neque
712 1684 842 1712 medicum
861 1684 968 1710 domum
986 1687 1027 1709 at-

237 1736 332 1768 trahit,
354 1735 422 1761 sicut
440 1733 546 1768 regulus
565 1731 624 1762 ille.
644 1731 688 1766 qui
703 1730 808 1757 dicebat
825 1738 831 1755 :
853 1728 914 1755 Veni
935 1733 958 1755 ει
979 1729 1027 1754 im-

237 1790 301 1816 pane
316 1789 419 1807 manum
435 1784 518 1811 litant,
540 1783 562 1805 et
577 1777 698 1804 descende
711 1781 844 1810 antrquam
860 1775 981 1801 moriatur
994 1775 1027 1807 ﬁ-

236 1829 285 1855 lius
299 1836 367 1854 uicus
382 1825 476 1861 (Joau.
492 1825 519 1852 ι.
531 1823 584 1858 l9)
599 1833 605 1850 ε
618 1822 664 1850 sed
677 1821 826 1849 calamitate
835 1828 881 1847 sna
895 1820 1026 1854 exposita,

236 1879 262 1902 et
276 1873 360 1901 morbi
376 1871 556 1907 magnitudine
566 1890 573 1903 ,
590 1867 798 1897 miscricordiam
816 1865 918 1893 Domini
933 1871 1028 1899 magno

237 1920 353 1947 clamore
376 1918 498 1953 implorat
521 1925 527 1943 :
553 1923 602 1943 nec
617 1915 696 1946 dicit,
718 1913 843 1941 Miserere
865 1912 925 1938 ﬁlia:
944 1918 1027 1942 metu,

237 1967 284 1994 sed
295 1988 303 1998 ,
321 1965 440 1992 Miserere
452 1958 510 1991 mei.
528 1962 572 1990 Illa
587 1962 684 1997 quippe
700 1960 784 1987 morbi
800 1967 906 1986 sensum
929 1958 1028 1985 nullum

238 2011 332 2043 habet;
349 2018 398 2044 ego
411 2017 475 2037 vero
490 2009 584 2036 millies
598 2007 754 2036 discrucior,
776 2005 801 2032 in
822 2012 929 2032 sensum
950 2003 1029 2038 agri-

239 2058 337 2085 tudinis
350 2057 437 2086 venio.
458 2061 484 2082 et
503 2057 559 2082 viso
578 2055 671 2082 morbo
691 2053 803 2080 insanio.
824 2052 867 2079 εδ,
886 2051 934 2078 Ille
947 2056 1030 2078 autem

240 2113 288 2131 nou
303 2103 431 2138 respondit
447 2102 469 2129 εἰ
484 2101 593 2128 verbum.
607 2100 691 2132 Quam
708 2106 803 2126 novum
820 2097 870 2125 hoc
883 2103 910 2125 et
926 2097 1029 2124 inaudi—

241 2150 311 2177 tum!
328 2149 434 2176 Juda-os
449 2153 474 2174 et
495 2147 611 2182 ingratos
631 2145 748 2175 inducit,
768 2148 794 2171 ct
815 2143 1031 2178 blaSphemantcs

241 2199 332 2230 rogat,
356 2199 382 2221 et
410 2197 541 2220 tentantes
562 2199 613 2218 non
636 2190 746 2218 dimittit
767 2198 773 2216 :
795 2189 862 2216 hanc
886 2196 949 2216 vero
972 2195 1032 2222 qua:

240 2241 273 2267 atl
289 2241 373 2275 ipsum
389 2238 520 2270 accurrit,
536 2245 594 2272 quin
614 2241 688 2271 rogat
702 2241 728 2262 et
741 2235 888 2270 supplicat.
905 2242 963 2268 qua:
983 2240 1032 2259 nec

243 2287 268 2313 in
284 2287 341 2321 lege
357 2294 405 2312 nec
421 2285 446 2312 in
463 2283 598 2319 prophetis
613 2283 737 2314 educata,
761 2285 860 2306 tantum
874 2285 961 2305 tamen
978 2278 1030 2312 pie-

243 2338 323 2359 tatem
337 2331 456 2364 exhibet,
471 2337 504 2357 ne
516 2328 690 2364 responsione
702 2325 807 2362 quidem
823 2326 953 2359 dignatur.
969 2324 1031 2356 Quis

242 2387 294 2405 non
310 2377 427 2405 oll‘ensus
442 2376 550 2408 fuisset,
565 2375 640 2401 famae
654 2373 737 2408 ipsius
751 2380 807 2400 rem
827 2372 861 2399 ita
874 2370 1032 2398 contrariam

246 2424 356 2451 vidt-ns‘!
372 2422 516 2450 Audierant
536 2421 625 2453 enim,
647 2420 731 2454 ipsum
754 2418 826 2444 vicos
846 2416 1034 2444 circumeundo

244 2470 352 2496 morbos
362 2475 456 2495 curare
468 2476 474 2494 :
487 2467 555 2494 hanc
569 2473 632 2492 vero
643 2464 812 2491 accedentem
821 2462 939 2498 (lt'pt'llil.
950 2463 1032 2495 Quem

244 2523 296 2543 non
317 2516 434 2542 ﬂexisset
454 2513 563 2540 tnorhus
581 2512 643 2539 talis
661 2517 740 2546 atque
760 2510 932 2544 supplicatio,
955 2517 1034 2543 quam

245 2560 381 2588 emittebat
393 2568 440 2595 pro
452 2559 503 2586 tilia
514 2564 566 2585 tam
578 2557 647 2584 male
657 2557 769 2584 affecta?
781 2556 868 2590 Neque
879 2556 949 2583 enim
961 2555 1034 2590 quasi

247 2607 325 2640 digna
341 2605 479 2635 beneﬁcio.
491 2611 513 2632 et
532 2605 606 2639 quasi
622 2603 739 2630 debitum
758 2603 895 2636 petulans
908 2601 1032 2633 accessit,

249 2653 296 2680 scd
313 2651 523 2680 miscricordiam
537 2651 653 2687 petebat,
667 2654 693 2677 et
703 2649 881 2677 calamitatem
896 2655 971 2675 suam
985 2651 1038 2674 tra-

252 2700 312 2735 gice
331 2699 473 2731 narrabat,
495 2706 581 2734 neque
601 2703 687 2725 tamen
708 2697 882 2732 responsione
903 2696 1036 2731 dignatur.

253 2745 325 2773 Multi
347 2745 457 2772 fortasse
476 2753 508 2772 ex
525 2744 692 2771 audientibus
711 2743 803 2770 offensi
824 2747 884 2770 sunt
900 2751 906 2768 ε
922 2742 965 2768 illa
986 2749 1037 2769 nou

282 2826 290 2840 ¹
303 2825 360 2849 Mss.
373 2821 579 2854 plurimibahent,
592 2820 754 2852 sapientiores,
767 2826 819 2851 pro.
832 2818 952 2845 meliores.

614 107 641 135 S.
662 105 1044 135 J0.\.\'NlSCIlRYSOSTUMI
1065 106 1224 136 AﬂClllEP.
1244 109 1507 140 CONSTANTINUP.

1824 115 1881 143 520

1090 164 1161 192 item.
1180 165 1280 201 Ecquid
1300 167 1375 200 dico,
1391 177 1421 195 ex
1437 169 1623 197 audientibus’
1637 170 1702 198 Nam
1718 177 1780 206 puto
1797 173 1874 201 disci-

1087 210 1162 244 pulos
1174 211 1245 247 lIHOS
1253 212 1286 238 de
1296 213 1445 240 calamitate
1454 214 1573 241 mulieris
1588 215 1696 243 affectos
1709 217 1881 252 turbataque

1086 254 1177 283 fuis~e.
1192 257 1282 291 Neque
1297 262 1399 291 nuncii,
1417 259 1514 286 turbati
1529 260 1587 286 licet
1600 281 1607 292 ,
1622 260 1712 288 dicere
1725 263 1781 288 ausi
1793 270 1855 289 sunt
1870 271 1877 289 :

1087 300 1159 328 Ilant‘.
1180 302 1217 328 illi
1238 304 1353 330 roncede
1367 305 1479 339 gratiam
1500 313 1507 331 :
1528 306 1573 333 sed
1594 306 1742 334 Accedent“
1761 309 1882 342 dirdpuli

1084 347 1205 381 rogabant
1216 356 1272 373 eum
1287 348 1396 376 dicentes
1408 357 1417 376 :
1431 349 1535 376 Dimitte
1550 350 1630 383 illaut,
1646 352 1704 386 quia
1718 352 1810 379 clamat
1823 359 1882 388 post

1083 399 1137 418 nos.
1153 391 1207 419 Nos
1222 394 1292 420 enim
1308 402 1367 420 cum
1384 395 1505 421 volumus
1518 396 1615 430 aliquid
1630 398 1759 430 suadere,
1772 403 1880 425 cutura-

1084 436 1122 463 ria
1143 444 1214 472 saepe
1233 438 1346 466 dicimus
1363 448 1368 464 :
1385 439 1506 467 Christus
1521 448 1584 467 vero
1599 442 1635 468 uit
1650 450 1656 468 :
1670 442 1713 469 24.
1739 442 1798 469 Non
1820 451 1879 470 uuu

1083 481 1174 508 missus
1189 483 1236 508 nisi
1250 484 1284 509 ad
1299 491 1354 510 otios
1367 492 1422 517 quo!
1435 485 1560 518 perierunt
1575 487 1663 514 domus
1677 486 1769 514 Israel.

1116 527 1143 554 2.
1158 529 1224 561 Quid
1242 530 1320 563 igitur
1334 531 1448 557 mulier?
1468 540 1501 558 an
1520 540 1580 559 cum
1603 534 1658 560 hzec
1677 534 1811 566 audisset,
1832 539 1873 561 ta-

1081 573 1155 600 cuit?
1165 581 1196 600 an
1210 574 1350 601 discessit?
1362 584 1394 601 an
1406 576 1520 603 studiutn
1532 583 1559 604 et
1570 578 1685 605 animum
1699 581 1872 613 compressit!

1080 618 1204 650 Minime;
1226 619 1279 646 imo
1300 623 1384 654 magis
1403 621 1525 648 instabat.
1547 622 1643 650 Verum
1663 624 1732 650 haud
1753 625 1787 651 ita
1807 633 1871 657 nos;

1080 664 1125 691 sed
1142 673 1200 691 cmn
1217 666 1346 699 postulata
1361 675 1414 693 non
1426 668 1603 702 assequimnr,
1617 669 1769 697 desistimus
1779 691 1786 701 ,
1809 679 1870 698 cum

1080 711 1164 745 magis
1184 711 1282 738 iu~tare
1301 719 1348 746 par
1366 718 1446 740 esset.
1467 713 1546 748 Atqui
1568 722 1647 748 quem
1663 723 1715 741 tton
1731 716 1869 749 dt-ji-cisst-l

1079 755 1178 783 dictttrn
1199 757 1369 791 hnjuunodi?
1384 757 1471 792 Ipsum
1486 759 1619 786 silentitnn
1634 766 1736 794 poterat
1755 761 1823 788 illam
1843 762 1869 788 in

1079 802 1292 838 desperationem
1307 804 1455 839 conjicere;
1476 805 1614 840 multoque
1631 806 1713 841 magis
1733 808 1869 842 responsio

1081 849 1150 875 talis.
1160 848 1226 875 Nam
1236 856 1296 876 cum
1307 855 1431 884 patronos
1442 858 1504 877 suos
1517 858 1609 878 secum
1621 851 1750 885 repulsam
1766 853 1816 887 pati
1829 854 1867 879 vi-

1078 893 1330 930 dcret,andiretquc,
1340 903 1395 922 rem
1405 895 1445 922 ﬁet
1453 895 1461 922 i
1470 904 1521 922 titul
1533 895 1650 930 possc,in
1659 896 1868 931 despetationem

1078 941 1250 975 assequenda‘
1265 942 1302 968 rei
1317 942 1413 976 conjici
1436 945 1547 976 poterat.
1565 943 1686 969 Attamen
1708 950 1759 969 non
1781 944 1869 970 aninto

1078 986 1174 1013 defecit
1187 987 1297 1020 mulier;
1315 986 1361 1014 ενι-ά
1383 988 1426 1014 ubi
1443 987 1517 1019 vidit,
1536 987 1600 1014 nihil
1613 993 1736 1021 patronos
1752 987 1867 1020 efﬁcere,

1078 1039 1126 1058 ceu
1137 1032 1297 1066 impudentia
1310 1032 1450 1060 laudabili’
1463 1040 1508 1060 usa
1519 1033 1656 1059 cst.Antea
1666 1032 1690 1059 in
1699 1038 1868 1067 conspectuin

1078 1078 1168 1104 venire
1183 1085 1234 1104 non
1251 1078 1364 1104 audebat
1384 1086 1390 1104 :
1405 1077 1512 1110 Clamat,
1527 1077 1657 1112 inquiunt,
1671 1082 1725 1112 post
1736 1085 1798 1109 nos;
1808 1086 1868 1104 eum

1078 1128 1166 1149 autem
1176 1123 1320 1150 verisimile
1334 1123 1476 1154 videretur,
1489 1122 1574 1158 ipsam
1585 1123 1665 1149 animi
1677 1123 1781 1149 dubiant
1797 1128 1869 1150 retro

1078 1176 1224 1200 cessuram,
1239 1173 1299 1195 tunc
1307 1168 1350 1194 illa
1363 1169 1470 1203 propius
1484 1169 1606 1201 accessit,
1620 1174 1645 1195 et
1658 1167 1772 1194 adorans
1782 1167 1846 1195 dixit
1860 1176 1867 1195 :

1077 1214 1122 1242 25.
1138 1214 1256 1246 Domine,
1272 1214 1364 1249 adjuva
1379 1223 1426 1241 me.
1437 1215 1504 1248 Quid
1519 1215 1570 1241 hoc
1584 1218 1636 1247 est,
1648 1222 1666 1241 0
1680 1214 1790 1241 mulier?
1805 1222 1867 1241 num

1079 1260 1205 1294 majorem
1221 1260 1312 1292 trabes,
1325 1268 1402 1294 quam
1416 1261 1539 1294 apostoli,
1555 1259 1694 1286 fiduciam?
1708 1267 1769 1286 num
1786 1260 1869 1293 majo-

1078 1314 1134 1333 rem
1150 1306 1347 1333 fortitudinem?
1361 1305 1493 1333 Fiduciam
1504 1311 1531 1334 et
1543 1306 1720 1333 fortitudinem
1741 1306 1849 1333 minime
1860 1324 1868 1336 .

1079 1352 1131 1380 itno
1141 1352 1240 1386 pudore
1248 1352 1394 1384 sulfundor;
1405 1353 1450 1379 sed
1460 1352 1672 1379 inverecundiam
1680 1359 1728 1387 pro
1736 1352 1868 1387 supplica-

1079 1398 1150 1424 tione
1163 1398 1277 1424 adhibeo
1293 1405 1299 1424 :
1317 1397 1480 1424 rerercbitur
1493 1397 1614 1424 ﬁduciam
1627 1405 1724 1425 meam.
1739 1397 1791 1425 Sed
1805 1397 1869 1432 quid

1079 1444 1147 1472 hoc?
1163 1453 1214 1471 non
1228 1444 1323 1471 audisti
1342 1444 1473 1471 dicentem
1484 1465 1490 1475 ,
1508 1444 1568 1471 Non
1586 1452 1642 1471 sum
1662 1443 1752 1471 miqu
1772 1444 1820 1470 nisi
1833 1444 1867 1470 ad

1078 1498 1134 1517 orca
1147 1497 1202 1525 qua:
1216 1490 1341 1525 perierunt
1356 1489 1444 1516 domus
1459 1489 1561 1516 Israel?
1574 1489 1669 1516 Audiri
1680 1509 1688 1522 ,
1705 1489 1804 1524 inquit,
1821 1488 1867 1515 sed

1079 1537 1135 1572 ipse
1149 1537 1275 1564 Dominus
1290 1541 1340 1563 est.
1358 1536 1419 1564 ideo
1433 1544 1487 1563 non
1500 1536 1619 1564 dicebat.
1635 1535 1686 1563 Ora
1701 1541 1728 1563 et
1741 1542 1866 1570 precare;

1079 1583 1136 1615 sed,
1153 1583 1250 1617 Adjuva
1264 1591 1303 1609 me
1327 1582 1395 1615 Quid
1409 1589 1472 1617 ergo
1485 1580 1623 1609 Christus?
1637 1581 1675 1609 Nc
1690 1582 1746 1609 istis
1760 1581 1867 1616 quidem

1079 1633 1232 1658 contentus.
1249 1628 1439 1655 dubitationem
1455 1627 1542 1660 anxit,
1558 1627 1649 1654 dicens
1664 1636 1669 1653 :
1684 1626 1729 1654 16.
1752 1626 1811 1653 Non
1831 1631 1867 1653 est

1080 1675 1171 1700 bonum
1184 1681 1281 1700 sumere
1293 1681 1382 1707 partem
1395 1673 1522 1707 ﬁliorum,
1544 1677 1565 1698 et
1580 1673 1675 1698 mittere
1686 1671 1798 1698 canibus.
1815 1671 1868 1698 lle-

1080 1727 1178 1754 sponso
1197 1719 1280 1753 magis
1303 1726 1380 1753 quam
1401 1719 1505 1746 silentio
1526 1718 1649 1745 tumstitia
1670 1717 1740 1744 illam
1762 1716 1866 1744 affecit.

1079 1765 1137 1792 .lam
1160 1773 1211 1792 non
1232 1765 1264 1791 ad
1284 1765 1364 1791 alium
1388 1772 1494 1791 causam
1515 1763 1656 1795 transfert,
1682 1771 1767 1798 neque
1785 1763 1867 1795 dicit,

1082 1811 1142 1838 Non
1154 1819 1209 1838 tum
1219 1811 1308 1837 missu:
1321 1818 1329 1838 :
1341 1809 1387 1837 sed
1398 1814 1496 1845 quanto
1507 1809 1590 1845 magis
1599 1809 1640 1835 illa
1654 1808 1766 1843 petendo
1777 1809 1867 1841 instat,

1082 1863 1154 1884 tanto
1176 1857 1303 1892 majorem
1324 1856 1368 1884 ille
1388 1855 1434 1883 dat
1454 1856 1596 1890 repulsam.
1619 1855 1708 1890 Neque
1728 1854 1782 1889 jam
1805 1861 1869 1880 ores

1082 1907 1157 1930 vocat
1168 1903 1284 1935 Judteos,
1296 1902 1342 1930 sed
1354 1902 1431 1934 ﬁlios,
1444 1902 1526 1936 ipsam
1538 1909 1599 1928 vero
1610 1909 1712 1928 canenti.
1727 1900 1793 1934 Quid
1805 1908 1868 1935 ergo

1081 1949 1194 1976 mulier?
1212 1948 1250 1975 Ex
1270 1949 1332 1982 ipsis
1354 1948 1443 1975 verbis
1461 1947 1643 1974 defensionem
1665 1947 1714 1973 sibi
1736 1951 1820 1981 parat.
1840 1947 1868 1973 Si

1082 1996 1156 2022 eanis
1174 2002 1251 2027 sum,
1275 1995 1375 2029 inquit,
1397 2002 1449 2021 non
1470 2001 1528 2020 sum
1551 1994 1647 2021 aliena.
1669 1993 1732 2020 .lure
1749 1992 1869 2020 Christus

1082 2041 1185 2068 dicebat
1196 2061 1203 2072 ,
1219 2040 1251 2067 In
1261 2040 1387 2076 judicium
1401 2048 1446 2075 ego
1461 2040 1515 2066 ueni
1536 2038 1631 2073 (Joan.
1651 2038 1677 2066 9.
1698 2038 1759 2073 59).
1776 2038 1871 2064 lllulicr

1083 2087 1126 2114 illa
1141 2086 1350 2121 philosophatur,
1365 2086 1590 2120 perseverantiam
1610 2090 1636 2112 et
1657 2084 1733 2111 tidem
1749 2090 1869 2117 magnam

1084 2131 1206 2165 exhibet,
1221 2132 1271 2159 etsi
1284 2131 1450 2159 contumeliis
1464 2130 1557 2157 affecta
1573 2139 1579 2156 :
1596 2129 1679 2157 Judazi
1696 2137 1758 2156 vero
1771 2136 1833 2155 cura
1842 2133 1869 2155 et

1084 2178 1185 2205 honore
1200 2178 1273 2210 culti,
1289 2178 1450 2204 contrariam
1464 2177 1547 2203 vicem
1563 2175 1719 2210 rependunt.
1735 2174 1811 2205 Novi,
1829 2174 1870 2200 itt-

1084 2224 1140 2259 quit
1155 2224 1207 2255 illa,
1218 2224 1305 2251 cibun:
1322 2223 1382 2250 ﬁliis
1395 2229 1453 2249 esse
1471 2222 1667 2253 necessarium;
1685 2229 1768 2255 neque
1782 2225 1871 2246 tamen

1085 2279 1144 2305 ego,
1158 2271 1207 2297 etsi
1221 2270 1303 2301 mnis,
1320 2269 1412 2303 repelli
1426 2268 1520 2296 debeo.
1537 2267 1602 2295 Nam
1616 2267 1639 2294 si
1654 2267 1727 2294 nefas
1740 2272 1780 2293 cst
1793 2265 1871 2301 quid—

1086 2325 1163 2353 quam
1179 2316 1316 2351 accipcre,
1333 2315 1373 2342 vel
1388 2322 1402 2340 a
1418 2314 1493 2340 micis
1505 2313 1708 2344 abstinendum;
1729 2312 1769 2338 sin
1784 2311 1872 2337 tantil—

1086 2364 1139 2390 lam
1159 2367 1259 2398 partem
1284 2361 1381 2387 habere
1401 2359 1478 2391 licet,
1500 2366 1550 2386 nec
1568 2366 1617 2393 ego
1638 2358 1789 2392 prohibeor,
1814 2356 1872 2382 licet

1086 2409 1160 2436 canis
1175 2409 1242 2439 sint;
1258 2407 1304 2434 sed
1319 2406 1378 2433 ideo
1390 2405 1504 2432 maxime
1518 2405 1543 2431 in
1559 2410 1657 2439 partem
1674 2402 1790 2430 vocanda
1805 2409 1873 2428 suun.

1088 2455 1124 2482 Ea
1144 2454 1178 2481 de
1197 2461 1275 2480 causa
1295 2452 1416 2479 Christus
1435 2450 1589 2481 diﬂ'ercbat,
1612 2449 1681 2484 quod
1703 2449 1782 2475 seirct
1804 2447 1831 2474 ill
1851 2455 1874 2474 tn

1088 2500 1144 2527 lucc
1159 2499 1288 2526 dicturam
1304 2505 1373 2528 esse,
1389 2497 1449 2523 ideo
1461 2495 1559 2522 donum
1574 2494 1696 2528 negabat,
1713 2498 1739 2519 ut
1751 2493 1809 2527 ejus
1821 2491 1877 2526 phis

1089 2546 1236 2581 losophiam
1252 2544 1397 2572 exhiberet.
1413 2542 1467 2570 Nisi
1484 2543 1553 2569 t-nim
1567 2542 1676 2568 daturus
1691 2540 1781 2567 fuisse!
1795 2559 1803 2572 ,
1824 2546 1877 2565 non

1088 2596 1180 2627 postea
1195 2591 1321 2622 dedisset,
1333 2597 1418 2625 neque
1432 2589 1503 2615 illam
1514 2588 1609 2615 iterum
1624 2586 1794 2622 repre~sisset
1810 2594 1816 2612 :
1833 2584 1880 2613 sed

1091 2637 1160 2673 quod
1173 2644 1233 2672 erga
1250 2636 1430 2663 centurionem
1445 2633 1526 2666 fecit,
1540 2633 1632 2660 dicens
1646 2641 1652 2658 :
1667 2631 1722 2667 Ego
1737 2631 1844 2659 ιιειιὶαιιι.
1859 2634 1881 2656 et

1089 2687 1181 2712 curabo
1196 2692 1252 2710 eum
1268 2683 1276 2716 (
1289 2682 1380 2709 Matth.
1395 2681 1421 2708 8.
1437 2679 1487 2716 7);
1504 2684 1532 2706 ut
1550 2679 1607 2713 ejus
1624 2678 1747 2712 pietatem
1761 2676 1879 2703 discere-

1091 2738 1150 2758 mus
1160 2751 1168 2762 ,
1184 2734 1209 2756 et
1223 2729 1375 2756 audiremus
1390 2727 1463 2754 illttm
1477 2725 1611 2753 dicentem
1625 2733 1631 2750 :
1648 2723 1706 2750 Non
1721 2731 1774 2750 cum
1784 2722 1880 2756 dignus

1123 2819 1132 2834 ι
1147 2819 1171 2843 ln
1191 2817 1335 2843 n-:ot‘,o:licc
1345 2815 1416 2842 deest
1430 2822 1484 2845 vox,
1496 2813 1621 2841 laudabili.
