2056 3132
147 160 196 188 υὲ1

147 227 173 248 ut
187 223 263 248 intres
278 219 322 247 sub
337 223 427 245 (celum
448 225 547 249 meum;
567 216 690 252 quodque
711 216 736 243 in
758 215 856 243 ﬂuxum
878 221 925 241 san

145 268 234 303 guinis
246 267 362 301 patiente
374 265 449 294 fecit.
463 263 517 299 Ego
527 285 534 295 ,
551 263 648 298 inquit.
663 263 720 289 novi
734 262 847 289 virtutem
860 269 891 288 ex
905 269 944 287 me

146 321 271 349 egressam
287 311 367 347 (Luc.
384 312 408 338 8.
426 311 489 344 46),
511 313 540 337 ut
555 310 625 337 illius
641 309 718 336 ﬁdem
735 308 899 339 declararet;
916 312 941 334 et

146 359 217 393 quod
232 359 257 385 in
272 358 333 385 Sam
343 357 436 384 iritaua
448 378 454 389 ,
473 361 500 382 ut
519 355 672 391 ostenderet
686 362 762 386 eam,
784 362 817 381 ue
836 353 941 387 quidem

146 406 308 432 c==nIulattuu
323 403 451 430 absistere
462 403 471 437 (
481 402 559 428 Joan.
575 402 591 428 1
602 402 610 435 )
623 410 629 428 :
642 401 680 427 sic
692 405 718 427 et
731 401 780 427 hoc
796 400 854 427 loco
870 400 941 426 facit.

147 451 205 478 Non
221 451 291 478 enim
307 454 406 476 tantam
419 448 524 475 volebat
538 447 655 473 mulieris
666 447 789 473 virtutem
804 446 896 472 latere.
909 446 942 472 At

146 497 218 523 enim
237 505 288 522 non
304 495 489 530 exprobrantis
503 498 579 521 erant
592 501 624 520 ea
636 500 695 528 qua:
709 492 823 524 dicebat,
837 492 882 519 sed
896 491 942 518 ad-

150 542 282 574 vocantis,
304 547 329 568 et
345 540 477 568 occultum
494 539 647 567 thesaurum
664 539 817 565 revelantis.

184 587 335 614 Chaonium:
349 586 412 620 ﬁdes
430 590 452 611 et
471 584 698 611 ltumilitas.—-Tu
717 591 780 610 vero
804 583 867 610 mihi
890 591 941 610 una

147 641 210 660 cum
226 633 278 660 Iide
290 632 464 659 humilitatem
478 638 584 665 quoque
596 630 714 657 mulieris
725 629 871 664 perpende.
885 629 942 664 Ipse

148 686 263 713 namque
280 677 346 704 ﬁlios
362 676 465 704 vocavit
483 676 605 708 .Indmos;
622 675 679 702 h:rc
691 683 754 702 vero
768 675 792 702 id
806 682 857 702 non
877 675 942 702 satis

149 724 268 756 habens,
287 723 409 750 dominos
429 721 572 756 appellavit
593 730 599 747 :
619 724 721 748 tantum
741 720 840 752 abfuit.
861 725 891 747 ut
909 720 943 748 de

147 770 235 796 aliena
248 768 325 795 laude
336 767 439 795 doleret
451 776 457 794 :
470 767 514 794 ‘27.
531 766 630 794 Etenim
640 766 723 793 catelli
732 787 739 799 ,
752 766 837 800 inquit
846 787 853 799 ,
866 766 942 792 edunt

148 816 181 842 de
201 816 272 842 micis
294 823 350 849 qua
370 815 462 840 cadunt
487 815 518 840 de
539 821 624 840 mensa
644 813 803 840 dominorum
828 820 940 839 suarum.

150 862 245 889 Viden’
259 861 426 896 prudentiam
441 860 579 887 mulieris?
594 859 729 894 quomodo
744 866 792 886 nec
805 858 941 886 contradi-

148 914 211 934 cere
225 907 319 933 audcat
330 927 337 940 ,
353 913 401 933 nec
413 906 525 932 aliorum
542 905 611 932 laudi
628 905 760 937 invideat,
782 912 831 932 nec
843 909 939 931 contu-

149 951 256 982 meliam
272 959 342 987 a'gre
357 951 441 978 lerat?
453 951 539 977 viden‘
554 950 796 985 perseverantiam?
812 949 857 976 Ille
868 949 940 981 dicit,

151 996 212 1023 Non
226 1001 260 1023 cst
275 996 384 1028 bonum;
403 996 445 1023 illa
459 996 612 1030 respondet,
629 995 722 1028 Etiam,
738 995 844 1021 Domine
859 1002 868 1021 :
886 995 943 1030 ipse

150 1042 218 1069 ﬁlios
235 1047 326 1074 vocat;
345 1042 401 1069 hinc
414 1041 536 1069 dominos
551 1050 558 1068 :
573 1042 628 1076 ipsc
643 1049 735 1069 canem
750 1041 882 1076 appellat;
898 1041 941 1068 illa

149 1096 244 1116 canum
270 1097 371 1116 murem
397 1088 507 1116 addidit.
536 1088 628 1116 Vidisti
653 1089 722 1115 illius
746 1088 943 1116 humilitatem?

150 1134 218 1162 Audi
235 1134 388 1163 Iudaeorum
406 1135 571 1170 jactantiam.
594 1135 685 1162 Semen
709 1135 816 1162 Abrahae
836 1143 941 1168 sumus,

150 1183 282 1217 inquiunt,
304 1187 326 1209 et
346 1182 410 1209 nulli
430 1191 549 1218 umquam
564 1182 726 1214 seruiuimus,
745 1186 820 1217 alque
837 1190 869 1209 ea;
889 1181 943 1209 Deo

150 1230 202 1256 uati
213 1239 298 1258 sumus
308 1229 398 1266 (Joan.
410 1230 436 1257 8.
448 1230 505 1265 '55).
517 1229 570 1257 Sed
585 1237 637 1256 non
649 1229 684 1256 ita
698 1229 809 1262 mulier;
821 1229 943 1256 catellum

150 1284 180 1303 se
195 1281 287 1309 vocat,
305 1276 416 1310 illosque
437 1276 558 1303 dominos
572 1286 578 1303 :
593 1276 705 1310 ideoque
719 1275 771 1302 ﬁlia
785 1275 877 1303 effecta
891 1280 942 1302 cst.

149 1322 219 1355 Quid
230 1330 293 1357 ergo
303 1322 444 1349 Christus?
455 1321 498 1349 28.
514 1320 536 1348 0
548 1322 655 1348 mulier!
668 1329 759 1356 magna
768 1326 804 1348 est
813 1321 878 1355 ﬁdes
889 1325 941 1348 tua.

151 1367 214 1395 Ideo
235 1376 348 1403 namque
370 1368 523 1402 dill‘erebat,
540 1373 566 1395 ut
583 1369 608 1395 in
626 1369 693 1395 hanc
708 1376 799 1395 vocem
819 1376 944 1403 erumpe—

151 1419 210 1447 ret,
227 1418 255 1442 ut
267 1415 406 1443 mulierem
420 1421 570 1443 coronaret.
585 1415 644 1442 Fiat
658 1417 701 1442 tibi
714 1416 777 1442 sicut
790 1416 835 1442 vis.
850 1415 878 1443 Id
891 1419 941 1446 est.

151 1460 219 1488 ﬁdes
233 1465 276 1487 tua
292 1461 334 1488 his
349 1461 449 1495 majora
469 1465 556 1495 potest
576 1460 720 1496 perﬁcere;
739 1466 864 1488 cmlerum
884 1459 943 1488 Fiat

152 1507 196 1533 tibi
208 1507 271 1534 sicut
286 1507 332 1535 vis.
349 1507 411 1535 Iltcc
426 1515 475 1534 vox
489 1507 576 1535 afﬁnis
589 1512 630 1535 est
645 1508 699 1540 illi,
721 1507 779 1534 Fiat
800 1507 889 1534 uelum
899 1527 906 1540 ,
921 1512 944 1534 et

151 1555 246 1587 factum
260 1558 296 1580 est
311 1553 410 1580 cwlum.
426 1553 459 1580 Et
471 1558 561 1581 sanata
576 1559 610 1580 est
629 1553 684 1587 ﬁlia
697 1554 751 1589 ejus
764 1553 795 1580 ab
809 1553 854 1580 illa
870 1554 942 1580 hora.

152 1598 246 1625 Viden‘
257 1606 310 1625 non
324 1606 416 1633 parum
430 1599 502 1626 illam
514 1599 634 1626 intulisse
646 1598 678 1625 ad
692 1598 856 1625 curationem
868 1598 944 1625 ﬁliai!

152 1643 215 1671 Ideo
225 1644 294 1671 ciiim
307 1651 359 1671 non
370 1644 433 1671 dicit
442 1644 564 1672 Christus
574 1665 581 1676 ,
596 1644 710 1672 Sanetur
722 1644 773 1671 ﬁlia
790 1649 834 1671 tua
846 1645 871 1674 ις
885 1643 944 1677 sed,

153 1691 249 1726 Magna
263 1695 299 1718 ut
313 1691 376 1724 ﬁdes
389 1696 432 1717 tua
442 1711 449 1723 ,
466 1691 511 1724 ﬁat
525 1691 569 1717 tibi
580 1695 607 1717 ut
618 1691 653 1717 vis
664 1698 673 1717 :
684 1695 714 1717 ut
726 1690 821 1722 discas,
837 1697 889 1717 non
903 1697 946 1717 as-

152 1738 309 1765 scntationis
324 1737 402 1764 verba
419 1737 516 1769 fuisse,
534 1736 580 1764 sed
593 1736 717 1764 eximiam
734 1736 793 1764 lidei
808 1737 944 1763 virtutem.

154 1783 306 1818 Rerumque
318 1783 424 1810 eventui
440 1787 589 1810 accuratam
604 1783 642 1810 rei
656 1782 839 1816 probationem
855 1786 882 1809 et
896 1782 944 1809 de-

154 1829 372 1856 monstrationem
392 1828 514 1855 Christus
529 1827 645 1864 reliquit.
662 1827 758 1856 Sanata
772 1832 826 1860 est,
844 1828 944 1862 inquit,

152 1875 243 1902 statim
258 1875 310 1901 lilia
323 1874 389 1909 ejus.

191 1922 208 1948 5
234 1921 373 1948 Assiduitns
387 1921 507 1956 precandi
522 1926 615 1956 quanta
635 1929 683 1948 res.
696 1921 771 1948 —Tu
787 1929 849 1948 vero
861 1921 947 1948 anim-

154 1967 273 1999 adverte,
289 1967 434 2002 quomodo,
449 1966 577 2002 apostolis
598 1967 730 2001 superatis
749 1967 867 2001 nihilque
884 1974 948 2002 ope-

156 2014 238 2045 ratis,
255 2012 301 2040 iila
325 2016 410 2040 totum
435 2013 556 2048 perfecit.
577 2013 660 2040 Tanta
688 2021 729 2040 res
744 2018 785 2040 est
807 2013 948 2041 assiduitas

157 2059 327 2094 precationis.
342 2059 406 2086 Nam
427 2067 487 2086 cum
509 2059 542 2087 de
557 2060 636 2087 rebus
659 2060 757 2087 nostris
773 2060 876 2095 agitur,
892 2068 948 2087 ma-

157 2106 214 2133 vult
236 2114 250 2132 a
276 2106 353 2133 nobis
368 2107 457 2141 potius
472 2107 559 2140 rogari
572 2128 580 2137 ,
595 2114 673 2142 qttam
694 2106 727 2133 ab
737 2107 795 2134 aliis
811 2114 858 2141 pro
872 2107 948 2134 nobis

160 2152 354 2187 precantibus:
376 2160 537 2187 quamquam
564 2152 600 2179 illi
627 2153 729 2187 majore
752 2157 829 2180 erant
854 2153 948 2180 ﬁducia

158 2199 282 2226 instructi
297 2207 305 2230 ;
321 2198 368 2226 sed
385 2198 442 2226 ba'c
455 2199 566 2226 multam
577 2199 803 2233 persevcrantiam
817 2198 947 2226 exhibuit.

160 2245 212 2272 Per
226 2245 328 2272 exitum
345 2249 435 2272 autem
450 2244 489 2272 rei
500 2244 642 2279 discipulis
653 2245 729 2279 quasi
743 2251 803 2272 sese
816 2245 948 2280 purgavit,

159 2290 230 2327 qood
250 2290 414 2324 distulisset,
428 2295 456 2317 et
470 2290 531 2325 jure
545 2297 574 2317 se
589 2291 641 2317 illis
659 2291 815 2325 rogantibus
830 2298 883 2318 non
904 2299 950 2318 an-

160 2337 251 2364 nuisse
268 2336 388 2364 ostendit
403 2336 466 2364 129.
483 2336 585 2364 Etcum
599 2338 729 2364 transisset
741 2337 799 2364 inde
810 2337 895 2372 Jews,
910 2347 951 2366 ne-

161 2382 200 2408 m't
216 2389 289 2408 secus
305 2389 376 2407 mare
400 2380 529 2407 Galila'az.
556 2379 589 2406 Et
613 2381 754 2406 ascendens
780 2379 806 2405 in
824 2383 947 2412 montem,

161 2427 264 2453 sedebat
280 2426 326 2453 ibi.
342 2426 385 2453 30.
402 2425 438 2452 Et
453 2429 617 2452 accesserunt
632 2424 667 2451 ad
680 2432 738 2451 eum
757 2424 840 2450 (urbm
858 2423 949 2450 multa:

161 2472 285 2499 habentes
310 2480 396 2498 rerum
424 2472 546 2504 claudos,
571 2478 667 2502 ramos,
696 2469 813 2500 debiles,
835 2473 948 2496 mutos:

160 2523 184 2545 et
203 2518 367 2552 prajenertmt
388 2525 431 2544 eos
456 2522 516 2543 ante
538 2516 613 2551 pedes
631 2516 687 2551 ejus
703 2524 711 2542 :
729 2521 753 2542 et
776 2515 878 2541 curavit
894 2523 948 2547 eos,

161 2565 201 2590 ita
224 2568 254 2590 ut
275 2563 358 2590 turbae
381 2564 558 2595 mirarentur,
579 2562 640 2588 dum
661 2561 774 2588 uiderent
798 2564 883 2586 mutos
907 2559 948 2586 lo-

161 2614 279 2643 quentes,
304 2608 400 2635 debites
414 2616 502 2640 sanos,
519 2612 544 2634 et
568 2615 650 2634 careas
669 2606 783 2633 videntes
796 2625 803 2637 ,
825 2611 848 2632 et
869 2605 950 2640 glori-

163 2656 306 2688 ﬁcaverunt
330 2654 411 2680 Deum
436 2653 532 2680 Israel.
559 2653 713 2687 Aliquando
736 2652 793 2686 ipse
812 2652 948 2684 circumit,

163 2699 310 2734 aliquando
336 2699 411 2726 sedet
430 2706 518 2733 aegros
544 2702 715 2732 exspectans.
740 2701 767 2723 et
785 2697 896 2724 claudos
916 2696 950 2723 ad

165 2750 281 2772 montem
308 2744 425 2771 adducit.
460 2743 554 2779 Neque
579 2750 651 2770 nunc
673 2742 863 2770 vestimentum
891 2747 949 2768 tan-

163 2796 248 2826 gunt,
283 2791 330 2819 scd
352 2789 387 2818 ad
401 2789 555 2817 sublimiora
570 2789 694 2821 adducti,
716 2788 895 2823 projiciuntur
917 2787 950 2815 ad

194 2883 203 2898 ¹
220 2880 322 2910 Quidam
334 2879 435 2909 habent,
451 2879 501 2906 tibi.
516 2885 569 2910 pro,
581 2881 632 2904 tua.

668 156 699 184 IN
721 154 922 184 ΜᾹἹΉΗἹἯ
944 153 1056 182 1101111..
1080 156 1132 184 LII.
1153 158 1187 184 al.
1211 157 1275 185 LIII.

1738 161 1788 188 521

998 215 1079 248 pedes
1095 214 1162 250 ejus,
1176 216 1363 252 duplicemque
1380 217 1457 244 ﬁdem
1479 225 1553 244 suam
1577 224 1741 250 monstrant,
1763 226 1786 246 et

996 262 1065 296 quod
1081 262 1166 290 claudi
1183 264 1207 290 in
1224 268 1339 291 montem
1356 264 1511 297 ascendant,
1528 270 1554 292 cl
1567 266 1637 300 quod
1653 266 1788 293 nulloalio

996 313 1102 342 egeant,
1119 309 1168 335 nisi
1183 314 1283 336 tantum
1308 315 1336 336 ut
1360 310 1533 344 proiiciantur
1545 315 1606 337 ante
1625 311 1704 344 pedes
1719 311 1785 345 ejus.

997 355 1112 390 Eratque
1135 364 1175 383 res
1192 357 1257 382 mira
1272 364 1303 383 ac
1316 357 1446 391 stupenda
1461 378 1467 388 ,
1483 357 1543 383 illos
1558 357 1602 391 qui
1616 357 1788 390 gestabantur

995 401 1162 428 ambulantes
1177 402 1367 436 nulloptvaute
1381 402 1480 433 videre,
1497 409 1582 429 ca‘cos
1597 402 1727 432 videntes.
1741 411 1764 428 tr
1775 410 1788 429 c

995 447 1062 474 duce
1077 456 1143 481 opus
1156 448 1295 476 habentes.
1307 449 1373 475 Nam
1388 454 1414 476 et
1430 449 1570 475 multitudo
1584 456 1676 475 eormn
1686 448 1729 482 qui
1744 457 1787 474 (11⁴

996 493 1045 519 rati
1063 493 1177 525 ﬁxerant,
1192 498 1218 520 ct
1232 495 1376 521 rurationis
1391 493 1501 521 l'acilitas
1514 495 1539 520 111
1551 500 1685 528 stuporem
1696 501 1788 520 omnes

995 539 1119 573 cenjecit.
1140 540 1230 567 \‘ideu’
1242 540 1377 575 quomodo
1388 548 1447 567 eum
1460 545 1530 567 tanta
1545 541 1713 567 cunctatione
1729 548 1786 566 11111-

997 584 1070 611 Iicris
1084 585 1164 612 ﬁliam
1177 587 1320 617 sanaverit,
1337 586 1386 613 hos
1397 594 1461 613 vero
1475 586 1584 613 statim?
1597 586 1652 613 Non
1668 585 1736 621 quod
1752 586 1787 612 illi

996 629 1121 657 meliores
1132 635 1234 664 essent,
1250 632 1296 658 sed
1311 632 1381 666 quod
1394 632 1437 659 illa
1454 632 1478 659 in
1492 631 1543 659 ﬁde
1555 632 1710 659 ferventior.
1727 631 1789 658 Idco

994 676 1063 702 circa
1078 676 1148 702 illam
1157 682 1306 709 cunctatur,
1317 682 1344 704 ut
1355 679 1578 713 perseverantiam
1592 679 1649 713 ejus
1659 677 1786 709 declaret;

995 720 1036 748 Itis
1051 722 1140 748 statim
1154 722 1254 750 donum
1263 723 1372 757 praebet,
1386 730 1412 751 ut
1427 725 1624 752 incredulerum
1636 724 1787 752 .Iuda'orunt

994 774 1040 794 ora
1073 768 1209 801 obstruat,
1242 777 1401 804 omnemque
1435 771 1486 798 illis
1519 771 1701 805 purgationem
1729 769 1788 797 adi-

995 819 1059 841 mat.
1073 814 1178 848 Quanto
1197 816 1267 842 enim
1291 815 1390 849 majora
1415 816 1473 850 quis
1493 816 1620 843 beneﬁcia
1636 807 1768 850 acceperit
1780 836 1787 847 ,

995 863 1070 886 tanto
1083 859 1176 894 majori
1193 861 1324 895 supplicio
1337 860 1458 888 addictus
1471 866 1511 888 est
1523 866 1553 887 ut
1563 861 1691 895 ingratus,
1705 861 1727 888 si
1742 869 1787 887 ne-

995 912 1046 939 que
1059 913 1092 932 ex
1105 905 1202 932 collato
1216 906 1317 933 honore
1331 906 1427 933 melior
1437 907 1471 933 sit
1486 906 1606 933 eﬂ‘eetus.
1618 906 1733 941 Ideoque
1744 905 1786 933 di-

995 951 1061 977 vites
1076 951 1160 985 magis
1180 959 1258 986 quam
1285 959 1415 986 pauperes
1437 952 1602 986 puniuntur,
1628 953 1650 978 si
1674 951 1787 986 improbi

995 998 1064 1030 sint,
1080 997 1149 1032 quod
1170 1006 1204 1024 ne
1225 997 1252 1024 in
1277 1005 1364 1024 rerum
1385 999 1459 1033 copia
1473 998 1579 1034 quidem
1594 998 1788 1026 mansuetiores

996 1042 1104 1070 fuerint.

1032 1088 1200 1125 Elcemosyna
1223 1099 1280 1118 vera
1294 1099 1358 1126 quia.
1378 1106 1413 1111 --
1424 1091 1462 1119 Ne
1474 1091 1537 1119 mihi
1547 1091 1630 1125 dicas,
1648 1091 1707 1119 illos
1718 1091 1789 1119 elec-

996 1143 1134 1171 mosynam
1149 1136 1264 1164 dedisse.
1282 1136 1346 1164 Nam
1360 1137 1409 1164 nisi
1425 1137 1571 1165 secundum
1588 1137 1726 1165 facultates
1739 1137 1787 1165 dc‘

996 1181 1105 1214 derint,
1122 1189 1207 1216 neque
1223 1183 1257 1209 ita
1273 1181 1409 1218 effugient.
1426 1182 1483 1210 Non
1501 1183 1572 1210 enim
1588 1191 1623 1210 ex
1636 1183 1699 1211 (Ioni
1713 1190 1788 1210 men-

995 1235 1055 1254 sura
1067 1228 1238 1263 clcemosyna
1251 1229 1407 1262 a-stimatur,
1418 1228 1463 1256 scd
1478 1236 1510 1256 ex
1520 1229 1601 1255 animi
1617 1229 1785 1256 liberalitate.

996 1274 1022 1301 Si
1037 1280 1125 1301 autem
1142 1274 1167 1301 hi
1189 1282 1282 1308 ptenas
1302 1275 1377 1308 dent,
1390 1275 1474 1302 nmlto
1489 1276 1573 1311 magis
1594 1276 1639 1311 qui
1655 1276 1794 1310 superﬁuis

995 1323 1102 1352 inhiant
1117 1322 1135 1354 ¹,
1147 1322 1189 1356 Qui
1204 1321 1281 1348 trium
1293 1327 1439 1356 quatuorve
1450 1322 1626 1350 tabulatorum
1637 1322 1708 1350 :1:ch
1722 1330 1787 1349 con-

995 1372 1110 1401 struunt,
1122 1368 1308 1403 famelicosque
1324 1369 1483 1404 despiciunt,
1494 1370 1537 1404 qui
1547 1369 1665 1397 avaritia:
1681 1369 1788 1396 student

995 1418 1021 1440 et
1043 1413 1240 1450 elcemosynam
1263 1416 1406 1451 negligant.
1425 1416 1476 1444 Sed
1501 1416 1561 1451 quia
1587 1416 1611 1443 in
1636 1423 1787 1443 sermonem

996 1459 1028 1485 de
1039 1459 1211 1495 eleemosyna
1226 1460 1368 1488 incidimus
1386 1471 1392 1488 :
1409 1469 1458 1496 age
1482 1462 1639 1489 concionem
1661 1462 1732 1489 illam
1755 1462 1787 1489 de

997 1504 1172 1538 humanitate,
1186 1513 1265 1540 quam
1280 1510 1341 1533 ante
1356 1507 1472 1534 triduum
1486 1507 1668 1542 imperfectam
1682 1507 1790 1542 reliquis

996 1557 1066 1583 mus,
1078 1549 1157 1577 hodie
1168 1559 1346 1578 rcsumatnus.
1363 1552 1522 1579 Meministis
1537 1560 1581 1580 me
1599 1560 1684 1588 nuper
1699 1553 1733 1580 dc
1747 1553 1789 1579 ui-

996 1597 1048 1624 mia
1058 1597 1207 1626 calceorum
1222 1598 1376 1625 curiositate
1388 1598 1547 1626 disseruisse
1561 1619 1568 1632 ,
1585 1598 1618 1626 de
1638 1599 1789 1634 hujusmodi

997 1649 1093 1677 netnpe
1107 1643 1232 1675 vanitate,
1242 1648 1267 1670 ct
1281 1643 1314 1676 de
1326 1642 1453 1678 iuvenum
1467 1644 1588 1676 mollitie;
1603 1648 1665 1672 tunc
1675 1645 1709 1672 ab
1721 1645 1790 1672 elee-

998 1696 1108 1723 mosyna
1123 1689 1187 1720 orsi,
1205 1689 1231 1715 in
1247 1689 1310 1716 illud
1336 1689 1485 1716 incidimus.
1505 1689 1541 1717 De
1554 1690 1712 1725 quibusnam
1727 1699 1790 1726 ergo

999 1739 1061 1761 tunc
1086 1741 1238 1762 sermonem
1263 1735 1425 1763 habuimus?
1449 1736 1568 1763 Diximus
1592 1737 1789 1772 eleemosynam

998 1787 1058 1807 esse
1073 1786 1169 1812 artem,
1182 1789 1241 1816 qua:
1255 1781 1388 1809 ofﬁcinam
1410 1782 1507 1809 habeat
1525 1782 1550 1809 in
1564 1783 1639 1816 cmlo,
1655 1788 1681 1810 et
1696 1783 1792 1811 docto—

999 1835 1054 1854 rem
1071 1835 1124 1854 non
1150 1827 1284 1855 hominem
1300 1849 1308 1861 ,
1324 1828 1371 1855 sed
1394 1828 1484 1856 Deum.
1503 1828 1603 1856 Deinde
1618 1834 1770 1864 quaerentes
1783 1850 1790 1862 ,

999 1872 1063 1907 quid
1078 1882 1120 1900 ars
1136 1873 1187 1899 dici
1203 1878 1302 1908 posset,
1318 1874 1380 1908 quid
1395 1881 1474 1902 secus
1486 1895 1493 1908 ,
1510 1875 1535 1902 in
1555 1881 1635 1903 vanas
1654 1875 1792 1910 malasque

999 1924 1071 1945 artes
1086 1919 1242 1952 incidimus,
1258 1919 1283 1946 in
1299 1919 1395 1954 quibus
1418 1920 1452 1948 de
1466 1921 1617 1948 calceorum
1639 1925 1696 1949 arte
1711 1922 1792 1950 verba

1001 1963 1121 1991 fecimus.
1149 1964 1216 1991 Num
1233 1965 1258 1991 in
1283 1970 1401 1992 tuentem
1423 1966 1576 1993 revocatis?
1587 1967 1643 2001 Age
1657 1974 1721 2002 ergo
1735 1975 1793 2002 qua:

1000 2015 1063 2038 tunc
1071 2011 1198 2044 diximus,
1209 2011 1287 2039 hodie
1298 2019 1472 2045 resumamus,
1485 2013 1710 2048 ostendamusque
1723 2014 1792 2041 elec-

1002 2064 1140 2092 mosynam
1156 2063 1240 2084 artem
1265 2065 1324 2084 esse
1345 2063 1372 2084 et
1392 2058 1511 2085 omnium
1531 2058 1629 2085 artium
1654 2059 1792 2093 optimam.

1001 2104 1066 2131 Nam
1080 2103 1101 2130 si
1116 2104 1181 2131 artis
1201 2109 1241 2130 est
1263 2105 1398 2138 proprium
1420 2103 1446 2131 in
1461 2103 1561 2139 aliquid
1578 2104 1643 2131 utile
1657 2104 1792 2138 desinere,

1002 2150 1170 2184 eleento-yua
1185 2156 1247 2176 vero
1261 2149 1324 2176 nihil
1337 2153 1379 2176 est
1393 2149 1492 2180 utilius,
1505 2149 1588 2184 liquet
1601 2157 1660 2177 eam
1671 2154 1697 2177 et
1709 2155 1793 2177 artem

1002 2202 1062 2221 esse
1077 2199 1103 2220 et
1118 2196 1236 2221 onmimn
1255 2196 1351 2221 artium
1376 2195 1634 2228 prmstantissimam.
1649 2195 1705 2223 Non
1721 2197 1792 2223 enim

1003 2241 1046 2268 illa
1067 2241 1143 2268 nobis
1165 2241 1269 2268 calceos
1283 2245 1378 2276 parat,
1396 2249 1448 2268 non
1468 2241 1626 2269 vestimenta
1647 2241 1725 2273 texit,
1741 2249 1793 2269 non

1003 2285 1087 2313 luteas
1103 2286 1196 2313 domos
1206 2287 1355 2318 construit;
1371 2286 1418 2314 sed
1433 2287 1514 2314 vitam
1530 2287 1719 2322 sempiternam
1733 2294 1791 2316 con-

1003 2333 1076 2360 ciliat
1090 2354 1097 2365 ,
1114 2337 1193 2368 atque
1214 2341 1245 2360 ex
1274 2333 1367 2361 mortis
1395 2333 1517 2360 manibus
1543 2341 1593 2360 nos
1617 2334 1711 2368 eripit.
1729 2334 1796 2362 etin

1004 2383 1115 2414 utraque
1129 2378 1181 2406 vita
1197 2378 1349 2414 splendidos
1360 2378 1456 2410 reddit,
1467 2379 1619 2406 mansiones
1630 2379 1706 2406 nobis
1719 2379 1797 2406 cmic—

1004 2429 1059 2452 stes
1072 2424 1221 2452 exaediﬁcat
1242 2429 1269 2452 et
1285 2424 1328 2452 illa
1345 2430 1445 2452 :rterna
1470 2425 1649 2452 tabernacula.
1668 2425 1729 2452 11ωο
1744 2432 1796 2452 non

1006 2470 1072 2497 sinit
1089 2470 1225 2504 lampades
1251 2474 1357 2498 nostras
1379 2470 1529 2504 exstingui,
1546 2478 1596 2497 nec
1610 2478 1669 2497 cum
1683 2470 1797 2497 sordidis

1005 2516 1125 2543 vestibus
1149 2516 1248 2550 nuptiis
1262 2516 1410 2547 interesse;
1427 2515 1473 2543 sed
1499 2516 1567 2543 lavat
1589 2521 1617 2543 et
1630 2515 1690 2543 nive
1704 2516 1794 2542 caudi.

1005 2561 1095 2588 diores
1109 2561 1205 2588 reddit.
1222 2562 1253 2588 Si
1267 2562 1332 2588 enim
1348 2561 1441 2596 fuerint
1455 2566 1557 2595 peccata
1571 2566 1652 2588 vestra
1667 2561 1739 2596 quasi
1750 2569 1798 2596 ptt~

1006 2607 1114 2639 uicerim,
1125 2607 1197 2640 quasi
1212 2607 1292 2634 nivem
1302 2606 1423 2633 dealbabo
1438 2607 1447 2642 (
1464 2606 1528 2633 lsai.
1543 2607 1568 2633 1.
1581 2606 1614 2634 18
1629 2606 1647 2640 ).
1663 2606 1720 2634 Non
1736 2606 1799 2634 sinit

1008 2660 1056 2679 nos
1072 2653 1118 2679 illo
1131 2652 1265 2684 incidere,
1280 2660 1333 2687 quo
1354 2652 1428 2680 dives
1443 2652 1488 2679 illc
1501 2673 1509 2685 ,
1524 2659 1610 2686 neque
1633 2652 1725 2678 audire
1747 2657 1798 2679 tre-

1007 2699 1118 2726 mendas
1133 2706 1231 2732 voces;
1248 2699 1294 2726 sed
1309 2698 1416 2726 deducit
1433 2698 1459 2725 in
1476 2698 1564 2725 sinum
1580 2697 1694 2724 Abrahae
1709 2697 1719 2732 (
1735 2697 1797 2724 Luc.

1009 2746 1042 2774 16
1056 2746 1077 2781 ).
1092 2746 1170 2773 Certe
1184 2751 1256 2773 artes
1274 2745 1417 2773 saeculares
1437 2745 1549 2780 singula:
1563 2752 1640 2772 suum
1656 2743 1754 2771 habent
1769 2745 1799 2770 li-

1009 2800 1069 2819 nem
1085 2801 1090 2818 :
1106 2791 1274 2827 agricultura:
1288 2797 1329 2819 est
1346 2791 1457 2824 nutrire,
1471 2790 1591 2818 textoria:
1602 2790 1677 2824 artis,
1689 2790 1800 2822 vestire;

1041 2883 1051 2900 ³
1064 2884 1123 2909 Alii.
1132 2883 1173 2916 qui
1185 2882 1305 2914 super/tua
1317 2883 1426 2906 retutcnt.
