2056 3132
289 128 341 155 βἳῖ

289 186 343 212 imo
356 193 389 212 ne
404 185 512 220 quidem
533 185 583 212 hoc
598 184 687 213 facere
703 191 790 220 potest
814 196 820 212 :

290 229 388 257 sufﬁcit
403 229 436 257 ad
456 237 503 256 sua
520 231 597 257 nobis
610 231 818 266 suppeditanda.

324 276 350 303 4.
367 276 439 303 Artes
452 276 560 312 singulm
581 277 639 304 aliis
660 277 757 304 artibus
777 285 840 312 opus
856 277 954 303 habent.
970 277 1086 304 Elecmo-

291 330 362 357 syria:
374 318 557 358 pra’rogatirc.
571 338 605 343 —
619 322 646 350 Si
658 323 697 350 vis
707 327 806 354 autem,
816 322 1003 357 agriculturam
1012 323 1084 373 prius

288 368 471 402 exploremus.
494 368 549 395 Nisi
575 368 647 395 enim
663 369 706 395 illa
727 368 863 395 ferrariam
882 373 966 395 artem
985 368 1083 395 sociam

290 413 397 446 habeat,
411 421 470 448 qua:
484 413 598 448 ligonem
610 435 617 446 ,
640 421 786 446 vomerem,
808 413 900 441 falcem
915 419 942 441 et
964 415 1081 441 St‘t‘lll'lln

288 459 395 494 aliaque
410 460 490 487 multa
504 460 665 495 suppeditet,
680 461 795 493 itemque
811 460 943 490 fabrilem.
953 469 1012 495 qua:
1024 469 1084 488 ara-

289 511 371 537 trutn,
382 506 474 541 jugum
486 510 514 533 et
535 507 683 541 plaustrttm
699 511 834 533 constt-unt
849 506 882 534 ad
896 507 982 542 spicas
996 512 1083 534 teren-

288 552 354 584 das;
371 557 398 579 et
409 552 566 584 coriariam,
582 560 641 586 qum
663 552 812 586 corrigias;
829 552 1080 585 architectonicam,

287 606 346 632 qua:
361 598 498 625 arautibus
509 598 594 625 bobus
605 597 748 630 stabulum,
762 598 885 633 agricolis
895 606 983 625 casam
1001 598 1081 625 fabri-

288 650 349 676 cet;
365 648 392 671 et
411 644 551 678 lignariam
564 665 571 676 ,
584 651 644 678 qua'.
666 643 736 678 ligna
746 649 836 676 secet;
853 651 884 671 ac
898 650 1025 678 prmterea
1040 644 1081 679 pi-

290 691 412 723 storium,
428 698 486 725 quae
509 698 604 725 panem
616 691 800 717 suluninistret
817 699 824 716 :
840 695 911 717 stare
925 691 1014 726 nequit
1024 698 1081 718 om-

288 736 361 762 uiuo.
378 736 422 763 Sic
435 736 515 763 etiam
531 743 574 763 ars
586 735 709 768 Iextoria,
723 736 745 762 si
756 735 818 770 quid
833 736 921 768 faciat,
931 736 1027 762 multas
1035 736 1082 762 atl-

289 787 365 808 vocat
378 786 461 815 artes,
476 789 536 815 qua:
556 789 636 816 opem
651 782 755 812 ferant;
769 789 828 816 qum
841 781 863 808 si
877 789 928 808 non
942 781 1079 815 accedant,

288 831 341 854 stat
354 827 398 854 illa
413 827 523 854 inutilis.
547 826 593 854 Sic
614 826 725 861 singulae
741 831 812 853 artes
825 827 931 854 caeteris
949 832 1038 862 egent.
1052 827 1080 854 Si

289 881 353 900 vero
374 872 586 900 misericordiam
602 880 730 900 exercere
745 873 876 905 velimus,
898 881 950 900 una
972 880 1080 908 egemus

287 920 434 947 voluntate.
446 919 473 947 Si
487 919 587 946 dueris
603 920 722 952 pecuniis
736 927 797 946 esse
817 927 894 953 opus,
909 919 1018 951 :rdibus,
1034 927 1080 946 ve-

289 966 384 996 stihus,
397 965 494 993 calceis
506 985 512 996 ,
531 965 589 1000 lege
604 965 646 991 illa
661 965 758 991 Christi
777 965 868 996 verba,
883 973 942 999 qua:
956 965 988 992 de
1003 965 1079 992 vidua

286 1011 353 1039 dixit
367 1011 376 1046 (
389 1010 451 1037 Luc.
464 1011 509 1038 ει.
525 1011 541 1038 5
555 1010 563 1044 )
576 1031 582 1042 ,
601 1015 628 1038 et
651 1011 721 1037 hanc
743 1010 810 1037 sollii
821 1010 949 1038 itudinem
964 1010 1078 1045 depone.

288 1057 316 1085 Si
329 1057 471 1084 admodum
489 1064 590 1092 pauper
613 1057 666 1088 sis,
682 1060 709 1083 et
723 1056 853 1083 mendicis
867 1057 932 1091 ipsis
947 1057 1040 1088 vilior,
1057 1056 1078 1083 si

296 1103 349 1129 dua
363 1103 466 1129 minuta
481 1102 618 1135 injeceris,
638 1105 724 1126 totum
741 1098 895 1133 perfecisti;
917 1099 939 1127 si
954 1099 1001 1126 des
1024 1107 1077 1126 ma-

298 1156 357 1175 zatn
371 1156 454 1182 quant
467 1147 556 1175 solum
573 1147 670 1178 habes,
690 1145 724 1172 ad
738 1145 806 1174 artis
820 1145 900 1173 finem
919 1145 1074 1180 pervenisti.

287 1191 360 1217 lianc
380 1191 467 1223 itaque
481 1191 650 1224 disciplinam
665 1212 671 1222 ,
688 1190 757 1218 hanc
779 1197 863 1218 artem
877 1192 1039 1226 accipiamus
1053 1196 1080 1220 et

286 1235 452 1270 impleamus.
469 1235 617 1270 Optabilius
629 1236 727 1271 quippe
737 1241 778 1264 est
793 1237 863 1264 illum
880 1237 987 1270 habere,
999 1246 1078 1272 quant

285 1288 374 1316 regem
397 1288 456 1308 esse
467 1301 475 1314 ,
491 1286 516 1308 et
539 1281 688 1309 diademate
708 1283 807 1309 ornari.
823 1282 912 1318 Neque
925 1285 996 1310 enini
1011 1284 1079 1312 hanc

285 1327 371 1354 solum
389 1327 591 1361 przcrogativam
607 1327 698 1359 habet,
712 1328 781 1362 qttod
797 1329 902 1355 cmteris
917 1337 968 1356 non
985 1335 1078 1364 egeat,

285 1373 332 1399 scd
344 1372 414 1407 quod
428 1373 508 1400 etiam
523 1372 605 1400 multa
619 1377 646 1400 et
657 1374 728 1400 varia
742 1374 846 1408 negotia
862 1374 991 1409 perficiat.
1008 1375 1072 1402 Nam

284 1418 357 1446 ardes
369 1419 501 1446 construit
524 1419 550 1446 in
565 1419 638 1446 czrlis
653 1426 760 1454 semper
773 1424 912 1447 manentes
927 1440 933 1453 ,
947 1420 1078 1456 docetqttc

284 1464 401 1491 cultores
423 1471 487 1491 suos
500 1464 635 1499 quomodo
648 1470 775 1492 :rternam
793 1471 905 1493 mortem
930 1467 1055 1502 effugiant
1068 1488 1076 1502 ,

283 1509 476 1544 thesaurosque
488 1510 535 1537 tibi
555 1511 611 1544 dat,
624 1511 669 1545 qui
685 1519 829 1546 numquam
847 1512 1025 1546 insumuntur,
1051 1520 1078 1542 et

283 1556 374 1583 damni
387 1561 512 1591 expertes
527 1561 588 1584 sunt
601 1578 608 1590 ,
629 1565 678 1584 nec
700 1556 799 1591 furum,
815 1566 863 1585 uec
874 1561 1013 1591 vermium.
1028 1569 1077 1589 nec

283 1602 482 1634 tinearum,nec
496 1601 623 1637 temporis
638 1602 723 1630 labent
739 1603 873 1630 timentes.
887 1604 964 1639 Atqui
976 1606 996 1632 si
1006 1606 1076 1633 circa

284 1647 409 1675 frumenti
425 1646 572 1674 custodiam
587 1648 666 1675 talem
691 1648 737 1675 tibi
760 1649 820 1684 quis
844 1655 929 1677 artem
952 1650 1074 1684 doceret,

284 1694 346 1729 quid
363 1701 415 1721 non
430 1694 508 1720 dares
523 1699 551 1721 ut
570 1701 663 1729 posses
677 1695 767 1722 multis
777 1695 853 1722 annis
871 1695 1032 1724 frumentum
1043 1698 1076 1725 il-

285 1739 376 1767 la‘sum
392 1739 521 1766 servare?
541 1738 610 1767 Ecce
622 1739 690 1767 hanc
704 1740 750 1767 tibi
764 1748 817 1768 non
828 1740 952 1769 frumenti
963 1748 1075 1777 tantum,

283 1784 330 1812 sed
339 1785 457 1811 nuntium
472 1785 620 1811 custodiam
630 1785 790 1820 suppeditat,
800 1786 930 1822 docetque
943 1789 1076 1822 quomodo

283 1837 309 1858 et
325 1832 404 1863 bona,
421 1835 448 1858 et
461 1831 548 1857 anima
562 1836 589 1858 et
603 1838 701 1866 corpus
719 1832 801 1859 illresa
817 1841 924 1868 semper
940 1839 1074 1862 maneant.

285 1878 316 1904 Et
329 1885 376 1903 cur
396 1877 461 1904 artis
477 1876 587 1911 hujusce
603 1885 684 1912 opera
706 1879 854 1906 minutatim
868 1883 1076 1916 persequamur?

284 1922 328 1950 ltla
343 1923 441 1958 quippe
466 1928 491 1949 te
504 1922 583 1951 docet
604 1930 657 1958 quo
671 1927 748 1957 pacto
763 1923 818 1951 Deo
832 1925 927 1953 similis
941 1934 1001 1955 esse
1015 1935 1076 1962 pos-

281 1969 328 2000 sis,
342 1968 411 2003 quod
422 1973 501 2002 caput
511 1971 552 1995 est
560 1969 679 1995 omnium
699 1969 839 1997 bonorum.
853 1971 946 1998 Videu'
958 1980 1010 2007 quo
1026 1980 1074 2007 pa-

281 2016 324 2041 cto
340 2021 391 2040 non
405 2022 484 2040 untnn
501 2013 560 2048 ejus
573 2021 640 2048 opus
655 2015 707 2047 sit,
726 2015 773 2042 sed
794 2016 927 2049 plurima?
945 2018 1007 2046 Sine
1023 2019 1074 2046 ulla

281 2060 390 2087 alterius
407 2060 470 2086 artis
489 2067 541 2094 ope
554 2059 648 2087 domos
667 2062 819 2094 construit,
836 2068 923 2090 vestes
944 2066 1073 2099 contexit,

287 2104 427 2133 thesauros-
440 2109 551 2140 apparat
564 2107 646 2138 tutos,
659 2107 752 2133 mortis
767 2107 882 2136 victores
897 2110 1003 2144 reddit,
1018 2112 1074 2138 dia-

283 2151 344 2178 bolo
356 2152 477 2186 impcrat,
493 2151 548 2178 Deo
559 2151 660 2179 similes
672 2152 760 2180 efficit.
771 2153 837 2187 Quid
848 2161 912 2190 ergo
923 2156 1011 2184 utilius
1026 2158 1074 2185 hac

287 2197 367 2224 arte?
382 2197 446 2224 Alia:
462 2205 577 2232 namque
591 2201 662 2224 artes
674 2219 682 2231 ,
693 2202 790 2232 pra‘ter
799 2207 830 2227 ea
840 2208 899 2235 qua:
909 2200 978 2229 dicta
992 2208 1053 2230 sunt
1064 2224 1071 2237 ,

282 2251 341 2270 cum
366 2242 488 2277 praisenti
512 2242 563 2269 vita
588 2249 764 2278 prmtcreunt,
781 2253 840 2272 cum
855 2247 972 2275 artifices
986 2256 1072 2283 aegro-

283 2292 350 2321 tant,
362 2287 413 2315 illzc
428 2292 543 2321 cessant,
556 2296 638 2323 opera
653 2297 759 2324 quoque
777 2299 870 2319 eorum
893 2301 947 2321 non
970 2302 1075 2330 perma-

283 2338 358 2368 nent,
377 2331 467 2362 labore
481 2339 508 2362 et
524 2338 644 2370 tempore
663 2336 746 2363 multo
763 2343 852 2372 egent,
869 2340 981 2376 aliisque
994 2343 1073 2370 innu-

284 2383 383 2410 meris:
401 2381 459 2409 haic
473 2390 537 2409 vero
548 2387 608 2416 post
631 2383 725 2411 nnmdi
747 2384 825 2412 tinem
842 2388 959 2415 maxime
980 2388 1072 2425 fulget,

282 2433 341 2463 post
355 2432 467 2455 mortem
482 2428 596 2455 maxime.
607 2428 773 2463 splendet,et
788 2439 868 2466 opera
883 2440 928 2460 sua
940 2435 1071 2469 ostendit,

281 2481 367 2508 neque
391 2479 512 2507 tempore
527 2473 568 2500 vel
584 2473 675 2502 labore
694 2476 779 2510 eget‘,
795 2485 879 2513 nequc
892 2480 942 2506 alia
963 2488 992 2508 re
1006 2489 1072 2516 qua-

284 2520 354 2555 piam
368 2529 375 2552 ;
390 2520 435 2547 sed
449 2541 456 2553 ,
477 2525 502 2548 te
521 2528 628 2556 quoque
650 2527 794 2557 :rgrotanle
808 2528 835 2551 ct
849 2526 924 2553 senio
934 2527 1071 2562 confecto,

281 2572 417 2602 operatur,
428 2574 458 2594 ac
467 2571 552 2595 tecam
565 2568 590 2595 in
602 2567 715 2596 futuram
726 2569 804 2597 vitam
815 2572 919 2605 transit,
930 2581 1072 2609 numquam

283 2617 309 2639 te
331 2613 477 2647 relinquit;
500 2618 524 2640 te
549 2614 676 2648 sophistis
691 2619 718 2642 et
737 2616 888 2644 rhetoribus
908 2619 1072 2653 superiorem

281 2658 377 2685 reddit.
396 2658 460 2684 Nam
474 2659 518 2693 qui
535 2659 560 2686 in
575 2660 625 2687 illis
635 2661 737 2688 artibus
750 2661 862 2696 florent,
878 2664 967 2692 multis
978 2665 1072 2694 invidis

283 2703 380 2737 objecti
396 2709 458 2731 sunt
474 2713 480 2730 :
497 2705 540 2739 qui
557 2710 644 2732 autent
663 2707 688 2732 in
705 2706 754 2734 hac
768 2709 904 2743 conspicui
916 2715 988 2743 sunt,
1004 2713 1073 2739 mul-

281 2752 368 2775 torum
384 2747 506 2782 precibus
520 2749 703 2784 juvantur.lili
717 2752 823 2788 quidem
838 2753 974 2783 hominum
989 2757 1072 2785 tribu-

842 194 929 221 ncque
942 186 1014 213 enim
1027 186 1084 212 sola

313 2835 321 2850 ί
340 2837 412 2862 L‘nus,
425 2839 498 2864 neque
511 2835 591 2860 labore
604 2840 663 2867 rgat.

657 128 685 156 S.
701 128 839 158 JOANNIS
858 127 1095 157 CllliYSOS’l'OMI
1116 129 1274 160 AliClllEP.
1289 132 1556 165 CONSTANTINOP.

1878 144 1931 173 534

1140 187 1246 216 nalibus
1257 190 1372 224 adstant,
1389 192 1537 229 injuriaque
1549 195 1658 224 allectos
1674 197 1829 236 defendunt,
1839 208 1868 230 et
1881 210 1928 231 sas.

1139 239 1173 267 pe
1197 233 1322 269 injuriam
1346 236 1744 277 inferentibus'patrocinantttr
1765 254 1771 273 :
1794 246 1851 274 ha-c
1867 256 1932 276 vero

1138 284 1200 307 ante
1214 281 1327 308 tribunal
1338 282 1436 311 Christi
1449 293 1479 313 se
1490 286 1570 317 sistit.
1582 295 1630 316 nec
1640 289 1727 317 solum
1739 294 1930 326 patrocinatur,

1138 324 1184 351 sed
1202 325 1249 360 ipsi
1263 335 1368 362 quoque
1380 328 1466 356 .ludici
1479 332 1592 365 suadet,
1611 339 1637 359 ut
1655 324 1834 368 patrocinelur
1846 339 1880 370 ei.
1897 340 1931 368 dc

1138 378 1191 404 quo
1202 372 1331 404 judicium
1347 374 1501 407 instituitur,
1518 382 1545 404 et
1560 386 1607 413 pro
1621 379 1667 407 illo
1679 384 1836 411 sententiam
1852 385 1929 418 ferat;

1137 416 1241 444 etiamsi
1257 419 1355 446 millies
1370 423 1529 455 peccaverit,
1541 431 1652 452 coronat
1666 431 1693 454 et
1704 429 1829 462 pra-dicat
1842 431 1928 459 illum.

1137 461 1202 489 Nam
1223 464 1261 490 ait
1283 473 1290 490 :
1318 465 1382 492 Date
1397 467 1580 504 rleemoxynom
1593 492 1601 504 ,
1616 478 1638 498 et
1653 475 1736 501 omnia
1751 477 1846 504 munda
1857 484 1929 506 erunt

1137 507 1146 542 (
1160 507 1222 535 an.
1241 510 1283 537 11.
1296 511 1361 548 41).
1375 513 1476 548 Ecquid
1491 515 1577 543 futura
1592 517 1652 545 dico
1663 518 1674 544 ἵ
1687 519 1714 547 Si
1732 522 1803 548 enim
1820 523 1844 549 in
1861 531 1929 558 pra:-

1136 554 1204 580 senti
1217 555 1270 582 vita
1286 555 1407 584 homines
1422 559 1620 589 sciscitaremur
1629 564 1693 598 quid
1708 554 1868 599 mallent,ati
1882 576 1928 596 so-

1138 597 1241 631 phistas
1262 604 1290 627 et
1311 601 1434 630 rhetores
1447 611 1507 632 esse
1526 607 1624 634 multos
1633 597 1645 641 ,7
1656 616 1690 636 an
1703 610 1890 640 misericordes
1900 620 1928 642 et

1135 642 1263 679 benignos
1279 655 1284 673 :
1300 645 1352 673 hoc
1363 647 1484 676 ultimum
1494 651 1582 684 potius
1595 653 1722 688 eligerent
1735 664 1743 688 ;
1759 661 1785 684 et
1796 657 1857 692 jure
1869 660 1928 694 qui-

1134 688 1205 717 dem.
1220 691 1286 718 Nam
1305 693 1326 719 si
1351 694 1472 722 facundia
1498 698 1616 730 tollatur,
1640 700 1708 728 nihil
1725 688 1834 730 malivin
1846 688 1926 733 vit-am

1135 741 1254 764 nostram
1266 738 1467 774 importabitur;
1480 748 1621 779 antequam
1635 747 1705 774 enim
1717 748 1760 776 illa
1774 750 1925 784 exsisteret,

1134 782 1218 809 multo
1235 788 1354 819 tempore
1369 788 1488 815 constitit
1502 798 1509 816 :
1525 790 1546 817 si
1561 798 1626 819 vero
1643 793 1852 824 misericordiam
1866 805 1925 826 sus—

1135 828 1236 862 tuleris,
1253 831 1341 858 omnia
1365 833 1497 866 peribunt.
1510 834 1544 862 Et
1556 838 1780 871 quemadmodum
1793 849 1840 876 per
1851 851 1926 872 mare

1134 874 1257 908 navigare
1271 884 1323 903 non
1342 879 1439 912 possis,
1457 881 1479 906 si
1495 885 1585 914 portus
1600 887 1628 910 et
1640 885 1769 914 stationes
1778 888 1921 916 obstruas:

1133 920 1172 947 sic
1186 929 1237 947 non
1253 928 1339 956 potest
1359 923 1416 952 hace
1430 926 1484 953 vita
1499 932 1633 962 constare,
1652 930 1674 958 si
1698 932 1905 962 misericordiam
1916 956 1924 969 ,

1132 967 1235 993 veniam
1251 972 1279 995 et
1291 968 1482 999 humanitatem
1495 973 1645 1001 sustuleris.

1167 1010 1195 1038 5.
1215 1011 1384 1048 Quapropter
1397 1023 1450 1043 non
1467 1017 1583 1046 humano
1601 1019 1689 1047 solutn
1704 1023 1843 1052 ratiocinio
1866 1025 1922 1053 lucc

1132 1056 1204 1084 Deus
1218 1060 1347 1093 permisit,
1363 1061 1410 1088 sed
1423 1068 1449 1089 et
1462 1064 1557 1091 multas
1569 1073 1660 1093 eorum
1677 1073 1766 1102 partes
1784 1075 1885 1098 natum
1900 1072 1925 1099 vi

1132 1103 1237 1131 insevit.
1252 1104 1298 1132 Sic
1315 1111 1403 1141 patres
1416 1113 1442 1135 et
1453 1114 1552 1137 matres
1563 1118 1624 1146 erga
1635 1112 1732 1140 liberos
1745 1116 1925 1144 misericordia

1131 1155 1290 1183 moventur;
1305 1152 1344 1178 sic
1355 1153 1399 1180 lilii
1410 1161 1470 1188 erga
1483 1160 1606 1189 parentes
1619 1166 1626 1184 :
1640 1166 1726 1194 neque
1737 1160 1762 1187 in
1777 1160 1926 1190 hominibus

1132 1198 1244 1228 tantum,
1255 1196 1301 1224 sed
1313 1197 1338 1224 iu
1347 1197 1431 1225 brutis
1442 1208 1447 1224 :
1458 1200 1607 1236 eodemque
1613 1208 1675 1230 sunt
1683 1203 1768 1232 affecti
1780 1206 1860 1233 modo
1870 1206 1925 1234 fra-

1133 1244 1196 1273 tres,
1212 1242 1354 1277 propinqui
1365 1249 1390 1271 et
1413 1245 1524 1279 afﬁnes,
1539 1251 1567 1273 et
1580 1247 1702 1276 homines
1714 1250 1758 1278 alii
1773 1259 1833 1286 erga
1847 1252 1924 1281 alios.

1132 1285 1153 1312 Α
1169 1292 1262 1314 natura
1273 1287 1371 1323 quippe
1387 1291 1463 1324 proni
1478 1291 1511 1318 ad
1525 1293 1735 1322 misericordiam
1749 1304 1852 1326 sumus.
1865 1299 1925 1326 ldco

1131 1330 1201 1358 circa
1219 1332 1314 1367 injuria
1331 1334 1440 1362 affectos
1461 1336 1645 1372 indignamur,
1662 1340 1733 1368 circa
1752 1342 1927 1379 interemptos

1133 1375 1271 1411 dolemus,
1296 1380 1318 1407 si
1334 1380 1455 1415 lugentes
1476 1383 1634 1419 videamus,
1653 1386 1838 1421 lacrymamur.
1860 1391 1924 1423 Quia

1131 1422 1201 1450 enim
1226 1425 1279 1451 vult
1303 1426 1371 1454 Deus
1385 1448 1392 1459 ,
1416 1433 1444 1455 ut
1459 1428 1484 1456 id
1505 1430 1684 1466 observetur,
1712 1439 1832 1462 naturam
1846 1437 1926 1471 jussit

1131 1468 1213 1495 multa
1229 1469 1277 1497 hac
1291 1471 1316 1498 in
1333 1479 1362 1499 re
1375 1480 1407 1500 ex
1423 1481 1452 1501 se
1464 1476 1596 1508 conferre,
1612 1478 1757 1507 ostendens
1770 1480 1796 1508 id
1806 1482 1854 1508 sibi
1869 1491 1926 1510 ma-

1130 1513 1201 1541 xime
1215 1514 1239 1541 in
1253 1517 1351 1550 optatis
1366 1525 1436 1546 esse.
1451 1519 1513 1547 Hmc
1527 1521 1615 1556 itaque
1625 1523 1714 1551 animo
1728 1532 1863 1554 vorsantes
1873 1548 1881 1560 ,
1898 1533 1924 1555 et

1129 1565 1179 1586 nos
1194 1564 1219 1586 ιιι
1241 1560 1309 1588 filios
1330 1567 1355 1589 et
1375 1564 1538 1598 propinquos
1554 1567 1586 1594 ad
1601 1568 1781 1605 cleemosymc
1804 1572 1923 1600 scindam

1129 1603 1276 1638 ducamus;
1291 1606 1341 1634 ltoc
1353 1613 1414 1636 ante
1429 1611 1516 1637 omnia
1530 1612 1615 1640 discat
1626 1613 1720 1648 homo;
1736 1624 1795 1644 nam
1811 1618 1872 1644 illud
1883 1625 1923 1646 est

1130 1647 1262 1677 hominem
1275 1659 1353 1685 esse;
1371 1653 1466 1690 Magna
1477 1657 1571 1691 quippe
1582 1667 1622 1685 res
1635 1664 1670 1686 est
1680 1647 1765 1693 homo,
1780 1668 1804 1689 et
1815 1665 1923 1698 pretiosa

1129 1703 1167 1722 res
1182 1700 1218 1722 est
1233 1697 1269 1723 vir
1279 1698 1438 1737 ηιὶδενίεοη(
1452 1701 1528 1730 Prov.
1544 1703 1589 1731 ΞΟ.
1605 1705 1640 1740 6)
1653 1714 1660 1738 ;
1676 1707 1700 1733 si
1713 1707 1736 1734 id
1753 1716 1804 1735 non
1815 1709 1923 1744 habeat,

1128 1747 1143 1766 a
1157 1745 1251 1768 natura
1263 1743 1378 1772 hominis
1387 1745 1496 1774 decidit.
1511 1747 1565 1776 Hoc
1575 1751 1709 1784 sapientes
1718 1753 1807 1782 efficit.
1822 1743 1922 1791 Ecquid

1129 1786 1244 1821 miraris,
1260 1789 1282 1815 si
1298 1788 1349 1817 hoc
1360 1796 1401 1818 est
1412 1791 1546 1821 hominem
1560 1797 1637 1823 esse?
1648 1797 1703 1825 Hoc
1716 1803 1757 1826 est
1769 1800 1838 1828 Deus
1852 1809 1922 1835 esse;

1129 1839 1189 1860 nam
1201 1834 1237 1861 ait
1250 1843 1256 1861 τ
1267 1833 1355 1863 Estote
1366 1838 1548 1873 misericordes,
1561 1842 1625 1868 sicut
1635 1848 1658 1869 et
1668 1843 1745 1872 Palei-
1755 1851 1832 1874 vester
1846 1848 1922 1884 (Luc.

1128 1879 1155 1906 6.
1172 1879 1236 1915 36).
1252 1881 1390 1911 Discamus
1408 1884 1488 1919 igitur
1502 1887 1689 1918 misericordes
1708 1899 1781 1924 esse,
1798 1879 1854 1921 tuni
1866 1904 1922 1923 om-

1129 1926 1202 1953 nium
1215 1934 1295 1955 causa
1306 1949 1313 1959 ,
1330 1934 1384 1956 tum
1401 1931 1517 1959 maxime
1531 1934 1601 1968 quod
1617 1940 1643 1962 et
1659 1937 1708 1971 ipsi
1723 1939 1803 1966 multa
1818 1941 1921 1969 miscri-

1128 1972 1218 1999 cordia
1230 1980 1365 2008 egeamus.
1381 1975 1472 2011 Neque
1487 1985 1536 2005 nos
1548 1980 1636 2007 vivere
1651 1988 1772 2016 putemus
1786 1992 1838 2020 qtto
1853 1991 1921 2014 tem-

1128 2025 1192 2052 pore
1205 2018 1391 2047 misericordes
1402 2029 1454 2049 non
1470 2030 1577 2057 sumus;
1593 2025 1627 2053 de
1637 2026 1805 2065 eleemosyna
1815 2031 1920 2066 loquor,

1127 2071 1186 2099 qttze
1197 2065 1230 2091 ab
1245 2066 1355 2094 avaritia
1368 2074 1396 2094 et
1408 2069 1498 2103 rapina
1515 2078 1580 2105 pura
1593 2073 1635 2099 sit.
1652 2073 1679 2101 Si
1693 2075 1763 2102 enim
1784 2078 1828 2111 qui
1845 2065 1921 2106 bouis

1127 2109 1182 2136 suis
1194 2116 1345 2144 contentus,
1358 2113 1422 2140 nihil
1433 2115 1490 2141 aliis
1501 2116 1621 2150 largitur,
1634 2126 1686 2146 non
1699 2125 1739 2148 est
1752 2122 1916 2152 misericors:

1127 2156 1172 2190 qui
1186 2157 1271 2184 aliena
1288 2159 1366 2193 rapit,
1381 2161 1514 2194 quomodo
1527 2163 1679 2192 misericors
1692 2166 1742 2197 sit.
1757 2169 1860 2197 etiamsi
1877 2170 1916 2196 in-

1128 2209 1238 2230 numera
1262 2205 1371 2239 eroget?
1391 2205 1457 2234 Nam
1482 2208 1504 2235 si
1525 2208 1547 2235 is
1567 2210 1611 2244 qui
1632 2211 1688 2239 suis
1701 2217 1802 2241 tantum
1822 2215 1916 2244 fruitur

1127 2248 1213 2280 bonis,
1226 2253 1252 2276 ct
1265 2249 1328 2276 nihil
1341 2250 1458 2286 largitur.
1469 2253 1657 2283 itnmisericors
1670 2264 1708 2285 est
1722 2260 1822 2286 :multo
1834 2269 1918 2297 magis

1127 2292 1150 2320 is
1165 2294 1209 2328 qtti
1224 2294 1310 2321 aliena
1326 2295 1432 2332 abripit.
1450 2298 1477 2325 Si
1494 2299 1510 2326 ii
1527 2302 1571 2334 qui
1583 2301 1646 2329 nihil
1657 2303 1745 2331 damni
1761 2292 1915 2338 intulerunt.

1128 2339 1278 2374 plectuntur
1288 2360 1296 2373 ,
1310 2342 1370 2376 quia
1387 2343 1472 2378 largiti
1487 2353 1538 2372 non
1553 2352 1614 2374 sttut
1630 2357 1636 2374 :
1653 2350 1734 2376 multo
1747 2352 1829 2387 magis
1844 2353 1862 2380 ii
1873 2354 1916 2388 qui

1126 2384 1212 2413 aliena
1224 2392 1377 2421 rapuerunt.
1388 2388 1426 2416 Ne
1437 2390 1515 2425 igitur
1523 2392 1632 2427 dixeris,
1646 2395 1720 2423 Alius
1732 2384 1829 2432 injuste
1841 2384 1919 2428 lzcsus

1128 2436 1178 2465 est,
1192 2437 1218 2459 et
1233 2432 1301 2460 alius
1312 2434 1508 2471 eleemosynam
1520 2439 1623 2473 accipit.
1638 2440 1663 2467 In
1678 2441 1727 2469 hoc
1735 2443 1806 2470 enim
1819 2446 1918 2473 mahun

1127 2483 1259 2505 versatur.
1278 2478 1330 2506 Par
1343 2481 1442 2515 quippe
1462 2487 1520 2510 erat
1539 2485 1660 2512 eumdem
1675 2487 1760 2521 ipsum
1774 2489 1817 2523 qui
1840 2491 1919 2519 laesus

1127 2527 1177 2555 est,
1192 2523 1389 2560 eleemosynam
1401 2527 1521 2562 accipere
1538 2537 1544 2555 :
1562 2537 1631 2557 nunc
1644 2540 1706 2559 vero
1723 2534 1789 2562 alios
1804 2536 1920 2564 vulneri-

1127 2569 1177 2597 bus
1187 2571 1279 2604 aflicis,
1291 2576 1318 2598 et
1327 2572 1438 2600 aliorum
1449 2575 1556 2603 vulnera
1568 2585 1656 2611 curas,
1666 2587 1733 2613 quos
1746 2589 1799 2608 non
1809 2583 1919 2612 vulnere

1127 2613 1247 2648 aﬂ’ecisti,
1259 2624 1319 2643 cum
1332 2622 1469 2652 oporteret
1481 2620 1539 2647 illos
1552 2621 1624 2655 ipsos
1637 2631 1746 2654 curare:
1762 2626 1816 2653 imo
1831 2629 1918 2663 potius

1127 2668 1180 2688 non
1197 2662 1364 2691 vulnerasse.
1377 2663 1509 2700 Bcnignus
1519 2667 1589 2694 enim
1601 2668 1644 2696 ille
1656 2674 1706 2703 ost,
1722 2679 1775 2698 non
1787 2662 1918 2707 quisa-dit

1127 2710 1154 2732 ct
1165 2711 1256 2740 postea
1269 2712 1354 2742 curat,
1362 2709 1409 2737 sed
1422 2711 1465 2745 qui
1477 2711 1511 2739 ab
1524 2713 1583 2739 aliis
1597 2714 1749 2744 vulneratos
1761 2723 1846 2746 curat.
1856 2719 1918 2747 Tuis

1127 2758 1189 2786 ergo
1203 2752 1280 2779 malis
1293 2754 1433 2788 medearis,
1451 2764 1503 2784 non
1517 2758 1610 2786 alienis
1623 2768 1631 2792 ;
1649 2760 1703 2788 imo
1716 2769 1780 2789 vero
1794 2772 1845 2791 nec
1856 2773 1915 2800 per-

1127 2797 1212 2823 cutias
1224 2817 1231 2829 ,
1248 2805 1296 2825 nec
1317 2798 1426 2833 dejicias
1441 2801 1513 2835 (hoc
1530 2804 1601 2830 enim
1615 2804 1730 2834 ludentis
1746 2808 1837 2844 esset)
1848 2797 1863 2842 ξ
1871 2813 1916 2839 sed

1127 2841 1245 2877 dejectos
1260 2845 1342 2880 erige.
1357 2845 1447 2882 Neque
1462 2849 1532 2876 enim
1547 2855 1621 2885 potos
1632 2852 1725 2881 eadem
1740 2841 1917 2891 elcentosynte
