2056 3132
237 168 293 197 I535

231 233 354 254 mensura
365 225 462 265 malum
475 234 506 253 ex
520 227 630 254 avaritia
640 226 739 254 illatum
748 235 852 255 curare.
862 227 925 254 Nulli
936 228 957 254 si
967 227 1019 254 obo

231 272 284 299 lutu
295 271 479 306 rapueris,uon
487 272 551 299 satis
559 277 598 299 cst
606 273 743 299 oholnmiu
752 271 947 308 eleeutosyuam
957 273 1030 301 dare,

231 324 255 344 ut
267 320 364 351 rapinre
376 318 451 344 ulcus
462 325 550 349 sanes;
562 318 608 345 sed
621 319 718 346 talento
729 327 796 353 opus
805 325 854 346 νει.
867 320 926 346 Ideo
936 319 976 346 iur
985 319 1030 346 de-

231 362 561 398 prehensusquadruplum
574 364 713 391 restituere
726 365 829 398 cogitur
841 364 1027 399 (Exod.‘!2.l).

232 409 331 443 liaptor
350 416 438 435 autem
456 415 495 435 est
520 411 577 436 iure
601 412 683 444 pejor.
698 411 724 438 Si
739 418 806 437 vero
827 411 899 436 illum
915 412 1030 444 quadru-

231 455 301 489 pltutt
319 454 384 481 dare
399 459 507 487 Oportet
525 453 579 489 (ιι),
602 460 734 489 raptorem
751 456 892 490 deruplum
908 461 933 483 et
947 458 1030 482 multo

231 502 290 536 plus
303 501 443 527 restituere
456 508 502 535 par
511 506 551 527 est
562 509 567 531 :
580 506 659 536 atque
671 502 788 535 optabile
798 507 838 528 cst
852 503 891 528 vel
903 504 941 528 sic
953 510 1029 536 posse

234 547 314 574 Deum
330 547 364 572 ob
379 547 533 580 injustitiam
549 547 653 581 placare
670 556 675 572 :
693 553 754 573 tunc
767 548 838 574 enim
851 555 902 574 non
914 547 1030 574 elocuto—

230 602 303 628 syna:
319 593 430 619 fructum
447 593 566 627 recipiet.
589 592 650 620 Ideo
664 593 806 620 Zacc'ueus
830 593 892 620 dicit
906 602 911 619 :
928 593 1029 628 Siquid

230 639 341 674 aliqucm
359 639 522 673 defraudavi,
540 640 645 665 reddam
659 640 847 674 quadruplum,
862 644 884 666 et
897 640 1028 666 dimidium

230 684 352 710 bonorum
366 692 476 710 meorum
487 684 552 710 dabo
566 684 716 720 pauperibus
729 684 810 718 (Luc.
835 685 877 712 I9.
891 685 907 712 8
917 688 937 720 ).
952 685 1028 717 Quod

230 731 252 757 si
267 731 292 756 in
306 730 312 756 l
324 738 362 764 -gc
373 730 549 764 quadruplum
565 730 677 757 reddere
688 731 837 764 oportebat,
850 731 934 758 ntulto
945 731 1027 765 magis

233 776 258 803 itt
273 776 370 810 gratia.
385 775 412 803 Si
429 776 512 802 Iurvm
530 781 630 802 tantunt
649 776 789 803 restituere
808 781 928 810 oportet,
945 777 1028 803 multo

229 823 312 857 magis
327 827 469 856 raptorem.
485 822 549 849 Naut
570 827 665 856 prmter
677 822 820 854 damnum,
836 823 1026 849 contumeliosa

229 872 300 895 certe
309 875 350 894 res
359 872 409 896 est.
421 867 509 902 Itaque
517 867 619 894 etiamsi
629 867 782 901 centuplum
794 867 948 899 reddideris,
961 875 1028 894 tton-

229 913 291 940 dunt
305 917 388 939 totum
400 913 506 940 dedisti.
521 913 612 939 Viden‘
629 921 671 940 me.
692 920 743 942 n0u
757 913 850 940 frustra
866 913 964 940 dixisse
976 935 983 945 ,
999 914 1026 940 Si

229 959 335 986 oltolum
348 959 467 993 rapuisti,
484 958 564 985 redde
576 959 704 986 talentum
714 960 725 985 ’ἒ
735 960 773 986 sic
783 959 862 986 etiam
875 959 918 985 vix
930 959 1026 985 vulnus

233 1009 306 1031 tuum
320 1004 436 1031 cttrabis.
453 1003 528 1037 Quod
542 1004 563 1030 si
577 1004 619 1030 vel
635 1004 684 1030 ltoc
699 1003 810 1034 faciens.
825 1004 870 1030 vix
883 1012 962 1030 cures
977 1012 983 1028 :
1001 1004 1024 1030 si

233 1049 354 1076 ordinem
371 1050 497 1082 invertas,
515 1049 683 1084 intcgrasque
700 1050 882 1084 possessiones
894 1050 1023 1083 rapueris,

262 1117 300 1148 (a)
317 1120 361 1140 Fur
373 1116 547 1148 deprehensus
558 1116 718 1148 quadruplum
737 1117 870 1141 restituere
881 1117 1024 1149 cogebatur.

749 170 781 197 IN
800 170 1001 199 MATTIL'EUM
1022 171 1135 199 IIOIIIL.
1157 172 1221 200 LIII.
1243 174 1278 202 al.
1301 173 1364 201 LIV.

1828 185 1881 214 526

1089 237 1170 262 pauca
1186 237 1248 256 vero
1263 233 1415 266 crogavcris
1425 254 1432 265 ,
1452 241 1538 270 neque
1555 236 1607 264 illis
1622 245 1689 272 quos
1710 239 1800 268 Ia'sisti
1811 261 1819 273 ,
1833 242 1879 270 sed

1085 275 1162 306 aliis.
1183 284 1264 311 quam
1289 277 1472 307 defensionem
1497 281 1634 310 habebis?
1653 293 1733 319 quam
1758 287 1880 315 veniam?

1084 328 1164 354 quam
1175 330 1249 356 spem
1265 323 1379 350 salutis?
1394 324 1439 352 Vis
1455 326 1523 354 scire
1536 335 1663 361 quantum
1676 331 1772 358 ntalutn
1786 332 1878 367 facias,

1083 366 1146 394 dum
1157 368 1196 395 sic
1205 369 1252 395 das
1262 370 1475 406 eleemosynam?
1485 373 1552 399 Audi
1563 374 1724 409 Scriptunttn
1734 366 1877 406 dicentem:

1085 413 1156 440 Sicut
1170 415 1212 449 qui
1225 416 1306 449 ﬁlium
1321 424 1404 444 coram
1419 423 1490 453 patre
1504 428 1551 446 sua
1564 420 1691 453 inter/icit,
1703 423 1738 449 sic
1751 424 1792 455 qui
1805 424 1876 457 o/fcrt

1082 460 1234 493 sacri/icium
1247 469 1278 487 cx
1289 463 1400 494 prcuuiis
1411 471 1548 498 pauperum
1557 465 1567 500 (
1577 465 1658 493 Eccli.
1671 468 1714 495 54.
1726 468 1760 494 21
1773 470 1794 503 ).
1806 469 1878 497 llanc

1086 505 1174 539 itaque
1189 508 1422 535 cotmuiuationent
1439 509 1464 536 itt
1482 517 1570 537 tuente
1584 512 1771 543 iugeribentes.
1788 515 1876 542 disce-

1082 549 1173 577 damus
1189 561 1195 577 2
1211 551 1278 579 Itane
1293 553 1318 579 itt
1335 554 1416 581 muris
1430 575 1436 585 .
1461 556 1485 581 iu
1500 557 1622 584 manibus
1632 579 1638 588 ,
1655 558 1680 585 in
1694 560 1856 587 conscientia
1869 581 1875 593 ,

1081 601 1106 622 et
1121 597 1217 631 ubique
1238 598 1385 626 scribamus
1400 608 1407 627 :
1424 605 1450 627 ut
1476 602 1480 626 l
1494 602 1517 628 ic
1539 602 1633 630 saltem
1650 610 1735 631 metus
1749 606 1774 631 in
1789 610 1877 632 mente

1082 647 1171 668 nostra
1199 643 1292 676 vigens
1314 653 1408 672 manus
1429 652 1533 674 nostras
1552 655 1566 674 a
1580 650 1740 683 quotidianis
1759 651 1877 678 caedibus

1084 686 1218 713 cohibeat.
1234 688 1311 714 Ctede
1325 689 1426 724 quippe
1437 691 1555 717 deterior
1565 696 1606 718 est
1621 692 1714 725 rapina
1729 701 1788 727 qua:
1803 701 1869 727 pau-

1085 731 1159 758 latim
1179 740 1322 766 pauperum
1339 735 1485 762 consumit.
1511 736 1545 763 Ut
1568 737 1648 771 igitur
1660 737 1694 763 ab
1709 737 1761 765 hoc
1777 738 1868 772 inqui-

1083 782 1210 803 namento
1224 778 1230 792 ‘
1246 779 1304 811 puri
1322 779 1417 811 simus,
1437 781 1493 807 lucc
1507 782 1666 808 meditemur
1684 788 1709 809 ct
1729 791 1788 810 cum
1807 785 1868 810 aliis

1082 823 1284 857 colloquantur.
1303 824 1339 850 Ita
1357 825 1430 850 enim
1444 825 1477 851 ad
1493 827 1708 855 misericordiam
1725 829 1867 863 proniores

1081 867 1194 898 erimus,
1210 875 1363 902 puramque
1375 869 1560 903 adipiscentur
1575 873 1738 906 mercedem,
1751 879 1867 902 aeterna-

1080 920 1134 947 que
1148 912 1219 939 bona
1233 921 1443 948 consequemur,
1461 917 1548 950 gratia
1571 922 1598 943 et
1611 918 1800 947 misericordia
1814 921 1866 947 Do-

1080 958 1147 984 mini
1168 959 1254 985 nostri
1273 959 1337 986 Jcsu
1366 960 1479 992 Christi,
1500 961 1544 988 cui
1566 962 1650 996 gloria
1670 968 1698 990 et.
1719 964 1864 999 imperium

1079 1011 1142 1031 cum
1161 1005 1239 1031 Patre
1254 1010 1282 1032 et
1299 1005 1401 1040 Spiritu
1415 1012 1520 1040 sancto,
1537 1016 1609 1037 nunc
1623 1014 1651 1037 et
1665 1017 1783 1045 semper,
1795 1015 1822 1038 et
1837 1011 1864 1038 in

1079 1048 1176 1075 stecula
1192 1048 1362 1076 saaculorum.
1380 1049 1476 1078 Amen.

1109 1128 1119 1144 ι
1131 1128 1188 1158 Δ111,
1200 1128 1230 1154 ab
1240 1128 1285 1154 hoc
1297 1129 1388 1155 morbo.

235 1217 1857 1230 ———-————————-—————-——————————————_~

787 1279 789 1281 τ
830 1255 1001 1286 HOMILIA
1024 1256 1106 1286 LIII.
1129 1255 1170 1286 al.
1195 1255 1275 1285 LIV.

229 1330 292 1357 Car.
308 1330 349 1357 15,
365 1338 389 1355 v.
404 1330 448 1358 32.
462 1329 537 1356 Iesus
549 1334 630 1356 autent
643 1350 650 1361 ,
662 1330 802 1356 convocatis
818 1330 948 1364 discipulis
960 1329 1023 1361 sitis,

264 1376 328 1402 dixit
340 1385 351 1402 .-
365 1375 486 1403 Misereor
505 1383 580 1409 super
593 1375 707 1408 turbam,
730 1375 788 1410 quia
801 1383 856 1402 erce
874 1376 925 1408 iam
942 1375 1024 1401 Iriduo

264 1422 385 1448 sustinent
409 1429 459 1453 me,
482 1429 527 1448 nec
547 1420 637 1447 [tabent
660 1421 726 1454 quod
750 1421 961 1447 mundutmt:ct
985 1421 1023 1446 di-

264 1468 362 1494 mittere
375 1476 416 1494 eos
425 1469 529 1502 jejuno;
544 1468 612 1500 nolo,
629 1475 660 1493 ne
671 1467 788 1500 deﬁciunt
801 1467 826 1493 iu
839 1468 888 1494 uia.

267 1514 291 1540 I.
305 1513 433 1547 Superius
447 1521 506 1540 cum
530 1513 680 1547 huiusmodi
696 1513 799 1548 signum
814 1513 930 1540 facturus
943 1518 1022 1544 essot.

229 1560 315 1595 primo
326 1559 427 1587 curarit
440 1568 486 1587 cos
499 1561 542 1595 qui
554 1560 674 1594 corporis
686 1560 842 1594 :rgritudine
853 1561 1003 1588 laborateut
1015 1570 1021 1587 :

229 1606 342 1640 idipsum
365 1605 407 1632 hic
432 1605 514 1632 facit:
536 1610 596 1640 post
615 1613 745 1632 ca'corum
770 1610 849 1640 atque
869 1606 1022 1633 claudurum

227 1652 392 1679 curationem
410 1652 434 1678 in
449 1651 562 1685 idipsutn
578 1659 669 1678 rursus
685 1652 785 1678 incidit.
799 1652 852 1678 Cur
862 1657 949 1679 autem
962 1657 1024 1680 tunc

229 1697 353 1724 dixerunt
366 1697 488 1730 discipuli
501 1717 508 1728 ,
523 1696 628 1724 Dimitte
643 1698 728 1724 turbas
747 1697 755 1728 (
773 1697 864 1724 Matth.
882 1698 925 1725 H.
943 1698 976 1725 15
990 1698 1000 1733 )
1014 1708 1021 1725 :

228 1749 298 1768 nunc
313 1749 375 1768 rt-ro
389 1749 440 1768 non
454 1741 586 1774 dixerunt,
603 1742 685 1768 tribus
700 1748 786 1769 tamen
801 1742 894 1769 diebus
902 1743 1022 1770 exactis?

228 1786 292 1813 Sive
305 1787 366 1821 quia
380 1787 434 1819 jam
458 1787 494 1812 illi
512 1787 681 1820 pcrtectinrt-s
696 1791 769 1813 erant
781 1808 788 1818 ,
802 1788 858 1814 sive
871 1787 940 1822 quod
963 1787 1023 1816 illos

228 1832 347 1859 viderent
363 1840 414 1858 non
427 1836 500 1858 lauto
514 1831 591 1858 fatuis
605 1840 684 1859 sensu
699 1832 767 1859 allici
781 1841 787 1858 :
801 1840 859 1859 nam
872 1833 897 1859 iu
910 1833 952 1864 iis,
963 1841 1022 1868 qua:

228 1877 295 1904 facta
306 1883 392 1909 erant,
404 1878 456 1904 Deo
469 1877 579 1911 gloriam
592 1886 610 1903 rt
621 1877 749 1905 let-ebant.
760 1878 811 1905 Sel
824 1879 882 1905 vide
889 1878 1022 1913 quomodo

226 1923 307 1949 etiam
321 1930 389 1949 nunc
402 1931 452 1949 non
472 1923 628 1957 simpliciter
640 1922 673 1950 ad
695 1924 851 1950 miraculum
863 1924 1020 1958 patrandum

227 1970 308 2001 venit,
325 1969 371 1996 sed
387 1970 445 1996 illus
458 1969 490 1996 ad
505 1969 528 1996 id
546 1975 647 1997 evocat.
659 1969 724 1996 Nam
737 1969 820 1996 lurba-
832 1970 948 2005 quidem,
963 1978 1021 2005 quae

228 2014 260 2042 ad
276 2015 428 2041 ηιονικπιιιιι
443 2023 533 2041 (ῚΙΙἮΙΙΙ
548 2019 692 2048 venerant,
709 2023 790 2049 panes
804 2021 892 2050 petere
908 2025 959 2042 11011
974 2024 1020 2043 au-

227 2057 326 2088 debant
343 2069 349 2087 :
367 2061 424 2094 ipse
446 2069 511 2087 vero
522 2081 530 2094 ,
552 2068 611 2087 cum
628 2061 757 2095 benignus
771 2062 805 2087 sit
825 2065 849 2087 et
873 2061 999 2095 providus
1011 2082 1019 2095 ,

228 2114 280 2132 non
292 2106 443 2140 petentibus
453 2106 533 2138 dedit,
546 2107 634 2140 aitque
645 2106 780 2141 discipulis
797 2115 802 2131 :
816 2106 936 2133 Misereor
945 2115 1021 2140 super

228 2152 335 2184 turbant,
347 2158 370 2179 et
373 2154 476 2187 jejunus
486 2153 610 2179 dimittere
618 2153 674 2179 illa:
684 2152 752 2179 nota.
765 2152 801 2179 Ne
810 2153 927 2179 dicerent
937 2153 1018 2185 enim,

229 2197 300 2232 ipsos
323 2207 382 2225 cum
407 2199 502 2225 viatico
517 2199 622 2226 venisse
634 2218 641 2229 ,
666 2200 723 2224 ait:
737 2198 797 2224 Jant
822 2197 904 2224 triduo
924 2206 1020 2225 mecum

228 2249 301 2275 sunt;
317 2245 350 2271 ita
371 2245 473 2271 etiamsi
488 2244 581 2271 viatica
600 2244 756 2271 habuissent
769 2264 775 2275 ,
788 2243 842 2278 jam
864 2248 1019 2278 consumpta

228 2293 327 2316 essent.
343 2289 443 2316 Idcirco
456 2290 526 2316 enint
546 2289 590 2315 ille
613 2297 663 2315 ttou
681 2289 766 2323 pritno
780 2289 818 2316 vel
840 2288 957 2316 secundo
976 2289 1019 2316 die

229 2335 278 2361 hoc
293 2334 362 2366 fecit.
379 2336 424 2362 sed
439 2343 498 2362 cunt
511 2335 564 2370 jam
579 2335 667 2361 omnia
678 2334 830 2367 deﬁcerent,
846 2340 874 2360 ut
889 2336 913 2360 itt
926 2342 1019 2362 neces-

227 2380 303 2407 sitate
315 2381 392 2413 pomi
406 2388 465 2407 cuin
478 2381 570 2414 majori
581 2380 668 2407 studio
680 2380 776 2407 factum
787 2381 948 2415 exciperent.
958 2380 1019 2407 Ideo

227 2426 274 2456 ait,
293 2425 332 2451 Ne
347 2425 464 2459 deﬁciant
487 2426 513 2452 iu
535 2425 593 2456 riu;
616 2425 760 2452 Ostendcus
785 2425 855 2459 ipsos
879 2430 905 2452 et
929 2425 1018 2459 procul

228 2472 327 2506 positos
342 2478 420 2503 esse,
445 2477 470 2498 et
491 2471 579 2498 omnia
605 2471 814 2506 consumpsisse.
838 2471 890 2498 Sed
916 2471 937 2498 si
964 2479 1016 2498 non

229 2519 267 2544 vis
280 2517 384 2552 jcjuuos
395 2518 547 2550 dimittere,
562 2525 610 2544 cur
624 2518 727 2552 signum
745 2526 796 2543 tton
819 2517 902 2544 facis?
919 2517 952 2544 Ut
967 2517 1017 2544 hac

229 2564 436 2598 inlerrogatione
458 2568 484 2590 et
508 2563 682 2598 respun~ione
704 2569 832 2598 sequente
861 2564 1018 2591 attentiores

227 2610 350 2637 redderet
371 2610 516 2643 discipulus
529 2630 535 2641 ,
552 2615 578 2636 et
593 2610 630 2636 illi
644 2610 721 2636 tidem
742 2617 817 2636 suam
833 2609 1016 2643 ostenderent,

226 2655 398 2690 dicereulquu
409 2676 415 2685 ,
429 2655 513 2682 I’anes
527 2654 616 2681 facito.
628 2655 679 2682 Sed
696 2655 730 2681 illi
748 2663 781 2682 ne
794 2655 832 2681 sie
852 2655 957 2689 quidem
979 2656 1019 2682 in-

227 2702 411 2736 tcrrogatiouis
425 2709 531 2729 causam
548 2702 734 2728 intellexerunt
748 2711 753 2728 :
767 2703 835 2729 unde
850 2708 938 2736 postea
950 2703 1019 2730 dixit

227 2748 278 2774 illis
290 2768 296 2779 ,
320 2752 349 2774 ut
370 2748 474 2775 Marcus
485 2748 522 2774 ait
538 2757 544 2775 :
561 2748 650 2774 Adhuc
669 2748 704 2774 ita
720 2752 778 2774 sunt
798 2754 920 2775 orca’cata
941 2749 1018 2776 rora'a

227 2798 327 2820 testia:
343 2794 429 2820 oculos
449 2794 565 2820 habentes
581 2802 631 2819 non
651 2794 749 2825 uidetis,
769 2799 790 2820 et
803 2803 877 2820 aures
900 2795 1017 2822 habentes

227 2848 276 2865 twn
296 2839 390 2865 auditis
405 2839 413 2874 (
429 2839 511 2866 Marc.
527 2839 554 2866 8.
571 2839 614 2865 17.
631 2838 696 2872 IS).
718 2838 782 2866 Nam
799 2840 847 2866 nisi
863 2840 913 2866 hoc
926 2845 1016 2873 esset,

226 2892 278 2918 qua
299 2884 332 2911 de
347 2892 425 2911 causa
451 2883 507 2912 lucc
526 2884 661 2919 discipulis
673 2884 773 2911 diceret
785 2905 791 2916 ,
813 2885 1016 2920 ostenderetque

1078 1327 1169 1362 diguas
1185 1335 1245 1354 esse
1260 1327 1349 1354 turbas
1363 1327 1502 1362 beneﬁcio,
1515 1329 1676 1365 adderetquc
1688 1331 1777 1364 ipsum
1788 1332 1869 1360 mise-

1080 1373 1192 1400 ricordia
1220 1378 1320 1401 motum
1335 1373 1437 1401 fuisse?
1451 1375 1591 1402 Mattttaxus
1615 1385 1678 1404 vero
1699 1378 1764 1405 dicit
1784 1379 1869 1413 ipsutn

1079 1424 1167 1452 postea
1184 1419 1334 1453 increpasse
1348 1427 1394 1447 eos
1412 1420 1452 1447 IIIS
1469 1421 1555 1448 verbis
1573 1431 1578 1448 :
1598 1422 1706 1450 Madicw
1718 1424 1788 1457 ﬁdei,
1804 1433 1869 1451 uou-

1076 1463 1136 1490 dum
1146 1463 1295 1499 intelligitis,
1312 1473 1357 1491 nec
1372 1465 1519 1492 meministis
1530 1467 1639 1502 quinque
1652 1477 1745 1502 panum
1756 1474 1778 1495 et
1792 1470 1868 1504 quiu-

1075 1518 1123 1544 que
1136 1510 1252 1541 millium,
1263 1516 1285 1537 et
1296 1515 1354 1545 quat
1374 1512 1494 1545 cophinos
1502 1514 1658 1546 sumpst'titis
1666 1514 1678 1540 ?
1685 1523 1764 1549 neque
1773 1520 1868 1550 septem

1076 1563 1170 1590 panum
1192 1561 1214 1582 et
1227 1561 1335 1591 quatuor
1353 1557 1461 1584 millium
1473 1579 1479 1589 ,
1493 1563 1515 1585 et
1528 1564 1587 1593 qttul
1602 1566 1700 1594 sporta:
1713 1561 1868 1595 sumpserim

1076 1600 1084 1635 (
1099 1599 1192 1628 Matth.
1209 1601 1252 1629 16.
1268 1601 1295 1628 8.
1312 1602 1374 1636 9)?
1395 1603 1429 1628 Ita
1446 1604 1617 1637 evangelista:
1632 1605 1779 1633 concordes
1799 1606 1868 1635 inter

1075 1653 1104 1673 se
1119 1652 1192 1673 sunt.
1209 1647 1276 1680 Quid
1289 1656 1351 1682 ergo
1374 1648 1518 1683 discipuli?
1533 1650 1624 1677 Adhuc
1641 1650 1712 1678 ltunti
1737 1658 1867 1686 serpunt:

1074 1695 1102 1718 et
1115 1692 1236 1726 quamvis
1256 1692 1335 1718 millia
1357 1694 1447 1720 fecerit
1460 1715 1467 1726 ,
1483 1699 1511 1721 ut
1525 1695 1619 1728 prioris
1637 1696 1754 1724 miraculi
1770 1706 1868 1725 tuentu-

1075 1737 1140 1763 riam
1153 1742 1291 1764 servarent
1302 1759 1309 1770 ,
1323 1743 1350 1765 et
1364 1746 1412 1772 per
1426 1739 1659 1773 intermeatiouem
1674 1749 1705 1769 ac
1718 1744 1869 1777 responsur-

1083 1791 1156 1815 nem,
1168 1789 1194 1811 et
1204 1785 1277 1819 quod
1285 1785 1346 1812 illos
1357 1785 1497 1812 ministros
1509 1785 1615 1817 fecerit,
1623 1787 1727 1820 etquod
1734 1786 1865 1820 coplunos

1081 1830 1119 1856 eis
1127 1830 1190 1856 distt
1199 1831 1298 1857 ibuerit
1306 1831 1326 1863 ¹;
1337 1831 1384 1858 sed
1394 1832 1483 1859 adbttc
1491 1830 1704 1866 imperfectiores
1710 1836 1796 1859 erant.
1805 1831 1865 1858 Ideo

1074 1872 1164 1899 dicunt
1178 1873 1201 1899 ei
1217 1881 1224 1899 :
1239 1874 1282 1900 55.
1301 1873 1374 1899 (lude
1389 1874 1458 1900 nobis
1472 1874 1497 1900 in
1511 1875 1646 1902 solitudine
1666 1881 1701 1903 tot
1716 1878 1818 1911 partes?
1834 1878 1867 1905 Et

1074 1923 1148 1945 antea
1163 1923 1189 1945 et
1202 1927 1271 1946 nunc
1286 1919 1455 1946 solitudinem
1472 1927 1630 1954 memorant,
1643 1927 1669 1949 et
1681 1924 1803 1951 exanimi
1816 1924 1866 1951 im-

1074 1964 1218 1990 ltccilitate
1234 1965 1267 1991 ita
1282 1965 1430 1999 loquentes,
1445 1966 1548 2000 signum
1564 1967 1597 1994 ab
1619 1969 1691 1994 outui
1718 1970 1867 2004 suspicione

1073 2009 1229 2036 liberabant.
1247 2009 1285 2036 Ne
1299 2010 1358 2044 quis
1372 2011 1443 2038 enim
1457 2011 1574 2045 diceret,
1593 2013 1685 2047 utjant
1700 2020 1777 2041 attica
1793 2015 1846 2042 dixi
1859 2037 1866 2047 ,

1074 2055 1158 2089 ipsunt
1172 2063 1203 2082 ex
1218 2056 1304 2082 vicino
1322 2056 1434 2090 quodatn
1454 2057 1511 2084 vico
1525 2065 1606 2092 panes
1620 2064 1767 2086 mutuatum
1788 2070 1847 2087 esse
1858 2083 1866 2095 ,

1073 2100 1146 2127 lucus
1160 2101 1219 2134 quis
1233 2101 1267 2127 sit
1286 2100 1455 2135 declaratur,
1480 2108 1508 2129 ut
1529 2104 1683 2131 miraculum
1701 2106 1866 2134 crederetur.

1074 2145 1173 2173 Idcirco
1187 2150 1211 2172 et
1224 2146 1337 2180 primum
1352 2153 1378 2173 et
1389 2147 1439 2174 huc
1453 2156 1558 2183 quoque
1571 2150 1674 2184 signant
1689 2151 1714 2177 in
1726 2151 1866 2179 solitvdiuu

1073 2190 1133 2217 I‘acit
1145 2211 1152 2220 .
1179 2198 1194 2217 τι
1210 2191 1303 2218 viculis
1326 2192 1403 2227 longe
1421 2193 1544 2220 distante.
1564 2194 1615 2222 Sed
1639 2195 1732 2222 ltorttm
1748 2197 1813 2223 nihil
1829 2197 1868 2223 in.

1073 2237 1221 2272 telligeules
1234 2237 1356 2272 discipuli
1369 2239 1493 2266 dicebant
1506 2249 1511 2265 :
1526 2240 1599 2267 Uade
1610 2242 1680 2268 nobis
1695 2243 1720 2268 in
1733 2244 1867 2271 solitudine

1072 2287 1106 2309 tot
1121 2283 1218 2317 panes?
1231 2283 1295 2309 Nam
1306 2284 1431 2318 putabattt
1446 2285 1517 2312 illum
1530 2285 1590 2313 ideo
1604 2286 1659 2314 hinc
1671 2287 1778 2321 dixisse,
1791 2289 1866 2323 quasi

1073 2333 1254 2361 pra'cepturus
1267 2333 1338 2355 esset
1349 2333 1376 2355 ut
1392 2329 1451 2356 illos
1462 2330 1596 2362 cibarcut;
1609 2332 1654 2358 sed
1671 2332 1814 2364 admodum
1831 2334 1866 2361 in-

1071 2374 1209 2409 sipienter.
1235 2375 1349 2410 Ideoque
1374 2376 1425 2403 illis
1446 2384 1531 2411 nuper
1546 2377 1669 2410 dixerat,
1689 2378 1754 2406 Date
1768 2387 1811 2407 vos
1831 2381 1867 2407 eis

1072 2420 1224 2447 manducare
1236 2421 1245 2456 (
1261 2420 1355 2450 Matth.
1368 2421 1412 2449 Η.
1426 2422 1496 2457 16),
1510 2428 1537 2449 ut
1554 2422 1604 2449 illis
1615 2423 1782 2452 occasionem
1791 2425 1865 2453 daret

1071 2474 1100 2494 se
1114 2467 1164 2495 Itac
1180 2467 1214 2494 de
1225 2475 1306 2495 causa
1322 2467 1456 2503 precandi.
1472 2468 1547 2495 Nunc
1561 2477 1623 2496 vero
1639 2478 1691 2497 non
1706 2470 1786 2504 dicit,
1800 2471 1867 2498 Date

1070 2511 1122 2539 illis
1134 2513 1287 2539 manducare
1299 2534 1306 2546 ,
1323 2513 1368 2540 sed
1390 2514 1452 2548 quid
1464 2514 1475 2540 ?
1489 2514 1514 2540 Μ
1518 2514 1610 2541 iserear
1623 2524 1698 2550 super
1711 2517 1808 2544 turbam
1820 2539 1827 2550 ,
1841 2522 1867 2545 et

1070 2558 1195 2586 dimittere
1205 2559 1355 2593 cosjeiunas
1366 2559 1442 2586 nolo:
1458 2560 1566 2594 propius
1577 2567 1687 2588 movens
1701 2563 1865 2598 incitauSque

1071 2603 1141 2634 illos.
1157 2609 1184 2631 ut
1199 2604 1304 2631 videant
1318 2604 1380 2631 illud
1394 2605 1428 2632 ab
1440 2613 1469 2632 se
1483 2607 1626 2640 petendum
1639 2615 1709 2635 esse.
1725 2608 1790 2636 Nant
1809 2610 1864 2644 ipsa

1071 2650 1149 2677 verba
1163 2650 1344 2682 declarabant,
1360 2659 1439 2685 posse
1455 2652 1540 2687 ipsutu
1553 2660 1604 2679 non
1619 2653 1754 2682 dimittere
1767 2663 1815 2682 eos
1825 2656 1866 2690 je-

1069 2696 1163 2731 juuos,
1184 2701 1211 2724 et
1227 2698 1371 2732 potentiam
1395 2698 1478 2732 ipsius
1492 2699 1678 2726 ostendebant.
1701 2700 1764 2728 Illud
1778 2702 1863 2735 enim,

1072 2742 1160 2775 Noto,
1185 2743 1211 2770 id
1234 2743 1374 2777 signiﬁcat.
1402 2743 1467 2777 Quia
1483 2752 1547 2772 vero
1570 2752 1597 2772 et
1620 2746 1815 2775 multitudinem
1839 2753 1864 2776 et

1070 2789 1156 2817 locum
1179 2794 1205 2817 et
1226 2789 1395 2817 solitudinem
1420 2797 1620 2825 ntemorarttut,
1646 2793 1728 2827 (nam
1753 2793 1863 2827 dicunt,

1072 2835 1146 2863 Unde
1167 2835 1238 2863 nobis
1259 2836 1284 2862 in
1297 2836 1432 2863 solitudine
1452 2841 1487 2863 tot
1507 2845 1584 2871 panes
1596 2859 1603 2869 ,
1625 2844 1651 2866 ιιι
1671 2840 1774 2867 satietur
1789 2843 1863 2866 tanta

1110 2894 1117 2909 '
1129 2893 1177 2917 Cir.
1190 2892 1277 2918 .Ithtal.
1293 2893 1371 2918 Held.
1387 2892 1416 2917 ad
1429 2900 1484 2924 pag.
1497 2894 1550 2918 558.
