2056 3132
191 161 244 191 537

194 220 265 246 turba
276 219 289 246 Ρ
300 219 309 254 )
323 225 408 253 neque
420 222 508 246 tamen
518 217 616 245 Chriin
626 217 705 245 verba
717 217 915 246 intellexerunt,
925 219 987 242 tunc

192 274 272 293 suum
285 265 344 300 ipse
362 271 430 300 opus
445 264 564 300 peragit,
583 269 611 291 et
630 264 668 290 ait
681 263 750 290 illis:
767 262 810 289 54.
829 261 895 295 Quot
909 269 987 296 partes

188 312 311 339 meetia)
325 311 338 338 l
343 312 371 338 lli
384 320 441 338 vero
453 311 550 343 dicunt,
563 310 676 345 Septem,
691 314 715 336 et
729 309 863 344 pisciculos
881 315 984 342 paucos.

189 358 247 385 Nec
259 358 314 392 jam
329 357 431 389 dicunt,
446 357 498 384 Sed
511 357 563 383 lnee
577 356 637 391 quid
649 360 707 382 sunt
722 355 786 380 inter
799 359 881 380 tantos
895 352 982 389 (Joan.

188 405 220 432 =6.
237 403 294 441 9)?
319 409 347 431 nt
370 409 447 431 antea
468 402 601 430 dicebant.
625 402 669 428 Sic
694 400 796 427 etiamsi
821 407 873 426 non
902 403 985 426 totum

188 451 471 486 comprehenderent,
485 449 654 476 sublitniores
668 452 756 474 tamen
775 445 900 481 paulatim
921 453 985 473 eva-

193 498 301 525 debant.
321 497 386 525 Nam
408 502 435 524 et
459 497 515 531 ipse
531 495 571 522 his
593 494 698 521 illorum
718 497 836 520 tuentem
856 491 961 526 erigens
976 512 984 524 ,

193 544 289 571 eodem
303 550 356 578 quo
370 543 442 577 prius
454 541 534 569 modo
548 539 727 574 interrogabat
738 559 746 571 ,
762 543 791 565 ιιι
806 538 845 565 vel
859 546 890 565 ex
906 537 985 564 ntodo

195 589 374 624 interrogandi
388 589 442 623 jam
465 591 537 622 gesta
551 587 576 612 iu
594 585 750 613 memoriam
771 588 920 611 revocaret.
942 583 982 610 'l‘u

193 644 257 663 vero
280 641 308 663 ut
329 635 374 663 hic
387 634 473 661 vidisti
488 633 593 660 illorum
608 629 846 665 imperfectionem,
861 629 898 656 sic
911 629 984 656 disce

192 685 297 712 illorum
308 680 515 717 philosopltieam
525 683 652 711 mentem,
663 682 689 706 et
697 676 864 704 veracitatem
875 675 982 707 mirare,

191 727 325 764 quomodo
338 733 433 761 nempe
443 725 591 753 scribentes
602 744 610 757 ,
626 722 806 758 stupiditatem
827 729 913 753 suam,
933 720 982 747 etsi

192 781 324 809 magnam,
340 780 392 800 non
407 770 551 799 occultent.
565 769 657 804 Neque
670 768 740 796 enim
754 767 896 795 mediocris
906 765 982 800 culpa

191 825 258 851 erat,
275 824 359 853 nuper
373 817 435 845 facti
448 815 567 843 miraculi
580 819 634 842 tam
647 814 699 841 cito
714 812 853 845 oblivisci;
869 811 982 846 ideoque

191 866 372 900 inerepantur.

225 909 252 938 ἰ.
274 909 313 937 Ad
343 910 400 936 hac
422 908 501 935 aliam
522 913 629 942 qttoque
653 903 827 940 philosophiae
851 903 980 930 rationem

189 958 289 992 cogites
309 956 389 984 velim
413 964 420 982 :
439 953 573 990 quomodo
592 956 712 980 ventrem
725 958 817 986 parum
835 949 980 981 curabant,

188 1001 323 1038 quomodo
337 999 550 1032 instituebantur,
566 1006 601 1026 ne
616 1004 715 1025 mensae
728 996 839 1023 multum
850 995 981 1023 rationem

189 1049 328 1076 haberent.
339 1047 405 1075 Nam
420 1047 446 1074 in
459 1045 600 1074 solitudine
612 1051 672 1071 cum
682 1047 780 1076 essent,
795 1047 854 1077 post
863 1041 980 1069 triduum

187 1100 289 1130 septem
319 1101 402 1129 panes
427 1092 569 1120 habebant.
590 1091 692 1119 Caetera
717 1097 780 1118 vero
806 1089 928 1117 Christus
953 1092 982 1115 ut

187 1142 260 1176 prius
274 1140 389 1175 disponit
405 1148 411 1166 :
426 1139 581 1167 recumbere
592 1137 666 1172 jubet
679 1137 704 1164 in
717 1139 798 1169 terra,
813 1140 840 1163 et
852 1135 878 1162 in
893 1135 981 1161 mani-

187 1187 237 1214 bus
249 1186 438 1221 discipulorum
452 1192 534 1219 panes
546 1183 710 1218 multiplicat.
727 1183 771 1210 55.
793 1181 876 1208 Jussit
895 1181 977 1213 enim,

185 1234 232 1266 ait,
245 1237 271 1260 ut
284 1233 364 1260 turba
373 1231 554 1258 discumberent
568 1238 643 1265 super
658 1234 759 1256 terram.
777 1228 822 1255 56.
837 1228 870 1255 Ει
882 1227 977 1261 accipi-

185 1288 229 1307 ent
242 1279 351 1314 quinque
364 1285 441 1314 partes
455 1281 477 1304 et
493 1276 584 1310 pisces,
599 1275 694 1311 gratias
707 1282 783 1309 agens
797 1274 882 1309 fregit,
892 1278 914 1299 et
929 1273 977 1299 da-

185 1325 226 1352 bat
237 1324 368 1359 discipulis
378 1322 511 1358 :diuipuli
523 1329 581 1349 vero
594 1321 681 1348 turbte.
695 1320 767 1348 Finis
777 1327 841 1347 vero
855 1318 977 1346 miraculi

185 1371 266 1406 priori
280 1370 374 1398 similis
384 1369 505 1397 nonfuit.
519 1369 562 1397 57.
578 1367 792 1395 Mauducaverunt
801 1367 871 1394 enim
881 1374 976 1398 omnes,

184 1417 277 1451 inquit,
298 1421 321 1443 et
339 1416 446 1443 δοται-αιί
465 1419 533 1445 sunt,
554 1419 577 1442 et
597 1414 707 1441 tulerunt
726 1413 792 1448 quod
806 1418 933 1446 supererat
947 1413 978 1439 de

184 1463 331 1498 fragmentis
345 1468 439 1496 septem
451 1466 551 1496 spartae
564 1461 660 1495 plenas.
678 1461 721 1488 58.
740 1460 788 1492 Qui
807 1465 890 1486 autem
909 1467 977 1486 com-

181 1508 286 1535 ederunt
297 1511 368 1535 erant
382 1512 489 1542 quatuor
499 1507 567 1533 mille
580 1506 636 1537 uiri,
651 1511 740 1540 prater
753 1505 869 1532 mulieres
879 1509 902 1531 et
914 1512 974 1539 par-

183 1553 265 1580 vulas.
280 1553 333 1581 Sed
348 1561 397 1580 cur
410 1557 472 1580 tunc
485 1559 545 1580 cum
559 1552 698 1586 quinquies
712 1550 784 1577 mille
796 1555 896 1582 essent,
911 1549 976 1577 duo-

180 1598 268 1626 decim
288 1598 394 1633 cophini
409 1597 606 1633 superfuerunt,
631 1596 673 1623 hic
687 1603 760 1628 vero,
777 1601 889 1631 quatuor
903 1595 976 1622 mille

180 1651 242 1672 cum
267 1644 331 1677 slnt,
351 1648 453 1678 septem
475 1647 572 1678 sporta:
587 1647 728 1678 supersunt
743 1641 854 1678 (Matth.
871 1642 914 1669 ll.
928 1641 972 1668 20.

182 1691 214 1718 ει
229 1690 322 1726 )?eur
339 1697 404 1725 ergo
424 1689 540 1717 minores
553 1695 627 1716 erant
645 1688 773 1723 reliquiae,
794 1696 854 1715 cum
869 1695 920 1715 non
938 1692 975 1714 tot

182 1741 273 1764 essent
283 1736 327 1771 qui
339 1735 529 1763 comedereut?
543 1735 587 1762 Vel
598 1735 738 1762 dicendtttn
749 1739 799 1766 est,
812 1739 919 1768 sportas
930 1741 975 1760 co-

182 1781 273 1817 phinis
287 1782 402 1816 majores
414 1781 510 1814 fuisse;
526 1781 566 1808 vel
578 1789 611 1808 ne
625 1781 722 1816 paritas
736 1780 839 1807 numeri
856 1780 881 1806 in
895 1780 974 1806 mira-

181 1827 243 1854 culo
263 1827 422 1855 oblivionem
449 1831 570 1862 pareret,
594 1835 625 1854 ex
649 1826 796 1854 differentia
818 1826 973 1854 memoriam

182 1872 290 1900 illorum
312 1873 451 1904 excitasse,
477 1877 548 1900 utex
565 1873 693 1899 varietate
713 1876 741 1899 et
762 1872 839 1906 hujus
854 1876 880 1898 et
904 1871 974 1898 illius

183 1918 398 1945 recordarentur.
414 1918 528 1953 Ideoque
547 1922 608 1945 tunc
619 1918 749 1953 cophinos
766 1917 973 1952 fragmentoruut

183 1964 321 1999 discipulis
346 1972 457 1992 nttmero
478 1968 556 2000 pares
578 1964 654 1996 facit,
679 1971 749 1990 nunc
772 1971 835 1991 vero
863 1963 974 1998 panibus

183 2014 298 2044 sportas,
317 2015 345 2037 et
365 2010 390 2037 in
407 2009 457 2036 hoc
472 2018 576 2044 quoque
590 2017 664 2037 suam
681 2009 839 2036 ineffabilem
857 2013 973 2043 potesta-

183 2059 236 2082 tem
251 2056 375 2086 ostendit,
394 2061 420 2083 et
433 2055 585 2082 facilitatem
607 2055 764 2089 imperandi,
777 2063 836 2082 cunt
851 2054 932 2089 possit
948 2059 975 2081 et

183 2101 234 2129 ltoc
249 2106 277 2129 et
292 2101 337 2129 illo
351 2102 429 2129 modo
441 2101 566 2128 miracula
578 2101 668 2128 cdere.
681 2101 769 2135 Neque
781 2100 852 2128 enim
864 2100 974 2127 modica:

182 2148 322 2183 potestalis
335 2153 392 2175 erat
403 2155 541 2174 numerum
554 2154 630 2182 posse
643 2153 802 2174 conservare
813 2146 837 2172 in
850 2150 972 2180 utroque,

181 2202 243 2222 cum
255 2199 317 2222 tunc
329 2195 469 2229 quinquies
484 2194 566 2227 mille,
582 2201 651 2220 nttnc
664 2197 777 2228 quatuor
788 2192 859 2219 tnille
873 2196 971 2223 essent,

182 2248 233 2268 nec
245 2241 331 2276 plura,
355 2248 404 2268 nec
426 2242 549 2275 pauciora
574 2239 720 2273 fragmenta
747 2239 870 2273 relinqui,
893 2246 972 2274 quam

183 2291 245 2314 tunc
263 2286 382 2322 cophini,
406 2293 476 2313 nunc
499 2291 596 2320 sporta:
617 2289 762 2320 caperent,
775 2284 825 2312 etsi
848 2291 974 2312 numerus

181 2333 352 2360 convivarum
377 2340 430 2360 non
454 2339 500 2367 par
510 2337 590 2359 esset.
608 2331 680 2358 Finis
698 2331 739 2358 hic
753 2337 780 2358 et
793 2331 818 2358 iu
834 2331 923 2366 priore
935 2330 973 2358 si-

182 2377 253 2404 milis
262 2378 318 2405 luit.
328 2377 394 2405 Nam
408 2383 479 2409 tunc,
492 2377 609 2404 dimissis
624 2377 717 2408 turbis,
733 2376 836 2410 navigio
852 2376 972 2409 recessit,

181 2427 209 2451 et
224 2423 266 2451 hic
280 2424 353 2456 item,
371 2428 399 2451 ut
410 2423 526 2452 Joannes
542 2423 616 2458 (Cap.
628 2422 654 2450 6.
672 2422 716 2455 l7)
735 2423 808 2450 dicit.
821 2423 886 2456 Quia
901 2423 972 2449 enim

182 2468 284 2496 nullum
297 2470 400 2505 signum
421 2469 489 2497 adeo
510 2469 612 2496 turbam
633 2469 773 2496 inducebat
792 2469 824 2496 ad
844 2469 916 2495 illunt
931 2476 974 2496 se-

181 2516 326 2550 queudum,
338 2521 367 2544 ut
380 2523 477 2552 panum
493 2516 649 2543 miraculum
661 2537 669 2548 ,
687 2520 714 2542 et
733 2515 782 2542 hoc
803 2515 882 2543 modo
899 2516 972 2550 sequi

181 2562 256 2590 illum
268 2583 277 2596 ,
290 2562 336 2590 sed
357 2563 437 2590 etiam
459 2569 550 2597 regem
571 2562 657 2590 facere
672 2562 814 2593 volebant,
829 2567 857 2588 ut
867 2570 973 2589 omnetn

182 2607 330 2644 tyrannidis
349 2608 526 2644 suspicionem
543 2609 662 2640 devitet,
679 2613 737 2642 post
756 2607 906 2641 hujusmodi
922 2607 972 2634 mi-

181 2653 300 2681 raculum
324 2654 440 2682 recedit:
456 2661 506 2682 nec
526 2654 647 2689 pedibus,
673 2662 705 2681 ne
727 2654 763 2681 illi
786 2658 971 2688 sequerentur,

180 2699 228 2728 sed
244 2699 358 2734 navigio.
375 2699 418 2728 39.
434 2698 468 2727 Et
490 2700 593 2727 dimissa
610 2700 692 2733 turba,
711 2701 804 2735 inquit.
821 2700 934 2727 ascendit
947 2699 973 2726 in

182 2746 335 2776 nauiculam,
350 2750 373 2773 et
396 2746 462 2773 venit
484 2747 510 2773 in
531 2747 595 2780 [inter
610 2746 741 2782 Magdala.
764 2745 839 2781 (Cap.
855 2745 925 2780 XVI)
946 2745 971 2772 l.

182 2789 214 2819 Et
227 2792 372 2820 accedentes
384 2791 508 2820 Phariuei
522 2797 545 2819 et
564 2792 700 2820 Sadductei
721 2793 842 2828 rogabant
858 2801 924 2824 eum.
945 2797 973 2819 at

180 2839 281 2874 tignum
299 2838 331 2865 de
348 2837 411 2865 ctelo
421 2838 562 2865 ostenderet
576 2839 621 2866 eis.
644 2838 671 2865 2.
688 2837 736 2865 Ille
746 2843 829 2865 autent
842 2838 906 2865 dixit
917 2839 972 2865 eis:

182 2883 290 2920 Vespere
305 2885 375 2921 facto
387 2883 486 2919 dicitis,
505 2885 626 2913 Serenum
639 2886 684 2912 erit
697 2894 705 2912 :
718 2885 885 2913 rubicundum
903 2886 969 2913 enim

636 159 662 186 S.
679 157 817 186 JOA‘NNZS
836 157 1069 186 CIIRYSOSTOJII
1090 158 1247 187 .\IlCllll€P.
1267 160 1532 188 CONSTANTINOP.

1779 161 1831 190 593

1040 214 1128 242 mlunt
1139 221 1175 242 est
1184 223 1194 247 ,'
1209 217 1234 244 5.
1249 222 1272 244 et
1295 225 1376 246 "tunc.
1395 217 1478 245 Hodie
1500 223 1632 251 tempestas
1659 217 1705 244 erit
1720 226 1729 245 :
1744 219 1832 246 rutilat

1038 261 1103 287 enim
1116 262 1185 289 triste
1198 263 1295 289 mium.
1310 263 1337 290 ι.
1353 262 1454 290 Faciem
1464 263 1519 290 ειτιί
1534 264 1611 290 nostis
1626 264 1777 298 diiudicare.
1794 267 1830 292 si-

1038 313 1088 340 gna
1108 315 1164 334 rero
1188 312 1327 342 temporum
1350 317 1400 336 non
1421 309 1544 344 potestis?
1567 309 1700 336 Generatio
1714 319 1792 344 ,παι-ιι
1808 317 1831 337 et

1037 353 1153 380 adultera
1165 355 1266 389 signum
1285 357 1384 390 qntert't,
1405 361 1428 382 et
1440 356 1540 391 signant
1554 365 1602 383 non
1616 357 1716 383 dubitur
1733 358 1766 388 ei,
1783 359 1830 383 nisi

1036 399 1135 433 tignum
1149 399 1224 426 Jome
1238 403 1376 436 prop/tem.
1391 401 1425 428 Et
1439 402 1611 436 derelinquat:
1625 411 1666 429 eos
1680 403 1751 430 abiit.
1764 403 1830 429 .‘llar-

1036 452 1084 472 cus
1096 451 1184 473 autem
1200 447 1274 480 dicit,
1289 448 1356 475 Cum
1364 448 1539 475 accessissent
1552 454 1578 476 et
1588 454 1747 482 t|ll:l'f‘ert'lll,
1757 451 1827 483 ivgu-

1037 491 1136 518 muisse
1145 493 1250 526 spiritu.
1262 501 1293 519 ac
1309 493 1408 521 dixisse
1424 502 1430 521 :
1449 494 1516 526 Quid
1527 495 1654 529 generatio
1669 496 1716 521 ista
1729 495 1830 530 signum

1035 538 1124 571 quterit
1137 537 1231 569 (Marc.
1246 539 1272 566 8.
1292 539 1356 574 ηρ
1372 540 1426 567 l-ltsi
1452 541 1510 566 talis
1526 540 1698 575 interrogatio
1722 541 1787 567 iram
1803 547 1830 566 et

1036 582 1244 618 indignationem
1261 585 1344 619 possit
1363 586 1488 615 excitare.
1503 591 1620 612 attamen
1642 586 1770 620 benignus
1785 586 1829 613 ille

1037 627 1165 656 Dominus
1178 637 1230 655 non
1246 630 1378 664 irascitur,
1396 631 1442 658 sed
1459 631 1600 658 miseratur
1621 631 1681 658 illos
1694 635 1827 665 tamquam

1036 673 1173 700 incurahili
1197 675 1290 702 morbo
1304 675 1464 706 laborantes.
1482 676 1527 711 qui
1543 682 1601 710 post
1617 681 1715 703 lautam
1732 682 1827 711 poten-

1036 718 1078 744 tia:
1093 726 1149 746 sua:
1171 719 1437 753 demonstrationem,
1458 726 1587 748 tentatum
1602 722 1718 748 veniant.
1737 721 1826 756 Neque

1034 764 1105 791 enim
1116 765 1279 793 accedebant
1293 771 1321 793 ut
1328 767 1477 800 crederent,
1490 768 1536 794 sed
1551 773 1579 794 ut
1589 767 1825 802 reprehenderent.

1035 811 1100 838 Nam
1115 811 1148 844 si,
1161 816 1190 839 ut
1209 813 1362 846 crederent,
1377 814 1562 847 accessissent,
1577 815 1693 842 dedisset
1713 815 1801 850 utique
1816 825 1824 844 :

1033 857 1077 891 qui
1098 858 1168 884 enim
1191 858 1293 886 mulieri
1317 859 1392 891 dixit,
1409 859 1469 886 Non
1483 865 1519 887 est
1542 860 1634 887 bonum
1654 861 1824 897 (Matt/n15.

1033 901 1090 937 26),
1105 907 1132 930 et
1154 908 1244 937 postea
1267 904 1370 939 signum
1393 905 1475 937 dedit,
1494 906 1577 932 tnulto
1599 907 1682 941 magis
1698 907 1739 934 his
1751 915 1822 942 pra:-

1033 947 1144 975 buisset.
1157 948 1255 976 Verum
1269 951 1330 984 quia
1341 957 1394 978 non
1407 951 1562 986 quaerebant
1575 956 1603 978 ut
1616 952 1764 985 crederent,
1778 953 1825 988 hy-

1034 994 1147 1028 pocritas
1170 994 1228 1022 illos
1249 995 1310 1022 alibi
1335 1001 1421 1029 vocat,
1437 997 1498 1031 quia
1512 997 1581 1024 aliud
1596 998 1730 1030 dicebant,
1752 999 1822 1025 aliud

1032 1040 1193 1068 sentiebant.
1216 1041 1243 1068 Si
1257 1041 1328 1068 enim
1343 1041 1530 1072 credidissent.
1552 1050 1604 1069 non
1620 1044 1725 1077 petituri
1737 1050 1822 1071 erant.

1032 1085 1147 1113 Aliunde
1161 1087 1240 1113 etiam
1253 1087 1339 1122 palam
1350 1092 1389 1114 est
1406 1088 1476 1122 ipsos
1491 1097 1542 1115 non
1559 1089 1713 1116 credidisse.
1734 1089 1822 1117 lucre-

1032 1131 1084 1165 pati
1097 1132 1194 1166 quippe
1208 1137 1234 1159 et
1245 1133 1384 1165 Confutati,
1399 1142 1451 1160 non
1465 1139 1629 1165 manserunt,
1644 1143 1730 1169 neque
1747 1136 1822 1163 dixe-

1031 1183 1112 1206 runt:
1133 1179 1288 1214 Ignoratuus
1311 1184 1338 1206 et
1356 1180 1477 1208 ediscere
1499 1181 1653 1215 qua-rimus.
1668 1182 1743 1215 Quod
1760 1190 1823 1209 vero

1029 1224 1132 1259 signum
1147 1224 1180 1251 de
1193 1224 1259 1251 creto
1275 1225 1419 1259 petebant?
1441 1225 1475 1252 Ut
1494 1225 1577 1252 solem
1592 1226 1708 1259 sisteret,
1726 1227 1764 1254 vel
1780 1227 1822 1253 Ιιι-

1030 1278 1089 1297 nam
1107 1270 1234 1302 frenaret,
1258 1276 1305 1298 attt
1328 1271 1438 1298 fulmina
1455 1272 1582 1304 mitteret,
1596 1277 1638 1298 aut
1653 1280 1742 1299 acrem
1761 1281 1822 1300 mtt-

1029 1321 1108 1350 taret,
1131 1323 1176 1344 aut
1194 1318 1256 1352 quid
1281 1318 1376 1346 simile.
1399 1319 1467 1351 Quid
1489 1319 1567 1353 igitur
1578 1319 1615 1346 ait
1630 1320 1703 1353 ipse?
1719 1319 1821 1346 Faciem

1028 1364 1084 1390 cali
1097 1364 1237 1398 dijudirare
1249 1365 1326 1395 scitis,
1343 1365 1415 1399 signa
1428 1372 1485 1391 vero
1494 1370 1631 1399 temporum
1645 1373 1694 1392 non
1705 1365 1821 1399 potestis?

1029 1409 1138 1436 Vidistis
1153 1410 1384 1438 mansuetudinem
1398 1415 1425 1437 et
1439 1411 1666 1438 moderationem?
1678 1411 1735 1438 Non
1749 1413 1819 1439 enim

1027 1459 1055 1482 ut
1071 1455 1143 1490 prius
1163 1456 1269 1490 negat-it
1288 1462 1314 1483 et
1328 1456 1403 1486 dixit.
1420 1456 1480 1483 Non
1495 1455 1595 1483 dabitur
1609 1457 1632 1483 ei
1645 1459 1654 1489 (
1665 1456 1757 1484 Manli.
1774 1457 1818 1484 12.

1027 1501 1061 1529 59
1072 1501 1092 1537 ),
1109 1501 1155 1528 sed
1169 1508 1277 1528 causam
1293 1509 1340 1529 cur
1361 1510 1412 1528 non
1433 1501 1478 1529 det
1498 1501 1585 1534 affert,
1601 1501 1703 1529 etiamsi
1717 1502 1752 1529 illi
1767 1511 1818 1530 non

1028 1553 1056 1575 ut
1067 1549 1201 1576 discerent
1214 1550 1417 1584 interrogarent.
1430 1550 1556 1584 Quaenam
1573 1550 1651 1585 igitur
1660 1558 1738 1578 causa
1751 1551 1819 1578 erat?

1027 1594 1061 1623 Ut
1075 1595 1102 1622 in
1112 1595 1188 1627 etelo,
1203 1596 1298 1630 inquit,
1312 1596 1383 1623 aliud
1396 1596 1501 1631 signum
1512 1601 1552 1623 est
1564 1597 1738 1631 tempestatis,
1749 1597 1818 1624 aliud

1026 1642 1234 1676 tranquillitatis,
1259 1649 1310 1670 ttec
1323 1643 1383 1677 quis
1396 1647 1539 1677 conspecto
1555 1644 1718 1677 tempestatis
1730 1643 1817 1677 signo,

1027 1687 1243 1722 tranquillitatem
1265 1692 1411 1723 exspectat,
1428 1696 1513 1724 neque
1529 1689 1555 1715 in
1570 1690 1759 1723 tranquillitate
1773 1697 1817 1717 se-

1026 1741 1088 1761 rena
1101 1739 1283 1768 tempestatem
1301 1742 1307 1759 ε
1322 1734 1360 1760 sic
1373 1733 1406 1760 de
1427 1741 1470 1760 me
1485 1741 1589 1768 quoque
1603 1734 1816 1761 existimandum.

1025 1779 1103 1807 Aliud
1117 1780 1187 1807 enim
1210 1784 1251 1806 est
1267 1785 1369 1814 tempus
1386 1779 1464 1813 hujus
1477 1779 1616 1812 adventus,
1631 1779 1702 1807 aliud
1727 1781 1816 1807 futuri.

1026 1826 1101 1854 Nunc
1114 1834 1181 1861 opus
1196 1831 1237 1853 est
1258 1826 1340 1861 signis
1354 1826 1415 1860 illis,
1430 1834 1489 1861 qum
1504 1826 1529 1853 in
1545 1831 1615 1853 terra
1630 1826 1742 1859 dantur;
1758 1835 1817 1862 qua:

1025 1874 1052 1901 in
1067 1874 1134 1901 catlo
1146 1878 1246 1906 autem,
1259 1873 1284 1899 in
1300 1872 1363 1899 illud
1386 1877 1491 1907 tempus
1505 1878 1687 1900 reservantur.
1702 1873 1775 1900 Nunc
1790 1879 1818 1901 ut

1026 1919 1145 1946 medicus
1156 1919 1226 1951 veni,
1241 1923 1303 1945 tunc
1315 1922 1344 1945 ut
1362 1918 1443 1952 judex
1456 1917 1556 1949 adero;
1572 1925 1642 1945 nunc
1660 1923 1688 1945 ut
1700 1926 1816 1953 quaram

1025 1972 1073 1992 eos
1087 1964 1131 2000 qui
1150 1969 1318 1996 erraverunt,
1343 1968 1405 1990 tunc
1420 1968 1449 1991 ut
1468 1964 1584 1991 rationes
1597 1969 1726 1998 repetam.
1743 1964 1818 1991 illm)—

1024 2018 1079 2045 que
1087 2010 1172 2037 latens
1186 2009 1262 2040 veni;
1278 2014 1340 2037 tunc
1353 2009 1456 2044 publice
1469 2015 1495 2036 et
1509 2010 1595 2044 palam
1615 2011 1695 2037 caelos
1707 2012 1815 2037 convol-

1026 2064 1095 2090 vam,
1107 2056 1190 2083 solem
1206 2055 1375 2086 abscondam,
1388 2055 1476 2082 lunam
1488 2063 1541 2082 non
1554 2055 1639 2082 sinam
1653 2058 1717 2082 dare
1731 2056 1815 2083 lucem

1025 2109 1109 2129 suam.
1124 2101 1198 2128 ’l'unc
1210 2102 1320 2128 virtutes
1332 2101 1458 2128 caelorum
1476 2100 1662 2132 movebuntur,
1675 2102 1817 2128 adventus-

1024 2154 1076 2181 que
1095 2154 1171 2173 meus
1185 2146 1279 2173 similis
1294 2146 1345 2173 erit
1364 2145 1458 2179 fulguri
1477 2145 1617 2172 confestim
1631 2146 1751 2173 Ollllliblh
1767 2155 1815 2182 ap-

1025 2193 1137 2228 parenli.
1149 2193 1201 2220 Sed
1211 2200 1262 2220 non
1272 2198 1311 2219 est
1322 2192 1376 2227 jam
1389 2196 1492 2226 tempus
1505 2191 1654 2226 huiusmodi
1669 2193 1814 2225 signorum.

1024 2240 1090 2268 Nam
1104 2240 1162 2267 veni
1179 2239 1322 2266 moriturus
1337 2243 1363 2266 et
1379 2238 1529 2272 turpissima
1547 2245 1683 2272 passurus.
1696 2238 1751 2265 Non
1768 2247 1816 2265 au-

1024 2286 1101 2314 distis
1125 2285 1280 2320 prophetam
1305 2285 1437 2312 dicentem
1461 2293 1467 2311 :
1492 2283 1552 2310 Non
1573 2284 1713 2316 contendet,
1739 2293 1818 2319 neque

1024 2332 1153 2363 clamabit,
1167 2339 1246 2366 neque
1265 2331 1381 2357 audietur
1395 2330 1456 2365 foris
1470 2337 1518 2356 una:
1533 2329 1605 2364 ejus(
1622 2328 1682 2355 Isui.
1701 2329 1745 2356 l2.
1760 2330 1777 2356 (ὲ
1789 2330 1817 2364 )?

1024 2383 1051 2405 et
1063 2377 1143 2404 altum
1156 2384 1247 2404 rursus
1263 2385 1270 2402 :
1286 2375 1423 2402 Deaccndct
1436 2375 1500 2402 sicut
1514 2374 1599 2409 pluuia
1610 2376 1634 2402 in
1644 2375 1721 2402 vellus
1732 2375 1816 2409 (Paul.

1024 2424 1069 2451 71.
1085 2423 1126 2457 6)?

1061 2471 1087 2498 5.
1099 2471 1174 2504 Quod
1188 2471 1209 2497 si
1223 2477 1254 2497 ea
1270 2470 1343 2504 signa
1357 2469 1446 2495 dicant
1459 2476 1520 2502 qnze
1531 2467 1580 2494 sub
1599 2467 1736 2494 Pharaone
1751 2467 1819 2495 facta

1024 2521 1097 2549 sunt,
1111 2523 1175 2543 sane
1197 2516 1242 2542 illo
1265 2520 1384 2548 tempore
1404 2515 1437 2540 ah
1450 2513 1525 2541 hoste
1544 2514 1608 2548 eripi
1623 2513 1771 2548 oportebat,
1787 2522 1820 2541 ac

1024 2562 1082 2597 iure
1093 2562 1136 2588 illa
1152 2561 1250 2588 fiebant
1264 2561 1336 2594 signa
1354 2568 1360 2586 :
1379 2559 1414 2586 illi
1428 2564 1526 2590 autem,
1540 2559 1584 2594 qui
1599 2559 1631 2585 ad
1651 2559 1752 2585 amicos
1767 2559 1817 2585 ad-

1026 2609 1106 2641 venit,
1124 2616 1176 2634 non
1191 2615 1258 2642 opus
1271 2612 1312 2634 est
1327 2607 1409 2641 riguis
1423 2607 1483 2633 illis.
1501 2605 1641 2640 Quomodo
1659 2610 1746 2632 attteut
1761 2614 1816 2632 ma-

1025 2663 1075 2690 gna
1085 2655 1128 2681 illa
1139 2655 1218 2687 dabo,
1232 2661 1291 2680 cum
1303 2661 1382 2688 parva
1393 2661 1443 2679 ttott
1456 2652 1615 2679 credantur?
1626 2652 1707 2679 Parva
1717 2652 1820 2678 scilicet

1024 2705 1152 2736 quantum
1175 2700 1207 2726 ad
1229 2699 1445 2731 ostentationem,
1471 2706 1530 2725 itaut
1554 2698 1604 2724 illis
1623 2697 1719 2724 virtute
1733 2697 1819 2724 tnulto

1025 2746 1127 2780 majora
1150 2749 1221 2772 sunt.
1244 2744 1312 2778 Quid
1334 2745 1404 2772 enim
1430 2750 1477 2778 par
1501 2743 1579 2769 fuerit
1593 2747 1760 2777 peccatorum
1776 2750 1820 2769 re-

1025 2792 1166 2820 missioni?
1187 2791 1249 2826 quid
1272 2795 1324 2818 tam
1349 2790 1468 2817 mirabile
1491 2790 1569 2816 fuerit
1592 2796 1670 2823 quam
1684 2793 1818 2815 mortuum

1025 2839 1170 2870 suscitare,
1195 2838 1332 2865 darmonas
1354 2837 1452 2871 pellere
1464 2857 1471 2868 ,
1494 2842 1591 2870 corpus
1613 2835 1776 2865 reformare,
1791 2838 1818 2860 et

1025 2885 1113 2913 omnia
1139 2883 1308 2912 restaurare?
1328 2883 1367 2910 'l‘u
1388 2890 1451 2910 vero
1473 2889 1520 2909 cor
1542 2888 1634 2909 eorum
1654 2883 1814 2907 ocaecatum
