2056 3132
287 147 339 174 5‘29

286 202 436 234 considera,
451 202 494 236 qui
507 209 566 228 cum
580 201 726 232 audissent,
741 201 849 235 Signum
861 209 910 227 non
927 201 1027 228 dabitur
1039 201 1074 226 eis

287 249 334 276 nisi
355 250 454 283 signant
470 247 544 274 .lome
559 247 698 283 prop/telae,
723 254 775 273 non
799 247 971 281 interrogant.
995 246 1075 281 Atqui

286 297 425 330 Oportebat
447 303 504 326 eos.
526 295 569 330 qui
593 295 747 330 prophetam
772 298 917 327 noverant,
933 294 1075 328 omniaque

287 348 348 369 tunc
360 349 443 376 gesta,
458 346 484 368 et
498 342 554 367 ture
571 341 624 374 jam
642 341 729 368 denuo
743 340 892 372 audiebant,
909 339 1036 366 sciscitari
1049 343 1076 366 et

286 388 400 419 discere,
422 394 470 413 cur
491 386 539 412 hoc
558 386 691 413 diceretur
706 396 712 411 :
727 385 783 417 sed,
807 385 876 419 quod
895 385 959 417 dixi,
975 392 1025 411 non
1042 392 1074 411 ex

285 433 403 460 discendi
417 431 550 458 desiderio
564 432 612 457 hoe
629 431 774 464 proferunt.
790 430 902 464 Ideoque
915 429 1013 456 relictis
1023 429 1075 456 illis

287 479 359 505 :tbiil.
372 479 398 505 5.
416 478 449 503 Et
467 485 522 503 cum
541 477 672 507 uenissent,
696 476 789 510 inquit,
804 475 919 508 discipuli
939 476 992 510 ejus
1006 480 1075 502 trans

287 527 387 560 fretum,
403 524 472 549 obliti
486 527 541 548 sunt
557 530 634 556 panes
647 521 767 556 accipere.
783 522 808 547 ti.
824 521 897 547 Jesus
916 526 996 546 autem
1011 521 1075 547 dixit

286 570 335 596 illis
350 578 358 596 :
378 569 463 595 l'idete
478 574 499 594 et
514 572 595 594 cavete
608 576 622 593 ιι
636 568 756 602 [ermemo
771 566 957 593 Plini-imorum
972 573 994 593 et
1005 567 1074 593 Sad-

287 617 440 642 rlnm'orum.
466 614 519 641 Cur
540 622 590 640 non
612 613 687 644 dixit.
710 612 806 639 Cavete
821 620 835 639 a
850 612 990 639 deelrina?
1015 613 1076 639 Vult

287 665 357 687 eerte
371 660 433 694 ipsis
447 667 505 694 qua'
517 665 588 693 gesta
601 658 703 684 fuerant
722 658 745 684 in
763 658 916 684 memoriam
934 665 1073 691 revorare;

286 706 386 732 sciebat
401 705 471 732 euittt
493 705 547 738 jam
561 711 620 731 esse
633 703 739 729 oblitos.
754 703 805 730 Sed
821 703 976 737 simpliciter
995 710 1074 730 accu-

286 759 345 778 sare
368 758 419 778 non
445 750 583 777 videbatur
599 754 660 775 tunc
672 753 847 783 opportunum
867 756 947 775 esse:
973 756 1073 780 verum,

287 798 425 825 occasione
438 797 471 823 al)
484 797 534 823 illis
548 800 665 830 accepta,
687 795 823 828 increpare
838 795 896 821 illos
911 794 1073 821 tolerabilem

287 842 413 870 reddeth
435 842 638 869 accusationem.
665 840 697 866 Et
722 848 768 867 cur
791 848 841 866 tton
859 844 918 866 tunc
932 840 1075 874 increpavit

286 896 332 915 eos
345 896 403 915 cum
418 888 550 918 dixcrttnt,
569 886 641 913 Unde
655 886 725 912 nobis
740 886 766 912 in
780 885 914 912 solitudine
926 890 960 912 tot
979 886 1076 918 partes?

287 934 352 961 Nam
371 939 432 960 lttnc
454 933 609 960 videbantur
624 932 680 958 lnec
703 936 849 965 opportune
868 932 918 958 dici
936 939 1022 965 possr.
1038 932 1075 959 Ne

287 979 420 1006 ridi-retur
433 978 465 1005 ad
477 979 579 1013 signum
596 977 743 1004 faciendum
757 985 874 1004 currere.
895 978 1016 1011 Alioquin
1030 986 1076 1004 att-

288 1030 339 1051 tetn
353 1025 457 1052 nolebat
469 1033 558 1051 coram
571 1024 653 1051 turbis
665 1024 722 1050 illos
733 1031 853 1057 arguere,
868 1024 906 1050 vel
919 1031 977 1050 sese
987 1029 1076 1051 osten-

288 1076 353 1097 tare.
380 1070 454 1097 Nunc
478 1077 541 1096 vero
569 1069 743 1104 opportunior
767 1070 910 1099 thl'llsntiu,
937 1070 996 1103 quia
1018 1075 1076 1104 post

287 1116 382 1151 duplex
398 1116 552 1142 miraCqum
571 1115 636 1141 tales
650 1120 735 1141 erattl.
763 1114 862 1141 Idcirco
876 1123 934 1141 eum
949 1115 1019 1141 aliud
1037 1115 1075 1142 le-

287 1162 367 1188 ClSSt'l
395 1161 567 1190 miraculum,
598 1166 658 1187 tunc
687 1161 820 1194 increpat,
852 1161 1076 1195 cogitationesque

288 1205 403 1241 ipsarum
421 1207 446 1233 in
462 1206 576 1233 medium
593 1206 721 1240 producit.
734 1206 799 1238 Quid
811 1214 892 1241 porro
906 1206 1076 1241 Cogitabam?

288 1253 313 1278 7.
328 1252 393 1285 Quia
408 1259 486 1286 panes
501 1260 549 1278 non
563 1260 712 1286 accepimus,
727 1252 816 1285 inqu5t.
831 1251 923 1278 Adhuc
937 1253 1005 1278 enim
1017 1260 1077 1286 pur-

286 1297 574 1332 gationibus-Jndaicis
597 1302 671 1323 erant
695 1296 800 1327 addicti,
827 1304 941 1323 necnon
955 1297 1076 1324 ciborum

285 1343 533 1374 observationibus;
560 1342 671 1376 ideoque
691 1349 782 1368 eorum
805 1343 921 1368 omnium
938 1350 1016 1370 causa
1031 1351 1075 1369 ve-

287 1388 437 1415 hementius
451 1388 475 1414 itt
489 1387 546 1414 illos
558 1387 698 1419 invehitur,
713 1387 804 1414 dicens
820 1395 826 1413 :
843 1387 868 1414 8.
884 1387 952 1420 Quid
962 1388 1076 1422 cogitatis

286 1435 311 1460 in
326 1433 393 1460 vobis
404 1434 475 1468 ipsis,
492 1433 596 1459 modica:
610 1433 683 1466 ﬁdei,
698 1432 765 1466 quod
781 1441 857 1464 panes
871 1441 920 1459 non
940 1433 1076 1467 ceperitis?

287 1481 312 1508 9.
334 1480 451 1507 Nondum
466 1479 603 1513 intelligiiis
627 1487 704 1513 neque
718 1479 901 1505 recordamini?
911 1478 1075 1505 Occmcatmn

286 1531 326 1553 est
339 1533 385 1552 cor
395 1529 522 1556 vestrum,
543 1524 632 1551 oculos
655 1524 782 1550 habentes
798 1532 848 1550 ttott
873 1523 977 1556 videtis,
998 1531 1076 1550 aures

287 1572 414 1599 habentes
430 1578 480 1597 non
494 1570 600 1597 auditis.
615 1569 673 1596 Non
687 1570 853 1596 recordamini
866 1570 973 1604 quinque
983 1578 1076 1606 panum

287 1618 311 1644 in
324 1617 430 1652 quinque
442 1616 521 1642 millia
536 1616 673 1645 hominum,
684 1620 705 1642 ει
716 1621 774 1656 quot
786 1616 906 1649 cophinus
915 1616 1077 1649 sumpsislis?

287 1662 331 1689 10.
345 1670 422 1695 neque
432 1667 525 1695 septem
545 1669 648 1695 pnunm,
669 1661 693 1686 in
709 1666 816 1694 quatuor
837 1661 917 1688 nttllia
937 1661 1074 1694 hominum,

286 1714 308 1735 el
321 1714 378 1743 quot
391 1714 489 1743 δραι-[ηε
501 1708 641 1741 sttmpsislis
650 1707 663 1733 Σ)

321 1753 466 1788 Increpatio
490 1753 676 1780 mansuetudini
694 1753 828 1787 conjuncta
844 1753 923 1780 utilis.
936 1768 971 1772 -—
986 1753 1068 1780 Viden

286 1800 411 1834 grandem
426 1798 650 1832 indignatiotn-m?
665 1798 752 1832 Neque
767 1806 875 1832 usquam
891 1798 952 1824 alibi
973 1798 1076 1825 videtur

287 1845 345 1872 “[0‘
361 1846 398 1871 sic
414 1845 573 1878 increpasse.
591 1843 642 1870 Cur
657 1852 720 1877 ergo
734 1845 766 1869 ita
790 1844 867 1870 facit?
883 1843 915 1870 Ut
931 1851 1022 1871 rursus
1036 1844 1074 1870 ci-

1070 1753 1077 1764 9

287 1891 380 1917 ιιυι·ιιιιι
396 1890 587 1916 ttltSCl‘HtliottiS
601 1890 691 1923 opinio
703 1899 752 1915 u-nt
763 1890 921 1917 elitniuaret.
934 1890 994 1917 Ideo
1005 1891 1074 1917 enim

287 1941 348 1962 tunc
361 1936 465 1961 dicebat
481 1940 592 1965 tantum,
609 1935 669 1961 Siue
684 1935 809 1961 intellectu
827 1936 894 1966 estis,
910 1943 960 1961 non
980 1935 1073 1961 lnlelli~

286 1982 360 2016 gitis;
378 1981 419 2008 hic
435 1989 497 2007 vero
516 1982 687 2008 vehementer
702 1981 863 2015 increpando
879 1982 952 2013 dicit,
968 1982 1076 2008 Modiam

286 2029 354 2058 lidei.
387 2027 443 2054 Non
473 2028 542 2053 enini
572 2027 667 2061 nitique
692 2028 919 2054 mansuetudinem
948 2028 1075 2055 adultero

286 2076 400 2106 oportet.
415 2072 449 2100 Ut
463 2072 533 2098 enim
555 2072 674 2098 litluciam
692 2073 755 2106 ipsis
770 2073 902 2100 indiderat
918 2083 923 2099 :
939 2074 977 2100 sic
991 2079 1018 2100 et
1032 2074 1074 2100 in-

285 2123 386 2152 crepat,
403 2118 451 2144 hac
473 2118 598 2144 varietate
621 2118 696 2144 saluti
714 2126 805 2145 eorum
822 2119 995 2153 prospiciens.
1010 2118 1075 2146 Vide

285 2169 374 2190 autem
387 2169 411 2189 et
427 2163 631 2196 increpationeut
660 2168 686 2189 et
701 2171 751 2189 una
766 2164 993 2191 mansuetudinettt
1007 2165 1075 2191 mul-

286 2213 348 2235 tam.
366 2208 430 2235 Natn
447 2216 505 2234 sese
517 2207 572 2234 fere
587 2216 702 2242 purgas
716 2209 786 2242 quod
801 2210 857 2236 illas
869 2217 962 2243 aspere
974 2210 1076 2244 arguis-

285 2258 335 2285 set,
349 2253 386 2279 ait
399 2261 405 2278 :
420 2252 540 2279 Nondum
554 2253 691 2288 intelligitis
699 2255 809 2289 quinque
831 2262 907 2288 panes
921 2255 947 2281 in
967 2256 1075 2290 quinque

285 2299 374 2331 millia,
389 2303 410 2324 et
423 2303 482 2331 quot
496 2298 616 2333 top/tinos
629 2300 789 2334 sumpsistis?
806 2304 828 2326 et
839 2305 932 2334 septem
955 2309 1031 2335 panes
1048 2301 1074 2327 in

284 2350 391 2379 quatuor
403 2345 492 2377 millia,
512 2350 534 2371 et
554 2350 612 2379 quo!
622 2351 720 2380 sportas
733 2347 890 2381 suntpsislis?
906 2346 966 2374 Ideo
979 2355 1073 2374 nutne-

285 2397 342 2417 rum
366 2390 442 2417 aﬂ'ert
464 2396 516 2417 tam
541 2400 631 2418 eorum
654 2392 697 2427 qui
714 2393 893 2424 comcderant,
917 2402 994 2428 quatit
1011 2395 1073 2421 reli—

284 2436 422 2470 quiarum;
437 2441 464 2463 ιιι
481 2437 531 2463 illis
546 2438 624 2465 simul
639 2439 664 2465 itt
681 2439 834 2466 memoriam
848 2445 987 2467 revocaret
1005 2448 1073 2475 pra3~

285 2482 372 2514 terita,
386 2486 410 2508 et
431 2482 464 2508 ad
482 2483 568 2509 futura
591 2484 661 2517 ipsos
680 2485 835 2511 attentiores
851 2484 982 2512 redderet.
1001 2486 1032 2512 Et
1046 2491 1074 2512 ιιι

284 2526 381 2559 discas,
392 2531 518 2561 quantttm
530 2529 613 2562 potuit
624 2529 777 2563 increpatio.
789 2535 868 2564 utque
878 2530 1072 2558 somnolentum

284 2571 402 2606 ipsorum
417 2578 532 2600 tuentem
545 2575 669 2606 erexerit,
681 2575 740 2601 andi
751 2575 812 2610 quid
824 2576 1072 2611 dieatcvangelista.

284 2617 349 2643 Nam
363 2625 422 2644 cum
434 2617 511 2645 Iesus
524 2618 588 2645 nihil
600 2620 712 2654 atnplius
721 2620 841 2653 dixisset,
853 2621 898 2648 sed
911 2621 1074 2656 iuerepasset

285 2662 342 2688 lucc
365 2667 466 2690 tantutn
491 2663 624 2696 addendo,
647 2665 689 2691 ‘ll.
707 2666 839 2696 Quomodo
859 2675 909 2692 non
925 2666 1072 2701 intelligitis,

285 2716 323 2734 me
344 2717 394 2734 non
422 2717 437 2735 (ι
463 2717 526 2743 pane
551 2718 636 2736 cavere
657 2711 750 2737 dixisse
774 2712 851 2742 vobis,
867 2712 910 2738 sed
923 2721 938 2738 ιι
953 2715 1073 2747 fermento

287 2753 473 2781 l’ltart’swortun
496 2760 518 2782 et
540 2756 759 2783 Sadducmorum?
781 2757 871 2784 subdit
888 2759 1071 2792 evangelista:

286 2799 330 2824 1‘2.
348 2798 418 2825 Tum:
427 2799 614 2832 iulellexerunt,
628 2801 686 2834 quia
700 2810 748 2828 non
762 2802 860 2828 dia'erat
873 2804 1007 2830 cavendum
1021 2813 1074 2832 esse

284 2853 300 2871 tt
308 2845 433 2879 fermento
447 2847 530 2880 panis,
546 2847 589 2874 sed
607 2855 622 2873 a
635 2847 748 2874 doctrina
765 2847 951 2877 Plan-imorum
962 2856 984 2879 et
1002 2852 1070 2879 Sad—

796 144 826 171 lN
847 144 1049 172 MATTHAEUM
1068 143 1181 171 llOllllL.
1203 144 1267 171 Llll.
1288 145 1321 172 nl.
1344 145 1410 173 LIV.

1861 148 1915 175 550

1131 201 1290 235 dumorum;
1303 202 1404 229 etiamsi
1418 202 1461 229 ille
1477 202 1533 229 ha‘c
1547 210 1598 230 non
1614 203 1705 230 luisset
1717 204 1913 239 in'erpretatus.

1131 246 1194 275 Vide
1207 252 1303 282 quanta
1319 247 1385 275 bona
1397 248 1516 275 attulerit
1530 249 1684 283 increpatio.
1695 249 1761 276 Nam
1771 257 1785 275 a
1798 249 1915 278 Judaieis

1127 292 1355 320 observationibus
1370 293 1429 320 illo:
1444 293 1564 326 abduxit,
1586 299 1612 320 et
1632 294 1758 322 socordes
1772 300 1860 326 antea,
1877 294 1914 321 le-

1127 338 1163 364 cit
1174 338 1339 372 attentiores,
1363 343 1441 373 atqtte
1464 346 1477 364 a
1499 338 1558 366 lidci
1576 338 1756 367 imbecillitate
1771 340 1911 372 revocavit,

1127 383 1162 409 ita
1178 389 1204 410 ut
1216 391 1267 410 non
1284 384 1401 416 tinteant,
1415 392 1500 419 neque
1515 384 1665 416 formident,
1688 385 1709 411 si
1729 386 1834 419 quando
1849 394 1913 420 pau-

1127 437 1172 456 cos
1187 437 1268 464 panes
1288 430 1412 464 habeant,
1435 438 1520 465 neque
1534 430 1568 458 de
1590 430 1659 458 laute
1681 431 1795 457 cavenda
1808 432 1912 459 solliciti

1127 475 1190 508 sint,
1205 475 1250 502 sed
1266 475 1322 502 lucc
1336 476 1423 503 omnia
1435 480 1615 503 coutetuuant.
1632 476 1670 503 Ne
1682 477 1768 511 itaque
1784 485 1832 504 nos
1845 485 1911 504 sem.

1128 527 1174 554 per
1186 521 1313 546 assentari
1336 521 1448 548 subditis
1459 521 1582 554 velimus,
1599 529 1647 548 nec
1660 526 1784 556 optemus
1798 527 1826 548 ut
1839 522 1854 548 ii
1869 524 1913 557 qui

1128 566 1204 592 nobis
1224 571 1341 600 pra-sunt
1360 567 1436 594 nobis
1460 567 1626 594 adulentur‘.
1642 566 1705 593 Nam
1722 573 1833 602 utroque
1849 576 1914 602 opus

1128 610 1207 638 habet
1230 619 1304 640 meus
1321 613 1436 640 humana
1459 613 1585 640 remedio.
1611 613 1672 640 Ideo
1696 613 1764 640 Deus
1778 621 1821 641 res
1837 613 1915 647 hujus

1128 656 1218 683 mundi
1238 657 1276 684 sic
1297 657 1476 689 administrat,
1491 666 1521 684 ac
1533 658 1611 684 modo
1629 657 1690 689 hoc,
1707 657 1785 684 modo
1799 657 1861 684 illud
1877 657 1915 684 la-

1127 703 1172 735 cit,
1197 711 1281 738 neque
1305 703 1373 730 bona
1400 705 1545 736 manentia,
1575 711 1659 738 neque
1686 703 1751 729 mala
1768 704 1830 730 sinit
1844 710 1913 730 esse.

1127 748 1354 782 Quemadmodum
1368 749 1436 775 enim
1448 748 1527 775 tnodo
1538 749 1605 782 dies,
1617 748 1695 775 modo
1706 756 1757 774 nox
1771 753 1822 779 est,
1836 748 1914 774 modo

1127 799 1216 827 a-stas,
1240 794 1319 821 modo
1343 794 1445 821 hiems:
1460 795 1498 821 sic
1523 799 1549 821 et
1574 795 1599 821 in
1615 794 1691 821 nobis
1706 793 1786 820 modo
1799 794 1855 819 trist
1869 794 1914 824 tia,

1127 840 1207 866 ntodo
1229 839 1369 873 voluptas;
1400 839 1478 865 modo
1505 840 1622 871 morbus,
1649 839 1728 866 modo
1755 839 1862 866 sanitas.
1877 838 1914 865 Ne

1127 892 1190 919 ergo
1213 886 1339 911 miretnur
1354 885 1375 911 si
1390 889 1556 919 agrotemus,
1572 884 1676 918 quando
1685 884 1762 910 etiam
1775 891 1833 910 cum
1847 883 1914 910 bene

1127 932 1246 958 valemus
1260 930 1409 957 mirandum
1422 931 1490 957 cst'.
1503 929 1592 964 Neque
1609 931 1744 956 lttrbemur
1753 937 1812 956 cum
1824 929 1915 955 dolore

1128 977 1259 1011 angimur,
1285 983 1344 1002 nam
1370 975 1474 1009 quando
1496 975 1652 1009 gaudemus,
1676 975 1790 1000 maxime
1815 974 1914 1000 turbari

1129 1030 1175 1057 par
1187 1026 1236 1049 est.
1250 1022 1343 1048 Omnia
1366 1021 1463 1056 quippe
1485 1019 1630 1046 secundum
1651 1023 1771 1046 naturam
1784 1025 1809 1045 et
1826 1027 1914 1045 rerum

1128 1068 1222 1094 seriem
1236 1066 1370 1093 eveniunt.

1163 1115 1189 1141 4.
1213 1113 1274 1141 llwc
1287 1114 1336 1140 vita
1357 1113 1425 1139 bonis
1439 1117 1460 1138 et
1475 1112 1547 1138 "talis
1559 1110 1737 1146 permixta.—
1748 1105 1847 1143 Ecquid
1862 1109 1896 1135 ιιιί
1906 1123 1912 1127 -

1129 1160 1196 1187 raris
1211 1160 1232 1186 si
1257 1158 1314 1185 lucc
1336 1158 1380 1184 tibi
1403 1157 1566 1191 contingant,
1592 1155 1698 1190 quando
1721 1155 1800 1182 etiam
1817 1155 1916 1182 sanctis

1128 1206 1270 1241 Contigisse
1284 1205 1333 1232 \‘id-
1344 1204 1420 1231 ntus?
1435 1203 1466 1231 Ut
1481 1207 1567 1229 autetn
1582 1201 1644 1229 illttd
1655 1201 1767 1231 ediscas,
1781 1208 1828 1235 age
1837 1208 1914 1234 qttattt

1129 1253 1207 1279 vitam
1222 1257 1299 1286 putas
1313 1250 1445 1283 voluptate
1461 1249 1563 1283 plenam
1575 1253 1600 1274 et
1613 1255 1627 1273 a
1642 1246 1754 1281 negotiis
1767 1250 1914 1276 vacantem,

1129 1298 1154 1325 in
1168 1297 1280 1324 medium
1293 1295 1463 1322 addtnatuus.
1481 1293 1560 1320 Visne
1571 1292 1684 1319 Abralta:
1700 1291 1779 1318 vitam
1793 1298 1808 1317 a
1820 1291 1915 1325 princi.

1130 1344 1173 1379 pio
1192 1341 1392 1370 exantinetnus?
1414 1340 1481 1373 Quid
1505 1347 1568 1374 ergo
1593 1339 1638 1365 ille
1663 1338 1774 1372 pritnttm
1799 1336 1915 1363 audivit?

1129 1390 1255 1425 Egredere
1270 1389 1300 1415 de
1315 1393 1380 1414 terra
1394 1392 1436 1414 tua
1447 1391 1469 1413 et
1485 1386 1515 1412 de
1527 1385 1673 1421 cognatione
1683 1389 1725 1410 tua
1737 1383 1811 1418 (Gen.
1823 1384 1864 1410 12.
1879 1384 1914 1418 1).

1128 1435 1249 1464 Vidistin‘
1264 1434 1415 1461 tuandattttn
1439 1432 1529 1459 dolore
1551 1430 1675 1465 plenum?
1700 1429 1752 1457 Sed
1775 1429 1835 1456 vide
1859 1437 1914 1456 rem

1129 1489 1283 1518 prnSperam
1306 1479 1465 1507 succedere:
1481 1477 1512 1504 Et
1536 1477 1589 1504 veni
1607 1477 1633 1503 in
1648 1481 1739 1503 terram
1754 1483 1828 1509 quant
1843 1483 1915 1501 mon-

1128 1533 1237 1555 stravere
1253 1526 1307 1559 tibi,
1321 1531 1343 1552 et
1358 1525 1451 1560 faciant
1467 1529 1490 1550 te
1501 1524 1526 1549 in
1539 1527 1635 1558 gentem
1649 1529 1775 1556 magnam.
1784 1520 1850 1554 Quid
1867 1520 1915 1555 igi-

1130 1575 1187 1601 tttr?
1201 1581 1234 1600 an
1249 1573 1292 1599 ubi
1312 1572 1337 1598 in
1364 1577 1459 1598 terram
1484 1569 1563 1601 venit,
1586 1573 1612 1596 cl
1634 1568 1666 1595 ad
1686 1573 1789 1602 portum
1805 1567 1914 1601 appulit,

1130 1620 1212 1648 tristia
1227 1617 1384 1646 cessarunt?
1398 1617 1582 1651 Nequaquam;
1595 1615 1648 1641 imo
1659 1614 1708 1640 alia
1718 1613 1849 1647 prioribus
1857 1621 1914 1647 gra-

1129 1666 1202 1692 viora
1216 1665 1287 1691 illum
1300 1667 1477 1697 exceperunt;
1495 1661 1577 1687 tantes
1590 1664 1616 1686 et
1630 1659 1836 1693 tranSmigratio,
1853 1666 1915 1684 uxo-

1129 1713 1166 1739 ris
1179 1717 1286 1745 raptus:
1300 1715 1326 1737 et
1338 1710 1426 1743 postea
1440 1709 1506 1734 bona
1522 1707 1571 1733 alia
1588 1709 1784 1735 successerunt,
1803 1704 1917 1731 Pharao-

1129 1758 1170 1784 nis
1182 1756 1267 1791 plaga,
1287 1754 1417 1785 dimtssio,
1435 1753 1529 1784 honor,
1555 1751 1638 1777 multa
1661 1750 1703 1777 illa
1719 1749 1799 1780 dona,
1817 1748 1916 1775 reditus

1128 1804 1245 1830 domum.
1272 1802 1335 1835 Quae
1357 1803 1501 1834 sequuntur
1522 1805 1611 1825 atttem
1633 1796 1725 1823 cadent
1741 1795 1810 1822 serie
1826 1802 1917 1829 proe-

1128 1849 1204 1880 dunt,
1218 1847 1294 1874 bonis
1308 1851 1334 1873 et
1354 1845 1431 1872 malis
1454 1843 1592 1878 permixta.
1614 1841 1748 1876 Apostolis
1763 1848 1867 1874 quoque
1881 1848 1917 1865 κς-

1129 1894 1199 1921 tnilia
1214 1896 1370 1919 evenerunt.
1386 1890 1446 1916 Ideo
1461 1888 1556 1915 Paulus
1570 1887 1691 1914 dicebat:
1709 1886 1758 1918 Qui
1775 1885 1917 1911 consolatur

1128 1947 1173 1965 nos
1189 1939 1213 1964 in
1233 1937 1299 1964 οηιηὶ
1321 1935 1490 1965 tribulatione,
1512 1938 1537 1959 ut
1553 1932 1676 1968 possimus
1696 1936 1718 1957 et
1734 1939 1778 1957 nos
1793 1930 1917 1956 consolari

1128 1992 1178 2014 eos,
1196 1984 1236 2017 qui
1250 1984 1274 2008 in
1289 1982 1355 2008 omni
1371 1979 1532 2007 tribulatione
1546 1983 1603 2005 sunt
1626 1976 1662 2012 (‘2.
1679 1976 1737 2002 Cor.
1753 1976 1777 2002 1.
1794 1975 1832 2009 4).
1849 1975 1888 2007 Qu
1900 1975 1916 2001 d

1129 2030 1186 2056 haec
1197 2028 1229 2055 ad
1245 2035 1297 2060 me,
1311 2027 1423 2060 inquies,
1439 2025 1481 2059 qui
1494 2031 1600 2058 semper
1616 2023 1640 2049 in
1655 2021 1749 2048 dolore
1761 2020 1917 2047 νει-δοιιῖΝο

1130 2077 1256 2110 ingratus,
1271 2081 1302 2099 nc
1317 2071 1504 2098 beneﬁciorum
1518 2071 1657 2096 immemor
1666 2072 1723 2094 esto
1735 2075 1741 2093 :
1753 2073 1837 2100 neque
1846 2066 1915 2092 euitn

1130 2121 1184 2147 lieri
1199 2122 1287 2154 potest
1301 2123 1329 2145 ut
1341 2117 1401 2152 quis
1416 2123 1521 2150 semper
1535 2115 1560 2141 in
1572 2113 1663 2140 dolore
1674 2117 1810 2139 versetur:
1826 2118 1877 2137 non
1891 2110 1914 2136 id

1129 2172 1221 2193 natura
1234 2165 1302 2191 ferre
1314 2167 1417 2197 pmsct;
1430 2160 1475 2188 sed
1487 2160 1547 2194 quia
1558 2166 1663 2192 semper
1673 2157 1698 2184 itt
1710 2156 1805 2191 gaudio
1816 2156 1915 2182 vet-Sari

1127 2212 1264 2240 vellemus.
1281 2209 1339 2236 ideo
1353 2216 1400 2234 nos
1423 2213 1528 2240 semper
1543 2205 1568 2231 in
1583 2210 1698 2231 mcerore
1711 2209 1770 2229 esse
1783 2205 1914 2239 putamus.

1128 2258 1218 2292 Neque
1232 2256 1280 2282 hac
1293 2255 1325 2282 de
1340 2261 1419 2281 causa
1435 2257 1544 2282 tantum,
1570 2250 1615 2277 sed
1632 2249 1691 2284 quia
1707 2249 1835 2275 bonarunt
1859 2255 1916 2281 pro-

1127 2310 1317 2339 sperarumque
1327 2307 1415 2328 rerum
1424 2299 1512 2325 statim
1527 2296 1717 2327 obliviscitnttr,
1727 2294 1840 2320 tristium
1853 2301 1915 2319 vero

1127 2356 1233 2383 semper
1247 2346 1425 2376 recordanntr,
1436 2343 1533 2371 idcirco
1544 2349 1592 2368 ttos
1606 2339 1744 2375 setttperin
1757 2339 1849 2366 dolore
1857 2345 1917 2364 esse

1128 2381 1250 2422 dicimus.
1265 2393 1353 2427 Neque
1369 2391 1438 2418 enitn
1456 2393 1542 2424 potest
1557 2388 1636 2414 homo
1655 2393 1761 2419 semper
1776 2385 1800 2411 in
1816 2381 1918 2410 dolori-

1129 2443 1177 2469 bus
1191 2449 1260 2468 esse.
1276 2440 1302 2466 Si
1320 2439 1404 2473 placet
1417 2441 1515 2467 autem,
1528 2442 1587 2461 etmt
1601 2433 1644 2468 qui
1659 2433 1684 2459 in
1698 2431 1801 2459 deliciis
1811 2435 1916 2462 semper

1129 2490 1208 2514 vitam
1223 2486 1276 2521 agit
1290 2485 1469 2519 exploremus,
1484 2481 1626 2508 delicatum
1640 2484 1746 2509 nempe,
1763 2475 1914 2502 al'lluentetn

1128 2532 1260 2563 omnibus,
1281 2537 1383 2558 necnon
1398 2534 1585 2556 aerumnosum,
1606 2524 1743 2555 al'llicttun,
1760 2529 1785 2548 tn
1802 2526 1916 2547 mmrore

1130 2583 1292 2608 versantem.
1303 2576 1369 2603 Naut
1381 2571 1620 2602 demonstrabimus
1632 2569 1716 2601 vobis,
1725 2575 1774 2594 nec
1787 2567 1859 2594 illum
1870 2565 1916 2591 do-

1130 2628 1204 2658 loris,
1220 2632 1267 2652 nec
1283 2624 1352 2650 ltttnc
1363 2620 1559 2656 tranquillitatis
1574 2624 1681 2652 prorsus
1695 2619 1830 2648 expt'llt'lll
1845 2620 1913 2639 θὴρ.

1131 2673 1227 2699 Verum
1238 2679 1269 2697 ne
1279 2667 1429 2697 turbemini.
1446 2667 1615 2700 Supponatur
1629 2663 1654 2689 in
1671 2661 1758 2689 medio
1771 2659 1915 2686 consiSIcre

1161 2765 1169 2780 ί
1187 2764 1248 2788 Editi
1262 2767 1286 2787 ιιι
1300 2763 1324 2786 iu
1338 2765 1406 2786 textu
1419 2760 1518 2784 habent.
1532 2761 1596 2788 λιες..
1608 2763 1652 2782 nec
1672 2758 1779 2786 optemus
1791 2755 1814 2777 ut
1826 2751 1914 2777 subttttt

1129 2794 1359 2854 ⁷”’ί⁷⁷Ᾰίὲῗί’ἒίΖέε’Ῐέῖ-ξιο
1382 2821 1521 2854 dulmtrtum.
1541 2827 1561 2844 st
1573 2821 1724 2850 (ιτζΙΤοῗέἻηῖτδ,
1736 2815 1832 2848 (Ιαπάο
1844 2814 1914 2839 ’σπη’

1127 2864 1180 2882 Cum
1194 2851 1251 2882 bello
1265 2851 1377 2883 raleuias,
1390 2851 1520 2877 (latendum
1531 2855 1574 2876 cst.
1899 2870 1902 2872 .
