2056 3132
150 135 200 163 551

150 200 255 220 servum
271 191 418 223 hominem,
431 194 458 217 et
468 189 548 217 alium
567 196 655 224 regem
669 188 794 223 juvenem
807 195 839 214 ac
853 185 940 221 pupil-

148 239 213 272 lum,
227 239 271 274 qui
282 237 458 266 hereditatem
466 237 501 264 sit
511 237 644 271 ingentem
654 239 813 269 assequutus
824 242 831 261 :
844 239 940 268 propo-

148 290 226 312 natur
233 285 313 312 etiam
325 284 505 312 mercenarius
518 283 561 318 qui
574 286 630 309 toto
643 281 687 309 die
701 281 812 310 laboret,
821 279 941 313 aliusque

148 331 193 366 qui
209 334 338 365 perpetuo
352 330 377 356 in
390 330 493 357 deliciis
507 329 587 355 vivat.
604 327 649 355 Vis
663 327 734 353 illius
747 325 859 360 primum
871 330 940 351 inm-

147 384 223 405 rores
235 377 420 404 describamus
433 376 476 410 qui
489 376 514 402 in
529 374 630 402 deliciis
648 372 731 400 vivit?
748 371 839 406 Cogita
853 378 939 405 quan-

148 428 202 450 tum
217 428 340 457 oporteat
353 422 425 450 illum
442 422 570 449 ﬂuctuare
581 425 607 448 et
617 419 721 454 agitari,
733 426 794 446 cum
810 416 938 451 majorem

145 469 247 504 appetit
260 470 382 504 gloriam,
399 477 477 504 quain
488 467 591 502 assequi
603 466 700 501 possit;
716 472 776 492 eum
787 471 800 490 a
812 463 940 490 domesti-

145 515 184 541 cis
200 514 355 550 despicitur,
369 523 383 540 a
398 513 544 541 minoribus
558 511 720 539 contumelia
736 509 865 541 afficitur;
876 517 938 536 cunt

146 560 220 587 mille
234 559 314 587 habet
326 564 506 590 accusatores,
523 558 566 593 qui
582 557 641 592 ejus
657 559 780 590 sumptus
795 555 938 582 immensos

145 606 356 638 calumnicntnr;
368 611 395 633 et
408 606 457 632 alia
469 608 600 639 quotquot
620 603 645 630 in
664 602 746 629 tantis
760 601 860 628 divitiis
871 609 938 628 con~

146 653 249 687 tingere
262 653 359 683 solent.
374 659 433 686 qua:
447 658 480 678 ne
494 650 546 678 dici
569 649 675 685 quidem
688 652 814 684 possunt;
836 652 863 674 ut
876 651 938 674 sunt

145 699 300 728 inimicitia.
322 698 493 729 oﬂensiones,
509 697 702 727 accusationes,
724 695 830 726 danunt,
846 694 937 721 mutae

144 744 249 771 insidiae
263 744 424 776 invidorum,
438 743 483 778 qui
498 750 559 771 cum
571 751 621 770 non
633 742 735 777 possint
748 741 854 768 divitias
866 740 937 768 illius

144 790 170 817 in
186 798 215 817 sc
228 790 383 821 transferre,
404 789 530 824 juvenem
553 789 669 824 undique
689 788 840 820 traducunt,
867 787 937 814 laee-

143 841 212 869 raut,
228 836 383 864 innumeras
406 836 454 871 ipsi
479 841 652 871 tempestates
671 836 797 863 excitam.
822 834 866 862 Vis
889 833 936 861 tibi

143 883 300 909 mercenarii
316 883 385 909 illius
398 882 546 917 voluptates
558 881 729 909 recenseam?
744 881 783 908 Ab
796 881 839 908 his
847 879 937 907 omni-

142 927 192 954 bus
207 928 273 956 liber
287 933 344 955 est:
357 928 459 954 etiamsi
481 928 540 962 quis
561 927 633 954 illum
648 927 808 954 contumelia
826 927 934 961 alliciat,

144 980 196 999 non
208 972 291 1006 dolet,
308 973 414 1000 nemine
429 980 458 999 se
472 973 600 1006 majorem
623 977 706 1007 putat,
722 980 774 998 non
791 980 821 999 ex
836 973 935 1000 divitiis

143 1017 229 1050 timet,
239 1026 298 1044 cum
309 1018 443 1053 voluptate
454 1018 542 1045 cibum
554 1017 634 1051 capit,
646 1024 705 1044 cum
718 1018 814 1052 gaudio
824 1017 933 1046 dormit.

140 1061 198 1089 Non
214 1063 248 1090 ita
263 1063 386 1090 laetantur
397 1063 423 1094 ii,
434 1063 477 1097 qtti
490 1063 617 1090 Thasium
633 1062 722 1089 vinum
737 1067 838 1096 potant,
853 1063 935 1090 utille

140 1114 200 1134 cum
215 1108 270 1134 abit
289 1109 321 1134 ad
338 1109 423 1135 fontes
435 1114 462 1135 et
474 1107 508 1135 ad
527 1115 656 1141 aquarum
679 1108 776 1135 fluenta
793 1107 932 1137 bibiturus.

140 1153 192 1182 Sed
208 1155 352 1189 supradicti
369 1155 439 1182 illius
463 1162 515 1182 non
533 1154 591 1181 talis
611 1159 652 1181 est
671 1154 799 1182 conditio.
821 1154 896 1189 Quod
910 1156 932 1182 si

139 1198 197 1226 ha‘c
209 1207 262 1226 non
279 1200 325 1227 tibi
339 1200 404 1227 satis
417 1200 480 1233 sint,
497 1204 526 1227 ut
544 1199 672 1234 majorem
691 1200 827 1227 victoriam
840 1208 934 1235 repor-

139 1249 203 1278 tem,
223 1253 282 1280 age,
303 1253 391 1281 regem
409 1246 482 1273 illum
505 1254 565 1273 cum
589 1254 667 1274 servo
687 1254 885 1282 comparemus;
906 1252 934 1275 et

138 1299 210 1327 saepe
226 1291 329 1319 videbis
352 1291 423 1319 hunc
439 1292 464 1319 in
480 1293 614 1326 voluptate
637 1293 784 1325 ludentem,
799 1294 927 1321 exsilien-

139 1342 204 1371 lcm,
219 1338 291 1364 illum
307 1345 370 1365 vero
383 1337 534 1365 diademate
545 1343 572 1365 et
587 1346 701 1372 purpura
717 1343 850 1371 ornatum,
865 1347 932 1367 tuaa-

137 1389 251 1417 rentem,
268 1384 341 1411 mille
355 1384 426 1412 cttris
441 1388 575 1416 vexatum,
594 1392 648 1419 prce
669 1389 739 1412 metu
761 1385 930 1413 morientem.

137 1429 227 1463 Neque
239 1430 309 1456 enim
321 1435 417 1465 potest,
439 1438 491 1457 non
504 1435 591 1464 potest
611 1435 683 1458 certe
699 1432 751 1457 vita
767 1432 824 1458 sine
838 1432 932 1460 dolore

137 1475 259 1508 reperiri,
286 1483 335 1502 nec
358 1475 494 1510 voluptate
516 1484 625 1511 prorsus
645 1484 744 1503 vacua:
760 1485 844 1512 neque
859 1479 929 1505 enim

137 1525 228 1547 natura
244 1526 333 1548 nostra
347 1522 418 1549 ferre
432 1528 532 1557 posset,
547 1527 575 1549 ut
589 1523 652 1550 (lixi.
667 1523 742 1557 Quod
756 1525 778 1551 si
794 1525 837 1551 ille
846 1526 930 1560 magis

135 1567 241 1600 gaudet,
258 1567 301 1594 ille
317 1568 375 1602 plus
382 1567 464 1601 dolet,
480 1568 505 1595 id
517 1569 551 1595 ab
565 1569 610 1595 illo
625 1569 682 1604 ipso
695 1570 739 1605 qui
754 1571 778 1597 in
791 1571 882 1598 dolore
890 1576 930 1599 est

135 1613 320 1647 proficiscitur,
332 1614 391 1649 quia
402 1614 488 1649 pusilli
500 1619 540 1642 est
551 1615 641 1646 animi,
653 1623 703 1642 non
716 1622 803 1643 autem
815 1625 828 1643 a
841 1625 928 1644 rerum

135 1663 238 1685 natura.
254 1658 281 1685 Si
298 1659 368 1685 enim
383 1659 496 1686 velimus
518 1660 671 1695 frequenter
689 1661 817 1696 gaudere,
834 1663 930 1690 ntultas

135 1703 264 1731 habemus
278 1705 442 1732 occasiones.
465 1704 531 1731 Nam
554 1706 576 1732 si
598 1705 723 1733 virtutem
739 1707 926 1741 suscipiamus,

134 1749 201 1777 nilnl
223 1749 347 1784 deinceps
372 1751 468 1785 poterit
492 1751 614 1779 dolorem
635 1751 733 1780 inferre
754 1753 840 1780 nobis.
868 1753 929 1782 limo

133 1795 205 1821 enim
216 1803 291 1829 spem
306 1795 400 1822 bonam
413 1797 531 1831 suggerit
543 1797 574 1823 iis
583 1797 626 1831 qui
641 1797 712 1824 illam
728 1805 863 1830 exercent,
874 1800 928 1827 Ι)υο

134 1845 223 1875 gratos
239 1841 324 1868 reddit
339 1846 365 1869 ct
388 1842 541 1870 hominibtts
554 1848 690 1878 acceptos,
714 1845 927 1880 ineffabileman

134 1886 211 1913 nobis
228 1887 389 1921 voluptatem
405 1889 482 1921 parit.
500 1888 564 1915 Nam
577 1889 598 1915 si
613 1889 742 1916 laboriosa
760 1891 785 1917 in
799 1892 928 1919 exercitio

134 1931 218 1959 virtus
232 1937 282 1965 est,
305 1933 351 1959 sed
374 1934 563 1961 conscientiam
579 1935 661 1962 mttlta
686 1936 768 1970 replet
784 1936 885 1970 lmtitia,
901 1943 928 1965 et

134 1982 231 2004 tantam
247 1979 316 2006 intus
330 1979 448 2007 immittit
461 1981 631 2015 voluptatem,
653 1988 778 2016 quautam
794 1991 826 2010 ne
841 1985 925 2018 expli-

131 2031 192 2050 care
205 2024 312 2059 quidem
328 2033 478 2060 possumus.
497 2026 565 2060 Quid
585 2027 655 2054 enim
669 2028 773 2055 videtur
787 2028 832 2056 tibi
845 2037 927 2058 suave

133 2070 159 2097 in
172 2072 311 2105 praesentis
323 2071 383 2098 vita).
396 2072 491 2099 rebus?
504 2079 658 2107 sumptuosa
671 2082 772 2106 mensa,
789 2075 856 2103 bona
867 2084 927 2104 cor-

133 2118 206 2151 poris
220 2119 353 2150 valetudo.
370 2119 463 2154 gloria,
486 2120 602 2147 divitim?
624 2120 721 2148 Verum
745 2122 768 2148 si
793 2122 849 2150 lucc
866 2131 926 2158 qua)

130 2162 217 2189 dulcia
243 2163 374 2191 habentur
398 2173 457 2191 rum
477 2166 573 2192 virtute
587 2167 793 2200 comparaveris,
807 2169 925 2196 omnium

130 2209 304 2236 acerbissima
320 2210 489 2237 videbuntur.
514 2211 583 2238 Nihil
598 2213 698 2248 quippe
712 2214 830 2247 suavius,
844 2223 924 2250 quam

128 2255 302 2286 Conscientia,
320 2260 346 2282 et
358 2264 420 2291 spes
434 2257 514 2284 bona.

164 2301 190 2328 5.
213 2300 241 2328 Si
256 2301 282 2328 id
295 2301 398 2330 discere
412 2303 503 2335 vultis,
518 2304 571 2338 jam
596 2305 754 2333 moriturum
776 2306 922 2342 hominem,

129 2352 174 2374 aut
186 2355 276 2376 scnctn
290 2349 425 2380 adeamus.
435 2354 462 2377 et
472 2350 521 2384 ipsi
536 2350 561 2377 in
575 2355 691 2378 mentem
702 2359 855 2381 revocantes
869 2354 926 2382 lau—

128 2398 182 2420 tam
199 2402 317 2421 mensatn
331 2402 382 2429 qua
394 2402 457 2422 usus
470 2400 521 2429 est,
530 2396 640 2430 gloriam
654 2402 680 2425 et
695 2393 833 2432 honorem,
841 2405 868 2427 et
876 2401 924 2429 bo-

522 132 550 159 S.
570 129 708 158 JOANNIS
724 128 960 157 CIIIH‘SOSTOMI
979 129 1138 159 ARCIIIEP.
1157 132 1427 160 CONSTANTINOP.

1738 135 1790 163 53?

996 194 1029 213 na
1042 194 1123 222 opera
1136 197 1195 222 qum
1210 187 1273 216 fecit
1292 189 1319 216 in
1345 189 1412 222 vita;
1439 190 1634 225 interrogemus
1648 190 1682 219 de
1693 192 1790 227 quibus

994 232 1078 267 magis
1091 233 1214 268 gaudi-at,
1227 239 1256 262 ct
1269 235 1417 262 videbimus
1431 236 1504 263 illum
1517 236 1550 264 de
1565 237 1617 264 illis
1629 238 1789 267 erubescere

993 281 1020 305 et
1035 278 1136 312 pudore
1150 279 1230 312 allici,
1247 279 1281 307 de
1297 279 1337 307 his
1352 288 1415 308 vero
1429 281 1574 310 exsultare.
1601 282 1645 310 Sic
1659 283 1788 312 Ezechias

993 330 1052 350 curn
1065 324 1090 350 in
1105 324 1224 351 morbum
1238 326 1327 360 lap-us
1338 331 1388 358 est,
1402 335 1454 354 non
1465 327 1588 361 gloriam,
1600 336 1652 356 non
1664 337 1785 364 regnum,

994 376 1046 396 non
1061 370 1158 398 lautam
1183 379 1303 400 mensam
1324 374 1555 407 enunmemoravit,
1581 375 1627 402 scd
1644 375 1784 410 justitiam.

992 413 1130 447 Mente-to,
1150 417 1243 452 inquit,
1262 417 1378 450 Domine,
1400 419 1466 453 quod
1480 419 1659 447 attilzttltttterim
1681 422 1707 449 in
1725 431 1786 450 con-

992 465 1077 494 spectu
1091 466 1133 488 tuo
1145 462 1169 488 in
1183 463 1233 489 vita
1243 468 1310 490 recta
1323 464 1362 499 (4.
1377 464 1440 499 Reg.
1451 464 1495 491 20.
1508 465 1535 492 5.
1557 465 1620 493 lani.
1637 467 1730 502 58.3).
1745 468 1785 496 Vi-

992 505 1024 532 de
1039 506 1118 534 etiam
1139 507 1251 535 Paulum
1275 508 1309 535 de
1331 508 1373 535 his
1395 510 1572 538 ex5ultantem
1586 519 1617 538 ac
1631 512 1764 540 dicentem
1779 523 1785 541 :

991 550 1089 579 Bonum
1108 559 1234 581 certamen
1258 556 1360 588 certari,
1380 564 1482 582 currunt
1503 559 1684 593 consummaui,
1709 560 1784 594 [idem

990 599 1086 624 monui
1109 598 1146 634 (2.
1170 599 1237 628 Tim.
1261 601 1288 628 4.
1311 601 1348 636 7).
1366 601 1418 628 Sed
1438 602 1500 636 quid
1515 603 1586 630 aliud
1602 605 1727 639 amplius,
1742 606 1782 633 in-

991 644 1077 677 quies,
1094 650 1196 678 pulerat
1212 646 1254 672 hic
1269 646 1376 674 dicere?
1397 647 1443 675 llis
1458 648 1535 683 longe
1552 649 1641 684 plura;
1657 651 1782 686 honores,

990 689 1143 716 satellitium
1156 698 1209 725 quo
1225 691 1372 724 frui-batur,
1387 693 1541 721 famulatum
1565 702 1700 730 magnum.
1727 698 1783 725 An-

990 741 1043 761 non
1057 734 1132 762 audis
1143 735 1216 762 illum
1231 736 1380 764 dicentem:
1394 737 1467 764 Sicut
1477 739 1594 774 angelum
1611 740 1713 768 Domini
1726 751 1783 770 ms-

990 781 1090 815 ccpistis
1102 789 1150 813 me,
1162 782 1226 808 sicut
1238 782 1363 810 Christum
1375 782 1463 810 Jesum
1471 793 1481 817 ,'
1492 791 1529 817 et,
1543 785 1573 813 Si
1586 787 1703 821 possibile
1718 789 1783 823 [uit-

990 833 1035 860 ιιι,
1051 829 1153 855 avulsas
1168 829 1253 856 oculos
1267 829 1398 856 dedissetis
1419 831 1480 856 mihi
1500 831 1570 866 (Gal.
1586 833 1612 860 4.
1627 833 1671 860 14.
1686 834 1742 868 15),
1756 839 1783 862 et

989 874 1059 909 quod
1075 882 1123 909 pro
1135 875 1223 903 anima
1239 875 1297 910 ejus
1310 877 1407 903 colltttn
1423 879 1612 911 supposui-rint
1627 879 1720 915 (Rom.
1738 882 1781 909 16.

989 920 1097 955 4)?Sc.d
1113 921 1177 947 nihil
1192 921 1286 948 horum
1302 922 1326 948 in
1343 922 1458 950 medium
1473 923 1558 954 affert,
1575 932 1666 952 verntn
1679 926 1782 955 labores

991 972 1112 1000 tantum,
1133 967 1249 1002 pericula
1263 988 1270 1001 ,
1293 974 1318 995 et
1341 976 1455 995 eorouas
1479 969 1541 997 inde
1565 976 1713 1005 reportatus
1729 981 1736 998 :
1751 981 1782 1000 ac

986 1014 1047 1047 jure
1060 1013 1179 1048 quidem.
1196 1014 1259 1041 Ha‘c
1268 1015 1339 1041 enim
1356 1015 1398 1042 hic
1411 1016 1607 1050 relinquuntur,
1621 1023 1718 1045 caetera
1733 1027 1781 1046 nn-

988 1059 1089 1086 hiscum
1100 1059 1317 1094 proficiscuntur;
1335 1061 1440 1088 illorum
1449 1069 1512 1088 vero
1522 1062 1638 1090 rationes
1648 1063 1780 1096 dabimus,

988 1105 1083 1133 horum
1099 1107 1249 1134 mercedem
1265 1113 1432 1142 expetemus.
1449 1109 1490 1136 An
1506 1109 1632 1144 ignoratis
1646 1111 1780 1146 quomodo

987 1151 1013 1178 in
1027 1152 1122 1179 ultimo
1135 1153 1178 1179 die
1190 1158 1297 1187 peccata
1308 1154 1423 1180 animam
1432 1156 1634 1183 commoveat“?
1645 1156 1779 1191 quomodo

986 1205 1032 1225 cor
1044 1199 1194 1233 exagitent?
1207 1199 1282 1225 Tunc
1292 1206 1355 1234 ergo
1369 1199 1499 1226 bonorum
1515 1208 1625 1236 operum
1639 1203 1778 1236 memoria,

986 1243 1059 1277 quasi
1081 1244 1105 1270 in
1124 1249 1280 1278 tempestate
1304 1246 1492 1280 tranquillitas,
1508 1247 1641 1276 turbatam
1663 1248 1778 1276 animant

986 1289 1148 1316 consolator.
1164 1289 1191 1317 Si
1208 1290 1347 1325 vigilemus
1369 1296 1396 1318 et
1417 1293 1499 1319 sobrii
1524 1293 1617 1325 simus,
1635 1301 1682 1328 per
1696 1298 1778 1322 totam

985 1334 1064 1361 vi:am
1079 1334 1155 1361 nobis
1169 1335 1319 1370 hujusmodi
1337 1337 1418 1364 timor
1438 1337 1612 1373 aderit:qnia
1636 1347 1699 1367 vero
1721 1341 1779 1368 sine

985 1379 1038 1405 ullo
1053 1387 1131 1406 sensu
1147 1381 1269 1413 vivimus,
1281 1382 1412 1409 cumhinc
1425 1383 1504 1417 ejecti
1520 1384 1657 1417 fuerimus,
1684 1385 1779 1419 procul

984 1425 1064 1451 dubio
1079 1427 1197 1453 accedet.
1210 1427 1274 1453 Nam
1291 1428 1394 1454 vinctus
1409 1433 1463 1454 tum
1482 1429 1597 1457 maxime
1618 1430 1701 1463 dolet,
1716 1438 1776 1457 cum

984 1471 1099 1499 educunt
1113 1479 1173 1499 eum
1188 1473 1220 1499 ad
1234 1473 1381 1506 judicium:
1395 1478 1457 1501 tunc
1472 1475 1587 1502 maxime
1601 1476 1701 1507 tremit,
1714 1484 1774 1503 etim

984 1525 1066 1552 prope
1087 1519 1203 1545 tribunal
1218 1519 1289 1551 ρμιι,
1310 1520 1416 1554 quando
1438 1520 1554 1548 rationes
1572 1521 1637 1549 dare
1656 1528 1773 1557 oportet.

984 1564 1085 1592 Ida-irco
1100 1565 1233 1593 terribiles
1249 1567 1365 1593 visiones
1378 1572 1487 1594 narrant
1501 1568 1575 1595 multi
1598 1569 1648 1596 hoc
1664 1570 1689 1596 in
1704 1574 1774 1597 statu

982 1611 1094 1643 oblatas,
1109 1619 1220 1646 quarum
1232 1613 1348 1648 speciem
1359 1621 1412 1640 non
1425 1613 1541 1641 ferentes
1554 1615 1569 1642 ii
1579 1615 1622 1650 qui
1632 1615 1774 1649 decedunt,

982 1657 1079 1685 lectum
1094 1659 1178 1692 ipsum
1192 1666 1252 1686 cum
1267 1667 1363 1694 magno
1374 1660 1472 1694 impetu
1484 1662 1633 1689 sucentiunt
1643 1662 1773 1696 jacentcs,

981 1709 1007 1730 et
1017 1711 1064 1730 eos
1078 1705 1121 1737 qui
1135 1704 1231 1731 adsunt
1245 1705 1326 1732 torvis
1338 1706 1480 1740 inspiciunt
1492 1707 1587 1740 oculis,
1600 1708 1687 1734 anima
1703 1708 1774 1736 intus

981 1756 1040 1776 Sese
1055 1749 1216 1783 exagitante.
1230 1754 1257 1777 et
1269 1758 1283 1776 a
1297 1757 1411 1784 corpore
1423 1752 1499 1779 avelli
1515 1757 1653 1786 renuente,
1669 1762 1716 1781 nec
1727 1754 1774 1781 ad-

982 1796 1144 1822 ventantium
1160 1796 1314 1830 angelorum
1340 1802 1512 1831 conspectum
1539 1797 1650 1826 ferente.
1672 1799 1736 1826 Nam
1751 1800 1773 1827 si

980 1848 1040 1867 cum
1050 1840 1172 1867 homines
1182 1841 1314 1868 terribiles
1322 1841 1509 1876 conspicimus,
1521 1843 1703 1876 formidamus,
1713 1852 1773 1871 cum

980 1887 1090 1921 angelos
1101 1887 1306 1918 comminantes,
1318 1892 1346 1914 et
1355 1888 1464 1914 virtutes
1473 1888 1602 1916 immanes
1613 1889 1772 1922 videbimus,

980 1933 1042 1968 quid
1058 1941 1109 1960 non
1123 1934 1263 1967 patiemur,
1278 1934 1365 1960 anima
1381 1941 1395 1960 a
1411 1941 1522 1969 corpore
1532 1935 1675 1967 abstracta,
1691 1941 1717 1963 et
1731 1936 1773 1963 itt-

979 1987 1084 2006 cassttm
1099 1980 1264 2014 tnnltnmqne
1276 1979 1401 2013 lugente?
1414 1979 1478 2006 Nam
1495 1980 1569 2008 dives
1580 1981 1624 2009 ille
1634 1988 1772 2017 postquam

980 2025 1140 2057 decesserat,
1157 2024 1270 2051 multum
1291 2025 1365 2056 luxit,
1383 2025 1429 2051 sed
1452 2025 1475 2051 id
1501 2026 1564 2052 nihil
1588 2027 1636 2060 ipsi
1665 2027 1771 2061 profuit.

981 2070 1044 2098 ΗΜ)
1060 2070 1139 2105 igitur
1153 2071 1240 2097 omnia
1257 2070 1282 2096 in
1299 2071 1375 2097 nobis
1388 2070 1560 2105 depingcntes
1575 2077 1601 2099 et
1613 2073 1702 2100 animo
1714 2082 1773 2100 ver-

979 2121 1079 2148 santes,
1094 2124 1127 2142 ne
1139 2116 1232 2143 eadem
1244 2120 1270 2142 et
1284 2123 1333 2142 nos
1347 2116 1486 2151 patiamur,
1500 2117 1593 2145 horum
1609 2120 1726 2146 omnium
1739 2121 1773 2147 li—

979 2169 1081 2189 morem
1099 2168 1246 2190 servemus.
1263 2167 1290 2188 nt
1305 2166 1332 2189 et
1344 2163 1501 2196 supplicium
1514 2164 1577 2191 illud
1589 2164 1728 2200 fugiamus,
1745 2171 1773 2194 et

978 2213 1079 2235 aeterna
1091 2214 1288 2240 censcquamnr
1304 2207 1382 2239 bona,
1395 2209 1477 2241 gratia
1499 2214 1524 2235 rt
1540 2210 1702 2245 benignitate
1718 2212 1771 2239 Do-

979 2254 1043 2280 mini
1057 2253 1139 2279 nostri
1153 2252 1216 2279 .lesn
1231 2252 1339 2283 Christi,
1352 2253 1457 2286 quicum
1471 2254 1540 2281 l‘atri
1550 2255 1633 2289 gloria
1642 2264 1773 2284 cumsan-

978 2304 1022 2327 cto
1036 2304 1063 2327 et
1076 2298 1182 2326 vivifico
1196 2299 1306 2333 Spiritu,
1328 2307 1398 2326 ntmc
1417 2305 1443 2327 et
1465 2308 1581 2336 semper,
1596 2307 1623 2329 et
1636 2303 1661 2330 in
1675 2304 1772 2331 smcula

978 2346 1145 2373 saeculorum.
1161 2346 1255 2372 Amen.

1010 2403 1018 2419 ι
1037 2406 1110 2432 Unus,
1119 2408 1175 2427 cum
1183 2407 1257 2433 prope
1269 2404 1303 2426 est
1307 2401 1440 2433 judicium.

129 2556 192 2584 CAP.
220 2557 262 2585 16.
289 2566 315 2584 v.
334 2560 374 2587 13.
394 2559 518 2594 Egressus
540 2559 617 2588 Iesus
640 2561 667 2587 in
692 2566 776 2596 partes
799 2561 923 2590 Caularem

169 2603 294 2638 Philippi,
310 2605 478 2639 interrogabat
492 2606 630 2641 discipulos
643 2615 710 2639 suos,
723 2608 829 2636 dicens:
843 2608 923 2641 Quem

167 2656 207 2675 me
222 2649 308 2675 dicunt
323 2650 434 2677 Imminet
446 2659 499 2678 esse
510 2651 606 2678 Filium
621 2652 749 2680 hominis?

169 2695 179 2720 1
214 2694 268 2720 Cur
276 2702 335 2721 cum
351 2696 416 2722 urbe
431 2697 663 2732 conditoremejns
678 2699 843 2726 notuinavit?
858 2699 924 2732 Quia

132 2745 172 2767 est
187 2745 215 2767 et
227 2740 288 2773 alia,
309 2748 369 2775 qua:
389 2741 522 2769 Stratonis
537 2743 644 2770 dicitur.
666 2743 723 2771 Non
740 2745 765 2771 in
787 2745 836 2772 hac
848 2753 923 2777 vero,

131 2786 178 2813 sed
193 2786 217 2812 in
230 2785 272 2812 illa
284 2786 430 2821 interrogat
442 2788 523 2822 ipsos,
539 2789 655 2823 procula
667 2789 766 2816 .ludteis
779 2790 924 2824 abducens,

132 2836 158 2858 ut
171 2831 205 2858 ab
218 2832 291 2859 omni
307 2833 485 2862 sollicitudine
500 2834 576 2862 liberi
587 2842 647 2862 cum
660 2835 754 2863 ﬁducia
769 2835 858 2864 dicunt
866 2844 926 2872 qua:

978 2563 1104 2590 sentiunt.
1120 2562 1175 2589 Cur
1187 2566 1275 2589 autem
1291 2570 1343 2589 non
1358 2563 1446 2590 statim
1456 2563 1493 2591 [de
1508 2571 1567 2598 sua,
1588 2564 1634 2591 sed
1650 2565 1684 2592 de
1703 2565 1757 2592 mul

979 2614 1066 2636 torum
1080 2609 1211 2635 sententia
1229 2608 1301 2642 ipsos
1315 2609 1505 2644 interrogavit?
1518 2609 1550 2637 Ut
1563 2610 1690 2644 opinione
1705 2610 1773 2637 Illio-

979 2661 1037 2682 rum
1053 2653 1183 2688 exposita,
1197 2653 1346 2688 deindeque
1359 2655 1522 2688 interrosati,
1545 2654 1593 2683 Vos
1605 2661 1687 2682 adrui
1700 2664 1773 2691 quem

979 2708 1018 2727 me
1038 2707 1092 2726 esse
1107 2698 1210 2726 dicitis?
1228 2699 1261 2725 ab
1282 2699 1340 2734 ipso
1355 2700 1535 2735 interrogandi
1552 2701 1632 2728 modo
1648 2702 1673 2728 in
1689 2701 1772 2728 subli-

979 2744 1284 2774 mioremeveberentnr
1301 2747 1501 2780 cogitationem,
1526 2754 1614 2781 neque
1638 2747 1664 2774 iu
1692 2747 1772 2774 vilem

979 2791 1123 2819 multorum
1138 2790 1283 2825 cogitatum
1297 2791 1460 2819 deriderent.
1474 2791 1589 2827 Ideoque
1600 2801 1651 2818 non
1662 2793 1688 2819 in
1697 2793 1772 2827 prin-

979 2838 1050 2873 cipio
1064 2836 1262 2872 prtcdicationis
1276 2843 1323 2864 eos
1339 2837 1495 2873 interrogat,
1517 2838 1564 2865 Stal
1577 2838 1683 2873 quando
1691 2838 1768 2873 signa
