2056 3132
182 170 235 199 635

181 231 263 259 multa
280 229 351 260 fecit,
375 233 401 256 et
426 229 459 256 de
475 228 564 256 multis
578 228 790 264 sublimibttsque
805 228 973 264 dogmatibus

180 276 316 308 disseruit,
333 276 482 310 multasque
495 275 607 310 praebuit
620 276 862 303 demonstrationes
872 281 899 303 et
909 276 975 303 divi-

179 322 272 349 nitatis
285 330 351 352 sum,
374 327 401 349 et
417 330 472 349 sute
492 329 552 349 cum
573 321 651 349 Patre
671 322 832 353 concordire,
848 326 911 349 tunc
925 322 973 350 de-

176 374 250 394 mum
269 367 338 395 hanc
352 368 403 395 illis
418 367 521 403 profert
532 367 779 402 interrogationem.
791 367 881 402 Neque
895 367 971 400 dixit,

175 412 263 444 Quem
275 421 318 441 me
328 413 421 441 dicunt
433 421 493 441 esse
503 413 598 440 scriba:
611 418 637 440 et
649 412 793 440 Pharisaei?
806 414 925 447 quamvis
935 412 972 439 illi

178 460 265 494 ipsum
280 467 352 494 saepe
365 458 513 487 disserendi
528 465 607 486 causa
618 459 809 486 convenerint:
821 458 879 491 sed,
892 459 972 491 Quem

178 514 219 534 me
232 506 320 533 dicunt
333 506 446 532 homines
460 505 533 532 esse?
546 504 638 540 populi
659 505 823 539 opinionem,
841 511 900 538 quae
913 504 971 531 sine

177 553 333 587 acceptione
343 559 403 579 esse
411 551 489 583 solet.
503 551 652 585 requirens.
667 550 741 577 Licet
753 550 825 577 enim
836 550 880 576 illa
893 550 970 585 longe

177 597 307 632 dejectior
321 603 394 625 esset
406 605 486 632 quam
498 604 546 631 par
559 600 627 629 erat,
642 601 668 623 at
682 604 696 622 a
710 595 826 630 nequitia
839 600 897 623 erat
906 596 970 623 alie-

176 651 210 671 na
223 652 230 669 :
243 643 439 671 Pharismorum
453 647 542 670 autem
556 642 646 677 opinio
659 641 797 677 iniquitate
812 642 887 676 plena
901 645 968 668 erat.

177 689 212 717 Et
224 689 370 717 ostendens
388 697 467 724 quam
483 688 563 717 vellet
584 688 760 716 oeconomiam
776 688 832 715 sive
846 688 968 715 incarna-

175 737 276 764 tionem
293 737 318 763 in
334 736 457 764 confesso
472 735 577 768 haberi,
600 735 648 768 ait,
672 734 768 761 Filium
790 734 907 766 hominis,
929 733 968 761 sic

175 783 341 810 divinitatem
355 782 503 817 appellans,
518 786 548 808 nt
561 781 623 809 alibi
645 788 717 815 saepe
732 780 802 807 facit.
819 780 864 807 Ait
882 779 965 812 enim,

176 828 259 856 Nemo
272 829 384 856 ascendit
398 829 424 855 in
439 829 539 861 :wlunt,
551 828 600 855 nisi
614 827 700 855 Filius
712 828 831 860 nominis,
845 827 889 862 qui
897 827 967 854 estin

174 875 237 902 carlo
252 874 340 910 (Joau.
354 875 380 902 3.
393 874 455 908 15);
470 879 496 902 et
507 881 625 906 rursum,
637 873 699 900 Cum
709 878 792 900 autem
804 872 914 899 videri/is
924 871 968 898 Fi-

173 921 236 948 lium
251 921 360 948 hominis
374 920 549 948 ascendentem
563 920 604 946 ubi
617 923 670 947 erat
686 920 755 954 prius
771 919 858 955 (Joan.
872 918 898 945 6.
907 918 964 949 63).

173 967 275 994 Deinde
288 968 349 1002 quia
371 966 506 998 dicebant,
531 966 574 993 14.
602 965 651 992 Alii
665 965 792 992 Joannem
811 964 963 999 Baptirlam,

173 1013 219 1040 alii
231 1012 325 1042 Eliam.
338 1011 383 1038 alii
393 1011 542 1044 Ieremiant,
555 1011 599 1038 alii
615 1019 691 1037 unum
703 1019 733 1038 ea:
748 1010 875 1045 prophetis
884 1010 964 1036 :falsa

172 1059 278 1086 illorum
293 1059 420 1093 opinione
437 1058 464 1085 in
480 1057 596 1085 meditttn
620 1057 733 1084 adducta
749 1057 902 1091 subiunxit:
918 1057 962 1083 t5.

178 1104 227 1131 Vos
239 1109 323 1131 autern
335 1112 408 1140 quem
430 1112 468 1131 me
485 1112 539 1131 esse
553 1103 656 1130 dicitis?
669 1111 701 1130 ex
716 1103 831 1130 secunda
846 1102 963 1130 interro-

169 1151 277 1185 gatione
299 1151 359 1178 illos
382 1158 508 1182 evocans,
524 1155 555 1177 ut
570 1149 655 1184 majus
676 1149 740 1184 quid
761 1149 795 1176 de
811 1149 856 1176 illo
870 1149 964 1183 opina-

170 1201 273 1228 rentur,
290 1195 488 1231 ostendensque
503 1195 567 1230 ipsis
589 1196 700 1230 primam
724 1194 877 1229 opinionem
890 1201 905 1221 a
920 1194 963 1221 di-

169 1241 270 1276 gnitate
278 1248 323 1268 sua
337 1241 426 1276 procul
439 1241 542 1268 abesse.
556 1240 618 1267 Ideo
627 1240 705 1267 aliam
715 1239 749 1266 ab
761 1240 825 1274 ipsis
835 1239 960 1274 exquirit,

168 1292 197 1315 ct
209 1287 353 1315 secundam
367 1286 469 1322 profert
483 1287 728 1322 interrogationem,
751 1293 783 1313 nc
800 1293 860 1313 cum
872 1284 962 1312 multis

169 1335 312 1367 sentirent,
327 1334 371 1370 qui
386 1334 511 1369 quoniam
526 1334 601 1369 signa
616 1333 737 1360 viderant
757 1333 859 1368 majora
881 1339 960 1367 quam

167 1389 230 1416 qua:
241 1381 341 1408 homini
353 1385 507 1415 competere
521 1385 639 1416 possent,
661 1379 794 1407 hominem
806 1378 913 1414 quidem
929 1377 962 1404 il-

168 1428 223 1455 lum
245 1435 304 1455 esse
319 1428 456 1462 putabant,
478 1427 525 1455 sed
548 1434 580 1454 ex
604 1427 715 1454 mortuis
730 1426 918 1457 rosuri-exisse,
934 1423 961 1451 id

166 1473 238 1508 quod
253 1473 358 1501 dicebat
372 1472 502 1500 Herodes.
518 1472 570 1500 Sed
586 1472 712 1507 illcipsos
724 1479 738 1498 a
753 1471 796 1498 tali
809 1470 961 1505 suspicione

167 1519 304 1546 abducens
317 1519 371 1546 ait:
393 1519 441 1546 Vos
452 1523 536 1545 autent
550 1526 622 1554 quem
633 1526 672 1545 me
681 1526 734 1545 esse
747 1517 829 1544 dicitis
838 1518 851 1544 2’
866 1516 893 1544 Id
907 1521 958 1550 est,

165 1565 218 1598 Qui
233 1571 341 1599 semper
354 1572 458 1603 mecum
473 1564 538 1592 estis
556 1569 583 1591 et
598 1563 726 1591 miracula
741 1563 864 1591 edentem
887 1562 961 1589 vide-

167 1612 213 1644 tis,
229 1612 272 1647 qui
288 1615 315 1639 ct
336 1611 385 1646 ipsi
401 1619 449 1646 per
463 1619 506 1638 me
528 1611 639 1638 virtutes
654 1610 751 1637 multas
766 1609 877 1647 fecistis.
891 1609 960 1642 Quid

165 1645 247 1693 igitur
261 1665 291 1684 os
301 1645 482 1693 apostolorum
497 1658 609 1685 Petrus?
622 1657 733 1692 Semper
747 1645 864 1690 fervens,
882 1656 958 1684 chori

166 1703 305 1738 apostolici
320 1703 488 1739 corypbaetts,
499 1703 622 1730 omnibus
637 1703 817 1738 interrogatis,
840 1703 896 1737 ipse
914 1710 959 1730 re-

164 1750 290 1784 spondet.
313 1750 422 1777 Etcum
442 1749 475 1777 de
498 1750 629 1777 sententia
651 1749 740 1784 populi
767 1749 958 1782 sciscitaretur,

165 1803 261 1823 omnes
275 1796 470 1830 TCSDIIIIdBI‘IﬂlI.
481 1804 487 1822 Ζ
504 1803 563 1824 cum
579 1801 667 1823 atttem
677 1796 710 1822 de
720 1803 766 1823 sua
783 1803 829 1823 EOS
842 1800 957 1830 rogaret,

167 1842 262 1869 Petrus
277 1842 382 1876 prosilit
402 1847 429 1869 et
449 1842 593 1876 prawcrtit,
614 1841 720 1876 aitque:
734 1842 776 1868 t6.
795 1840 833 1867 Tu
848 1849 873 1868 es
886 1841 960 1867 Chri-

165 1891 219 1914 stus
232 1886 314 1914 Filius
326 1887 373 1914 Dei
383 1887 440 1914 vivi.
451 1887 518 1920 Quid
533 1894 595 1922 ergo
607 1886 746 1914 Christus?
758 1887 801 1914 I'l.
818 1885 911 1913 Beatus
921 1894 957 1918 es,

166 1932 257 1960 Simon
266 1932 409 1966 Bar-Jona,
418 1933 477 1967 quia
492 1940 551 1959 caro
568 1938 592 1959 et
604 1932 706 1967 sanguis
717 1940 766 1959 non
776 1931 892 1959 reuelauit
903 1931 956 1958 tibi.

166 1978 246 2012 Atqui
263 1978 312 2005 nisi
326 1977 421 2006 Petrus
436 1978 474 2006 sic
487 1978 573 2013 ipsum
587 1986 651 2006 vere
663 1978 804 2005 confessus
819 1978 921 2009 fuisset,
931 1981 959 2004 ιιι

164 2026 200 2052 ab
215 2025 272 2060 ipso
287 2025 366 2052 Patro
388 2026 518 2060 genitum,
541 2033 593 2052 non
614 2025 706 2053 fuisset
721 2025 771 2053 hoc
789 2025 958 2053 revelationis

165 2078 243 2105 opus,
258 2071 279 2097 si
295 2079 376 2098 unttm
391 2079 423 2099 ex
438 2071 528 2098 multis
542 2071 615 2098 illum
629 2078 691 2098 esse
701 2075 829 2106 putasset,
840 2079 892 2098 non
901 2075 959 2098 erat

165 2116 230 2143 illud
247 2116 412 2144 beatitudine
423 2117 543 2152 dignum.
558 2117 663 2144 Etenim
676 2117 732 2151 jam
745 2121 822 2144 antea
834 2116 959 2144 dicebant

165 2162 184 2189 ii
196 2163 239 2196 qui
259 2162 285 2189 in
299 2162 404 2197 navigio
417 2167 495 2190 erant
508 2167 564 2198 post
581 2167 778 2197 tempestatem,
799 2162 862 2190 Vere
873 2162 958 2190 Filius

164 2207 216 2235 Dei
236 2212 270 2235 est
291 2208 332 2235 Itic
357 2208 464 2243 (Matth.
481 2209 523 2236 Ib.
541 2209 600 2242 35),
623 2217 672 2236 nec
693 2213 782 2236 tamen
803 2209 873 2236 beati
893 2209 957 2236 dicti

164 2257 239 2288 sunt,
254 2254 304 2281 etsi
316 2261 379 2282 vere
393 2254 517 2281 dixerint.
535 2254 592 2282 Non
606 2254 676 2282 enim
692 2254 731 2282 sic
746 2254 852 2286 Filium,
867 2258 896 2280 ut
909 2254 958 2282 Pe-

165 2304 233 2332 trus,
247 2299 362 2327 confessi
375 2304 454 2332 sunt;
470 2299 516 2327 sed
533 2308 613 2327 unum
629 2308 660 2328 ex
677 2300 767 2327 multis
779 2307 841 2327 vere
860 2300 956 2328 Filium

164 2352 226 2372 esse
241 2345 378 2380 putabant,
392 2346 519 2373 cxitnium
535 2346 642 2380 quidem
658 2346 728 2373 inter
741 2345 850 2378 multos,
866 2353 915 2373 nec
923 2350 958 2372 ta-

165 2398 228 2418 men
243 2398 275 2418 ex
292 2391 348 2426 ipsa
364 2391 451 2419 Patris
464 2391 621 2419 substantia.

201 2436 227 2463 2.
245 2435 334 2463 Petrus
348 2445 394 2463 cur
407 2437 493 2464 beatus
515 2437 624 2464 dicatur.
646 2437 896 2465 Consubstantialitas
911 2437 958 2465 de-

165 2487 329 2508 monstratur.
346 2482 400 2509 Sttb
410 2482 461 2516 ﬁne
477 2482 552 2517 huius
567 2483 674 2517 numeri,
701 2483 814 2519 .{nomwi
827 2488 850 2510 et
868 2483 958 2510 Ariani

164 2527 364 2562 redarguuntur.
375 2542 410 2548 —-
421 2527 568 2555 Nathanael
583 2535 687 2564 quoque
699 2528 813 2559 dicebat,
828 2527 920 2560 Rabbi,
931 2533 959 2554 tu

165 2581 192 2598 es
203 2571 287 2600 Filius
301 2572 358 2605 Dei,
386 2578 412 2599 tu
429 2581 454 2599 es
471 2581 517 2600 rea:
540 2572 625 2601 Israel
639 2573 735 2608 (Joan.
751 2574 776 2602 Ι.
790 2572 852 2609 49).
868 2574 958 2609 Neque

164 2617 252 2645 solum
274 2625 326 2645 non
349 2618 442 2646 beatus
453 2618 565 2647 dicitur:
588 2626 680 2646 verum
695 2619 774 2647 etiam
788 2619 862 2654 quasi
876 2620 959 2646 multo

166 2665 293 2692 inferiora
310 2673 390 2699 quam
410 2666 551 2700 oportebat
568 2666 689 2698 dixisset,
712 2665 801 2696 abillo
821 2666 958 2701 redargui-

165 2716 235 2739 tur:
253 2711 393 2746 subiunxit
418 2713 507 2745 enim,
532 2712 598 2745 Quia
622 2712 676 2739 dixi
706 2712 768 2745 tibi,
795 2711 853 2738 Vidi
874 2718 898 2739 te
914 2712 958 2739 sub

165 2758 228 2791 ﬁcu,
242 2758 342 2790 credis;
356 2759 454 2793 majora
466 2758 504 2785 bis
516 2758 609 2786 videbis
621 2757 717 2795 (Joan.
734 2759 759 2786 I.
768 2758 832 2793 50).
845 2758 899 2786 Cur
909 2759 958 2793 igi-

166 2807 208 2829 tur
224 2803 317 2830 Potrus
333 2803 426 2830 beatus
436 2803 555 2831 dicitur?
569 2804 634 2837 Quia
653 2803 727 2831 iitum
743 2803 849 2839 proprie
863 2803 959 2831 Filium

166 2848 305 2876 confessus
317 2853 369 2876 est.
393 2848 493 2876 Idcirco
509 2849 561 2876 illis
571 2855 714 2883 numquam
734 2849 855 2879 Christus
873 2849 961 2876 simile

167 2893 304 2930 quidpiam
314 2894 400 2929 dixit:
415 2894 458 2922 hic
470 2899 557 2923 autem
569 2895 650 2922 etiam
663 2902 725 2923 eum
735 2895 780 2931 qui
794 2895 960 2924 revelaverat

335 2951 471 2983 PATuOL.
496 2951 554 2982 Gn.
581 2951 689 2983 LVIII.

678 169 711 198 IN
731 170 934 200 MATTILEUM
956 171 1070 199 IIOMIL.
1094 172 1159 201 LIV.
1180 173 1215 200 al.
1237 172 1291 200 LV.

1772 177 1824 205 55-5

1029 228 1183 257 declaravit.
1194 229 1260 257 Nam
1275 238 1308 258 ne
1321 230 1424 265 plurimi
1440 231 1581 259 crederent
1599 239 1659 260 eum
1669 233 1731 269 quia
1744 233 1822 261 Chri-

1028 281 1098 302 stum
1114 275 1246 304 ferventer
1259 277 1385 309 amabat,
1400 277 1498 304 amoris
1519 283 1547 305 et
1565 279 1725 307 adulationis
1735 281 1818 308 verba

1028 321 1179 355 pmtulisse,
1195 326 1275 357 atque
1285 330 1317 349 ex
1328 322 1423 350 ali‘ectu
1437 328 1462 350 et
1470 325 1563 358 gratia,
1577 324 1602 351 in
1614 325 1731 353 medium
1743 326 1820 354 affert

1026 376 1087 395 eum
1102 369 1145 403 qui
1156 369 1180 396 id
1196 369 1232 396 illi
1246 370 1419 404 inspirarent
1434 379 1440 397 :
1455 375 1483 397 ut
1500 370 1597 402 discas,
1612 371 1718 399 Petrum
1736 373 1818 400 verba

1026 414 1180 448 protulisse,
1193 415 1298 443 Patrem
1315 423 1378 445 vero
1390 416 1504 443 dictasse
1519 424 1525 442 :
1540 421 1569 443 ut
1580 425 1631 443 non
1646 417 1712 444 ultra
1726 418 1818 445 crede.

1025 466 1068 486 res
1081 459 1222 488 humanam
1233 461 1386 495 opinionem
1401 462 1444 489 illa
1460 469 1520 489 esse
1528 470 1587 497 quat
1602 462 1671 490 dicta
1684 467 1756 495 sunt,
1769 465 1816 491 sed

1025 504 1142 532 divinum
1162 506 1332 541 dogma.Cur
1343 512 1431 535 autent
1452 515 1505 535 non
1525 508 1551 535 id
1576 508 1632 543 ipse
1647 510 1815 544 pronuntiat,

1024 557 1073 577 nec
1083 550 1157 582 dicit,
1173 552 1229 586 Ego
1242 560 1300 580 sum
1311 552 1431 581 Christus
1444 562 1450 580 :
1466 554 1511 581 sed
1525 561 1571 588 per
1582 554 1815 589 interrogationem

1024 596 1087 624 illttd
1102 603 1228 632 apparat,
1242 603 1272 625 ut
1286 599 1345 626 illos
1360 599 1468 627 inducat
1480 600 1513 627 ad
1537 601 1734 628 conﬁtendum?
1744 601 1814 635 Quo-

1022 642 1092 668 niam
1109 643 1172 670 illud
1187 648 1214 670 et
1229 644 1278 678 ipsi
1291 645 1489 679 congruentius,
1501 650 1526 673 et
1541 646 1624 681 magis
1635 647 1812 674 necessarium

1021 693 1088 721 erat,
1103 689 1213 724 illosque
1226 691 1308 724 magis
1320 691 1353 718 ad
1365 691 1442 719 [idem
1453 699 1546 719 eorum
1557 700 1616 727 qua:
1629 693 1697 720 dicta
1709 693 1813 720 fuerant

1020 734 1181 760 attraltebat.
1204 734 1296 762 Viden‘
1325 737 1459 770 quomodo
1479 737 1574 764 Filium
1595 738 1695 765 revelat
1715 738 1813 766 Pater?

1018 779 1152 814 quomodo
1165 779 1269 807 Patrem
1283 781 1365 808 Filius
1375 782 1387 807 ’ἰ
1402 781 1491 815 Neque
1510 782 1623 814 Patrem,
1641 784 1736 818 inquit,
1756 785 1812 818 quis

1018 827 1087 853 novit
1100 827 1148 854 nisi
1161 826 1254 859 Filius,
1277 832 1299 854 et
1315 829 1357 854 cui
1372 828 1476 855 uoluerit
1491 828 1575 856 Filius
1593 831 1703 857 revelare
1723 832 1732 865 (
1746 830 1808 857 Luc.

1018 873 1062 900 10.
1076 872 1137 909 2‘2).
1153 872 1211 900 Non
1231 881 1295 908 ergo
1309 881 1450 908 possumus
1473 874 1581 902 aliunde
1594 883 1755 910 cognoscere
1769 876 1812 903 Fi-

1017 917 1092 950 lium,
1108 926 1186 953 quam
1205 926 1252 953 per
1265 919 1351 953 ipsum
1365 919 1482 953 Patrem,
1499 927 1585 955 neque
1597 920 1715 953 Patrem,
1732 929 1810 956 quam

1017 971 1064 998 per
1085 964 1170 998 ipsum
1187 965 1292 992 Filium.
1318 965 1408 1000 Itaque
1421 966 1482 993 inde
1502 970 1529 993 ct
1552 966 1660 994 honoris
1675 968 1812 1002 :cqnalitas

1017 1015 1043 1037 et
1058 1011 1320 1038 consubstantialitas
1331 1011 1538 1040 demonstratur.
1563 1012 1630 1046 Quid
1646 1013 1724 1048 igitur
1735 1013 1811 1040 Chri—

1016 1057 1092 1084 stus?
1108 1057 1145 1083 Tu
1165 1065 1189 1084 es
1208 1057 1297 1085 Simon
1314 1058 1383 1092 [iiitts
1400 1058 1487 1091 lana;
1508 1063 1534 1084 tu
1556 1059 1682 1086 vocaberis
1699 1058 1807 1092 Cen/tas.

1015 1102 1081 1135 Quia
1092 1102 1173 1135 cnim,
1186 1103 1279 1137 inquit,
1290 1103 1393 1130 Patrem
1405 1111 1491 1130 meum
1505 1104 1663 1138 prmdicasti,
1676 1112 1725 1139 ego
1737 1105 1809 1132 illttm

1015 1151 1124 1186 nomino
1139 1150 1182 1185 qui
1196 1155 1220 1177 te
1239 1150 1332 1186 genuit
1347 1159 1354 1177 :
1368 1158 1399 1177 ac
1414 1151 1435 1178 si
1454 1151 1566 1184 diceret,
1589 1151 1664 1179 Sicut
1689 1156 1717 1179 tu
1741 1152 1808 1180 filius

1014 1184 1091 1229 Julia,
1107 1196 1146 1224 sic
1157 1204 1206 1231 ego
1220 1197 1306 1225 Patris
1320 1198 1371 1224 mei
1387 1197 1481 1225 Filius.
1496 1197 1562 1225 Nam
1582 1205 1807 1233 supervacaneum

1014 1242 1108 1270 fuisset
1122 1243 1223 1276 dicere,
1237 1243 1277 1270 Tu
1290 1252 1314 1270 ea
1334 1244 1403 1278 [ilius
1426 1243 1494 1271 Jona
1509 1251 1519 1271 :
1533 1244 1579 1271 sed
1593 1244 1654 1279 quia
1677 1245 1722 1272 ille
1742 1245 1809 1272 dixit

1013 1288 1108 1316 Filium
1122 1289 1178 1321 Dei,
1196 1293 1224 1316 ιιι
1243 1289 1406 1322 ostenderet,
1425 1290 1510 1324 ipsum
1525 1296 1584 1317 esse
1603 1290 1646 1316 Dei
1662 1289 1768 1321 Filium,
1781 1295 1809 1317 ut

1013 1334 1058 1362 ille
1082 1334 1152 1362 filius
1163 1339 1219 1362 erat
1233 1334 1298 1362 Jona
1309 1356 1315 1367 ,
1330 1334 1450 1370 ejusdem
1466 1342 1526 1362 cttm
1542 1339 1616 1370 patre
1636 1335 1805 1367 substantiae,

1013 1379 1073 1408 ideo
1087 1380 1151 1408 illttd
1170 1379 1279 1407 addidit.
1297 1380 1340 1408 I8.
1362 1380 1394 1407 Et
1419 1389 1463 1416 ego
1480 1381 1536 1407 dico
1549 1381 1603 1414 tibi,
1624 1386 1650 1408 tu
1663 1389 1688 1408 es
1703 1380 1804 1412 Petrus,

998 1454 1001 1457 ,
1012 1431 1036 1453 et
1048 1435 1123 1462 super
1135 1426 1200 1453 lianc
1209 1431 1305 1462 petram
1319 1427 1449 1461 (εάὶρεώο
1461 1426 1599 1454 Ecclesium
1611 1435 1702 1459 nteant,
1712 1426 1738 1454 id
1751 1433 1802 1457 est,

1012 1478 1092 1507 super
1105 1471 1183 1500 fidem
1198 1471 1384 1500 confessionis.
1409 1471 1476 1499 Hinc
1487 1471 1614 1507 declarat
1634 1473 1731 1499 ntttttos
1744 1480 1805 1500 esse

1011 1518 1169 1550 credituros,
1185 1519 1294 1553 ejusque
1309 1525 1416 1545 sensum
1430 1518 1517 1552 erigit,
1529 1521 1556 1544 et
1572 1522 1704 1552 pastorem
1720 1519 1804 1552 ipsum

1011 1564 1158 1592 constituit.
1180 1563 1213 1591 Et
1234 1569 1314 1599 parta:
1331 1564 1407 1600 inferi
1427 1572 1477 1591 non
1499 1564 1668 1598 praevalebant
1686 1565 1805 1592 adversus

1011 1618 1076 1637 eam.
1092 1610 1120 1638 Si
1134 1618 1198 1638 vero
1221 1610 1348 1637 adversus
1364 1617 1423 1637 eam
1443 1617 1494 1637 non
1515 1609 1707 1644 praevalebunt,
1722 1610 1805 1637 mttlto

1011 1657 1099 1684 minus
1116 1656 1257 1684 adversum
1272 1664 1315 1683 me
1330 1656 1519 1691 praivalebunl.
1532 1655 1621 1689 Itaque
1632 1663 1666 1682 ne
1679 1655 1803 1687 turheris,

1011 1709 1071 1729 cum
1086 1701 1177 1729 audies
1195 1710 1237 1728 me
1251 1701 1376 1728 traditum
1390 1706 1416 1728 et
1439 1700 1597 1728 cruciﬁxum
1611 1708 1680 1728 essa.
1704 1700 1805 1727 Deinde

1011 1748 1125 1775 alterum
1139 1747 1203 1775 dicit
1216 1747 1345 1775 honorem
1363 1756 1370 1774 :
1387 1747 1428 1774 t9.
1445 1746 1501 1781 Ego
1517 1752 1601 1773 autem
1611 1747 1676 1774 dabo
1690 1746 1733 1773 tibi
1752 1747 1806 1773 cla-

1011 1801 1051 1820 ves
1064 1793 1136 1828 regni
1147 1793 1276 1820 cwlorum.
1286 1792 1353 1826 Quid
1367 1793 1498 1828 signiﬁcat
1511 1792 1586 1825 illud,
1603 1792 1656 1827 Ego
1666 1797 1748 1819 autem
1761 1792 1805 1818 tibi

1011 1841 1096 1867 dabo?
1109 1839 1337 1874 Quemadntodttm
1350 1840 1430 1867 Pater
1445 1839 1490 1866 tibi
1501 1839 1575 1867 dedit
1599 1845 1627 1866 ut
1649 1847 1690 1866 me
1703 1847 1804 1874 cogno—

1010 1893 1110 1921 seeres,
1127 1887 1164 1914 sic
1177 1891 1203 1914 et
1217 1894 1266 1922 ego
1282 1886 1328 1914 tibi
1341 1885 1421 1914 dabo.
1434 1885 1526 1921 Neque
1538 1885 1614 1917 dixit,
1631 1885 1740 1920 Rogabo
1753 1885 1804 1912 Pa—

1010 1937 1089 1965 trem,
1105 1932 1208 1959 etiamsi
1221 1939 1315 1967 magna
1336 1936 1408 1958 esset
1431 1931 1570 1965 potestatis
1592 1930 1802 1961 demonstratio,

1010 1985 1037 2009 et
1047 1980 1109 2008 doni
1122 1980 1274 2015 magnitudo
1285 1980 1424 2008 ineliabilis
1433 1988 1441 2012 ;
1450 1980 1508 2013 sed,
1522 1979 1577 2015 Ego
1587 1979 1652 2006 dabo
1662 1980 1714 2006 tibi.
1724 1980 1803 2013 Quid,

1010 2033 1101 2061 quaeso
1111 2048 1117 2059 ,
1129 2027 1197 2053 das?
1207 2025 1294 2054 Claves
1304 2026 1375 2061 regni
1387 2025 1504 2052 caelorum
1520 2033 1529 2052 :
1547 2030 1570 2052 et
1593 2033 1753 2061 qttmcumque
1771 2026 1803 2052 li-

1010 2073 1106 2108 gaveris
1118 2081 1194 2108 super
1207 2077 1298 2099 terram
1308 2093 1315 2104 ,
1335 2076 1408 2099 erunt
1419 2071 1497 2107 ligata
1510 2076 1533 2098 et
1552 2072 1578 2098 in
1589 2072 1657 2098 mli:
1674 2079 1683 2097 :
1699 2077 1721 2098 et
1735 2079 1804 2106 qutu-

1010 2127 1116 2153 cumque
1128 2118 1229 2145 solveris
1242 2126 1317 2153 super
1332 2121 1435 2150 (errant,
1450 2122 1521 2144 erunt
1538 2117 1622 2144 solum
1639 2122 1661 2144 et
1682 2118 1709 2144 in
1723 2118 1802 2144 ctu/is.

1010 2164 1148 2198 Quomodo
1172 2164 1251 2199 igitur
1270 2171 1321 2190 non
1340 2163 1398 2197 ejus
1418 2163 1479 2196 erit,
1506 2168 1533 2190 ιιι
1550 2171 1565 2190 a
1586 2163 1687 2190 dextris
1699 2167 1726 2190 ct
1737 2165 1804 2191 sini-

1010 2209 1072 2237 stris
1083 2209 1177 2237 sedere
1191 2208 1329 2242 concedat,
1346 2209 1390 2244 qui
1405 2208 1482 2241 dixit,
1496 2207 1552 2244 Ego
1563 2208 1606 2235 tibi
1619 2208 1702 2236 dabo?
1714 2209 1806 2236 Viden‘

1008 2255 1144 2291 quomodo
1159 2256 1190 2282 ad
1205 2255 1386 2283 sublimiorem
1409 2254 1443 2282 de
1471 2262 1500 2283 se
1527 2255 1680 2289 opinionem
1696 2256 1804 2283 Petrum

1010 2302 1105 2337 erigat,
1119 2306 1146 2329 et
1160 2302 1276 2335 seipsum
1289 2300 1400 2333 revelet,
1413 2307 1444 2327 ac
1458 2307 1505 2335 per
1517 2300 1596 2327 hasce
1609 2301 1674 2327 dttas
1689 2301 1803 2335 promis-

1010 2349 1099 2375 siones
1110 2355 1138 2375 se
1154 2348 1249 2374 Filium
1266 2347 1311 2374 Dei
1325 2354 1384 2374 esse
1395 2344 1608 2374 ostendat?Nam
1622 2353 1681 2380 qua:
1692 2347 1737 2373 uni
1750 2346 1804 2374 Deo

1010 2398 1072 2420 sunt
1089 2395 1203 2428 propria,
1219 2400 1315 2427 nempe
1336 2396 1444 2427 peccata
1469 2391 1584 2425 solvere,
1608 2391 1753 2419 Eetzlesiam
1777 2392 1803 2419 in

1012 2445 1085 2467 tanto
1099 2439 1226 2467 ﬂuctuum
1250 2446 1381 2466 concursu
1403 2437 1540 2465 immotam
1565 2437 1692 2470 reddere,
1716 2438 1804 2465 homi—

1011 2493 1124 2521 nemque
1140 2486 1296 2520 piscatorem
1315 2489 1370 2512 toto
1390 2485 1562 2519 impugnante
1583 2484 1648 2512 orbe
1670 2488 1743 2519 petra
1758 2486 1804 2511 lir-

1011 2533 1124 2560 miorem
1140 2531 1262 2562 reddere,
1283 2531 1341 2558 hmo
1354 2538 1383 2558 se
1403 2530 1440 2557 illi
1459 2531 1581 2558 datnrttm
1600 2531 1761 2566 pollicetur:
1777 2536 1804 2558 ttt

1012 2577 1091 2605 Pater
1103 2576 1244 2604 Jcretniam
1257 2575 1395 2610 alloquens
1408 2575 1522 2609 dicebat,
1542 2584 1571 2603 se
1592 2576 1711 2611 posuisse
1731 2576 1803 2604 illum

1011 2623 1080 2649 sicut
1093 2621 1353 2651 columnamgcream
1368 2625 1394 2647 et
1404 2621 1472 2647 sicut
1485 2628 1588 2647 murum
1605 2621 1679 2655 (Jer.
1694 2621 1718 2648 I.
1732 2620 1765 2648 18
1778 2622 1802 2656 );

1011 2668 1057 2695 sed
1069 2667 1141 2694 illttm
1154 2667 1197 2694 ttni
1213 2666 1296 2702 genti,
1310 2666 1380 2693 hunc
1391 2669 1479 2693 autem
1491 2665 1517 2692 In
1535 2665 1660 2693 universo
1673 2670 1803 2694 terrarum

1011 2714 1090 2743 orbe.
1101 2713 1227 2741 Libenter
1239 2720 1386 2748 quaererem
1396 2713 1430 2740 ab
1441 2713 1473 2740 iis
1494 2713 1538 2748 qui
1554 2713 1724 2740 imminutam
1745 2713 1803 2740 Filii

1013 2757 1174 2793 dignitatem
1187 2756 1292 2787 volunt,
1304 2764 1364 2791 quae
1373 2755 1476 2790 majora
1489 2757 1674 2790 sintdona,an
1683 2766 1742 2793 qutr
1752 2759 1802 2786 Pa-

1016 2807 1068 2834 ter,
1075 2811 1108 2830 an
1118 2811 1178 2838 qua».
1184 2802 1269 2830 Filius
1276 2801 1356 2829 Petro
1363 2801 1518 2829 dedit.Nam
1528 2801 1800 2832 Paterrevelationem

1018 2848 1078 2876 Filii
1087 2848 1166 2876 Petro
1173 2848 1257 2881 dedit;
1271 2848 1355 2875 Filius
1364 2855 1428 2875 vero
1437 2853 1462 2874 et
1472 2847 1560 2876 Patris
1568 2853 1592 2875 et
1605 2849 1645 2875 sui
1659 2849 1744 2884 ipsius
1755 2857 1800 2876 co-

1017 2895 1164 2931 gnitionem
1185 2903 1231 2931 per
1239 2899 1322 2926 totum
1340 2895 1432 2923 orbem
1446 2894 1483 2922 illi
1496 2894 1674 2922 dissrminare
1685 2895 1799 2924 commi-

1630 2951 1650 2982 5
