2056 3132
275 165 325 192 555

276 222 321 254 sit,
337 230 369 248 ac
390 219 496 247 mortali
517 217 618 245 homini
638 224 747 244 omnem
765 216 790 242 in
813 215 880 241 ett-lo
898 216 1059 248 potestatem

276 268 360 301 dedit,
376 267 439 294 dum
466 266 555 293 claves
577 265 614 291 illi
631 263 754 294 tradidit,
781 263 826 297 qui
845 261 993 288 Ecclesiam
1015 267 1061 294 per

277 319 363 340 totum
384 313 478 340 orbem
497 316 630 339 terrarum
644 309 775 341 extendit,
787 313 814 335 et
829 308 900 335 caelis
916 306 1062 334 ﬁrmiorem

278 360 441 387 monstravit
461 368 468 387 :
488 367 550 386 nam
576 358 623 389 ait,
641 357 740 384 Corium
762 363 786 382 et
806 361 876 382 terra
892 355 1065 386 transibunt;

278 407 354 433 verba
370 412 455 433 autent
468 414 524 432 mea
536 413 587 431 mm
598 403 748 430 transibunt
767 401 865 437 (Math.
875 402 920 429 ‘24.
931 400 1065 435 δωρηθ-

279 453 362 480 modo
375 460 440 487 ergo
455 452 545 479 minor
559 451 582 478 is
595 451 639 485 qui
655 450 717 476 talia
729 448 812 481 dedit,
824 449 870 483 qui
886 448 948 475 talia
961 447 1044 475 fecit‘
1053 447 1067 473 τ

280 499 343 527 llaec
361 507 441 534 porr-0
456 499 528 530 dico,
546 505 599 524 non
616 496 688 530 quod
703 495 793 523 Patris
812 500 838 522 et
850 494 911 522 Filii
925 502 1006 528 opera
1024 493 1067 520 di-

280 546 370 572 vidam
384 555 390 572 :
404 545 500 572 Omnia
513 545 580 571 enim
592 551 637 578 per
652 543 737 577 ipsum
751 542 823 576 facta
833 546 935 574 sunt,et
947 541 1067 574 sineipso

282 592 381 626 factum
402 597 441 618 est
459 591 526 617 nihil
545 589 640 624 (Joan.
658 591 683 617 Ι.
698 589 742 623 5);
768 590 815 616 sed
834 593 864 615 ut
883 588 1067 622 impudentem

282 638 392 665 illorum
402 637 521 671 linguam
530 635 686 670 reprimam,
694 635 740 669 qui
748 634 810 662 talia
820 633 942 668 proferre
953 633 1066 661 audent.

310 685 336 710 5.
358 682 410 709 Cur
430 682 545 708 Christus
566 683 624 706 ante
647 685 789 712 passionem
815 684 842 703 se
869 683 922 702 esse
940 674 1070 702 Christum

274 728 420 764 peri-uigori
442 727 558 753 noluerit.
574 725 643 752 Petri
665 725 771 758 ﬁrmitas
789 727 844 757 post
859 729 968 748 crucem.
984 735 1018 740 -——
1029 719 1070 746 Ex

276 774 318 800 his
339 773 462 800 omnibus
479 771 537 806 ejus
559 770 702 806 potentiam
728 767 920 796 animadverte.
944 765 1000 801 Ego
1027 765 1070 792 tibi

275 819 340 851 dico,
357 823 383 845 tu
396 827 422 845 es
439 817 547 848 Petrus;
563 824 609 852 ego
631 814 761 849 wrii/icuba
785 813 926 841 Ecclesium
939 821 946 844 ,'
966 820 1012 847 ego
1027 811 1071 838 tibi

275 865 339 892 dabo
352 865 434 892 claves
443 863 572 891 malorum.
591 862 622 888 Et
635 861 680 889 20.
693 866 762 893 tunc,
776 869 836 887 cum
861 860 918 886 lure
941 858 1069 890 dixisset,

276 912 393 947 praecepit
408 911 454 942 eis,
465 915 491 937 ut
503 909 595 936 nemini
608 908 719 935 dicerem
729 906 795 942 quod
804 906 857 940 ipse
870 909 932 932 esset
943 904 1069 931 Christus.

276 959 310 986 Et
328 966 375 986 cur
390 956 535 993 praecepit?
551 955 585 983 Ut
598 953 731 982 scandalis
743 953 776 980 dc
792 951 879 978 medio
890 949 1020 982 sublatis,
1045 953 1072 976 et

276 1011 355 1031 cruce
370 1009 450 1038 atque
462 1003 531 1035 aliis,
548 1009 607 1036 qua:
627 1007 719 1035 passus
734 1003 786 1030 est,
797 996 999 1029 consummatis,
1012 995 1072 1023 nul-

278 1051 356 1084 loqtre
371 1049 477 1076 deruunt
491 1051 618 1078 restante,
630 1044 700 1080 quod
714 1045 756 1072 vel
767 1043 918 1078 impediret,
929 1041 970 1069 vel
984 1041 1073 1068 turba-

278 1100 319 1123 ret
334 1095 413 1122 ﬁdem
433 1095 459 1121 in
475 1094 560 1128 ipsum
582 1100 596 1119 a
620 1091 710 1119 multis
728 1094 898 1124 susceptam,
919 1088 1022 1115 sincera
1046 1091 1074 1114 et

279 1140 422 1168 immobilis
442 1139 511 1166 circa
535 1138 621 1172 ipsum
648 1136 738 1171 opinio
757 1135 783 1162 in
803 1135 952 1161 auditorntn
978 1133 1074 1160 animis

279 1185 487 1220 ituprirucretur.
501 1183 621 1212 Nondum
637 1182 708 1209 enim
723 1181 806 1216 ipsius
822 1180 905 1207 rirtus
929 1179 1000 1206 clare
1024 1177 1074 1204 ful-

279 1237 360 1259 serat.
380 1231 493 1265 ideoque
509 1234 571 1256 tunc
588 1228 621 1255 ab
644 1228 697 1255 illis
718 1235 777 1254 eam
799 1225 936 1261 pra-dicari
949 1224 1072 1256 volebat,

279 1286 341 1306 cum
356 1283 381 1305 et
397 1277 467 1304 clara
493 1284 582 1303 rerum
599 1275 706 1306 veritas,
730 1278 757 1300 et
777 1277 912 1308 gestorum
928 1270 967 1297 \is
981 1277 1075 1304 magna

281 1324 462 1359 apostolorum
478 1322 556 1349 dictis
566 1321 806 1357 patrocinarentur.
822 1318 878 1345 Non
890 1317 962 1344 enitn
973 1316 1076 1350 :equale

282 1379 349 1406 erat,
367 1373 453 1407 ipsum
478 1370 567 1398 videre
589 1370 614 1397 in
636 1368 774 1396 Palmsrina
799 1373 868 1394 nunc
889 1364 1016 1392 miracula
1031 1371 1077 1398 pa-

282 1425 407 1451 trantem,
419 1425 489 1445 nunc
501 1415 669 1444 contumeliis
681 1414 803 1441 affectum
825 1417 853 1441 et
876 1412 980 1447 pulsum
993 1419 1000 1443 ;
1016 1418 1076 1437 curn

283 1465 397 1492 maxime
406 1471 472 1491 crux
485 1461 612 1489 miracula
623 1460 667 1488 illa
681 1463 822 1494 exceptura
834 1462 921 1488 esset;
939 1457 1077 1492 ipsrrrnque

283 1510 434 1546 perspicere
450 1509 512 1536 dum
526 1507 623 1541 ubique
638 1511 767 1533 terrarum
778 1504 946 1533 adorarctnr,
961 1502 1078 1535 ﬁdesque

285 1557 310 1584 in
326 1556 400 1583 illum
413 1556 524 1590 vigeret,
541 1553 660 1587 nihilqrre
680 1551 748 1578 ultra
765 1554 899 1586 pateretur
911 1556 1002 1576 eorum
1019 1555 1079 1583 qua:

284 1607 346 1630 ante
362 1609 455 1636 passus
469 1600 565 1628 fuerat.
581 1599 643 1626 Ideo
658 1597 777 1632 pra~cipit
792 1601 819 1623 tit
834 1595 932 1623 nemini
953 1594 1042 1621 dicant
1055 1594 1076 1620 '.

286 1648 354 1675 Nam
369 1647 440 1682 quod
462 1645 545 1673 semel
560 1644 663 1671 radices
676 1643 775 1678 posuit,
789 1642 811 1669 si
828 1646 918 1676 postea
933 1639 1078 1671 evellatur,

285 1693 394 1721 difﬁcile
408 1696 494 1727 potest
505 1691 601 1718 iterum
615 1687 838 1724 plantattrrnapud
853 1686 950 1714 rnnltos
966 1685 1078 1716 ﬁrmari;

287 1739 358 1774 quod
378 1746 443 1765 vero
467 1741 606 1772 postquam
626 1735 708 1762 semel
733 1733 850 1761 deﬁxum
871 1737 922 1764 est,
942 1732 1080 1758 immotum

287 1789 387 1817 manet,
403 1783 509 1810 neruine
523 1781 672 1808 molestiam
687 1779 817 1806 inlercntc
831 1778 907 1805 facile
922 1777 1042 1812 pullulat,
1055 1781 1082 1803 et

288 1831 374 1865 majus
386 1830 578 1856 incrementum
592 1825 697 1860 accipit.
709 1824 774 1851 Nam
791 1823 812 1850 si
828 1824 845 1850 ii
861 1823 904 1857 qui
918 1823 990 1857 signa
1006 1821 1081 1848 vide-

289 1881 348 1902 rant
362 1875 482 1910 plurirna,
500 1877 527 1900 et
541 1876 581 1899 tot
591 1871 761 1899 incﬁ‘abilinm
777 1869 962 1904 mystcriorrrrn
974 1867 1081 1902 partici-

289 1930 334 1958 pes
347 1925 433 1954 erant,
449 1921 490 1947 vel
506 1919 562 1954 solo
577 1918 668 1945 auditu
685 1916 856 1944 scandalizati
868 1919 929 1942 sunt
941 1923 947 1946 ;
961 1914 1015 1941 imo
1030 1921 1082 1940 non

289 1967 338 2002 ipsi
350 1967 410 1999 soli,
432 1966 478 1994 sed
494 1970 521 1992 et
543 1965 639 1991 Petrus
655 1962 772 1990 omnium
786 1960 944 1996 corypharus
959 1968 965 1986 :
982 1961 1082 1994 cogites

289 2014 368 2040 \clirn
382 2012 445 2046 quid
458 2010 558 2046 passuri
574 2014 650 2037 erant
661 2008 777 2043 plurimi,
794 2007 815 2033 si
830 2006 982 2033 didicissent
998 2005 1082 2039 ipsum

289 2067 347 2086 esse
362 2059 457 2086 Filium
473 2057 531 2090 Dei,
552 2061 577 2083 et
591 2060 684 2092 postea
698 2054 826 2081 vidissent
837 2060 897 2080 eum
913 2051 1041 2086 cruciﬁgi,
1057 2055 1084 2078 (ιι

289 2106 373 2140 sputis
398 2104 503 2136 fmdari,
526 2111 586 2130 cum
611 2101 799 2137 mysteriorum
821 2098 972 2133 Irujusmodi
986 2105 1082 2124 arcana

290 2159 341 2178 non
358 2155 479 2182 nossent,
495 2149 607 2176 necdum
628 2147 755 2182 Spiritum
769 2150 890 2173 sanctum
902 2145 1081 2180 accepissent.

290 2195 356 2223 Nam
370 2196 391 2222 si
410 2194 547 2228 discipulis
562 2193 668 2220 dicebat
685 2202 690 2219 :
706 2192 789 2218 Multa
804 2191 882 2217 habeo
899 2190 967 2217 vobis
985 2190 1081 2221 dicrre,

290 2242 333 2268 sed
350 2249 399 2268 non
411 2241 513 2276 potestis
526 2244 626 2274 portare
643 2238 717 2264 modo
741 2237 838 2272 (Joan.
855 2237 897 2263 lii.
916 2236 963 2271 12)
978 2244 984 2262 :
1000 2235 1083 2262 multo

290 2288 374 2321 magis
388 2286 490 2320 reliqua
505 2284 648 2312 ruultiludo
661 2283 801 2311 decidisset
813 2304 821 2314 ,
837 2284 859 2310 si
875 2287 937 2309 ante
956 2286 1084 2316 opportu-

290 2341 354 2360 nnrn
370 2337 484 2366 tempus,
500 2331 570 2366 quod
586 2332 610 2357 in
625 2330 666 2357 his
689 2330 824 2365 mysteriis
837 2336 989 2364 supremum
1006 2332 1062 2354 erat
1074 2348 1082 2360 ,

291 2380 355 2413 ipsis
366 2379 511 2406 revelatum
527 2377 631 2404 fuisset.
647 2376 748 2404 Idcirco
769 2375 825 2403 hinc
839 2375 931 2403 dicere
947 2374 1081 2410 prohibet.

292 2425 325 2451 Et
349 2430 377 2451 ut
398 2424 486 2451 discas
500 2427 628 2458 quantum
644 2422 771 2448 intererat
794 2421 899 2455 plenam
923 2424 1012 2454 postea
1035 2419 1084 2446 do-

291 2471 404 2496 ctrinam
425 2469 558 2504 accipere,
573 2468 712 2495 summotis
733 2467 764 2494 iis
777 2474 836 2500 qua:
851 2465 1011 2493 offendiculo
1024 2472 1084 2492 esse

292 2520 422 2550 poterant.
441 2516 464 2541 id
489 2515 521 2541 ah
542 2514 599 2548 ipso
623 2513 765 2548 coryphzro
778 2512 878 2547 aet-ipe.
902 2511 959 2546 Ipse
970 2518 1084 2545 namque

293 2562 395 2593 l'elrns,
410 2561 453 2596 qui
467 2565 526 2595 post
540 2565 578 2587 tot
593 2560 718 2586 miracula
735 2559 802 2586 adeo
828 2557 976 2585 imbecillus
1000 2564 1085 2591 appa-

293 2607 355 2636 ruit,
368 2611 396 2633 ut
409 2611 527 2640 negaret,
541 2605 671 2637 vilemque
687 2605 798 2639 puellam
815 2604 930 2635 timeret,
945 2608 1084 2638 postquam

292 2660 379 2680 crucrs
392 2657 498 2686 peracto
518 2652 655 2687 mysterio,
673 2650 879 2678 resurrectionis
893 2650 979 2676 claras
990 2649 1084 2676 habuit

293 2698 545 2729 demonstrationes,
561 2706 621 2725 cum
643 2697 706 2724 nihil
726 2697 761 2724 illi
782 2697 849 2723 ultra
865 2695 1023 2723 oll'eudieulo
1039 2703 1084 2722 es-

293 2754 314 2772 st
325 2749 335 2770 t
345 2764 352 2776 ,
367 2744 432 2771 nihil
445 2753 504 2771 etim
522 2748 649 2774 turbaret.
663 2744 702 2771 sic
716 2744 851 2770 immotam
869 2743 951 2770 lenuit
971 2741 1085 2776 Spiritus

295 2791 451 2825 doctrinam,
474 2797 503 2818 nt
524 2791 706 2819 \ehcnrculius
727 2798 806 2825 quam
821 2790 863 2817 leo
885 2789 911 2817 in
933 2789 1084 2817 Judrcorum

324 2871 333 2885 ι
351 2868 444 2895 Ποιναὶ..
457 2868 575 2898 quomodo
585 2873 642 2898 ergo
654 2867 731 2892 minor
742 2866 764 2892 is
774 2866 815 2896 qui
827 2866 884 2892 talia
896 2866 952 2897 ﬁ'cit
967 2865 978 2890 7

327 2901 336 2916 ³
354 2904 416 2930 ttxc,
425 2896 480 2925 mw
492 2899 601 2931 praecipit
613 2896 637 2923 iu
649 2898 737 2924 uenusti
749 2898 840 2929 dicunt,
853 2899 940 2926 desunt
952 2899 976 2922 in
985 2896 1068 2922 Morel.

627 158 655 184 S.
675 155 817 184 JOANNIS
835 152 1080 183 CllilYSOSTOMI
1103 153 1259 180 ARCIIIEP.
1271 152 1537 180 CONSTANTENOP.

1859 152 1911 179 5'56

1121 211 1247 246 populum
1260 212 1382 243 irrueret,
1397 211 1446 238 etsi
1459 210 1574 246 pericula
1584 215 1610 238 et
1622 210 1695 238 mille
1709 216 1809 240 mortes
1825 212 1912 239 innin-

1119 263 1222 286 nereut.
1236 257 1318 284 Multa
1331 258 1396 285 enim
1409 258 1486 283 [iubeo
1503 258 1571 284 vobis
1587 258 1678 290 dicere,
1696 258 1790 292 inquit,
1805 259 1849 285 sed
1861 268 1912 285 non

1120 303 1222 337 potestis
1233 309 1335 338 portare
1349 303 1432 330 modo.
1447 302 1514 336 Quin
1531 303 1610 329 etiam
1625 303 1705 329 rrttrlta
1729 303 1764 329 ab
1785 304 1828 330 illo
1841 303 1876 330 dit
1887 311 1912 329 ta

1120 357 1172 376 non
1186 349 1383 384 intelligebant,
1403 357 1463 383 qua:
1485 353 1546 376 ante
1568 356 1674 376 crucem
1697 350 1833 376 manifesta
1859 359 1912 376 Iturr

1119 397 1244 424 reddidit.
1262 397 1438 431 Posteaquam
1452 397 1530 431 igitur
1545 401 1738 430 rcsnrrexcrat,
1756 402 1818 423 tunc
1838 405 1913 431 qna--

1119 443 1180 470 dam
1192 451 1284 470 corttm
1294 450 1354 478 qua:
1367 443 1470 470 dixerat
1482 442 1679 470 intellexerunt.
1694 442 1758 470 .hrre
1769 451 1833 477 ergo
1844 443 1914 470 rnol-

1121 491 1154 517 tis
1165 490 1300 524 praecepit,
1314 497 1348 517 ne
1364 489 1426 516 illud
1443 494 1504 516 ante
1514 490 1601 516 crttcis
1616 489 1765 524 passiOncrn
1780 489 1914 524 dicerent,

1120 537 1226 572 quando
1241 545 1275 564 ne
1288 543 1368 563 ausus
1382 535 1488 571 quidem
1508 541 1549 563 est
1561 536 1603 570 iis,
1619 536 1665 571 qui
1679 541 1770 570 postea
1785 536 1914 572 pra-dica-

1122 583 1173 610 turi
1188 587 1279 614 erant.
1304 583 1393 609 omnia
1415 588 1476 609 ante
1496 590 1603 610 crrrcem
1624 583 1736 617 aperire.
1760 582 1802 610 ΞΟ.
1825 583 1865 610 Ex
1883 592 1914 610 eo
1946 604 1949 607 ν

1121 634 1232 665 tempore
1242 629 1317 663 rapit
1328 628 1403 656 Jcsus
1417 629 1478 663 ipsis
1490 628 1628 661 ostendere,
1643 629 1709 664 quod
1721 634 1844 664 oporteret
1857 638 1914 656 eum

1121 675 1184 709 pati.
1201 674 1239 702 Ex
1253 682 1368 709 quonam
1383 674 1524 709 tempore?
1537 674 1602 701 Cum
1626 674 1676 701 hoc
1698 674 1794 709 dogma
1816 675 1842 702 in
1862 675 1915 702 illis

1123 721 1251 752 inseruit;
1268 728 1327 747 cum
1341 721 1458 755 gentium
1473 720 1574 747 initium
1586 719 1698 746 induxit.
1714 721 1749 747 At
1772 727 1858 754 neque
1875 721 1915 748 sic

1123 767 1150 795 id
1171 767 1241 802 quod
1256 767 1393 794 dicebatur
1408 767 1598 795 intellexerunt
1614 776 1621 793 :
1639 767 1793 800 Eratenim,
1814 767 1914 802 inquit,

1123 814 1286 841 absconditus
1309 822 1390 841 sermo
1405 814 1437 841 ab
1454 814 1489 841 eis
1504 814 1512 848 (
1525 813 1585 840 Luc.
1604 814 1646 841 18.
1662 813 1730 849 54);
1753 818 1780 842 et
1800 815 1874 849 quasi
1889 814 1915 841 irt

1124 861 1287 888 obscuritate
1296 861 1410 895 quadam
1422 860 1605 892 versabantur,
1623 860 1774 887 nescientes
1796 868 1856 887 etrrn
1871 868 1916 888 re-

1123 912 1305 935 surrecturum
1316 914 1385 934 esse.
1401 907 1569 942 Quapropter
1585 907 1610 933 in
1623 906 1680 934 istis
1699 906 1851 934 difﬁcilibus
1865 907 1916 933 im-

1125 958 1263 987 moratur,
1287 958 1313 981 et
1332 961 1481 981 sermonem
1499 954 1642 988 amplificat
1654 975 1660 986 ,
1677 958 1707 980 ut
1726 954 1778 981 illis
1801 959 1916 981 mentem

1123 1000 1236 1034 aperiat,
1252 1004 1279 1027 et
1299 999 1446 1034 intelligant
1460 999 1522 1034 qrrid
1536 999 1570 1026 sit
1582 998 1646 1026 illud
1662 999 1733 1034 quod
1745 999 1849 1026 dicitur.
1865 999 1916 1026 Vc-

1126 1054 1184 1072 rutn
1202 1045 1261 1072 Non
1276 1045 1463 1078 intellexerunt,
1478 1046 1521 1072 sed
1536 1050 1588 1072 erat
1603 1045 1776 1072 abscondrtum
1787 1046 1847 1080 ipsis
1861 1054 1918 1072 rer-

1125 1091 1184 1118 bum
1195 1092 1262 1118 istud
1275 1091 1303 1127 (1
1308 1091 1405 1127 bidem)
1416 1101 1422 1123 ;
1443 1099 1492 1119 nec
1510 1091 1643 1119 audebant
1657 1092 1730 1119 illum
1744 1092 1918 1127 interrogare,

1127 1145 1180 1165 non
1195 1142 1282 1164 utrum
1297 1142 1368 1165 esset
1383 1138 1538 1171 moriturus,
1554 1138 1601 1165 sed
1620 1138 1754 1172 quomodo
1769 1142 1795 1165 et
1809 1145 1860 1172 qua
1875 1146 1918 1165 ra-

1128 1183 1209 1211 tione.
1226 1183 1260 1211 Et
1281 1183 1344 1218 quid
1363 1188 1422 1211 erat
1443 1184 1493 1211 hoc
1506 1185 1682 1220 mysterium?
1694 1183 1750 1211 Non
1765 1185 1836 1210 enim
1849 1183 1921 1210 sciev

1128 1229 1200 1261 bant,
1216 1230 1279 1264 quid
1290 1233 1361 1257 esset
1371 1237 1520 1264 resurgere,
1537 1230 1673 1264 multoque
1685 1230 1779 1256 melius
1793 1225 1935 1263 putabant.

1128 1283 1187 1304 esse
1213 1284 1266 1304 non
1289 1277 1367 1303 mori.
1385 1276 1498 1311 Ideoque
1507 1276 1566 1304 aliis
1581 1276 1705 1303 omnibus
1718 1275 1878 1310 perturbatis
1891 1283 1923 1302 ac

1128 1321 1320 1355 dubitantibus,
1336 1329 1442 1349 rursum
1458 1322 1562 1354 Petrus,
1590 1326 1682 1356 utpote
1702 1321 1806 1349 fervens
1817 1341 1825 1353 ,
1848 1323 1923 1348 solus

1129 1374 1209 1394 ausus
1221 1372 1261 1394 est
1278 1367 1327 1394 hac
1339 1367 1373 1394 de
1386 1375 1414 1394 re
1429 1367 1501 1402 loqui
1515 1375 1522 1393 :
1537 1375 1623 1402 neque
1637 1372 1725 1394 tamen
1746 1367 1860 1402 publire,
1875 1366 1923 1393 sed

1130 1419 1270 1444 seorsum;
1287 1412 1311 1440 id
1327 1417 1378 1445 est,
1394 1413 1427 1440 ab
1441 1413 1500 1440 aliis
1513 1417 1632 1440 semotus
1642 1413 1798 1447 discipulis;
1814 1414 1922 1448 aitque:

1129 1459 1174 1486 22.
1191 1459 1322 1494 Propitius
1335 1459 1379 1486 tibi
1397 1459 1441 1492 sis,
1457 1458 1575 1491 Domine,
1598 1467 1648 1486 non
1668 1459 1713 1486 erit
1726 1459 1769 1486 tibi
1783 1459 1840 1485 hoc.
1855 1459 1923 1493 Quid

1132 1505 1182 1532 hoc
1193 1505 1253 1532 est?
1274 1505 1318 1540 qui
1333 1505 1523 1533 revelationcrn
1536 1505 1638 1536 habuit,
1664 1505 1709 1540 qui
1724 1505 1817 1532 beatus
1829 1505 1925 1540 pra'di-

1131 1555 1206 1578 catus
1219 1555 1270 1584 est,
1284 1551 1326 1578 hic
1345 1550 1435 1578 subito
1456 1551 1545 1586 lapsus
1558 1550 1663 1582 cecidit,
1679 1550 1715 1576 ita
1729 1555 1757 1577 ut
1773 1550 1924 1585 passionem

1132 1598 1211 1624 etiarn
1226 1597 1388 1624 tirneret?et
1402 1596 1465 1631 quid
1478 1597 1585 1628 mirum,
1607 1595 1629 1622 si
1650 1595 1682 1628 is,
1699 1594 1748 1630 "qui
1769 1595 1818 1622 hac
1838 1594 1872 1622 dc
1897 1602 1926 1621 re.

1133 1652 1185 1671 non
1198 1645 1338 1677 acceperat
1359 1642 1560 1674 rcvelationcm,
1583 1642 1609 1669 id
1631 1649 1724 1677 passus
1735 1641 1787 1668 sit?
1804 1641 1837 1668 Ut
1853 1641 1925 1668 eninr

1133 1689 1220 1717 discas
1235 1689 1308 1716 illum
1322 1697 1353 1716 ea
1368 1696 1427 1723 quae
1440 1695 1519 1723 supra
1534 1688 1603 1715 dicta
1617 1693 1679 1715 sunt
1702 1696 1754 1714 non
1769 1695 1801 1714 ex
1816 1695 1845 1714 se
1863 1695 1927 1721 pro-

1135 1736 1245 1768 tulisse,
1263 1735 1321 1762 vide
1343 1734 1476 1770 quomodo
1487 1735 1511 1761 in
1524 1734 1565 1761 his
1581 1742 1640 1768 qua:
1661 1733 1711 1760 sibi
1732 1733 1849 1760 revelata
1873 1741 1926 1759 non

1134 1781 1255 1814 fuerant,
1280 1781 1399 1808 turbetur
1421 1785 1448 1807 et
1467 1784 1619 1812 evertatur,
1642 1784 1669 1806 et
1683 1779 1779 1806 millies
1794 1779 1928 1806 audiendo

1135 1835 1188 1855 non
1204 1828 1306 1854 noverit
1325 1827 1387 1862 qttid
1400 1827 1542 1854 diceretur.
1559 1826 1623 1853 Nam
1636 1825 1707 1861 quod
1727 1826 1809 1852 Filius
1826 1826 1870 1852 Dei
1885 1833 1927 1852 es-

1135 1880 1185 1906 set,
1201 1874 1225 1900 id
1238 1878 1310 1902 certe
1321 1878 1446 1905 noverat;
1461 1873 1522 1908 quid
1534 1878 1621 1900 autem
1633 1873 1666 1899 sit
1677 1872 1831 1907 mysterium
1840 1873 1928 1898 crucis

1134 1924 1162 1947 et
1170 1920 1381 1949 resurrectionis.
1392 1919 1509 1946 nondum
1517 1919 1565 1953 ipsi
1577 1918 1649 1946 clare
1660 1923 1750 1945 notum
1761 1923 1828 1944 erat.
1837 1918 1927 1944 Sermo

1135 1968 1217 1999 enim,
1226 1966 1319 2001 inquit,
1330 1971 1382 1992 erat
1392 1966 1453 2000 ipsis
1466 1966 1587 1992 occultus.
1604 1964 1683 1992 Vides
1695 1964 1835 1998 illutnjurc
1850 1972 1926 1990 marr-

1135 2011 1224 2044 dassc,
1241 2019 1274 2038 ne
1288 2011 1347 2037 aliis
1357 2010 1494 2038 dicerent?
1506 2009 1571 2037 Nam
1588 2010 1611 2038 si
1627 2017 1672 2036 eos
1691 2017 1756 2044 quos
1770 2009 1794 2036 id
1808 2009 1929 2036 ediscere

1137 2058 1316 2086 necessarium
1331 2062 1390 2085 erat
1408 2058 1442 2084 ita
1461 2057 1589 2089 turbavit,
1608 2056 1670 2092 quid
1689 2064 1741 2083 non
1753 2057 1823 2091 passi
1837 2062 1930 2083 essent

1135 2104 1244 2131 caeteri?
1255 2103 1312 2139 Ipse
1323 2112 1385 2131 vero
1395 2108 1424 2130 ut
1436 2103 1591 2130 ostenderet
1601 2111 1629 2129 se
1642 2110 1694 2129 non
1704 2102 1812 2129 invitum
1823 2102 1855 2129 ad
1866 2110 1930 2136 pas-

1137 2153 1238 2178 sionem
1247 2151 1348 2182 venirc,
1357 2150 1500 2184 increpavit
1509 2150 1625 2181 Petrum,
1632 2154 1804 2184 satanamque
1813 2151 1928 2176 vocarit.

1170 2199 1196 2225 4.
1219 2198 1256 2224 De
1274 2206 1347 2224 cruce
1362 2197 1455 2224 Christi
1473 2205 1523 2224 non
1536 2196 1740 2223 erubescendum.
1753 2196 1822 2223 Crux.
1832 2197 1930 2232 quotirs

1136 2249 1189 2271 tum
1202 2244 1299 2279 publice
1314 2250 1365 2271 tum
1380 2244 1496 2278 privatim
1509 2244 1630 2270 adhibita.
1642 2257 1677 2262 -—
1690 2243 1806 2270 Audiam
1829 2243 1874 2277 qui
1895 2243 1930 2270 de

1136 2299 1215 2320 cruce
1232 2291 1331 2318 Christi
1349 2291 1519 2318 erubescunt.
1535 2290 1638 2317 Etenim
1653 2290 1675 2316 si
1695 2289 1854 2324 coryphteus
1872 2289 1929 2321 ille,

1135 2343 1279 2372 antequam
1299 2337 1387 2364 omnia
1409 2337 1492 2371 probe
1512 2336 1610 2368 sciret,
1631 2335 1702 2371 quod
1726 2335 1771 2362 tali
1792 2340 1866 2362 esset
1888 2335 1930 2361 af-

1137 2382 1218 2415 fectu,
1233 2388 1339 2410 satanas
1353 2382 1502 2417 appellatus
1516 2386 1567 2414 est,
1583 2389 1661 2416 quam
1684 2382 1788 2408 veniam
1805 2389 1930 2408 mercan-

1137 2434 1180 2456 tur
1201 2429 1237 2456 ilii
1259 2429 1313 2464 qui,
1335 2433 1395 2462 post
1418 2432 1516 2455 tantam
1536 2427 1804 2458 demonstrationem,
1821 2433 1932 2453 meone.

1137 2476 1216 2503 miam
1233 2474 1350 2510 negant?
1361 2474 1472 2508 Quando
1485 2474 1555 2501 enim
1569 2473 1609 2500 vir
1618 2474 1662 2508 qui
1677 2473 1768 2500 beatus
1780 2473 1931 2507 appellatus

1137 2527 1186 2553 est,
1203 2522 1247 2556 qui
1262 2521 1341 2549 talem
1356 2520 1463 2555 protulit
1483 2519 1690 2552 confessionem,
1704 2518 1761 2545 hinc
1776 2523 1866 2545 tamen
1884 2525 1932 2544 an-

1137 2567 1186 2600 dit,
1202 2568 1227 2595 in
1242 2567 1332 2594 animo
1348 2572 1439 2601 reputa
1453 2570 1552 2601 quanta
1567 2565 1670 2600 passuri
1686 2565 1739 2592 sint
1759 2565 1786 2596 ii,
1808 2565 1853 2599 qui
1871 2569 1932 2599 post

1138 2615 1187 2641 ista
1201 2613 1357 2648 mysterium
1371 2613 1458 2640 crucis
1473 2611 1648 2646 rilipendunt.
1659 2610 1715 2637 Non
1729 2610 1805 2642 dixit,
1818 2609 1932 2637 Satanas

1139 2668 1185 2695 per
1199 2663 1223 2687 te
1239 2660 1363 2694 loquutus
1383 2663 1441 2691 est;
1456 2657 1512 2690 sed,
1529 2657 1574 2684 25.
1597 2656 1664 2683 Vade
1680 2661 1735 2689 post
1750 2664 1800 2688 mc,
1815 2661 1930 2683 satanas.

1138 2706 1203 2733 Nam
1217 2706 1339 2740 cupiebat
1353 2704 1522 2732 adversarius
1536 2708 1563 2730 ut
1577 2702 1700 2730 Christus
1710 2709 1762 2728 non
1774 2707 1930 2736 pateretur:

1140 2752 1199 2780 ideo
1220 2753 1258 2779 sic
1273 2752 1443 2779 vehementer
1463 2749 1618 2783 increpavit,
1634 2748 1704 2784 quod
1724 2747 1840 2774 maxime
1853 2747 1932 2775 sciret

1139 2805 1166 2828 et
1181 2800 1253 2826 illum
1267 2803 1294 2826 et
1308 2799 1374 2825 alios
1388 2799 1437 2825 hoc
1451 2798 1536 2832 ipstrrn
1552 2795 1656 2827 timere,
1669 2802 1756 2829 neque
1771 2793 1851 2822 facile
1867 2794 1930 2822 illud

1139 2846 1289 2872 admittere.
1317 2844 1483 2878 Quapropter
1505 2842 1602 2869 mentfs
1631 2841 1690 2874 eius
1713 2847 1808 2866 arcana
1833 2839 1932 2866 revelat

1142 2892 1233 2919 dicens
1248 2900 1253 2918 :
1270 2890 1329 2917 Non
1343 2890 1411 2924 stipiti
1426 2897 1454 2916 ea
1469 2896 1524 2923 τινα·
1545 2887 1590 2915 Din
1602 2892 1670 2921 sunt,
1683 2887 1726 2914 sed
1740 2894 1768 2913 ca
1780 2894 1838 2921 quae
1852 2884 1926 2912 homi-
