2055 3128
143 338 147 341 .
785 166 1255 334 Αἷῆᾗῇὶ

206 374 272 483 ΙΝ
319 375 792 486 EXPﬂSlTIONEM
856 380 986 488 DIVI
1049 382 1318 490 JOANNIS
1378 384 1828 495 CHRYSOSTOMI

658 528 838 560 EPISCOPI
868 530 1363 569 CONSTANTINOPOLITANI,

333 597 556 657 SUPER
594 599 1057 660 EVANGELIUM
1097 604 1138 659 B

887 603 1057 660 LIUM
1097 603 1309 661 BEATI
1348 603 1697 663 ΜΑΤΤΗᾹΞΙ

846 702 1181 750 PROLOGUS.

740 785 1277 806 ψ

435 837 560 859 DOMINO
580 838 664 860 VERE
685 839 806 861 SANCTO
828 839 869 861 ΕΤ
889 840 1075 864 BEATISSIMO
1097 842 1238 865 οιιοΝΤιο

772 839 806 861 l‘O
828 839 869 861 ΕΤ
889 840 1075 864 BEATISSIMO
1097 842 1238 865 οιιοΝΤιο
1262 843 1413 867 Εριεεορο
1433 845 1583 869 ANIANUS.

228 894 366 926 Piissimi
381 894 481 934 patris
491 893 644 934 affectum
659 895 691 924 et
708 892 935 932 sapientissimi
950 894 1051 934 artem
1066 893 1210 934 magistri
1225 894 1257 923 in
1274 902 1324 924 me
1339 894 1460 933 pariter
1474 904 1618 931 exerces,
1635 904 1730 934 quem
1746 896 1829 927 inter

191 935 262 972 has,
278 942 359 974 quas
374 932 433 973 pro
457 933 529 964 ﬁdei
544 934 709 974 vobiscum
723 940 835 964 amore
849 933 1048 974 perpetimur
1068 932 1281 974 tentationum
1305 932 1477 974 procellas,
1494 936 1526 965 et
1549 943 1568 965 a
1583 932 1719 966 maerore
1734 936 1828 966 simul

190 976 222 1005 et
234 983 253 1005 a
275 972 405 1013 torpore
422 973 587 1009 subducis,
602 972 810 1013 animumque
828 972 991 1013 anxietate
1008 973 1202 1013 marcentem
1213 972 1253 1003 ad
1265 973 1405 1013 studium
1430 973 1666 1012 Scripturarum
1681 975 1827 1006 remittis.

188 1014 287 1044 Jubes
314 1012 411 1049 enim,
434 1013 696 1053 beatissimetut
720 1012 993 1053 Commentarium
1017 1012 1120 1053 sancti
1143 1012 1277 1053 Joannis
1301 1012 1648 1053 Constantinopolitani
1673 1015 1828 1053 episcopi,

189 1062 286 1093 quem
304 1053 337 1082 in
352 1052 501 1084 Matlhmo
516 1052 715 1093 evangelista
729 1051 908 1093 nonaginta
923 1054 956 1081 et
969 1059 1035 1081 uno
1047 1051 1131 1082 libro
1149 1052 1315 1093 explicuit,
1344 1053 1377 1093 in
1403 1048 1551 1093 Latinam
1581 1048 1739 1092 linguam,
1762 1048 1828 1093 quo

189 1091 310 1131 possim
327 1100 486 1127 sermone,
504 1091 738 1122 transfundam.
755 1091 847 1128 Quod
862 1091 986 1121 utinam
999 1093 1068 1131 tam
1078 1099 1096 1122 a
1112 1091 1204 1122 nobis
1222 1092 1387 1122 cummode
1402 1091 1470 1122 fieri
1482 1092 1594 1130 possit,
1609 1091 1708 1131 quam
1722 1101 1741 1123 a
1757 1091 1787 1124 te
1796 1097 1829 1124 et

189 1130 370 1171 opportune
382 1134 414 1162 et
426 1131 548 1161 utiliter
563 1131 753 1171 imperatur!
769 1131 851 1171 Quid
867 1131 952 1161 enim
968 1131 1020 1161 vel
1033 1130 1073 1160 ad
1088 1131 1474 1171 prudentiamieruditius,
1494 1132 1544 1162 vel
1555 1132 1595 1162 ad
1612 1130 1826 1164 exercitatio—

188 1170 262 1202 nem
276 1171 422 1211 ignitius,
437 1171 488 1202 vel
501 1171 541 1201 ad
572 1170 686 1211 dogma
716 1170 884 1210 purgatius
899 1172 1083 1211 nostrorum
1098 1171 1231 1201 auribus
1259 1170 1424 1207 offeratur,
1450 1179 1548 1210 quam
1572 1172 1727 1210 praeclara
1753 1173 1821 1204 haec

188 1213 254 1242 tam
270 1210 405 1250 insignis
421 1211 519 1241 animi
536 1210 721 1249 ingeniique
733 1210 962 1240 monumenta?
978 1210 1017 1240 Et
1034 1210 1095 1250 hoc
1112 1210 1252 1241 maxime
1272 1213 1427 1250 tempore,
1443 1219 1509 1249 quo
1535 1219 1593 1249 per
1620 1212 1822 1242 occasionem

189 1250 403 1289 quarumdam
418 1250 513 1280 nimis
529 1249 706 1280 difficilium
732 1250 960 1288 quaestionum,
977 1249 1179 1280 sediticationi
1207 1258 1333 1280 morum
1351 1253 1447 1289 atque
1475 1251 1700 1282 ecclesiasticas
1726 1251 1825 1282 disci—

188 1291 286 1329 plime
316 1290 394 1321 satis
421 1290 598 1330 insolenter
625 1290 832 1330 obstrepitur.
846 1291 907 1320 Pro
923 1297 988 1330 qua
999 1291 1086 1320 certe
1101 1290 1212 1330 beatus
1226 1290 1366 1320 Joannes
1382 1289 1495 1320 cumin
1505 1290 1576 1320 aliis
1586 1290 1748 1329 operibus,
1759 1293 1827 1321 tum

188 1328 222 1360 in
235 1330 297 1360 hoc
312 1338 442 1369 quoque
458 1331 566 1360 tantus
580 1328 792 1369 fererubique,
808 1332 939 1368 tamque
950 1329 1058 1360 alacer
1072 1328 1226 1369 assurgit,
1244 1330 1492 1369 utevangelistm
1507 1330 1590 1361 dicta
1606 1328 1828 1369 interpretan-

188 1369 240 1406 do,
253 1378 312 1409 pro
322 1367 511 1409 evangelica
526 1367 721 1407 perfectione
736 1367 903 1409 nobiscum
920 1377 1065 1408 pugnare
1079 1367 1237 1409 videatur.
1252 1369 1333 1405 Quid
1351 1367 1437 1400 enim
1450 1369 1503 1399 ille
1521 1370 1625 1408 magis
1641 1367 1826 1401 hominibus

188 1408 341 1445 inculcat,
356 1408 454 1448 quam
477 1410 647 1439 venturam
660 1416 753 1438 suam
769 1408 967 1438 nobilitatem
980 1430 988 1444 ,
1004 1417 1076 1447 quae
1091 1408 1245 1439 adversus
1258 1409 1426 1439 Manichwi
1442 1409 1564 1439 rabiem
1578 1409 1722 1439 omnium
1737 1412 1825 1441 recta

188 1449 382 1487 sapientium
395 1457 557 1479 consensu
572 1451 794 1488 concentuque
805 1448 955 1478 laudatur
964 1449 977 1488 Τ
985 1448 1149 1488 Laudatur
1157 1451 1265 1488 autem
1277 1448 1326 1478 vel
1339 1448 1373 1478 in
1382 1448 1578 1488 admirabilis
1592 1448 1728 1488 gloriam
1740 1449 1824 1480 Con-

187 1488 365 1523 ditoris,vel
381 1489 422 1518 ob
440 1487 631 1518 concitanda
640 1487 748 1518 studia
766 1487 905 1523 virtutis,
925 1487 975 1517 vel
990 1487 1028 1518 ad
1045 1487 1230 1527 castiganda
1243 1487 1320 1518 vitia
1344 1487 1528 1526 voluptatis.
1553 1487 1647 1525 Quid,
1675 1488 1822 1527 inquam,

187 1528 329 1566 pressius
345 1528 399 1557 ille
411 1527 625 1563 commendat,
641 1535 740 1567 quam
754 1527 904 1566 ingenitae
918 1526 1010 1557 nobis
1024 1535 1047 1567 ar
1057 1527 1124 1558 Deo
1131 1526 1294 1567 libertatis
1307 1527 1416 1563 decus,
1432 1526 1524 1567 cujus
1537 1527 1696 1558 confessio
1709 1526 1825 1567 praeci-

187 1576 287 1606 puum
303 1567 387 1598 inter
406 1575 463 1597 nos
477 1566 678 1606 gentilesque
692 1566 864 1597 discrimen
880 1567 950 1597 est?
962 1566 1024 1603 Qui
1039 1566 1202 1596 hominem
1217 1566 1257 1597 ad
1285 1566 1458 1606 imaginem
1480 1566 1538 1597 Dei
1557 1566 1732 1603 conditum,
1761 1570 1826 1598 tam

187 1606 358 1637 infeliciter
372 1606 427 1637 fati
446 1606 610 1641 violentia,
623 1608 655 1636 et
669 1606 823 1644 peccandi
836 1608 951 1644 putant
967 1606 1158 1636 necessitate
1168 1606 1363 1642 devinctum,
1375 1608 1409 1636 ut
1424 1606 1450 1636 is
1466 1606 1561 1636 etiam
1576 1607 1745 1645 pecoribus
1769 1607 1826 1637 in-

186 1646 296 1676 videre
311 1649 455 1685 cogatur.
466 1646 548 1683 Quid
563 1646 618 1676 ille
634 1645 789 1676 adversus
806 1646 933 1676 eosdem
946 1646 1117 1684 magistros
1131 1646 1238 1684 potius
1253 1646 1408 1681 insinuat,
1418 1654 1515 1684 quam
1529 1646 1586 1676 Dei
1602 1655 1672 1677 esse
1688 1647 1826 1685 possibi-

185 1685 230 1716 lia
248 1686 410 1721 mandata,
428 1688 459 1715 et
473 1686 635 1716 hominem
651 1686 749 1715 totius
762 1685 814 1715 vel
828 1694 900 1723 qua:
908 1685 1041 1724 jubetur
1055 1685 1106 1715 vel
1122 1685 1277 1716 suadetur
1288 1694 1308 1716 a
1327 1685 1394 1714 Deo
1412 1693 1561 1724 capacem
1580 1695 1650 1717 eSSe
1674 1686 1799 1717 virtutis
1811 1687 1825 1715 7

185 1725 256 1762 Quo
274 1725 405 1764 quidem
421 1725 502 1761 solo,
519 1728 550 1755 et
565 1724 719 1763 iniquitas
731 1725 959 1763 abimperante
974 1724 1176 1762 propellitur,
1186 1726 1217 1754 et
1229 1725 1453 1763 praevaricanti
1463 1727 1571 1755 reatus
1588 1725 1739 1764 affigitur.
1753 1726 1824 1756 Jam

185 1773 263 1796 vero
275 1765 335 1795 iste
352 1764 551 1795 eruditorum
563 1764 672 1800 decus,
689 1773 763 1795 cum
777 1764 816 1794 de
828 1764 885 1794 Dei
897 1764 1000 1803 gratia
1017 1764 1155 1798 disserit,
1172 1767 1294 1802 quanta
1308 1764 1395 1794 illam
1411 1765 1568 1800 ubertate,
1585 1768 1708 1803 quanta
1723 1766 1819 1796 etiam

185 1805 335 1835 cautione
349 1805 553 1835 concelebrat
571 1803 579 1833 1
595 1804 665 1833 Non
687 1804 773 1834 enim
789 1804 878 1834 estin
896 1804 1054 1834 alterutro
1069 1806 1127 1834 aut
1140 1803 1303 1839 incautus,
1322 1806 1377 1834 aut
1392 1803 1523 1839 nimius,
1550 1803 1604 1834 sed
1626 1805 1657 1834 in
1684 1807 1823 1843 utroque

185 1844 381 1874 moderatus.
399 1844 450 1874 Sic
464 1844 581 1874 liberas
595 1843 734 1874 ostendit
746 1843 914 1873 hominum
929 1842 1123 1880 voluntates,
1140 1845 1176 1873 ut
1189 1843 1229 1873 ad
1242 1843 1299 1873 Dei
1314 1845 1421 1874 tamen
1437 1843 1589 1874 mandata
1602 1843 1744 1874 facienda
1770 1842 1824 1874 di—

184 1885 268 1914 vinas
283 1884 394 1923 gratim
408 1883 626 1923 necessarium
640 1883 763 1922 ubique
778 1882 1089 1923 fateaturiauxilium
1102 1892 1109 1911 :
1127 1883 1173 1913 sic
1188 1883 1385 1923 continuum,
1396 1882 1511 1923 divinas
1526 1883 1644 1923 Gratia;
1663 1883 1821 1913 auxilium

184 1921 399 1958 commendat,
411 1925 446 1953 ut
457 1931 516 1953 nec
527 1922 633 1953 studia
643 1922 818 1952 voluntatis
832 1922 1007 1952 interimat.
1017 1921 1096 1953 Cum
1109 1924 1218 1953 autem
1233 1922 1265 1952 in
1282 1922 1405 1953 cunctis
1419 1921 1482 1952 fere
1495 1922 1647 1952 doctrinae
1662 1923 1821 1961 partibus,

184 1963 252 1992 tum
263 1962 462 2000 prwcipuein
472 1961 697 1991 exhortatione
706 1961 832 1996 morali,
844 1963 941 1999 atque
953 1961 987 1990 in
997 1962 1145 1991 omnibus
1154 1961 1377 1992 ecclesiastica:
1384 1961 1503 1999 regulis
1515 1961 1701 1999 disciplinae,
1713 1962 1758 1992 ita
1772 1971 1824 1991 no-

183 2003 326 2031 strorum
339 2001 479 2031 concinit
490 2009 548 2039 per
555 2001 707 2030 universa
719 2000 897 2039 sententiis,
909 2002 945 2030 ut
958 2008 1014 2039 eos
1028 2009 1109 2039 pene
1120 2009 1202 2038 quos
1211 2008 1389 2039 numquam
1405 2000 1494 2034 vidit,
1506 2001 1637 2030 omnino
1648 2001 1686 2030 ad
1695 2009 1822 2032 omnem

183 2039 421 2078 Scripturarum
432 2038 676 2078 intelligentiam
690 2038 881 2069 informasse
894 2038 1055 2078 credatur.
1066 2038 1195 2074 Quanto
1208 2039 1294 2069 enim
1302 2038 1547 2078 exhortandi,“
1558 2040 1823 2076 est.emendandi,

187 2082 234 2111 vel
243 2076 342 2111 etiam
354 2076 690 2110 exornandihomines
703 2086 813 2108 amore
824 2079 983 2112 teneatur,
997 2076 1056 2108 hoc
1065 2077 1224 2116 praecipue
1233 2086 1330 2116 opere
1342 2077 1493 2108 declarat.
1507 2078 1542 2108 In
1550 2087 1616 2116 quo
1625 2087 1696 2108 cum
1709 2087 1815 2109 susce-

184 2120 268 2159 perit
276 2118 535 2159 commentatoris
543 2117 693 2159 ofﬁcium,
701 2119 822 2159 certam
827 2116 1084 2159 uniuscujusque
1090 2117 1162 2146 libri
1173 2119 1294 2159 partem
1302 2117 1503 2159 expositione
1509 2117 1815 2159 complens,_reliqua

183 2155 288 2190 amica
302 2158 372 2194 sibi,
381 2161 412 2189 et
423 2166 521 2196 quam
534 2157 764 2196 perfectissima
772 2158 875 2196 potest
884 2156 1121 2192 exhortatione,
1133 2156 1295 2194 producit:
1309 2156 1341 2186 in
1350 2155 1428 2196 ipsis
1436 2165 1567 2194 quoque
1578 2155 1816 2196 expositionum

183 2199 274 2235 locis,
291 2207 363 2237 quae
377 2195 504 2237 quidem
520 2195 616 2237 plena
630 2198 705 2227 sunt
722 2196 880 2237 acuminis
895 2195 1076 2237 ,ponderis,
1089 2196 1338 2234 consequentiae,
1353 2195 1551 2237 eruditionis,
1564 2195 1721 2237 medulla),
1737 2197 1817 2226 nihil

183 2229 285 2278 magis
299 2229 545 2278 intenditaliud,
556 2244 655 2278 quam
663 2245 702 2278 n_e
709 2235 761 2278 vel
774 2229 1094 2278 exiguaimoralitatis
1107 2229 1226 2278 puncta
1234 2229 1402 2278 praetereat
1412 2245 1421 2271 ;
1433 2235 1526 2278 quasi
1533 2229 1589 2273 qui
1596 2229 1727 2278 omnino
1736 2244 1817 2274 pene

185 2274 274 2309 solus
288 2277 459 2308 consilium
484 2276 600 2307 divinae
623 2276 702 2315 legis
728 2274 918 2315 inspexerit.
940 2275 1017 2311 Quae
1045 2284 1118 2305 cum
1133 2275 1311 2306 innumeris
1328 2274 1368 2315 sit
1386 2275 1509 2305 intexta
1523 2274 1642 2315 causis,
1661 2274 1701 2315 ad
1715 2283 1816 2304 unum

184 2320 291 2348 tamen
306 2317 403 2347 linem
415 2316 525 2347 omnia
539 2313 674 2351 reducit,
691 2316 727 2344 ut
744 2314 866 2345 scilicet
878 2315 1023 2345 homines
1039 2315 1157 2353 quibus
1170 2315 1244 2345 data
1258 2316 1317 2349 est,
1329 2314 1369 2345 ad
1390 2323 1533 2345 amorem
1543 2314 1600 2343 Dei
1612 2313 1816 2352 studiumque

186 2357 310 2388 virtutis
326 2355 489 2388 accendat.
506 2355 604 2393 Quod
620 2363 695 2385 vero
710 2354 792 2384 istud
808 2362 873 2384 non
895 2354 935 2385 ad
948 2354 1194 2384 ostentationem
1206 2353 1379 2393 quamdam
1389 2353 1494 2390 faciat,
1513 2356 1544 2384 et
1558 2353 1718 2393 fcetentem
1730 2353 1816 2383 illam

185 2396 296 2435 glorias
314 2396 488 2427 vanitatem
501 2404 574 2425 cum
590 2396 656 2435 tota
670 2397 706 2435 et
714 2394 864 2435 doctrinae
879 2394 978 2429 illius,
1000 2396 1032 2424 et
1052 2402 1190 2430 morum,
1205 2392 1260 2435 qui
1274 2393 1413 2435 etiamin
1428 2393 1554 2432 scriptis
1573 2392 1642 2432 ejus
1655 2392 1814 2435 relucent,

185 2432 395 2471 continentia,
411 2437 479 2465 tum
493 2435 589 2465 etiam
604 2434 676 2465 vitae
690 2433 763 2464 ﬁnis
785 2433 854 2472 ipse
868 2435 1005 2464 testatur
1022 2443 1029 2462 :
1045 2442 1159 2472 nempe
1173 2433 1261 2464 omni
1276 2433 1329 2464 ille
1343 2441 1490 2464 sermone
1522 2441 1586 2462 non
1615 2432 1816 2462 solummodo

186 2475 345 2511 emendat,
360 2474 414 2506 sed
427 2475 523 2505 etiam
536 2475 641 2505 armat
651 2473 806 2504 auditoris
820 2474 976 2504 animum.
990 2473 1110 2511 Nempe
1125 2475 1191 2503 tota
1201 2472 1270 2512 ejus
1284 2476 1315 2503 et
1323 2472 1510 2512 principalis
1525 2472 1662 2503 intentio
1675 2473 1734 2508 est,
1752 2480 1817 2502 non

186 2517 252 2545 tam
267 2515 425 2553 privatam
440 2515 546 2550 istam,
560 2516 591 2545 et
602 2514 686 2544 inter
700 2521 930 2552 prosperorum
948 2520 1050 2551 opaca
1062 2511 1241 2553 latitantem
1259 2511 1459 2553 honestatem
1469 2511 1594 2553 docere,
1610 2520 1708 2553 quam
1729 2512 1816 2542 illam

187 2551 330 2593 quotidie
344 2556 507 2592 tamquam
522 2554 556 2583 in
573 2554 641 2584 acie
652 2551 868 2589 dimicantem,
893 2555 925 2583 et
939 2561 1011 2591 qua;
1036 2553 1159 2593 absque
1181 2552 1249 2593 ullo
1278 2551 1444 2593 dispendio
1458 2552 1511 2593 sui
1516 2551 1779 2593 _tribu_lati_ormm_
1789 2553 1819 2581 et

187 2590 327 2625 émdatur
340 2590 544 2628 imbribus,et
557 2595 670 2623 uratur
684 2593 852 2623 ardoribus
868 2590 1034 2623 instituere
1048 2590 1207 2622 virtutem.
1221 2592 1313 2622 Hanc
1323 2592 1424 2631 ipsam
1437 2591 1480 2622 ita
1491 2591 1544 2622 ille
1560 2590 1695 2631 insignis
1707 2590 1819 2631 Eccle—

188 2634 244 2664 siae
260 2634 411 2672 magister
425 2635 456 2663 et
472 2642 566 2663 verus
579 2632 696 2662 Christi
711 2632 886 2670 discipulus
904 2632 1058 2670 implevit,
1085 2635 1120 2662 ut
1134 2631 1190 2662 illa
1212 2630 1434 2672 omniaiquaa
1458 2630 1496 2672 de
1520 2630 1694 2672 asserenda
1722 2630 1817 2672 etiam

188 2682 246 2711 per
260 2669 394 2702 mortem
409 2673 525 2702 virtute
540 2671 701 2708 disseruit,
716 2669 861 2702 nontam
874 2669 959 2708 aliis,
975 2680 1074 2710 quam
1089 2671 1148 2701 sibi
1164 2671 1296 2700 omnino
1312 2669 1379 2701 soli
1389 2671 1569 2701 inculcasse
1584 2669 1742 2711 videatur.
1757 2670 1816 2711 De-

188 2709 286 2751 nique
302 2712 399 2742 vitam
414 2712 503 2742 illam
518 2712 605 2741 omni
619 2712 660 2742 ab
675 2711 889 2742 adolescentia
907 2709 1074 2742 sanctitate
1089 2711 1275 2750 fulgentem,
1286 2713 1316 2741 et
1331 2711 1363 2751 in
1375 2710 1553 2751 sacerdotio
1569 2709 1654 2751 inille
1673 2709 1817 2751 insigni-_

189 2749 248 2782 bus
260 2751 462 2791 perfectionis
475 2755 633 2786 ornatam,
649 2751 744 2781 etiam
763 2751 967 2791 passionibus
982 2760 1039 2789 pro
1049 2749 1180 2791 justitim
1197 2759 1307 2791 amore
1322 2750 1698 2791 decoravitsQuodcerte
1719 2749 1816 2791 alicui

188 2788 338 2823 Ecclesiis
353 2792 384 2821 in
401 2800 478 2830 pace
493 2791 681 2830 degentibus
697 2788 879 2828 provenire,
892 2788 1029 2830 ingentis
1043 2788 1154 2825 animi,
1169 2790 1346 2830 proculque
1367 2790 1408 2819 ab
1422 2790 1508 2819 omni
1524 2789 1690 2830 hominum
1711 2788 1817 2830 gloria

188 2833 318 2862 remotae
327 2827 456 2868 mentis,
469 2827 616 2870 rarisque
630 2827 762 2862 omnino
772 2830 899 2863 virtutis
921 2827 980 2862 cst.
1005 2830 1097 2867 Quod
1109 2827 1217 2862 autem
1232 2829 1265 2859 in
1276 2827 1411 2868 septimo
1425 2829 1517 2860 istius
1534 2829 1616 2859 libro
1630 2828 1735 2868 operis
1762 2827 1819 2856 in—
