2055 3128
182 160 235 187 ἶὶῖί)
777 163 890 191 ΑΝιΑΝι
918 162 1207 192 ΙΧΤΕΙὶΡιῖΕΤᾹΉΟ.
1765 161 1817 189 980

177 221 279 250 literis
294 220 512 250 admonitione
530 220 590 250 fuit
605 229 698 259 opus.
713 218 783 250 iam
800 229 877 259 ergo
893 220 1061 250 considera
1077 227 1174 259 quam
1189 217 1230 246 sit
1253 221 1404 259 extrema:
1422 218 1554 248 omnino
1581 219 1760 253 dementiae,
1779 226 1812 250 ut

177 260 234 298 qui
247 263 336 290 tanta
351 260 538 290 deberemus
556 257 972 298 vitze’perfectione'pollere
985 282 992 295 ,
1010 262 1045 289 ut
1071 258 1149 287 nihil
1167 257 1413 298 prorsusrliteris
1430 267 1598 297 egeremus
1611 283 1618 292 ,
1649 259 1704 289 sed
1735 261 1814 290 scri~

180 297 283 330 benda
307 300 438 338 Spiritui
456 303 567 330 sancto
581 297 676 330 corda
692 308 751 338 pro
775 297 902 338 paginis
928 300 1164 338 praeberemus;
1178 297 1285 335 quale,
1299 297 1445 338 inquam,
1460 301 1519 338 est,
1537 298 1575 332 si,
1603 302 1814 338 posteaquam

179 339 315 378 primam
330 336 417 370 illam
433 340 627 378 perdidimus
642 336 842 378 dignitatem,
856 336 955 378 atque
970 347 1008 368 eo
1022 338 1141 368 redacti
1162 346 1286 378 sumus,
1303 340 1337 378 ut
1357 336 1482 378 scriptis
1512 337 1716 376 indigeamus
1727 336 1741 374 “,
1772 349 1812 376 nc

180 376 324 409 secundo
338 376 466 418 quidem
482 379 622 409 remedio
636 376 835 409 ad'nostram
860 376 991 409 utamur
1006 378 1153 408 salutem.
1170 377 1201 418 Si
1218 377 1301 418 enim
1317 376 1417 406 literis
1434 385 1542 418 egere,
1560 381 1591 406 et
1615 387 1681 408 non
1710 379 1813 416 gratia

179 419 316 458 Spiritus
337 416 438 449 sancti
453 419 621 458 splendere
637 419 797 457 culpabile
814 421 874 455 est,
889 418 960 448 vide
974 418 1087 456 quanti
1101 418 1142 446 sit
1156 416 1300 458 criminis
1315 425 1372 458 nec
1385 425 1442 454 per
1460 416 1543 458 istud
1559 418 1814 458 auailiumvelle

180 455 347 497 proﬁcere,
367 459 419 489 sed
438 455 532 497 quasi
547 458 665 489 frustra
685 455 723 489 ac
734 467 817 489 vane
832 459 935 497 posita
948 455 1087 488 cailestia
1101 457 1221 494 scripta
1236 455 1410 497 despicere,
1424 458 1455 485 et
1470 456 1572 497 majus
1585 457 1706 494 absque
1715 457 1814 488 dubio

180 495 290 528 subire
316 495 521 536 supplicium.
541 498 632 535 Quod
649 507 689 528 ne
707 495 843 531 accidat;
857 498 1028 536 diligenter
1043 497 1121 532 haec,
1140 505 1212 534 qua:
1227 496 1347 536 scripta
1360 497 1446 536 sunt,
1463 495 1698 533 ponderemus;
1715 500 1746 526 et
1759 497 1808 527 di-

181 547 308 568 scamus
324 535 593 576 quemadmodum
614 538 773 568 vetuslex
791 535 991 576 promulgata
1008 538 1059 570 sit,
1078 535 1346 576 quemadmodum
1373 535 1468 576 etiam
1496 536 1620 564 Novum
1649 536 1814 576 conditum

181 577 224 608 sit
240 575 490 608 Testamentum.
507 578 655 614 Quonam
673 578 770 616 igitur
792 575 873 607 tunc
893 575 987 606 modo
1006 576 1060 607 illa
1078 577 1131 605 lex
1149 575 1224 616 data
1246 577 1316 616 est.
1346 577 1378 604 et
1403 575 1456 604 ubi
1466 597 1478 616 _.
1506 579 1537 604 et
1564 575 1716 616 quando?
1742 577 1813 606 Post

182 617 404 656 Egyptiorum
417 617 558 655 profecto
575 614 760 655 perniciem,
777 617 810 646 in
824 625 944 652 eremo,
962 616 994 646 in
1011 619 1120 646 monte
1141 615 1231 656 Sina,
1248 617 1279 644 et
1304 614 1390 656 fumo
1419 616 1449 643 et
1465 614 1538 653 igne
1553 615 1753 656 ascendente
1775 616 1814 646 dc

183 654 302 692 monte,
317 660 348 687 et
364 654 439 687 tuba
455 654 641 688 terribiliter
657 657 840 691 insonanle,
868 660 898 686 et
927 656 1069 686 tonitruo
1085 655 1229 685 crebrius
1244 654 1473 688 comminante,
1490 656 1520 683 et
1535 658 1726 685 coruscante
1744 655 1812 685 fui-

183 705 275 735 gure,
289 699 320 726 et
335 697 424 726 Mose
448 696 480 725 in
504 697 608 734 ipsam
634 696 804 735 caliginem
831 696 925 726 nubis
940 695 1091 725 intrante.
1107 695 1142 724 In
1156 694 1246 724 Novo
1267 702 1341 723 vero
1357 693 1493 735 nonda.
1509 694 1578 723 Non
1603 694 1695 735 enim
1710 704 1814 734 neque

184 733 217 765 in
232 745 340 766 eremo
356 758 363 771 ,
380 745 485 774 neque
500 733 533 766 in
549 738 669 771 monte,
684 733 748 765 non
765 745 836 765 cum
854 736 941 765 fumo
955 738 986 765 et
1003 735 1152 774 caligine,
1168 742 1232 763 non
1252 742 1323 763 cum
1348 733 1538 774 tenebrishet
1566 733 1715 774 procellis
1737 745 1743 763 :
1761 736 1814 765 sed

184 778 328 805 sumente
342 772 468 805 initium
484 775 545 811 die,
562 776 593 805 in
609 776 703 805 domo
728 775 912 805 sedentibus
936 772 1186 809 eunetis,’multa
1211 782 1283 803 eum
1310 772 1567 807 mansuetudine,
1585 773 1738 804 universa
1753 774 1815 803 lie-—

184 815 272 845 bant.
289 815 450 853 Siquidem
467 815 572 845 adhuc
586 815 648 844 illis
665 814 873 844 ferocioribus
888 816 919 844 et
933 813 1157 844 ell'renioribus
1173 812 1470 853 humanoquodam
1485 814 1609 853 terrore
1624 821 1705 851 opus
1721 817 1789 843 erat
1807 837 1814 845 .

184 857 220 884 ut
242 852 426 890 solitudine,
450 857 569 889 monte,
588 854 666 893 igni,
686 854 773 884 fumo
786 876 793 887 ,
824 855 974 884 tubarum
997 862 1078 883 sono
1093 855 1124 883 et
1148 852 1270 893 cieteris
1291 852 1407 893 talibus
1427 852 1654 893 :sublimiores
1674 862 1748 882 vero
1777 854 1814 883 ad

186 894 375 932 perfectiora
389 894 494 924 doceri
512 891 633 930 faciles,
650 896 681 924 et
698 893 753 932 qui
768 893 833 932 jam
849 893 1067 932 corporalium
1084 892 1280 932 intellectum
1299 900 1362 932 usu
1376 891 1502 921 virtutis
1519 895 1737 925 excesserant,
1756 893 1812 922 ho—

186 930 256 963 rum
272 942 344 971 quae
360 934 499 963 diximus
514 955 521 967 ,
551 942 616 963 non
638 930 786 972 egebant.
803 933 893 969 Quod
907 930 939 962 isi
958 936 989 963 et
1004 941 1102 970 super
1124 931 1288 972 apostolos
1317 930 1417 961 factus
1447 939 1517 960 esse
1537 940 1636 961 sonus
1662 932 1810 972 refertur,

186 981 251 1002 non
266 970 396 1011 propter
415 974 498 1012 ipsos
509 975 645 1008 tantum,
660 970 715 1002 sed
728 973 769 1002 ob
782 973 985 1011 praesentiam
996 972 1097 1002 factus
1110 974 1158 1001 est
1171 970 1354 1012 Judagorum
1371 980 1390 1012 :_
1402 973 1532 1012 propter
1550 979 1631 1012 quos
1641 971 1815 1012 ‘etrdivisus

188 1012 240 1042 ille
264 1010 299 1052 in
325 1010 435 1051 specie
458 1012 644 1052 linguarum
673 1012 755 1051 ignis
782 1010 944 1052 apparuit.
975 1012 1018 1052 δὴ
1036 1011 1121 1041 enim
1150 1014 1224 1049 post
1251 1010 1319 1052 haec
1340 1010 1446 1052 etiam
1475 1010 1635 1052 mirabilia
1663 1011 1816 1052 digerunt

186 1051 271 1091 quod
286 1049 372 1090 pleni
396 1049 625 1082 essent‘musto
638 1049 775 1090 apostoli
795 1049 892 1090 (Cist.
907 1051 936 1080 2.
956 1052 992 1080 13
1008 1050 1018 1091 )
1033 1061 1040 1080 ε
1058 1053 1180 1089 quanto
1210 1050 1312 1088 magis
1336 1049 1399 1091 ista
1417 1049 1574 1091 dixissent
1599 1051 1626 1080 si
1642 1050 1722 1091 nihil
1753 1051 1815 1081 tale

185 1088 360 1120 vidissent?
386 1091 425 1120 Et
451 1091 484 1121 in
512 1091 618 1121 Veteri
633 1088 761 1130 quidem
791 1088 995 1121 Testamento
1009 1088 1084 1121 cum
1107 1090 1212 1120 Moses
1229 1088 1425 1130 ascendisset
1438 1089 1480 1130 in
1496 1092 1648 1123 montem,
1676 1090 1816 1121 descen—

185 1130 229 1160 dit
247 1131 331 1160 Deus
353 1141 359 1158 :
376 1131 407 1160 in
423 1131 512 1160 Novo
527 1139 604 1161 vero
619 1128 692 1161 cum
706 1133 816 1161 nostra
832 1131 863 1159 in
880 1131 1004 1164 caelum,
1023 1130 1087 1159 imo
1101 1130 1134 1159 in
1150 1130 1254 1168 ipsum
1270 1129 1410 1167 regalem
1423 1128 1575 1158 thronum
1591 1132 1675 1159 esset
1691 1130 1816 1161 elevata

187 1175 314 1204 natura,
331 1170 467 1208 Spiritus
487 1173 616 1201 sanctus
639 1170 802 1200 descendit
817 1170 855 1199 de
868 1170 957 1200 cmlo.
972 1170 1032 1206 Qui
1049 1169 1074 1199 si
1092 1172 1175 1199 esset
1194 1168 1299 1198 minor
1315 1168 1363 1206 (ut
1377 1169 1472 1198 etiam
1497 1169 1698 1208 blasphemat
1710 1169 1817 1208 impie-

187 1212 261 1247 tas),
274 1218 451 1247 numquam
467 1210 533 1246 illa,
550 1219 623 1248 quae
637 1210 777 1240 adventu
805 1209 874 1248 ejus
894 1209 976 1240 facta
1000 1211 1086 1243 sunt,
1103 1208 1226 1248 majora
1239 1210 1358 1248 essent,
1375 1208 1542 1248 magisque
1557 1209 1713 1239 miranda.
1735 1210 1814 1240 Nam

186 1252 216 1278 ct
233 1250 349 1279 tabulm
364 1250 431 1279 istae
444 1252 520 1279 sunt
532 1247 655 1288 absque
669 1249 767 1279 dubio
779 1247 928 1279 meliores
938 1271 945 1284 ,
963 1251 994 1278 et
1009 1247 1163 1279 virtutum
1179 1248 1291 1288 merita
1306 1247 1542 1288 clarioraLNon
1563 1248 1649 1288 enim
1674 1248 1812 1280 descen—

187 1288 303 1318 derunt
317 1289 454 1327 apostoli
469 1289 507 1318 de
523 1286 643 1324 monte,
657 1289 783 1319 tabulas
795 1288 937 1327 lapideas
951 1288 1120 1318 afferentes
1134 1288 1167 1316 in
1182 1287 1329 1327 manibus
1345 1286 1427 1316 sicut
1441 1287 1586 1326 Moyses;
1599 1287 1653 1318 sed
1668 1292 1814 1319 sanctum

188 1325 459 1366 Spiritum’mente
474 1331 650 1367 portantes,
664 1332 693 1358 et
708 1325 897 1358 thesaurum
910 1328 1081 1366 quemdam
1097 1327 1280 1367 dogmatum
1292 1325 1515 1367 donorumque
1527 1330 1706 1367 gestantes,
1735 1337 1817 1358 cun-

188 1365 378 1406 ctarumque
406 1365 523 1398 fontem
538 1377 578 1398 ex
592 1377 625 1397 se
641 1367 839 1397 eilundentes
854 1365 1024 1402 bonorum,
1041 1365 1149 1397 omnia
1162 1365 1352 1398 circuibant,
1371 1365 1434 1406 vivi
1457 1365 1588 1404 quidam
1608 1367 1700 1402 libri,
1715 1369 1817 1398 vivan-

186 1415 250 1444 que
265 1405 352 1446 leges
368 1406 469 1437 effecti
486 1417 542 1446 per
555 1408 664 1446 gratiae
678 1407 870 1446 largitatem.
889 1407 940 1438 Sic
954 1407 1015 1437 tria
1033 1406 1144 1442 millia,
1160 1406 1206 1436 sic
1231 1405 1327 1446 etiam
1343 1405 1490 1446 quinque
1507 1406 1608 1437 millia
1622 1406 1789 1437 hominum
1804 1430 1814 1444 ,

188 1446 233 1476 sic
252 1445 502 1477 innumerabiles
517 1445 653 1485 populos
669 1445 741 1477 toto
751 1449 910 1477 terrarum
934 1447 1011 1478 orbe
1035 1447 1251 1480 attraxerant,
1268 1445 1334 1485 Deo
1351 1453 1408 1482 per
1423 1445 1553 1475 illorum
1571 1446 1714 1485 linguam
1733 1456 1815 1477 cun—

187 1486 244 1515 ctis
260 1486 484 1516 accedentibus
498 1477 673 1516 disserente
690 1487 772 1523 (Act.
783 1486 814 1515 ‘2.
831 1486 880 1516 Ιι-1.
899 1490 926 1516 et
946 1486 976 1515 [ι.
990 1485 1020 1525 li)
1032 1508 1039 1521 ,
1056 1494 1074 1515 a
1088 1494 1153 1523 quo
1169 1477 1444 1525 etiamMatt'haeus
1459 1485 1601 1523 repletus
1616 1477 1738 1524 Spiritu
1752 1487 1814 1518 ista

188 1525 378 1563 conscripsit
389 1548 395 1554 .
405 1525 572 1556 Matthaaus
581 1526 633 1555 ille
646 1527 836 1564 publicanus
850 1536 858 1562 ;
874 1534 939 1555 non
947 1524 1033 1556 enim
1043 1526 1083 1555 ab
1090 1528 1157 1554 arte
1169 1533 1228 1554 sua
1241 1524 1530 1564 illumrerubuerim
1545 1533 1745 1564 nuncupare,
1756 1535 1815 1557 nec

189 1564 278 1594 illum
293 1565 437 1599 omnino,
452 1574 511 1595 nec
525 1563 678 1604 reliquos.
696 1566 764 1596 Hoc
777 1568 826 1595 est
851 1566 936 1595 enim
959 1564 1045 1604 quod
1074 1564 1213 1594 maxime
1230 1563 1368 1593 ostendit
1383 1563 1518 1602 Spiritus
1534 1565 1635 1595 sancti
1652 1563 1788 1604 gratiam
1805 1588 1812 1600 ,

189 1612 365 1642 eorumque
378 1604 539 1635 virtutem.

227 1643 257 1672 2.
272 1644 481 1682 Evangelihm
494 1653 581 1679 vero,
599 1653 662 1674 non
682 1645 738 1674 abs
755 1654 789 1674 re
802 1644 943 1683 quidem,
956 1644 1160 1682 scriptionem
1182 1652 1273 1683 suam
1294 1643 1430 1673 vocavit.
1456 1643 1618 1681 Siquidem
1642 1653 1812 1683 prunarum

189 1683 415 1715 sublationem.
434 1684 558 1712 veniam
574 1687 789 1719 peccatorum.
808 1682 1112 1715 sanctiﬁcationem,
1131 1685 1229 1720 atque
1260 1682 1411 1716 iustitiam
1430 1705 1436 1715 ,
1455 1683 1704 1719 redemptionem
1718 1707 1726 1717 .
1751 1685 1814 1714 ad—

186 1724 352 1762 optionem
368 1721 462 1752 etiam
476 1721 628 1762 ﬁliorum,
645 1724 677 1752 ot
696 1723 847 1752 caelorum
859 1723 1082 1759 hereditatem,
1104 1727 1135 1754 et
1149 1733 1221 1753 cum
1235 1724 1291 1754 Dei
1313 1724 1394 1754 Filio
1411 1724 1653 1759 fraternitatem,
1666 1724 1817 1756 omnibus

186 1761 252 1793 tum
265 1762 413 1802 inimicis,
431 1763 498 1790 tum
512 1761 666 1802 improbis
680 1762 757 1802 etin
770 1763 909 1793 tenebris
927 1763 1111 1794 sedentibus
1130 1764 1301 1794 nuntiavit.
1316 1764 1397 1793 Num
1412 1763 1488 1802 quid
1500 1763 1601 1802 possit
1616 1772 1687 1794 esse
1698 1765 1822 1802 aequale.

187 1803 235 1832 his
250 1805 314 1842 tam
330 1801 422 1842 bonis
444 1801 702 1842 nuntiis?ADeus
714 1801 745 1830 in
765 1802 858 1842 terris
872 1824 880 1835 ,
909 1803 1005 1831 homo
1021 1803 1052 1832 in
1071 1803 1148 1834 caelo
1166 1813 1174 1831 :
1192 1802 1274 1833 facta
1301 1805 1350 1832 est
1367 1801 1510 1833 omnium
1532 1812 1598 1834 una
1621 1803 1794 1842 permixtio
1812 1826 1819 1838 ,

186 1840 292 1882 angeli
308 1840 581 1882 cumhominibus
592 1840 913 1882 jungebantchoros,
929 1842 1074 1873 homines
1092 1843 1199 1872 choris
1213 1842 1414 1873 addebantur
1440 1842 1594 1882 angelicis
1608 1840 1631 1876 ί
1643 1846 1740 1881 atque
1755 1852 1822 1873 ca:—

186 1881 319 1921 lestibus
337 1880 656 1921 aliishsupernisque
670 1880 854 1910 virtutibus.
872 1881 946 1911 Erat
959 1890 1092 1912 cernere
1106 1882 1277 1921 antiquum
1293 1884 1425 1921 repente.
1444 1880 1589 1920 praelium
1605 1882 1798 1912 dissolutum
1812 1905 1820 1914 .

185 1921 287 1950 Deum
302 1919 486 1950 hominibus
506 1919 761 1955 reconciliatum,
775 1921 939 1950 diabolum
959 1930 1034 1951 vero
1055 1919 1242 1952 confusum:
1258 1919 1419 1952 damioncs
1438 1919 1511 1951 cum
1529 1923 1669 1952 tremore
1691 1921 1821 1960 fugien—

186 1963 245 1995 tes,
260 1962 394 1999 mortem
408 1960 605 1999 peremptam
625 1959 680 1998 (α),
694 1959 877 1997 paradisum
891 1964 1050 1998 apertum.
1065 1961 1323 1991 maledictionem
1338 1964 1506 1996 remotam,
1521 1963 1687 1999 peccatum
1702 1960 1740 1990 de
1753 1970 1821 1990 me-

185 1999 238 2028 dio
256 1998 430 2039 sublatum,
447 1998 645 2036 exagitatum
658 2007 813 2039 errorem,
828 2000 994 2030 veritatem
1007 2009 1182 2036 reversam,
1202 2001 1327 2038 pietatis
1344 1998 1658 2039 sermonem’ubique
1676 2000 1820 2030 semina—

187 2041 268 2073 tum,
283 2037 404 2079 ubique
420 2038 817 2079 crescentemgtcteiestem
844 2039 1124 2079 conversationem
1146 2039 1179 2069 in
1204 2037 1297 2070 terra:
1314 2040 1446 2079 regione
1460 2037 1650 2077 plantatam,
1682 2039 1817 2069 virtutes

186 2084 344 2121 superuas
357 2075 559 2121 familiariter
574 2076 741 2121 nobiscum
758 2077 993 2121 loqu_entes,_et
1010 2078 1049 2109 ad
1063 2081 1166 2121 terras
1177 2088 1270 2121 saepe
1283 2075 1635 2121 angélosventitantes,
1648 2079 1817 2121 e_xqueghis

186 2114 275 2157 spem
292 2116 417 2157 firmam
433 2114 627 2157 futurorum.
645 2114 816 2157 Propterea
832 2117 930 2156 igitur
943 2118 1154 2157 Evangelium
1175 2114 1241 2149 ista
1253 2114 1386 2149 vocatur
1401 2115 1534 2148 historia
1548 2141 1555 2154 ,
1578 2118 1672 2156 quasi
1699 2114 1821 2149 scilicet

185 2154 295 2196 omnia
310 2156 375 2196 alia
398 2155 496 2185 verba
512 2154 817 2196 inaniadoceantur
830 2154 868 2186 ac
883 2165 995 2192 vacua,
1009 2154 1127 2196 quibus
1144 2158 1248 2188 solent
1264 2158 1435 2196 praesentia
1461 2158 1520 2188 ista
1536 2154 1676 2196 promitti
1696 2167 1703 2185 :
1721 2160 1755 2187 ut
1767 2167 1820 2188 co-

186 2196 238 2235 pia
253 2195 448 2236 divitiarum,
462 2197 499 2224 ut
514 2195 662 2236 potentia}
678 2196 876 2234 magnitudo,
891 2199 926 2226 ut
943 2197 1142 2235 principatus
1161 2200 1192 2228 et
1207 2195 1329 2236 gloriae,
1353 2197 1404 2228 vel
1429 2195 1569 2228 honores
1580 2220 1588 2233 ,
1607 2200 1638 2227 et
1650 2206 1818 2235 quaecum—

185 2243 248 2276 que
262 2235 326 2265 alia
346 2236 430 2265 bona
453 2242 524 2265 esse
533 2234 683 2276 homines
697 2236 908 2266 arbitrantur.
925 2237 1003 2273 Qua:
1019 2234 1094 2267 vero
1107 2234 1303 2275 piscatorum
1319 2241 1394 2267 sunt
1409 2238 1600 2267 annuntiata
1613 2234 1729 2273 verbis;
1745 2245 1818 2276 pro-

186 2275 254 2313 prie
267 2281 305 2304 ac
320 2283 393 2304 vere
407 2274 575 2315 evangelia
598 2275 820 2315 nominantur,
838 2284 903 2306 non
922 2278 1046 2306 tantum
1060 2274 1139 2315 quia
1152 2276 1245 2307 ﬁrma
1261 2279 1347 2311 sunt,
1365 2286 1402 2307 ac
1418 2277 1547 2315 penitus
1562 2274 1819 2311 immobilia,su-

187 2322 311 2354 praque
335 2314 667 2354 nostramieminentia
682 2314 958 2354 dignitatem:sed
986 2314 1154 2354 quia’cum
1176 2317 1264 2346 omni
1289 2317 1386 2347 etiam
1412 2316 1564 2347 facilitate
1583 2316 1676 2346 nobis
1700 2316 1817 2346 donata

188 2356 274 2385 sunt.
299 2354 369 2384 Non
384 2353 469 2383 enim
483 2353 650 2394 laboribus
666 2355 796 2387 nostris.
814 2358 911 2394 atque
927 2353 1113 2390 sudoribus,
1136 2365 1202 2386 non
1229 2356 1395 2386 doloribus
1421 2358 1452 2385 et
1480 2357 1632 2387 aerumnis
1650 2366 1658 2385 :
1679 2355 1732 2385 sed
1762 2365 1819 2394 per

186 2393 240 2424 Dei
251 2394 283 2436 i_n
291 2402 349 2424 nos
362 2393 657 2436 tantummodocari
663 2396 770 2436 tatem,
779 2397 844 2425 tam
854 2393 989 2436 grandia
999 2395 1065 2425 hinc
1076 2396 1234 2436 promissa
1244 2396 1457 2436 suscepimus.
1470 2395 1529 2425 Sed
1538 2395 1698 2434 principio
1708 2393 1818 2436 requi-

185 2433 320 2464 rendum
333 2432 391 2468 est,
402 2441 550 2473 quamam
559 2432 613 2463 illa
622 2441 722 2464 causa
729 2434 780 2468 sit,
792 2432 878 2472 quod
889 2444 963 2464 cum
973 2437 1038 2465 tam
1048 2432 1139 2465 multi
1151 2436 1215 2465 sint
1227 2432 1387 2473 discipuli,
1395 2435 1460 2465 duo
1475 2432 1598 2466 tantum
1607 2432 1817 2473 cit—apostolis

184 2473 339 2513 scribant,
351 2474 382 2502 et
398 2472 461 2501 duo
470 2481 584 2513 eorum
596 2473 651 2510 qui
671 2473 835 2511 apostolos
849 2476 925 2504 sunt
941 2474 1069 2513 sequuti
1083 2485 1091 2504 :
1103 2484 1187 2504 unus
1205 2475 1289 2505 enim
1302 2472 1384 2505 Petri
1398 2498 1404 2508 ,
1421 2475 1503 2505 alter
1515 2474 1605 2505 Pauli
1617 2472 1793 2513 discipulus
1809 2498 1815 2507 ,

184 2512 385 2553 praeterJoan
391 2520 463 2541 nem
469 2514 570 2553 atque
576 2512 761 2553 Matthaeum
769 2513 944 2553 Evangelia
951 2512 1174 2544 condiderunt.
1183 2515 1265 2551 Quia
1275 2515 1396 2545 scilicet
1404 2515 1484 2544 nihil
1493 2514 1668 2545 ambitione
1677 2512 1755 2544 moti
1767 2513 1814 2544 fa-

183 2551 387 2587 ciebant,sed
406 2551 757 2593 omnia_ad“utilitatem
775 2551 1064 2593 rreferébant.Quid
1085 2553 1206 2593 igitur?
1221 2555 1288 2584 Non
1313 2554 1491 2584 sulliciebat
1507 2562 1592 2584 unus
1617 2553 1816 2593 evangelista

182 2594 298 2633 cuncta
313 2590 699 2633 memorare‘iSufﬁciebat
708 2592 848 2633 quidem,
859 2593 912 2622 sed
920 2602 992 2623 cum
1001 2590 1140 2632 quatuor
1146 2593 1210 2624 sint
1220 2594 1275 2631 qui
1282 2594 1456 2633 Evangelia
1464 2593 1680 2625 conscribant,
1690 2590 1749 2623 n'ec
1757 2593 1819 2623 eis-

183 2632 255 2662 dem
269 2633 355 2661 certe
375 2631 585 2672 temporibus,
596 2632 692 2661 autin
705 2631 823 2672 eisdem
832 2631 921 2667 locis,
936 2631 1041 2671 neque
1052 2633 1174 2671 pariter
1182 2631 1386 2672 congregati;
1390 2642 1495 2672 neque
1506 2635 1618 2663 mutuo
1629 2633 1817 2670 colloquen-

183 2676 243 2706 tes,
266 2673 417 2712 etitamen
441 2670 535 2708 quasi
547 2679 613 2712 uno
627 2679 683 2712 ore
697 2671 804 2712 omnia
818 2670 1043 2709 pronuntiant:
1054 2670 1089 2702 iit
1099 2673 1158 2703 hoc
1167 2673 1237 2703 sine
1246 2670 1343 2703 dubio
1354 2670 1498 2703 veritatis
1515 2672 1635 2712 grande
1646 2672 1817 2702 documen-

185 2714 264 2741 tum.
286 2711 404 2740 Verum
420 2719 437 2740 e
451 2709 627 2746 contrario,
647 2710 768 2748 inquis,
798 2711 859 2741 ista
876 2721 927 2741 res
943 2712 1056 2742 accidit
1070 2722 1077 2740 :
1091 2713 1122 2742 in
1139 2713 1246 2742 multis
1261 2713 1346 2744 enim
1369 2713 1485 2742 diversi
1498 2709 1582 2742 inter
1594 2721 1629 2742 se
1643 2711 1817 2741 inveniun-

183 2754 252 2786 tur,
274 2759 312 2780 ac
327 2749 459 2779 dissoni.
474 2749 541 2779 lmo
557 2749 616 2779 hoc
636 2750 741 2788 ipsum
758 2751 935 2781 maximum
948 2755 997 2782 est
1010 2752 1228 2782 testimonium
1246 2752 1400 2782 veritatis.
1422 2752 1452 2781 Si
1480 2752 1565 2782 enim
1583 2761 1624 2782 ex
1647 2753 1714 2780 toto
1739 2753 1770 2780 ct
1785 2751 1816 2780 in

182 2790 333 2820 omnibus
349 2792 577 2831 consonarent,
604 2792 636 2831 e_t
649 2799 722 2820 cum
750 2790 848 2831 nimia
875 2790 1051 2830 diligentia,
1067 2794 1163 2830 atque
1194 2800 1283 2828 cura,
1307 2795 1404 2831 atque
1433 2791 1471 2821 ad
1490 2795 1660 2831 tempora,
1680 2799 1718 2821 ac
1745 2790 1816 2820 loca

183 2830 293 2860 omnia
308 2851 317 2866 ,
341 2837 445 2866 usque
466 2829 505 2859 ad
519 2829 646 2868 singula
672 2830 840 2868 aequaliter
854 2828 953 2861 verba
968 2828 1210 2866 concurrerent,
1235 2841 1329 2862 nemo
1351 2828 1505 2862 inimicus
1527 2828 1714 2861 credidisset
1748 2837 1816 2859 um-

214 2941 250 2969 (u)
268 2943 294 2964 tn
304 2943 385 2962 Cnseo
406 2937 508 2966 legitur.
522 2943 597 2962 θάνατον
614 2941 719 2967 mnam,
736 2938 800 2968 quod
817 2938 947 2969 signlficm,
961 2942 1060 2962 nzortrnt
1080 2938 1218 2962 dammam.

342 2988 476 3016 PnnoL.
502 2987 560 3016 (in.
584 2987 690 3016 Li‘lll.
1602 2982 1641 3009 27
