2055 3128
269 143 321 170 ?“
869 149 985 178 ANIANI
1007 148 1294 177 INTICRI’RETATIO.
1839 143 1895 171 sse

264 218 362 248 quam
385 210 464 248 quin
492 209 535 238 illi
563 209 723 239 communi
739 209 778 239 ad
798 209 1022 248 decipiendum
1039 209 1175 240 consilio
1190 207 1387 248 congregati,
1415 206 1507 248 quasi
1533 215 1574 237 ex
1596 206 1739 248 humana
1759 208 1905 246 quadam

259 246 503 288 conspiratione
517 248 720 288 evangelium
735 246 964 280 condidissent.
994 249 1064 278 Non
1081 249 1167 278 enim
1184 247 1397 288 simplicitatis
1413 246 1520 288 fuisse
1539 248 1603 288 tam
1629 247 1800 288 sollicitam
1820 256 1904 277 con-

264 286 446 319 sonantiam
462 286 654 328 judicareht.
670 289 761 319 Nunc
776 298 852 318 vero
871 298 942 327 quae
957 289 1082 318 videtur
1096 289 1128 318 in
1143 289 1240 317 rebus
1264 287 1389 326 exiguis
1404 286 1616 328 dissonaniia,
1643 287 1684 316 ab
1712 287 1798 328 omni
1811 327 1814 328 ν
1828 287 1904 328 illos

266 329 449 367 suspicione
462 325 606 359 Vdefendit
621 351 628 363 ,
648 331 679 358 et
699 329 776 359 satis
793 325 1103 359 clare’seribentium
1123 325 1397 358 existimationem
1414 328 1541 367 tuetur.
1558 325 1589 355 Si
1612 334 1697 367 ivero
1715 327 1838 367 aliquid
1861 327 1902 357 de

266 365 460 407 temporibus
476 377 513 398 ac
527 368 604 398 locis
627 369 715 398 varie
732 368 900 403 dixerunt,
925 368 1004 397 nihil
1019 368 1150 406 quidem
1165 367 1321 397 dictorum
1343 365 1530 407 praejudicat
1545 365 1691 407 veritati.
1709 366 1768 407 sed
1792 369 1901 397 tamen

266 405 360 446 prout
372 407 541 438 donaverit
559 408 642 438 Deus
658 407 912 446 progredientes,
930 405 1103 438 etiam’ista
1124 408 1290 437 declarare
1305 406 1499 446 tentabimus
1520 415 1527 434 :
1543 405 1624 446 illud
1649 409 1721 446 post
1738 406 1805 436 haec
1827 415 1903 444 quas

264 448 404 478 diximus
421 448 632 485 postulantes,
656 445 690 477 ut
704 447 875 485 diligenter
892 448 1009 477 notetis
1026 459 1032 477 :
1051 448 1135 486 quod
1162 447 1193 476 in
1210 446 1274 476 illis
1292 445 1523 486 principalibus
1537 445 1664 486 causis,
1682 445 1713 474 in
1729 446 1846 484 quibus
1869 449 1903 475 et

267 488 331 517 vita
352 490 463 517 nostra
478 490 509 517 et
527 486 762 525 praedicationis
786 495 912 517 summa
929 485 1088 523 consistit,
1106 495 1265 525 nusquam
1282 485 1400 523 aliquis
1424 485 1554 525 illorum
1568 485 1617 514 vel
1633 485 1665 514 in
1682 485 1815 515 minimo
1826 486 1904 515 dis—

264 535 397 566 crepare
412 524 623 566 convincitur.
640 526 718 566 Quae
732 534 808 556 vero
832 527 892 556 ista
911 528 1006 556 sunt?
1033 528 1150 565 Nempe
1165 524 1250 564 quod
1264 526 1349 555 Deus
1365 525 1462 566 homo
1480 524 1581 566 factus
1599 524 1754 566 sit,rquod
1770 525 1902 566 mirabi-

265 567 308 597 lia
321 563 493 605 operatus,
509 565 593 603 qnod
613 565 803 601 crucifixus,
821 567 905 604 quod
928 567 1072 605 sepultus
1084 589 1091 602 ,
1109 563 1194 605 quod
1223 564 1411 605 resurrexit,
1427 563 1512 602 quod
1535 564 1677 605 ascendit
1705 565 1739 605 in
1766 565 1877 594 caelum
1892 588 1901 598 ,

263 603 565 645 quodjudicaturus
581 607 638 645 est,
664 604 748 643 quod
763 603 919 636 salutaria
934 603 1092 644 prmcepta
1107 603 1284 645 constituit,
1304 603 1390 642 quod
1410 612 1474 633 non
1500 604 1696 634 contrariam
1719 604 1819 645 legem
1842 605 1902 634 in—

265 643 337 675 tulit
349 643 460 683 priori,
480 644 566 681 quod
582 644 681 674 Filius
700 645 754 674 Dei
769 648 828 679 est,
844 643 1134 684 quod’Unigenitus
1146 667 1153 681 ,
1175 644 1261 683 quod
1280 652 1454 684 germanus
1472 646 1504 684 et
1521 652 1628 678 verus,
1645 643 1730 684 quod
1756 644 1900 682 ejusdem

263 694 337 714 cum
351 686 442 714 Patre
456 684 656 719 substantiae,
676 687 706 714 et
725 683 937 723 quaecumque
953 683 1029 715 sunt
1053 685 1140 715 talia.
1157 685 1192 714 ln
1212 684 1261 714 his
1278 683 1397 722 quippe
1412 683 1570 723 omnibus
1578 683 1754 723 maximam
1770 684 1900 713 illorum

264 724 465 753 inveniemus
481 732 552 753 esse
579 723 795 754 concordiam.
813 724 843 754 Si
862 722 937 754 vero
960 725 991 754 in
1008 724 1172 755 miraculis
1194 732 1258 753 non
1277 732 1388 752 omnes
1419 722 1529 753 omnia
1554 722 1709 752 dixerunt
1736 732 1743 751 :
1773 723 1823 752 sed
1844 723 1898 753 hic

262 762 392 801 quidem
415 763 482 797 illa,
500 763 582 792 alter
596 771 672 793 vero
686 763 750 794 alia
769 764 930 799 narravit,
957 764 1036 794 nihil
1054 767 1084 794 te
1107 764 1239 794 omnino
1267 763 1448 793 conturbet.
1474 762 1553 792 Nam
1580 762 1606 791 si
1638 771 1724 791 unus
1745 763 1899 793 universa

264 802 409 838 dixisset,
423 801 606 840 superﬂuus
623 802 689 840 jam
705 803 818 833 fuisset
840 813 992 834 numerus
1009 807 1198 834 caeterornm
1214 813 1221 831 :
1236 803 1285 832 sin
1300 802 1390 832 varia
1404 810 1515 831 omnes
1533 801 1616 831 inter
1627 811 1661 831 se
1678 802 1881 840 scripsissent

263 850 301 872 ac
317 850 401 872 nova
414 841 535 876 omnia,
553 842 677 872 nullum
702 843 859 881 potuisset
873 844 1106 873 convenientiae
1121 851 1278 881 apparere
1302 841 1540 871 documentum.
1564 842 1735 879 Propterea
1761 844 1791 871 et
1808 850 1897 871 com-

266 882 406 911 muniter
422 881 522 912 multa
537 881 705 917 dixerunt,
727 887 758 912 et
775 883 985 912 nihilominus
1002 883 1140 921 quisque
1155 882 1321 920 proprium
1339 881 1462 918 aliquid
1475 889 1513 911 ac
1529 881 1668 921 speciale
1693 882 1898 919 conscripsit.

267 924 301 950 ut
316 930 421 959 neque
437 921 620 959 superﬂuus
634 931 705 952 esse
720 922 882 952 videretur
895 925 926 952 et
939 920 1059 953 temere
1073 920 1228 961 adjectus,
1245 930 1283 951 ac
1297 921 1392 951 simul
1408 921 1553 950 veritatis
1573 920 1732 950 dictorum
1748 925 1898 951 exactum

268 961 421 999 praeberet
444 961 537 990 nobis
552 961 699 991 indicem.

306 1000 336 1029 3.
355 1000 459 1030 Lucas
473 1000 571 1040 igitur
582 1001 677 1030 etiam
690 1008 820 1037 causam
836 1001 937 1039 ponit,
957 1004 1087 1040 propter
1102 1010 1200 1039 quam
1219 1000 1342 1030 venerit
1354 999 1392 1029 ad
1409 999 1633 1040 scribendum;
1650 999 1690 1030 Ut
1705 999 1825 1032 habeas,
1842 999 1897 1028 ἱππ-κ

265 1040 346 1078 quit,
368 1048 471 1070 eorum
487 1039 661 1080 verborum,
678 1040 714 1069 de
730 1038 844 1080 quibus
860 1038 1001 1071 erudit—us
1017 1038 1056 1074 es,
1073 1038 1232 1071 veritatem
1249 1040 1256 1078 (
1271 1040 1346 1069 Luc.
1365 1040 1391 1069 1.
1410 1038 1446 1078 ἰι)
1461 1049 1476 1080 εν
1487 1039 1515 1080 id
1531 1043 1589 1073 est,
1606 1039 1644 1070 Ut
1660 1048 1744 1078 saepe
1759 1048 1901 1080 commo-

268 1080 354 1109 nitus
365 1082 471 1109 certus
483 1079 537 1114 sis,
554 1088 593 1110 ac
606 1079 639 1109 in
650 1080 838 1110 certitudine
854 1089 1056 1118 permaneas.
1075 1081 1216 1110 Joannes
1231 1088 1317 1114 vero,
1335 1080 1401 1118 ipse
1423 1079 1551 1117 quidem
1568 1087 1700 1108 causam
1718 1079 1899 1117 scriptionis

267 1121 350 1149 tacet
364 1128 371 1147 :
390 1121 426 1148 ut
443 1122 549 1148 autem
562 1119 658 1149 habet
672 1119 828 1158 majorum
843 1129 960 1155 sermo,
975 1123 1006 1150 et
1016 1129 1033 1150 a
1044 1120 1188 1158 patribus
1204 1120 1242 1149 ad
1261 1128 1320 1149 nos
1331 1119 1464 1152 delatus,
1482 1127 1540 1148 nec
1558 1118 1625 1156 ipse
1640 1118 1679 1148 ad
1696 1118 1900 1148 scribendum

266 1159 490 1199 absquegcerta
506 1159 630 1199 ratione
643 1158 815 1189 descendit.
827 1159 886 1189 Sed
899 1161 975 1197 quia
989 1161 1043 1189 illa
1055 1160 1120 1199 jam
1134 1160 1228 1189 trium
1247 1159 1351 1188 fuerat
1366 1158 1511 1193 intentio,
1527 1161 1563 1187 ut
1579 1158 1610 1199 in
1634 1158 1774 1199 suscepti
1788 1166 1901 1199 mora—

266 1200 379 1234 rentur
392 1197 531 1227 hominis
547 1201 765 1234 sacramento,
788 1201 818 1228 et
833 1198 871 1229 de
893 1200 962 1237 ipsa
987 1197 1102 1229 deitate
1118 1199 1233 1237 dogma
1249 1198 1492 1237 periclitabatur
1514 1198 1623 1231 taceri,
1638 1198 1677 1227 ad
1697 1197 1898 1227 scribendum

265 1237 393 1267 Christo
409 1237 590 1276 inspirante
601 1240 705 1268 motus
724 1239 858 1268 accessit
870 1249 878 1268 :
888 1239 973 1276 quod
989 1249 1028 1269 ex
1045 1240 1115 1277 ipsa
1128 1239 1274 1271 historia.
1285 1241 1316 1267 et
1329 1238 1367 1267 de
1381 1237 1544 1275 Evangelii
1560 1237 1743 1277 declaratur
1755 1237 1898 1266 exordio.

266 1277 374 1315 Neque
384 1277 469 1306 enim
483 1277 524 1307 ab
541 1276 744 1307 inferioribus
760 1278 864 1316 cozpit,
882 1281 916 1308 ut
930 1279 1034 1308 caeteri
1051 1276 1129 1308 {sed
1148 1278 1186 1308 ad
1203 1278 1371 1316 superiora
1387 1277 1553 1311 continuo,
1570 1276 1608 1305 ad
1625 1285 1697 1314 quae
1712 1277 1899 1315 urgebatur.

267 1316 430 1356 ascendit,
447 1319 580 1356 propter
594 1325 666 1354 quae
684 1317 801 1347 librum
818 1318 923 1356 ipsum
946 1318 1088 1356 profecto
1108 1317 1298 1356 composuit.
1314 1317 1425 1355 Neque
1441 1316 1526 1345 enim
1542 1316 1647 1346 solum
1665 1317 1697 1345 in
1713 1316 1878 1356 principiis
1890 1339 1898 1347 .

265 1355 320 1385 sed
339 1364 397 1396 per
415 1355 512 1396 totius
526 1355 591 1386 fere
605 1356 771 1396 Evangelii
784 1355 906 1396 teritum
918 1355 1070 1396 grandior
1085 1358 1207 1387 caeteris
1230 1357 1418 1395 ingreditur,
1434 1358 1530 1393 atque
1539 1355 1720 1396 sublimior.
1730 1355 1899 1396 Matthzeus

266 1395 489 1425 accedentibus
505 1395 544 1425 iis
557 1395 613 1434 qui
627 1404 667 1425 ex
683 1394 798 1426 Iudaeis
814 1394 940 1426 Christo
957 1397 1167 1432 crediderant,
1184 1399 1215 1426 et
1232 1394 1434 1434 rogantibus.
1450 1398 1486 1424 ut
1507 1403 1580 1432 quae
1599 1395 1706 1424 verhis
1720 1395 1899 1426 docuisset.

265 1439 330 1469 haec
340 1438 385 1468 eis
398 1438 429 1467 in
442 1436 543 1466 literis
558 1436 716 1476 servanda
731 1436 914 1476 dimitteret,
931 1435 1065 1476 Hebraeo
1079 1436 1195 1476 dicitur
1204 1437 1416 1476 Evangelium
1430 1437 1596 1476 scripsisse
1605 1446 1764 1468 sermone.
1774 1439 1899 1469 MarCUs

263 1486 393 1517 quoque
410 1477 441 1506 in
455 1476 590 1517 Egyth
608 1475 746 1517 idipsum
758 1475 948 1517 rogantibus
964 1475 1230 1517 traditur_l'ecisse
1245 1475 1422 1517 discipulis.
1440 1477 1477 1506 Et
1495 1475 1618 1508 idcirco
1635 1477 1803 1507 Matthaeus
1824 1480 1900 1517 qui—

263 1515 349 1551 dem,
365 1518 473 1555 utpote
487 1515 604 1546 Iudaeis
619 1515 776 1555 scribens,
793 1515 874 1555 nihil
889 1515 1028 1553 amplius
1044 1515 1166 1545 studuit
1178 1516 1357 1551 ostendere,
1373 1525 1469 1554 quam
1483 1517 1568 1555 quod
1585 1526 1625 1546 ex
1644 1517 1780 1547 Abrahae
1797 1523 1826 1547 et
1835 1515 1903 1548 ὐδ-

267 1557 317 1586 vid
345 1553 491 1586 Christus
508 1555 606 1596 stirpe
620 1553 956 1596 descenderat._Lucas
975 1563 1067 1590 vero,
1083 1555 1202 1596 quippe
1222 1556 1277 1594 qui
1301 1553 1452 1586 omnibus
1472 1553 1504 1586 in
1518 1565 1687 1587 commune
1700 1557 1899 1596 loqueretur,

265 1605 445 1626 sermonem
467 1595 615 1633 superius
639 1593 797 1626 extendit.
812 1593 852 1623 ad
876 1594 981 1632 ipsum
1001 1603 1104 1632 usque
1130 1593 1239 1624 Adam?
1257 1596 1482 1633 generationes
1502 1599 1680 1626 retrorsum
1702 1593 1904 1626 numerando

266 1635 466 1675 perveniens.
483 1635 521 1664 Et
536 1634 589 1675 ilie
608 1633 739 1675 quidem
756 1633 862 1662 statim
879 1634 919 1662 ab
943 1634 1012 1675 ipsa
1030 1635 1239 1675 generatione
1254 1634 1371 1665 Christi
1399 1635 1497 1665 sumit
1512 1635 1693 1665 exordium.
1716 1636 1801 1665 Nihil
1816 1637 1902 1665 enim

266 1673 367 1714 inagis
382 1674 540 1714 delectare
557 1673 701 1714 Judaeum
718 1675 852 1714 poterat,
868 1681 965 1714 quam
981 1673 1007 1703 si
1029 1673 1191 1704 Christum
1209 1675 1346 1704 Abrahae
1367 1677 1398 1704 et
1412 1675 1542 1705 Davidis
1558 1678 1706 1713 nepotem
1728 1684 1798 1705 esse
1813 1675 1905 1706 dice——

267 1712 334 1745 ret?
353 1714 404 1744 hic
420 1722 495 1754 vero
510 1713 646 1754 diverse.
670 1713 748 1742 Nam
764 1712 853 1754 prius
870 1713 971 1742 multa
989 1716 1229 1754 commemorat,
1244 1716 1275 1744 et
1288 1716 1364 1744 tunc
1383 1714 1511 1744 demum
1524 1712 1768 1754 gene’rationnm
1782 1715 1905 1745 catalo-

267 1763 342 1792 gum
357 1754 447 1783 texit.
463 1753 586 1793 Horum
602 1753 700 1791 igitur
717 1752 861 1793 omnium
877 1753 1135 1787 consonantiam,
1154 1754 1232 1783 orbe
1247 1762 1378 1792 quoque
1392 1754 1462 1792 ipso
1479 1752 1557 1784 teste
1577 1756 1795 1785 monstramus
1808 1764 1815 1783 :
1828 1754 1903 1793 quia

267 1791 305 1824 ea
326 1801 399 1833 quae
422 1795 498 1823 sunt
513 1791 775 1833 dictasuscepit,
797 1792 1078 1833 testibusquoque
1099 1793 1178 1833 ipsis
1195 1791 1336 1823 veritatis
1355 1791 1506 1823 inimicis.
1529 1793 1692 1832 Siquidem
1712 1795 1821 1824 multae
1836 1791 1903 1833 post

267 1833 339 1863 illos
358 1832 495 1862 haereses
517 1831 730 1872 pullularunt,
749 1831 910 1872 contraria
935 1831 972 1861 iis
988 1840 1059 1869 quae
1078 1831 1197 1870 scripta
1214 1836 1290 1862 sunt
1303 1832 1484 1871 opinantes.
1501 1833 1539 1863 Et
1552 1831 1664 1863 earum
1687 1833 1815 1872 quidem
1834 1831 1905 1864 alim

267 1872 388 1904 omnia,
404 1879 477 1909 quae
494 1871 697 1909 evangelistae
713 1870 920 1911 scripserant,
936 1874 1128 1909 receperunt
1146 1881 1153 1900 :
1170 1872 1242 1901 aliae
1259 1870 1337 1902 vero
1351 1872 1544 1911 quibusdam
1560 1870 1728 1902 sententiis
1745 1882 1763 1903 a
1778 1873 1904 1911 reliquo

267 1920 364 1951 opere
380 1910 565 1949 amputatis,
580 1911 626 1951 sic
641 1909 725 1951 apud
742 1919 776 1939 se
791 1911 925 1951 scriptas
941 1913 1146 1951 conservant.
1163 1911 1255 1947 Quod
1268 1911 1293 1941 si
1313 1909 1421 1950 pugna
1437 1912 1547 1950 aliqua
1562 1916 1646 1942 esset
1658 1912 1691 1942 in
1707 1913 1798 1943 dictis
1812 1935 1820 1948 ,
1840 1909 1904 1942 ne-

268 1949 332 1990 que
343 1951 410 1981 ista:
425 1959 496 1989 quae
507 1959 546 1979 ex
563 1949 698 1979 adverso
713 1949 892 1990 loquuntur
906 1949 1044 1979 haereses
1058 1950 1166 1981 omnia
1182 1949 1394 1989 recepissent;
1416 1951 1469 1982 sed
1486 1949 1707 1982 tantummodo
1723 1952 1811 1982 illam
1822 1960 1905 1990 par-

268 1989 342 2025 tem,
359 1989 724 2030 quamﬂsibihcernerent
738 1989 913 2030 convenire
929 1999 936 2018 :
950 1998 1055 2027 neque
1071 1990 1138 2030 ista:
1153 1999 1225 2028 quae
1236 1994 1358 2028 partem
1372 1991 1514 2029 aliquam
1533 1992 1784 2030 receperunt,de
1794 1989 1904 2021 eadem

270 2028 422 2061 adversus
436 2029 517 2059 alias
533 2028 761 2069 disputassent.
777 2029 901 2069 Quippe
913 2038 984 2058 cum
999 2038 1056 2058 nec
1072 2029 1148 2067 ipsae
1159 2030 1311 2061 clausulae
1325 2031 1458 2066 lateant,
1475 2031 1528 2061 sed
1552 2028 1658 2069 palam
1680 2040 1746 2069 prae
1756 2040 1789 2061 se
1801 2031 1905 2061 ferant

268 2078 339 2099 eam
353 2077 426 2108 quae
444 2071 492 2098 est
507 2077 578 2099 cum
596 2071 661 2098 toto
678 2068 834 2098 orationis
851 2077 985 2106 corpore
999 2069 1234 2106 cognationem.
1246 2070 1283 2100 Ut
1296 2071 1382 2100 enim
1397 2071 1422 2100 si
1436 2068 1561 2108 partem
1577 2068 1720 2108 aliquam
1737 2079 1847 2101 sumas
1862 2080 1903 2101 ex

268 2110 380 2142 latere,
396 2111 427 2138 et
440 2108 473 2138 in
490 2108 609 2147 exigua
625 2108 772 2146 portione
787 2111 903 2138 cuncta
922 2108 1078 2141 invenies,
1095 2117 1136 2138 ex
1156 2110 1274 2147 quibus
1289 2112 1391 2139 totum
1417 2112 1543 2140 constat
1567 2110 1712 2145 animal;
1735 2111 1762 2140 id
1789 2114 1854 2146 est,
1874 2115 1908 2140 et

269 2156 411 2183 carnem,
426 2150 458 2177 et
483 2156 556 2178 ossa
569 2169 576 2182 ,
592 2151 623 2176 et
644 2155 773 2182 nervos,
790 2151 822 2176 et
836 2156 934 2188 venas
946 2170 954 2182 ,
971 2148 1105 2177 arterias
1119 2170 1127 2183 ,
1143 2151 1174 2178 et
1198 2150 1410 2188 sanguinem;
1428 2152 1459 2178 et
1484 2150 1597 2185 totius,
1620 2152 1656 2178 ut
1682 2149 1727 2180 ita
1743 2150 1880 2180 dixerim
1898 2173 1906 2183 ,

270 2196 381 2228 massae
396 2188 573 2228 vimiatque
587 2189 735 2228 naturam
747 2196 785 2216 ex
802 2187 902 2225 ipsius
920 2190 1010 2225 parte
1023 2196 1220 2228 cognoscas;
1236 2189 1282 2218 sic
1297 2189 1392 2218 etiam
1409 2189 1441 2218 in
1458 2189 1643 2227 Scripturis,
1660 2189 1691 2218 in
1708 2198 1910 2228 unaquaque

271 2227 428 2267 particula
444 2226 601 2256 dictorum
615 2248 622 2262 ,
647 2226 744 2256 totius
762 2230 852 2264 potes
879 2235 1010 2256 cernere
1028 2226 1226 2267 afﬁnitatem.
1243 2228 1274 2257 Si
1293 2237 1371 2257 vero
1389 2229 1473 2258 inter
1488 2226 1811 2267 se’evangelistarum
1828 2226 1911 2258 sen—

271 2267 378 2297 lentiae
387 2266 600 2307 dissouarent,
624 2274 830 2307 nequaquam
842 2266 902 2307 hoc
920 2269 1089 2307 receptum
1101 2266 1231 2307 fuisset,
1246 2270 1277 2297 et
1291 2268 1368 2297 olim
1381 2267 1446 2307 jam
1463 2268 1566 2306 ipsum
1583 2268 1698 2306 dogma
1718 2268 1829 2298 fuisset
1846 2269 1912 2298 de—

270 2306 452 2347 structum:
475 2305 572 2347 Omne
594 2305 673 2347 enim
700 2314 828 2347 regnum
845 2306 998 2347 .iinquit,
1024 2306 1160 2347 divisum
1187 2306 1334 2347 adversus
1358 2305 1420 2336 sese
1441 2305 1603 2337 des'olutur
1629 2305 1736 2346 (Luc.
1760 2309 1808 2337 11.
1833 2309 1869 2338 17
1884 2308 1910 2347 ).

269 2346 360 2376 Nunc
377 2354 454 2375 vero
476 2345 526 2375 vel
555 2345 616 2374 hoc
633 2345 702 2382 ipso
718 2345 818 2374 sancti
847 2345 983 2383 Spiritus
1008 2346 1126 2375 clarius
1143 2346 1293 2384 majestas
1310 2347 1468 2385 refulget,
1493 2345 1641 2377 suadens
1660 2347 1856 2385 hominibus,
1873 2345 1913 2378 ut

270 2395 305 2415 er
328 2393 346 2415 a
359 2385 547 2424 principalia
565 2385 620 2414 illa
642 2385 810 2423 magisque
827 2385 1009 2415 necessaria
1024 2388 1174 2415 vacantes
1188 2407 1196 2419 ,
1212 2386 1291 2415 nihil
1306 2387 1347 2416 ab
1370 2387 1418 2416 his
1437 2387 1569 2416 minutis
1585 2387 1753 2417 laedantur.

307 2395 339 2454 ἷ.
350 2425 409 2454 Ubi
423 2428 530 2454 autem
546 2432 659 2454 eorum
674 2424 898 2454 unusuuisuue
911 2424 1029 2454 demens
1041 2425 1216 2454 scripserit.
1231 2435 1294 2454 non
1311 2426 1404 2454 valde
1417 2428 1465 2454 est
1480 2435 1538 2454 cur
1551 2427 1753 2454 contendami

332 2447 339 2454 .
350 2425 409 2455 Ubi
423 2428 530 2455 autem
546 2432 659 2454 eorum
674 2424 898 2465 unusquisque
911 2424 1029 2463 degens
1041 2425 1216 2462 scripserit,
1231 2435 1294 2455 non
1311 2426 1404 2456 valde
1417 2428 1465 2455 est
1480 2435 1538 2456 cur
1551 2427 1784 2457 contendamus
1799 2437 1807 2456 :
1825 2428 1914 2465 quod

272 2473 348 2496 vero
361 2464 515 2494 adversus
539 2473 573 2493 se
589 2472 654 2493 non
674 2463 871 2501 scripserint.
889 2473 929 2494 ex
945 2467 1010 2493 toto
1024 2465 1130 2502 operis
1153 2468 1305 2495 contextu
1321 2465 1435 2496 docere
1456 2466 1665 2496 tentabimus.
1688 2467 1735 2496 Tu
1757 2463 1915 2497 vero-tale

271 2508 319 2535 est
333 2504 422 2545 quod
442 2503 519 2545 facis
546 2511 672 2545 semper
697 2503 879 2545 hujusmodi
895 2503 1096 2545 dissonantia
1119 2505 1324 2539 accusando,
1339 2505 1436 2543 quale
1456 2508 1558 2540 esset,
1574 2506 1600 2535 si
1621 2506 1692 2535 Illos
1707 2506 1840 2545 jnberes
1857 2516 1915 2545 per

271 2544 379 2574 omnia
395 2543 514 2584 eisdem
536 2543 582 2573 uti
609 2543 999 2584 eloquutionumimodis,
1015 2544 1192 2584 eademque
1208 2545 1304 2574 verba
1325 2554 1453 2583 semper
1472 2545 1628 2584 proferre.
1650 2543 1758 2576 Taceo
1772 2543 1865 2584 quod
1879 2546 1914 2576 hi

271 2584 343 2622 ipsi,
360 2583 416 2622 qui
429 2583 468 2613 ad
483 2591 610 2612 omnem
627 2582 826 2623 pompamdc
846 2582 1005 2613 rhetorica
1022 2586 1051 2612 et
1065 2583 1269 2622 philosophia
1284 2582 1481 2623 gloriantur,
1502 2585 1619 2614 multos
1637 2588 1665 2615 et
1688 2582 1860 2623 plurimos,
1883 2590 1914 2615 ο·

271 2621 309 2652 de
323 2623 442 2653 eisdem
464 2623 570 2653 causis
587 2623 762 2652 scribentes
779 2621 889 2655 libros,
911 2632 974 2651 non
990 2623 1084 2650 modo
1101 2621 1527 2658 simpliciterdiscreparnnt
1539 2647 1546 2658 ,
1564 2624 1617 2653 sed
1641 2621 1738 2654 etiam
1756 2626 1816 2655 sibi
1834 2635 1908 2655 cna--

276 2663 376 2693 traria
391 2663 547 2702 pleraque
561 2662 724 2702 dixerunt.
741 2660 780 2689 Et
795 2662 879 2702 certe
893 2659 932 2689 ali
940 2660 980 2702 nd
996 2663 1044 2702 est
1058 2661 1187 2702 diverso
1199 2662 1293 2691 modo
1308 2662 1385 2702 quid
1399 2662 1516 2702 dicere,
1533 2663 1621 2692 aliud
1637 2663 1788 2695 adverso.
1812 2666 1912 2702 Nihil,

277 2699 420 2740 inquam,
435 2699 552 2731 borium
569 2700 707 2742 ἱρψιοτς
724 2699 868 2742 procula
887 2708 936 2742 me
951 2699 1046 2742 absit,
1064 2701 1102 2742 de
1125 2701 1257 2742 illorum
1278 2701 1463 2742 insipientia
1482 2710 1540 2740 pro
1556 2704 1765 2742 evangelistis
1786 2699 1914 2737 satisfaiQ

276 2738 414 2772 ctionem
428 2748 556 2779 parare.
571 2740 681 2777 Neque
697 2739 782 2769 enim
795 2739 869 2768 volo
887 2738 925 2779 de
941 2740 1106 2770 mendacio
1120 2740 1286 2770 adstruere
1306 2738 1491 2770 veritatem:
1504 2741 1584 2770 Illud
1605 2738 1683 2772 sane.
1706 2744 1848 2776 libenter
1862 2755 1907 2776 ro-

277 2781 391 2822 garim,
406 2778 551 2822 quonam
567 2779 659 2822 modo
671 2778 896 2822 auctoritatem
909 2778 1040 2822 dissona
1059 2781 1262 2822 meruissent,
1282 2788 1423 2822 quonam
1436 2783 1529 2822 pacto
1544 2782 1690 2822 obtinere
1706 2785 1913 2822 potuissent?

278 2818 361 2852 unde
377 2819 580 2850 admirationi
595 2820 704 2848 essent
720 2818 899 2858 pugnantia
926 2819 1010 2858 inter
1033 2828 1067 2848 se
1091 2823 1188 2858 atque
1208 2819 1344 2850 adversa
1371 2820 1530 2849 dicendo?
1546 2818 1748 2854 Credebatur
1768 2825 1909 2855 inaudita

279 2859 505 2900 loquentibus,
520 2861 586 2887 toto
607 2859 684 2900 orbe
702 2857 920 2900 laudabuntur
945 2857 1269 2900 docentesrCumque
1293 2860 1383 2900 multi
1404 2862 1507 2900 testes
1531 2870 1644 2890 eorum
1672 2863 1911 2900 praedicationis

277 2897 490 2934 exsisterent,
506 2900 571 2927 tum
590 2897 683 2927 etiam
701 2897 833 2933 inimici,
850 2897 1022 2936 hostesque
1040 2899 1168 2937 plurimi
1190 2908 1196 2927 :
1214 2907 1277 2928 non
1295 2899 1379 2929 enim
1402 2899 1434 2928 in
1448 2908 1511 2929 uno
1529 2900 1638 2939 aliquo
1654 2897 1833 2935 scribentes
1849 2914 1913 2935 an—
