2055 3128
261 151 316 177 WB
767 134 779 140 κ
853 158 968 186 mm
1001 155 1289 185 INTRnPnETATIO.
1823 151 1877 179 MS

255 201 368 234 mixta.
385 209 443 231 nec
457 201 582 240 publice
598 201 629 231 in
644 203 799 241 prytaneo
814 202 969 240 apparata
981 200 1142 241 convivia,
1160 209 1219 231 nec
1231 209 1322 231 terea:
1337 202 1462 238 stature,
1477 210 1535 232 nec
1549 202 1703 241 imagines
1719 200 1882 232 coloribus

255 239 466 275 adumbratae,
481 245 511 271 et
527 239 717 272 l'rivola’ista
733 239 1018 280 atque’vanissima
1032 250 1038 268 :
1052 239 1108 280 sed
1119 241 1182 270 vita
1198 241 1287 280 nullo
1301 250 1455 280 umquam
1474 241 1537 271 fine
1551 239 1739 277 claudenda,
1752 246 1783 272 et
1798 242 1880 270 tilio—

255 290 325 309 rum
342 281 396 310 Dei
414 281 528 311 collata
544 281 692 312 nobilitas
704 304 711 317 ,
727 279 864 319 cumque
878 279 1067 318 angelorum
1078 279 1184 320 choris
1197 279 1492 320 jungenda’laetitia,
1505 284 1537 311 et
1548 285 1623 311 ante
1639 281 1779 320 regalem
1791 282 1886 311 thro-

256 328 331 350 num
358 329 472 352 secura
485 322 665 360 praesentia,
678 324 708 350 et
721 324 910 359 perpetuum
926 328 999 360 esse
1009 328 1082 360 cum
1093 319 1229 349 Christo.

294 360 323 388 6.
344 358 494 390 Doctores
515 371 588 391 vero
603 362 694 390 istius
711 358 885 398 disciplina:
898 368 935 389 ac
953 358 1124 399 principes,
1144 360 1305 397 publicani
1320 364 1412 394 sunt.
1428 363 1459 391 et
1474 360 1648 398 piscatores
1663 383 1670 395 ,
1687 360 1885 399 pelliumque

255 403 378 428 sutores
391 423 398 432 ,
415 409 477 429 non
493 401 547 434 qui
563 401 678 435 ex‘igua
695 403 784 430 {etate
802 399 936 428 vixerint
950 421 957 429 .
974 398 1027 427 sed
1044 399 1098 436 qui
1116 400 1218 428 adhuc
1235 401 1341 429 vivant
1355 423 1362 433 ,
1382 400 1413 429 in
1430 403 1651 438 aeternumque
1665 401 1887 437 permaneant.

255 443 293 471 Et
318 441 433 471 idcirco
457 440 596 470 defuncti
617 447 748 477 quoque
760 441 897 480 multum
914 439 1020 468 valent
1037 439 1188 478 prodesse
1204 440 1380 480 discipulis.
1396 438 1479 469 Huic
1496 439 1603 478 itaque
1627 441 1802 480 disciplina)
1829 453 1894 473 non

255 491 327 512 eum
344 480 526 511 hominibus
544 480 661 509 bellum
676 480 725 519 est
737 500 744 512 ,
756 477 815 519 sed
831 477 984 519 adversus
1000 477 1193 510 sm’vissimos
1208 478 1389 519 dwmonesr,
1403 477 1580 518 contraque
1597 477 1803 519 incorporeas
1822 483 1894 513 illas

256 523 437 560 potestates.
453 517 684 560 Propterquod
701 520 732 546 et
746 517 811 560 dux
828 517 899 547 talis
926 519 1086 560 exercitus
1103 519 1210 560 nullus
1231 521 1280 547 est
1293 518 1476 560 hominum,
1494 517 1602 560 nullus
1620 523 1667 550 est
1681 517 1870 560 angelorum
1885 545 1893 556 ,

255 557 308 591 sed
325 561 392 600 ipse
408 558 619 600 proculdubio
632 557 727 600 Deu_s.
743 557 838 587 Arma
852 566 982 596 quoque
993 558 1128 600 istorum
1141 558 1277 600 militum
1293 559 1441 600 naturam
1454 558 1555 600 ipsius
1570 560 1641 589 belli
1657 557 1895 600 consequenter

255 596 431 631 imitantur.
448 599 516 628 Non
533 597 617 638 enim
635 606 676 638 ex
692 596 949 638 ferroparantur
962 606 1000 638 ac
1015 599 1165 637 pellibus,
1182 596 1237 638 sed
1251 606 1291 626 ex
1308 598 1452 638 veritate,
1469 598 1529 638 tide
1543 601 1640 637 atque
1652 596 1787 638 justitia,
1803 606 1895 632 caete—

255 641 364 678 risque
381 638 561 678 virtutibus.
573 637 732 673 Quoniam
749 636 845 678 igitur
860 636 898 666 de
914 637 1097 678 hujusinodi
1113 636 1280 678 disriplina
1296 637 1458 678 etiamibic
1472 637 1554 678 liber
1568 636 1616 669 est
1631 636 1844 678 conscriptus,
1863 645 1893 671 et

255 675 347 710 nobis
369 678 407 719 de
428 678 498 716 ipsa
520 676 684 719 disputare
706 676 906 719 propositum
919 675 1374 719 est,.diligenti_u§‘aud‘iamus
1394 676 1577 719 blatthgeuiii
1604 675 1772 718 perspicue
1795 689 1893 719 super

254 719 363 748 eadem
379 715 599 747 disserentem.
619 716 688 745 Non
706 715 790 745 enim
807 718 883 745 sunt
897 715 966 754 ejus
984 715 1084 751 dicta,
1100 716 1155 746 sed
1170 715 1306 751 Christi,
1320 715 1375 753 qui
1392 715 1493 754 ipsius
1517 715 1707 749 inl'orinator
1722 723 1769 749 est
1790 715 1893 750 disci—

276 759 359 788 linm.
377 757 465 787 Hanc
486 765 562 795 ergo
579 756 713 785 sollicite
730 754 968 785 consideremus
984 778 992 792 ,
1012 759 1048 785 ut
1063 756 1095 785 in
1112 756 1168 785 illa
1183 755 1279 785 etiam
1295 764 1478 785 mereamur
1491 756 1627 787 adscribi
1643 780 1651 793 ,
1672 760 1703 788 et
1723 760 1757 788 in
1780 768 1892 789 eorum

267 799 374 837 ulgere
391 805 538 837 numero,
553 796 613 837 qui»
624 795 712 837 prius
727 795 975 837 eampservando
990 796 1156 825 nituerunt
1169 817 1176 829 ,
1193 798 1224 824 et
1239 795 1526 837 iminarccscibilesr
1537 797 1607 826 illas
1623 802 1817 836 acceperunt
1831 808 1893 829 co—

254 834 362 868 rodas.
380 837 414 866 Et
431 836 520 865 multi
539 835 666 874 quidem
686 834 904 876 hunclibrum
917 835 993 876 satis
1003 838 1156 876 apertum
1172 843 1242 864 esse
1255 835 1431 872 opinantur
1445 836 1641 876 aciplanum;
1654 834 1739 867 solos
1756 839 1892 876 prophe-

254 881 300 908 tas
316 877 478 907 intellectu
495 873 643 914 putantes
659 884 728 905 esse
753 873 909 904 difﬁciles.
926 874 984 904 Sed
1001 875 1062 904 hoc
1077 883 1208 913 quoque
1228 883 1341 914 eorum
1362 877 1426 909 est,
1441 873 1503 912 qui
1517 876 1717 907 altitudinem
1736 873 1891 908 sensuum

253 918 311 948 sibi
335 917 461 956 penitus
487 913 733 956 reconditorunr
749 923 881 956 prorsus
906 914 1068 956 ignorant.
1099 913 1329 956 PropterAquod
1346 913 1502 956 obsecro,
1518 918 1554 956 ut
1568 916 1669 946 multo
1688 926 1760 947 cum
1785 918 1892 948 studio

252 953 434 996 sequamini
451 964 528 999 nos,
543 957 577 984 ut
593 955 697 999 ipsum
710 953 877 999 Envangelii
894 954 1026 999 pelagus
1041 954 1209 999 intremus,
1226 953 1352 999 Christo
1369 953 1461 983 nobis
1477 955 1637 999 praebente
1655 956 1687 985 in
1703 956 1764 987 hoc
1778 957 1891 999 itinere

252 992 478 1036 principatum.
496 995 533 1025 Ut
547 992 653 1036 autem
670 994 715 1036 sic
731 992 854 1036 facilior
868 993 927 1023 iste
945 993 985 1024 ad
1005 993 1250 1036 intelligendum
1271 992 1362 1036 liber,
1379 1001 1530 1036 rogamus
1548 1002 1586 1024 ac
1611 995 1778 1036 hortamur
1795 996 1891 1036 (quod

251 1031 285 1067 in
309 1031 381 1067 aliis
397 1043 527 1074 quoque
545 1033 716 1074 Scripturis
738 1033 842 1074 facere
858 1031 1099 1074 consuevimus)
1117 1031 1150 1074 ut
1166 1032 1367 1074 praeveniatis
1393 1033 1501 1063 animo
1516 1055 1523 1069 ,
1540 1037 1638 1074 atque
1662 1031 1803 1066 volvatis‘
1816 1031 1891 1066 eum

252 1077 308 1115 qui
325 1085 343 1107 a
359 1071 449 1105 nobis
465 1071 673 1115 elucidandus
688 1073 852 1115 estl’ocus,
866 1075 904 1115 ut
923 1072 1098 1115 intellectui
1121 1072 1214 1115 lectio
1228 1071 1313 1115 viain
1331 1080 1449 1115 parans
1460 1095 1468 1109 ,
1482 1073 1568 1115 quod
1583 1071 1678 1104 etiam
1695 1074 1726 1104 in
1741 1076 1891 1105 eunucho

252 1111 308 1146 illo
326 1115 442 1145 factum
457 1116 503 1144 est
518 1136 525 1148 ,
543 1113 675 1143 multam
692 1113 783 1153 nobis
800 1111 967 1153 conferant
982 1112 1164 1153 facultatem
1181 1111 1325 1153 docendi.
1342 1111 1467 1153 Etenim
1484 1113 1621 1153 plurima
1645 1117 1722 1144 sunt
1743 1124 1816 1153 qua:
1840 1116 1892 1144 in-

252 1156 428 1195 quiruntur
442 1176 449 1187 ,
465 1162 502 1195 ac
520 1152 809 1195 varia._Considera
834 1151 931 1195 igitur
945 1154 1066 1195 quanta
1087 1151 1119 1195 i_n
1136 1151 1206 1195 ipsp
1221 1151 1385 1195 Evangelii
1401 1152 1559 1195 principio
1574 1151 1787 1195 quaestionum
1810 1155 1891 1184 silva

253 1190 416 1226 nascatur.
429 1194 535 1223 Primo
551 1192 702 1233 quidem)
720 1190 812 1233 cujus
831 1192 876 1220 rei
892 1191 996 1233 gratia
1015 1200 1071 1233 per
1087 1191 1211 1233 Joseph
1231 1191 1569 1233 generationumordo
1582 1190 1731 1233 decurrat
1745 1216 1752 1229 ,
1772 1194 1809 1224 de
1825 1203 1891 1233 quo

253 1244 319 1265 non
345 1233 488 1265 nascitur
505 1232 662 1262 Christus.
679 1231 837 1266 Secundo,
861 1231 945 1260 unde
968 1230 1172 1261 manifestum
1185 1230 1245 1271 sit,
1262 1231 1348 1271 quod
1370 1239 1387 1260 a
1405 1231 1502 1261 David
1516 1232 1672 1271 originem
1687 1233 1802 1269 ducat,
1818 1230 1888 1264 cum

254 1276 401 1314 parentes
418 1273 525 1303 Mariae
538 1294 545 1307 ,
561 1281 602 1301 ex
617 1280 687 1314 qua
697 1274 782 1314 certe
796 1273 890 1314 natus
905 1272 969 1305 est,
985 1270 1167 1314 habeantur
1182 1270 1357 1314 incogniti:
1375 1279 1480 1314 neque
1495 1270 1581 1301 enim
1604 1273 1828 1314 generationes
1850 1283 1889 1303 ex

253 1309 393 1353 Virginis
409 1315 499 1352 parte
520 1312 743 1353 numerantur.
759 1310 866 1353 Tertio
879 1333 893 1353 ,_
905 1318 1003 1353 quam
1025 1310 1221 1353 ob__cansam
1239 1309 1356 1353 Josepb
1374 1310 1505 1353 quidem
1529 1309 1694 1350 generatio
1707 1334 1715 1347 ,
1731 1312 1787 1350 qui
1805 1316 1890 1343 certe

253 1349 333 1385 nihil
352 1353 388 1383 ad
405 1349 643 1392 generationem
663 1349 796 1380 contulit
820 1349 949 1392 Christi,
964 1349 1221 1392 tam__diligenter
1234 1350 1420 1392 _asseritur:
1437 1349 1539 1392 Virgo
1558 1353 1685 1386 autem,
1700 1349 1773 1390 quia;
1794 1353 1890 1386 etiam

253 1398 355 1424 mater
369 1388 438 1432 ejﬁs
451 1391 561 1432 effecta
575 1392 634 1432 est.
652 1398 716 1432 non
728 1389 965 1432 ostenditunex
980 1389 1099 1427 quibus
1116 1388 1316 1432 parentibus,
1329 1388 1620 1432 avis,_proavisque
1635 1388 1797 1422 nascatur.
1816 1393 1890 1422 Post

252 1435 320 1464 tunc
337 1428 433 1463 etiam
446 1431 523 1461 illud
539 1429 767 1468 inquirendum
783 1437 853 1458 esse
866 1428 992 1458 Videtur
1004 1450 1011 1463 ,
1029 1436 1094 1466 qua
1109 1428 1146 1458 de
1163 1436 1261 1468 causa
1275 1429 1498 1466 generationes
1520 1438 1578 1468 per
1593 1431 1678 1460 viros
1696 1432 1867 1462 nominans
1881 1455 1888 1468 ,

253 1472 434 1503 meminerit
448 1471 542 1501 etiam
557 1467 761 1499 feminarum.
777 1468 815 1497 Et
829 1468 906 1506 quia
925 1468 1024 1497 semel
1039 1467 1068 1496 id
1085 1467 1153 1497 ﬁeri
1175 1467 1317 1505 placuit,
1335 1477 1392 1497 cur
1414 1477 1477 1498 non
1497 1467 1608 1499 omnes
1631 1470 1765 1500 feminas
1784 1471 1890 1501 nomi—

254 1513 351 1545 narit.
366 1512 447 1542 Nam
464 1510 612 1540 meliores
627 1517 774 1546 quasque
788 1512 1012 1538 transcurrens
1026 1529 1034 1542 ,
1048 1510 1084 1536 ut
1098 1507 1209 1547 Saram
1223 1509 1254 1547 et
1269 1507 1460 1542 Rebeccam,
1477 1516 1654 1547 earumque
1674 1511 1794 1540 similes
1810 1521 1816 1539 :
1835 1520 1889 1542 eas

254 1550 474 1582 tantummodo
489 1558 561 1588 qua:
575 1548 613 1578 de
628 1548 738 1586 aliquo
756 1547 831 1577 vitio
847 1547 1122 1588 celebratiusunt,
1142 1546 1300 1588 eduxitjn
1317 1547 1456 1588 medium
1471 1558 1478 1576 :
1494 1548 1523 1577 id
1537 1546 1637 1583 estfsi
1652 1558 1716 1587 qua
1730 1550 1889 1581 adultera.

255 1593 303 1622 vel
321 1590 472 1621 meretrix
486 1586 536 1625 {si
553 1596 618 1627 qua
633 1589 727 1617 etiam
744 1597 785 1616 ex
801 1587 920 1624 nuptiis
939 1595 1003 1616 non
1018 1586 1339 1627 legitimeicopulata,
1355 1587 1381 1616 si
1398 1595 1462 1625 qua
1480 1586 1734 1626 alienigena’aut
1752 1590 1888 1620 barbara

251 1631 322 1662 fuit.
342 1629 503 1669 Siquidem
519 1625 583 1658 non
599 1627 693 1669 modo
706 1627 788 1657 Urina
801 1635 935 1669 uigorem
949 1648 957 1661 ,
971 1625 1025 1655 sed
1041 1625 1137 1669 etiam
1158 1625 1316 1669 Thamar,
1331 1628 1363 1655 et
1380 1627 1462 1656 Ruth
1482 1625 1679 1669 evangelista
1693 1637 1891 1659 commemo-

254 1674 302 1702 ηιι
315 1681 323 1700 ι
336 1665 475 1709 quin-um
490 1668 554 1698 alia
576 1667 797 1709 quidcmerat
811 1666 1012 1709 alienigena,
1028 1665 1092 1709 alia
1107 1673 1184 1709 vero
1202 1668 1343 1709 scortum
1359 1687 1366 1699 ,
1383 1674 1541 1709 quaecum
1554 1667 1649 1709 affine
1669 1677 1735 1698 rem
1745 1668 1865 1709 ihabuit
1880 1692 1888 1702 .

257 1720 320 1740 non
345 1704 469 1740 iantum
496 1717 560 1738 non
582 1704 650 1745 lege
678 1706 721 1735 illi
748 1705 919 1744 conjuncta
942 1705 1102 1743 conjugii,
1131 1704 1185 1745 sed
1210 1704 1313 1745 iurata
1338 1705 1543 1734 concubitum
1558 1729 1565 1741 ,
1583 1709 1614 1736 et
1638 1707 1721 1737 intra
1744 1708 1888 1738 habitum

256 1750 431 1780 meretricis
453 1744 649 1778 abscondita.
666 1745 900 1787 Uriiequoque
924 1753 1058 1787 nitorem
1083 1744 1191 1787 nullus
1215 1744 1358 1782 ignorat,
1376 1748 1506 1787 propter
1520 1745 1637 1776 factum
1662 1747 1739 1777 illud
1754 1747 1888 1787 insignis

255 1790 404 1820 audaciae.
423 1788 459 1817 Et
472 1790 577 1817 tamen
591 1794 701 1815 omnes
716 1785 796 1815 alias
814 1783 1011 1822 evangelista
1025 1783 1226 1824 praeteriens,
1242 1784 1459 1813 tantummodo
1474 1784 1551 1824 istas
1567 1783 1888 1824 generatiouum‘ea—

255 1829 360 1868 talogo
378 1825 627 1866 comprehendit.
643 1824 734 1868 Quod
750 1825 776 1868 s_i
793 1822 1135 1868 meminissenoportuit
1153 1822 1356 1868 feminarum,
1375 1822 1686 1868 cunctmdebuerant
1706 1827 1864 1868 nominari
1880 1838 1887 1858 :

254 1868 281 1898 si
295 1861 370 1898 vero
387 1861 578 1897 non-omnes
594 1867 697 1898 erant,
712 1864 765 1894 sed
781 1864 897 1904 aliqua»
910 1861 1119 1904 proferenda,
1135 1870 1190 1892 eas
1207 1863 1307 1904 magis
1324 1863 1399 1900 poni
1415 1862 1530 1904 decuit,
1546 1872 1618 1902 quae
1634 1873 1699 1894 non
1714 1866 1752 1895 de
1772 1875 1889 1904 pecea--

255 1908 294 1938 tis
306 1930 313 1942 ,
327 1907 379 1938 sed
397 1907 434 1935 de
452 1907 567 1934 virtute
583 1905 796 1933 celebrantur.
810 1902 922 1931 Vidisti
947 1910 1061 1938 nempe
1078 1905 1198 1935 quanta
1216 1902 1307 1942 nobis
1333 1903 1508 1942 attentione.
1529 1911 1610 1940 opus
1631 1904 1672 1934 sit
1687 1902 1783 1935 etiam
1809 1906 1890 1935 inter

250 1952 318 1982 ipsa
329 1943 498 1982 principia.
513 1943 552 1973 Et
566 1946 650 1973 certe
667 1951 766 1982 supra
778 1946 893 1974 caetera
907 1952 977 1974 esse
993 1942 1199 1974 manifestum
1214 1941 1293 1972 illud
1307 1941 1474 1972 videbatur
1489 1944 1670 1979 exordium,
1687 1943 1767 1974 forte
1786 1951 1893 1978 autem

248 1984 410 2025 aliquibus
428 1983 741 2025 etiamsupertluum
752 1983 856 2025 ,_quia
871 1983 976 2013 solum
992 1982 1035 2013 ibi
1050 1991 1219 2013 numerum
1242 1982 1400 2025 putabant
1413 1982 1586 2025 nominum
1602 1984 1773 2025 contineri.
1790 1985 1892 2025 Supra

247 2021 315 2054 tunc
329 2024 425 2053 etiam
441 2023 517 2053 illud
532 2021 743 2061 inquisitione
758 2022 890 2062 dignum
901 2024 960 2057 est,
972 2031 1045 2060 qua;
1055 2031 1155 2053 causa
1171 2021 1373 2062 compulerit,
1386 2024 1420 2051 ut
1431 2024 1495 2062 tres
1510 2031 1600 2061 reges
1617 2023 1649 2052 in
1665 2021 1892 2056 enumerandis

245 2063 508 2101 generationibus
526 2062 711 2101 praeteriret.
727 2062 757 2091 Si
773 2062 859 2092 enim
873 2061 967 2100 quasi
984 2062 1078 2092 nimis
1092 2062 1266 2100 impiorum
1282 2061 1413 2101 nomina
1429 2061 1561 2092 reticere
1574 2062 1704 2098 maluit,
1722 2072 1782 2094 nec
1803 2066 1891 2095 alio—

247 2100 319 2131 rum
331 2101 459 2140 quidem
471 2100 622 2132 similium
635 2102 820 2132 meminisse
830 2101 996 2131 debuerat.
1010 2101 1066 2131 His
1082 2101 1209 2132 additur
1226 2101 1320 2131 etiam
1337 2100 1392 2130 illa
1400 2101 1549 2141 quaestio,
1561 2102 1647 2140 quod
1662 2104 1889 2141 generationes

247 2142 489 2180 quatuordecim
505 2151 576 2172 cum
592 2143 736 2176 diXisset,
749 2141 782 2171 in
800 2141 894 2171 tertia
910 2144 999 2179 parte
1013 2149 1183 2171 numerum
1199 2149 1263 2170 non
1281 2140 1431 2170 servavit.
1447 2140 1567 2171 Deinde
1578 2140 1726 2179 quaenam
1740 2143 1796 2174 Illa
1809 2146 1891 2175 ratio

248 2182 454 2219 persuaserit,
466 2184 501 2211 ut
511 2181 613 2212 Lucas
626 2181 752 2219 quidem
768 2181 908 2211 aliorum
924 2180 1041 2210 faceret
1057 2181 1223 2211 nominum
1236 2180 1443 2215 mentionem,
1454 2183 1485 2210 et
1501 2189 1565 2209 non
1577 2181 1671 2211 modo
1686 2190 1750 2211 non
1763 2191 1891 2214 eorum—

245 2222 318 2251 dem
333 2222 476 2251 omnium
487 2243 495 2257 ,
509 2221 563 2251 sed
577 2221 678 2251 multo
701 2221 796 2251 etiam
815 2220 969 2259 plurium.
986 2220 1153 2250 Malthaeus
1172 2228 1247 2249 vero
1265 2228 1330 2249 non
1352 2227 1531 2257 paucorum
1546 2220 1640 2250 modo
1653 2242 1661 2255 ,
1679 2224 1888 2253 verumetiam

246 2261 457 2293 diversorum,
470 2261 665 2299 cumulique
679 2260 825 2298 adusque
836 2260 1076 2299 generationem
1091 2259 1209 2298 Joseph
1225 2268 1396 2288 numerum
1411 2259 1508 2289 etiam
1520 2260 1586 2298 ipse
1601 2260 1766 2298 perducat,
1778 2262 1811 2292 in
1823 2273 1890 2299 quo

247 2301 342 2333 tinem
358 2300 431 2330 fecit
445 2303 476 2330 et
490 2300 605 2330 Lucas.
613 2298 693 2330 ’Jam
710 2308 786 2339 ergo
801 2299 970 2339 perspicite
985 2303 1107 2337 quanta
1125 2299 1216 2329 nobis
1232 2307 1313 2336 opus
1327 2298 1367 2328 sit
1378 2299 1561 2339 vigilantia,
1575 2308 1639 2329 non
1656 2301 1760 2330 solum
1776 2302 1816 2332 ad
1832 2298 1886 2333 ex-

248 2339 430 2378 ponendum
442 2340 657 2379 evangelium,
676 2338 883 2370 verumetiam
897 2339 936 2368 ad
949 2338 1194 2369 discernendum
1210 2346 1359 2379 quaenam
1376 2338 1429 2368 illa
1443 2339 1518 2379 sint,
1532 2347 1605 2376 quae
1619 2340 1822 2378 expositione
1837 2343 1889 2372 in~

245 2377 385 2419 itigeant.
399 2379 463 2410 Nec
476 2377 591 2418 parum
606 2382 654 2410 est
666 2380 751 2409 enim
767 2387 861 2417 posse
875 2379 1021 2408 invenire
1034 2386 1071 2409 ea
1090 2387 1162 2419 qua?
1173 2377 1315 2419 indubio
1331 2380 1424 2419 sunt,
1436 2381 1467 2419 c_t
1479 2377 1650 2419 dequibus
1664 2377 1887 2419 controversia

245 2415 303 2449 est.
317 2419 400 2449 Illud
417 2415 546 2458 quoque
571 2420 655 2449 inter
676 2415 776 2449 dubia
801 2421 989 2448 numeratur
1001 2440 1009 2454 ,
1024 2415 1184 2457 quomodo
1207 2417 1372 2448 Elizabeth
1392 2417 1431 2447 de
1450 2417 1592 2449 Levitica
1609 2415 1768 2450 exsistens
1785 2422 1884 2457 tribu,

244 2459 354 2490 Maria;
371 2461 508 2498 cognata
522 2458 658 2488 dicatur.

282 2499 313 2529 7.
332 2497 451 2528 Verum
470 2507 510 2528 ne
523 2498 623 2528 multa
640 2497 759 2537 pariter
774 2498 976 2537 colligentes,
993 2498 1180 2527 memoriam
1199 2499 1338 2528 vestram
1354 2497 1461 2527 subito
1476 2498 1692 2536 quaestionum
1708 2507 1884 2530 onerantis

244 2541 395 2578 aggesto,
416 2538 466 2578 bic
481 2538 629 2578 sermoni
646 2540 756 2568 nostro
778 2538 951 2578 terminum
977 2540 1168 2568 statuamus.
1184 2537 1304 2578 Sufﬁcit
1319 2537 1404 2567 enim
1420 2537 1511 2578 nobis
1523 2559 1531 2572 ,
1547 2540 1579 2567 et
1594 2538 1685 2578 valde
1710 2539 1827 2569 sufficit
1844 2541 1884 2570 ad

243 2577 392 2609 audiendi
416 2577 543 2607 interim
562 2577 701 2607 studium
716 2577 956 2613 suscitandum,
972 2580 1008 2607 ut
1021 2586 1093 2615 qua:
1114 2577 1145 2606 in
1166 2577 1376 2615 quaestionem
1398 2577 1503 2606 solent
1526 2577 1636 2608 venire
1655 2577 1832 2609 discantur.
1851 2580 1881 2610 Si

244 2626 320 2647 vero
336 2618 432 2648 etiam
453 2617 647 2647 solutionem
665 2617 766 2655 ipsam
783 2616 1171 2657 desideratisaddisecre,
1188 2619 1219 2657 et
1234 2617 1301 2646 haec
1314 2616 1430 2657 ,Vnobis
1452 2616 1630 2657 dicentibus
1648 2617 1688 2657 (τι)
1703 2639 1711 2653 ,
1725 2618 1759 2647 in
1777 2622 1881 2650 vestra

243 2659 291 2686 est
307 2659 473 2695 potestate.
486 2657 517 2686 Si
531 2657 615 2686 enim
631 2665 687 2687 vos
700 2656 889 2686 intellexero
899 2656 1081 2690 suscitatos,
1094 2659 1124 2686 et
1138 2655 1250 2686 audire
1261 2656 1437 2694 cupientes,
1449 2656 1545 2685 etiam
1558 2655 1752 2687 solutionem
1766 2657 1883 2689 alierre

242 2696 384 2726 tentabo.
400 2696 431 2725 Si
450 2705 526 2726 vero
541 2696 710 2726 oscitantes
726 2696 849 2732 videro,
864 2700 895 2725 ct
908 2697 949 2726 ab
965 2695 1142 2726 intentione
1157 2695 1299 2729 laxatos,
1316 2695 1510 2725 abscondam
1529 2704 1594 2725 non
1615 2696 1810 2727 solutionem
1826 2707 1881 2728 so—

243 2736 320 2767 lum,
333 2736 541 2766 verumetiam
558 2736 763 2774 quaestiones.
775 2735 885 2766 divina
899 2735 969 2774 lege
986 2735 1197 2765 cemmonitus
1210 2745 1217 2764 :
1230 2734 1349 2767 Nolite,
1367 2735 1482 2773 inquit,
1493 2739 1633 2765 sanctum
1648 2735 1722 2765 dare
1740 2737 1880 2770 canibus,

241 2783 337 2815 neque
349 2775 528 2815 proﬁciatis
540 2775 727 2814 margaritas
737 2779 853 2805 vestras
864 2778 935 2805 ante
944 2783 1072 2814 porcos,
1084 2783 1120 2815 ne
1133 2775 1215 2815 forte
1228 2774 1410 2815 concuIccnt
1423 2784 1472 2804 eas
1482 2774 1614 2813 pedibus
1627 2775 1693 2805 suis
1707 2776 1836 2815 (Matth.
1849 2778 1879 2806 7.

240 2815 285 2853 6).
301 2813 380 2850 Quis
396 2813 444 2844 est
460 2814 553 2844 modo
567 2837 574 2849 ,
591 2813 697 2854 inquis
709 2837 717 2849 ,
732 2815 786 2854 qui
804 2815 865 2845 ista
880 2813 1063 2854 conculcet?
1080 2813 1137 2844 llle
1153 2814 1264 2852 utique
1279 2836 1286 2849 ,
1303 2814 1358 2852 qui
1377 2822 1440 2843 non
1454 2822 1491 2844 ea
1509 2815 1649 2852 pretiosa
1663 2813 1764 2845 credit
1783 2824 1854 2846 esse
1873 2840 1880 2850 ,

241 2857 339 2892 atque
360 2854 526 2892 praeclara.
542 2854 580 2883 Et
594 2853 666 2892 quis
681 2853 751 2890 est,
768 2854 875 2893 inquis
890 2877 897 2888 ,
915 2854 959 2885 ita
975 2853 1086 2884 infelix
1099 2876 1107 2890 ,
1123 2854 1179 2892 qui
1198 2862 1262 2884 non
1278 2854 1344 2885 hac
1360 2853 1552 2892 pretiosiora
1568 2863 1637 2885 esse
1655 2855 1805 2885 omnibus
1822 2877 1830 2892 ,
1851 2861 1881 2886 et

274 2912 313 2943 (α)
330 2911 357 2936 In
366 2915 448 2936 Graeco
460 2910 559 2941 legitur,
570 2916 603 2941 πρὸ
619 2918 652 2935 τῶν
670 2916 726 2940 λόγων
743 2919 775 2934 τετυ
793 2916 893 2941 ἡμετέρων,
904 2913 1031 2940 antequam
1039 2909 1174 2942 loquamur.
