2055 3128
235 78 287 105 093
830 85 944 114 ANIANI
965 85 1251 114 lNTERPRETATIO.
1797 87 1847 114 995

216 142 291 181 eius,
306 142 402 173 donec
415 143 516 172 veniat
533 142 584 172 cui
602 145 750 181 paratum
772 144 814 181 est
828 150 837 169 :
855 145 883 170 et
899 141 968 181 ipse
989 143 1046 172 erit
1063 143 1250 180 exspectatio
1265 141 1406 179 'gentiunz
1421 141 1509 181 (lien.
1528 141 1578 171 Ιι9.
1595 141 1655 180 10).
1677 141 1751 171 Haec
1771 151 1851 181 ergo

216 179 382 220 prophetia
399 191 439 211 ex
453 182 536 211 tribu
552 179 678 220 quidem
691 179 878 220 Judaiilium
892 179 989 210 fuisse
1002 179 1154 215 declarat,
1173 190 1236 210 non
1254 185 1358 210 tamen
1372 179 1456 219 qunti
1471 191 1509 212 ex
1527 181 1627 211 David
1643 190 1758 220 genere
1773 179 1849 211 des-

215 219 339 251 cendat.
355 222 492 251 Putasne
510 221 607 260 igitur
621 229 661 251 ex
675 220 758 250 tribu
775 219 868 260 ludo,
885 221 979 250 unius
995 220 1120 250 familiae
1134 223 1269 255 tantum,
1287 221 1315 250 id
1331 224 1378 250 est
1393 221 1493 259 solius
1507 221 1620 255 David,
1634 219 1848 260 propagatum

214 270 316 300 genus
332 269 370 291 ac
388 270 451 290 non
467 258 604 290 altorum
620 260 714 290 etiam
729 258 924 300 multorum?
942 260 1012 300 lmo
1028 260 1201 300 usuvcnire
1219 259 1372 296 videmus,
1397 263 1432 290 ut
1449 261 1520 298 quis
1537 260 1577 290 sit
1591 258 1643 290 exi
1655 258 1847 295 tribu’Juda,

213 298 269 338 qui
285 304 390 331 tamen
406 309 424 331 a
442 300 540 330 David
557 309 657 339 genus
675 308 738 328 nou
756 298 872 340 trahat.
890 298 947 340 Sed
963 308 1002 329 ne
1018 299 1099 340 istud
1117 299 1167 329 hic
1183 299 1314 336 diceres,
1332 300 1529 340 prieveniens
1543 300 1740 340 evangelista
1757 308 1848 340 pror-

213 349 268 370 sus
284 340 423 370 exclusit
437 338 653 378 suspicionem
670 342 756 368 tuam
767 338 865 378 ,Hnéu
882 338 985 367 solum
1009 348 1049 368 ex
1067 339 1172 373 domo,
1190 348 1301 368 verum
1326 340 1422 369 etiam
1439 349 1480 369 ex
1502 339 1619 369 familia
1639 339 1737 369 David
1756 339 1848 368 illum

212 389 283 410 esse
300 375 504 410 confirmans:
521 378 551 408 Si
564 387 640 409 vero
657 386 742 408 nunc
756 375 886 417 aliunde
904 386 1033 416 quoque
1051 379 1097 408 vis
1113 378 1195 408 istud
1212 378 1385 415 addiscere,
1405 387 1462 408 nec
1477 379 1577 409 altera
1592 379 1780 417 probatione
1795 378 1848 408 de-

212 419 361 449 serimur.
377 419 445 449 Non
463 419 567 449 solum
582 419 668 457 enim
681 417 719 457 de
736 415 800 457 alia
816 415 913 457 tribu,
931 415 1039 448 sedne
1055 418 1092 447 de
1109 417 1228 448 familia
1242 418 1382 456 quidem,
1399 418 1459 448 hoc
1476 420 1522 448 est
1538 415 1729 457 cognatione
1744 418 1846 448 altera

211 458 258 488 fas
274 461 343 489 erat
356 458 505 498 conjugia
521 455 743 498 copulari._lta
759 453 843 498 istud_
864 457 948 498 quod
959 457 1092 498 dicitur,
1106 467 1147 488 ex
1163 453 1260 498 domo
1273 466 1343 488 esse
1360 460 1391 488 et
1408 453 1640 498 familiaDa'vid
1652 479 1660 493 ,
1682 457 1749 498 sive
1768 457 1850 498 Vir:

211 498 278 539 gini
294 493 803 539 copulefuﬁ_cons_tabitdictum...
818 493 886 524 sive
907 495 966 539 ipsi
983 496 1101 539 Joseph
1115 496 1220 539 potius
1244 500 1381 539 aptetur,
1408 497 1484 526 illud
1508 496 1591 539 idem
1613 496 1793 539 conﬁcitur.
1819 496 1850 539 Si

209 533 297 567 Enim
312 533 353 566 ei
365 537 459 567 domo
476 536 575 566 David
590 538 687 573 atque
706 533 826 564 familia
847 533 928 572 erat,
945 544 1009 566 non
1025 533 1154 567 aliunde
1168 533 1290 574 accepit
1306 537 1486 573 conjugem,
1504 536 1564 566 nisi
1583 545 1623 566 ex
1640 545 1678 566 ea
1695 536 1791 565 tribu.
1812 535 1850 563 de

217 584 281 613 qua
298 576 392 616 etiam
407 576 474 613 ipse
489 575 707 616 descenderat.
723 575 803 616 Quid
828 585 916 613 vero,
940 577 1059 616 inquis,
1085 578 1112 607 si
1136 578 1238 615 legem
1259 577 1311 606 ille
1337 580 1556 616 transgressus
1573 579 1640 607 est?
1663 578 1721 608 Sed
1737 577 1856 607 idcirco

216 615 412 656 evangelista
429 614 772 656 prmveniens.‘Joseph
788 615 909 654 justum
929 614 999 647 esse
1017 619 1149 647 testatus
1160 614 1219 651 est,
1232 625 1271 646 ne
1287 619 1321 647 tu
1332 617 1360 646 ei
1376 614 1493 646 temere
1508 617 1627 647 crimen
1642 617 1854 656 impingeres:

215 654 270 684 sed
285 657 320 683 ut
335 654 485 695 virtutem
501 654 569 692 ejus
585 653 692 692 potius
709 653 900 695 agnoscens,
927 656 1143 695 suspicionem
1160 657 1425 694 transgressionis
1441 656 1610 695 abjiceres.
1624 653 1856 694 llle'siq'uidem

216 697 279 723 tam
294 693 467 735 modestus,
482 696 512 722 et
528 702 626 735 prava
642 693 813 735 cupiditate
827 695 919 735 liber,
937 699 971 725 ut
987 693 1026 725 ne
1040 696 1222 734 suspicione
1237 693 1369 735 cngente
1381 693 1521 725 velletvin
1535 696 1675 735 Virginis
1690 693 1855 734 inquirere

216 732 427 774 supplicium,
438 732 598 774 quomodo
614 736 743 772 propter
759 734 921 774 libidinem
939 732 1189 774 praeceptadegis
1210 732 1382 765 violasset?
1397 735 1456 771 Qui
1473 735 1557 765 enim
1574 732 1672 774 supra
1687 732 1788 774 leg-em
1804 744 1857 765 sa-

216 772 512 813 piebatzidimittere
526 773 623 813 enim,
638 775 669 813 et
683 773 806 813 occulte
821 772 991 810 dimittere,
1007 772 1075 804 sine
1093 772 1189 804 dubio
1204 777 1272 804 erat
1289 783 1388 812 supra
1404 775 1505 813 legem
1520 772 1651 813 profecti
1671 785 1677 803 :
1693 772 1855 813 quomodo

217 813 327 853 contra
345 812 446 850 legem
465 811 592 853 aliquid
607 812 803 853 admitteret,
827 817 857 842 et
882 814 941 843 hoc
970 814 1090 844 nullius
1120 823 1224 844 causae
1241 811 1603 853 necessitate—cogente?
1627 814 1684 843 Sed
1701 811 1855 852 quoniam

215 851 355 892 quodex
372 860 489 892 genere
513 851 616 881 David
630 851 724 882 fuerit
739 852 806 883 haec
819 852 929 892 Virgo,
944 862 983 883 ex
1000 854 1036 883 iis
1053 862 1125 892 quae
1141 853 1222 883 dicta
1238 856 1324 887 sunt.
1341 851 1543 883 manifestum
1558 857 1624 884 est:
1637 851 1856 884 necessarium

216 893 264 920 est
278 890 395 925 dicere,
412 891 503 932 cujus
519 891 564 932 rei
580 891 681 930 gratia
698 892 815 932 .loseph
831 892 862 922 in
881 890 1147 931 generationibus
1165 893 1362 932 evangelista
1384 894 1587 929 memorarit,
1600 899 1674 924 ’cum
1688 893 1855 931 Virginem

217 939 349 972 prorsus
366 930 521 972 omiserit.
535 930 688 972 Quaenam
703 931 800 972 igitur
817 930 994 963 haeccausa
1010 933 1080 962 est?
1094 933 1164 962 Non
1182 930 1331 963 erat'mos
1347 932 1431 971 apud
1447 933 1596 963 Hebraeos
1610 930 1856 972 generationum

216 971 396 1017 catalogum
414 979 471 1017 per
486 970 620 1017 feminas
637 974 755 1001 texere.
772 971 814 1017 .Ut
828 974 959 1017 ergo_c_t
980 981 1100 1017 morem
1119 970 1401 1017 custodirelzineve
1420 972 1450 1001 in
1475 973 1544 1010 ipso
1566 970 1672 1017 statim
1695 972 1855 1017 principio

219 1010 381 1040 videretur
396 1010 530 1050 antiqua
551 1010 727 1045 destruere,
751 1013 781 1041 et
806 1010 897 1041 nobis
912 1011 1077 1050 Virginem
1107 1012 1223 1041 certius
1251 1011 1418 1046 indicaret,
1444 1014 1592 1050 parentes
1622 1011 1689 1050 ejus
1717 1011 1855 1041 reticens

217 1052 314 1088 atque
334 1049 483 1090 majores,
500 1049 537 1079 de
551 1049 668 1090 Joseph
692 1050 898 1088 generatione
920 1049 985 1080 non
1009 1051 1117 1081 tacuit.
1134 1051 1205 1081 Sive
1220 1052 1305 1081 enim
1320 1051 1386 1081 haec
1402 1049 1528 1081 fecisset
1547 1051 1579 1081 in
1596 1049 1740 1090 Virgine,
1761 1050 1856 1079 novi-

217 1089 290 1119 tatis
305 1098 367 1118 non
380 1088 544 1129 effugisset
560 1089 713 1119 invidiam
733 1100 739 1118 :
757 1090 824 1119 sive
838 1090 955 1129 Joseph
973 1090 1163 1124 reticuisset,
1181 1099 1244 1120 non
1261 1091 1505 1129 agnovissemus
1521 1100 1561 1121 ex
1577 1099 1640 1129 qua
1658 1088 1742 1120 tribu
1755 1090 1856 1128 Virgo

217 1129 416 1169 subsisteret.
434 1126 472 1159 Ut
484 1138 560 1169 ergo
576 1132 606 1159 et
620 1137 678 1158 nos
689 1126 943 1160 discerneremus
960 1139 1031 1169 qua:
1045 1132 1128 1160 esset
1144 1130 1257 1165 Maria,
1271 1126 1320 1160 vel
1331 1130 1426 1164 unde,
1439 1133 1468 1159 et
1483 1126 1681 1160 consuetudo
1692 1130 1770 1168 legis
1783 1126 1856 1167 pe}-

219 1171 361 1199 maneret
377 1168 561 1208 immobilis,
580 1169 825 1207 generationum
838 1169 1019 1208 catalogum
1036 1179 1137 1207 usque
1155 1169 1194 1199 ad
1217 1178 1371 1208 sponsum
1386 1169 1455 1208 ejus
1471 1170 1631 1208 perduxit,
1647 1178 1685 1200 ac
1708 1169 1747 1199 de
1760 1169 1856 1198 domo

217 1208 306 1248 illum
324 1207 421 1237 David
436 1217 506 1238 esse
519 1208 718 1238 monstravit.
735 1209 802 1239 Hoc
817 1209 903 1238 enim
920 1207 1091 1243 declarato,
1109 1209 1186 1238 illud
1201 1207 1330 1248 quoque
1345 1207 1464 1247 pariter
1481 1210 1619 1239 Ostendit
1631 1209 1715 1247 quod
1734 1208 1855 1238 scilicet

217 1247 289 1288 inde
303 1250 386 1277 esset
398 1250 428 1277 et
441 1248 539 1288 Virgo
557 1258 563 1276 :
580 1248 657 1285 quia
671 1248 782 1286 utique
797 1257 1004 1287 nequaquam
1016 1249 1122 1288 justus
1136 1249 1194 1279 iste
1207 1252 1369 1287 pateretur
1381 1257 1516 1278 uxorem
1531 1249 1588 1278 sibi
1603 1248 1743 1288 aliunde,
1756 1257 1855 1286 quam

216 1287 301 1317 unde
316 1288 368 1317 lex
386 1287 590 1326 praecipiebat
602 1287 730 1326 eligere.
751 1289 922 1318 Possumus
936 1297 1013 1318 vero
1028 1289 1123 1318 aliam
1139 1297 1269 1327 quoque
1285 1290 1315 1318 et
1333 1288 1478 1318 altiorem
1493 1289 1621 1326 quidem
1641 1287 1784 1326 proferre
1799 1295 1855 1317 ra-

216 1328 349 1362 tionem,
366 1328 406 1367 ob
422 1335 519 1364 quam
541 1332 689 1367 parentes
708 1327 849 1367 Virginis
870 1328 1073 1366 prmtcrmissi
1091 1331 1165 1358 sunt
1183 1338 1189 1356 :
1205 1336 1303 1366 quam
1320 1337 1406 1357 nunc
1421 1337 1583 1366 exponere
1606 1327 1711 1358 minus
1729 1335 1855 1365 oppor—

217 1370 330 1407 tunum
348 1366 485 1402 videtur,
502 1376 540 1396 eo
558 1366 644 1405 quod
660 1367 760 1397 multa
775 1368 840 1405 jam
855 1367 939 1397 dicta
955 1370 1041 1397 sunt.
1054 1368 1094 1396 Et
1108 1367 1224 1397 idcirco
1239 1367 1363 1407 hicjam
1375 1376 1556 1397 sermonem
1570 1367 1607 1397 de
1621 1367 1854 1406 qumstionibus

217 1406 437 1442 terminantes,
450 1408 615 1436 teneamus
631 1406 757 1436 interim
770 1407 939 1446 diligenter
951 1415 989 1437 ea
1002 1416 1073 1445 qua:
1086 1407 1176 1436 nobis
1189 1407 1336 1437 absoluta
1351 1409 1542 1445 patuerunt:
1557 1416 1655 1445 quam
1668 1407 1709 1436 ob
1723 1414 1856 1436 causam

216 1446 314 1476 David
331 1446 546 1476 nominaverit
563 1446 712 1484 priorem,
728 1446 841 1477 deinde
859 1455 924 1485 qua
939 1446 1065 1476 ratione
1080 1446 1198 1476 librum
1214 1447 1330 1485 ipsum,
1348 1447 1464 1476 librum
1480 1447 1695 1485 generationis
1713 1446 1855 1478 vocarit,

218 1486 267 1515 vel
283 1486 379 1516 etiam
395 1494 454 1515 cur
467 1485 595 1520 dixerit,
610 1486 686 1516 Jesu
701 1485 843 1519 Christi:
858 1485 971 1516 deinde
989 1486 1150 1524 quomodo
1166 1487 1330 1524 generatio
1345 1486 1414 1524 ejus
1431 1489 1461 1516 et
1476 1487 1654 1516 communis
1671 1486 1722 1520 sit,
1736 1487 1766 1515 et
1790 1493 1854 1513 non

217 1525 258 1555 sit
277 1534 334 1563 per
347 1528 462 1555 cuneta
476 1525 654 1554 communis
671 1535 679 1555 :
697 1528 777 1560 tum,
791 1525 876 1556 unde
890 1525 993 1555 Maria
1012 1525 1050 1555 ad
1068 1525 1169 1555 David
1183 1526 1342 1564 pertinere
1362 1529 1559 1555 monstretur
1574 1536 1580 1554 :
1600 1525 1638 1556 ad
1662 1528 1856 1557 extremum,

217 1573 316 1603 quam
333 1566 374 1595 ob
390 1574 456 1594 rem
473 1565 591 1603 Joseph
605 1564 733 1603 quidem
747 1565 992 1603 generationum
1008 1565 1154 1603 catalogo
1170 1565 1355 1599 collocetur,
1370 1565 1479 1595 Maria:
1498 1569 1603 1595 autem
1619 1568 1768 1604 parentes
1785 1573 1858 1604 om—

219 1605 296 1634 nino
307 1605 474 1635 sileantur.
489 1604 518 1634 Si
536 1604 621 1633 enim
635 1603 848 1635 custodieritis
872 1605 944 1638 ista,
959 1605 1170 1642 promptiores
1188 1614 1244 1634 nos
1262 1605 1382 1634 facietis
1406 1605 1443 1634 ad
1460 1605 1584 1643 reliqua
1599 1614 1606 1633 :
1626 1605 1675 1634 sin
1691 1612 1767 1634 vero
1789 1603 1858 1632 haec

218 1644 407 1683 respueritis
423 1648 453 1673 et
477 1644 665 1682 expulerilis
682 1652 699 1673 e
720 1645 891 1677 mentibus,
914 1644 1070 1682 pigriores
1086 1644 1205 1673 erimus
1222 1644 1254 1673 in
1273 1644 1405 1674 caeteris.
1433 1644 1543 1682 Neque
1565 1644 1650 1674 enim
1675 1646 1769 1673 terra:
1784 1651 1858 1680 qua!

219 1684 343 1714 semina
358 1683 466 1722 priora
482 1684 674 1721 corruperit,
688 1692 798 1713 curam
815 1683 966 1713 adhibere
986 1683 1154 1712 delectabit
1169 1684 1343 1722 agricolam
1363 1693 1370 1712 :
1390 1687 1522 1722 propter
1536 1684 1633 1721 quod,
1650 1684 1797 1716 obsecro,
1821 1684 1856 1710 ut

219 1723 286 1753 haec
301 1731 373 1760 quae
387 1722 544 1752 seminata
560 1725 646 1757 sunt,
658 1723 800 1752 versetis.
814 1723 860 1753 De
870 1723 1273 1761 talienimstudio,talique
1288 1731 1366 1752 cura
1383 1723 1494 1761 ingens
1511 1723 1669 1760 quoddam
1684 1722 1856 1752 animabus

219 1763 352 1796 bonum,
369 1770 407 1792 ac
421 1762 564 1791 salutare
576 1762 789 1800 conquiritur.
808 1762 887 1792 Nam
901 1766 931 1792 et
946 1763 1012 1792 Deo
1028 1762 1154 1800 placere
1170 1771 1340 1801 passumus
1353 1762 1413 1792 ista
1426 1762 1580 1794 curando.
1595 1765 1625 1791 et
1639 1763 1679 1792 ab
1691 1761 1857 1800 injuriosis

218 1801 443 1839 obscwnisque
458 1801 661 1830 sermonibus
675 1805 706 1831 et
721 1810 738 1831 a
754 1801 906 1831 conviciis
920 1801 1038 1831 munda
1054 1809 1111 1831 ora
1123 1802 1335 1836 servabimus,
1347 1802 1422 1832 dum
1435 1802 1655 1839 spiritualibus
1668 1808 1857 1831 exercemur

220 1841 358 1880 eloquiis
376 1851 383 1870 :
403 1844 435 1871 et
455 1841 654 1880 daemonibus
671 1841 785 1870 terrori
804 1850 875 1871 esse
896 1841 1084 1879 poterimus,
1108 1840 1253 1880 linguam
1278 1844 1420 1870 nostram
1430 1842 1546 1878 talium
1570 1841 1668 1871 armis
1684 1839 1858 1869 muniendo

222 1879 404 1915 verborum,
424 1883 453 1910 et
478 1883 553 1910 tunc
571 1879 724 1918 majorem
740 1880 797 1910 Dei
816 1880 951 1918 gratiam
967 1880 1145 1910 valebimus
1162 1881 1351 1919 promereri.
1368 1881 1449 1910 Hinc
1469 1881 1554 1910 enim
1574 1880 1687 1909 utentis
1703 1882 1815 1919 vestrm
1827 1882 1857 1907 el

218 1928 354 1951 acumen
372 1923 518 1953 num-tur.
535 1923 565 1949 et
577 1921 696 1950 lumen.
715 1921 832 1956 Nantot
848 1921 967 1957 oculos,
983 1925 1012 1950 et
1029 1928 1075 1955 os,
1093 1924 1123 1949 et
1148 1922 1288 1950 auditum
1305 1924 1473 1957 propterea
1490 1919 1637 1957 posuitin
1655 1919 1748 1948 nobis
1759 1918 1858 1948 Deus.

219 1965 253 1992 ut
269 1962 375 1991 omnia
391 1961 449 1999 ipsi
468 1961 611 1991 membra
627 1959 785 1990 servirent
801 1969 807 1987 :
824 1961 858 1999 ut
871 1967 943 1999 qua:
958 1967 1059 1996 ipsws
1076 1961 1151 1987 sunt
1165 1961 1346 1999 audiamus,
1363 1968 1435 1997 qua:
1451 1960 1563 1998 ipsius,
1578 1961 1770 1999 loquamur;
1788 1970 1861 1999 quae

221 2002 321 2040 ipsius
336 2023 344 2035 ,
371 1997 496 2039 semper
520 2008 707 2040 operemur;
734 1999 828 2040 eique
851 1998 962 2040 laudes
984 2006 1137 2027 canamus
1158 1997 1320 2040 assiduas,
1346 2001 1377 2028 et
1396 1997 1516 2040 gratias
1534 2009 1589 2040 per
1602 1997 1716 2030 cuncta
1732 1997 1861 2030 refcra-

220 2037 301 2075 mus,
327 2037 447 2078 perque
468 2037 665 2069 lizeciomnia
685 2037 1030 2078 consciegntizernostrge
1052 2040 1174 2078 stereta
1201 2037 1404 2078 mandemus.
1430 2038 1517 2068 Sicut
1537 2039 1621 2068 enim
1638 2048 1755 2077 corpus
1773 2044 1859 2077 quod

218 2081 302 2110 aeris
318 2075 454 2118 puritate
471 2078 656 2118 perfruitur,
673 2078 783 2107 sanius
802 2076 835 2106 ﬁt
853 2087 859 2105 :
879 2077 923 2106 sic
940 2075 1080 2114 profecto
1094 2076 1189 2106 etiam
1203 2076 1312 2107 anima
1327 2077 1361 2106 fit
1377 2078 1565 2116 sapientior,
1586 2079 1639 2109 tali
1652 2075 1859 2109 meditatione

221 2120 387 2149 innutrita.

257 2158 287 2188 5.
303 2159 415 2188 Nonne
432 2157 517 2187 vides
534 2157 629 2187 etiam
645 2156 788 2195 corporis
813 2156 924 2185 oculos
939 2178 945 2190 ,
970 2156 1092 2197 cum_in
1116 2155 1202 2197 fumo
1227 2155 1307 2186 forte
1316 2160 1540 2197 remorantur,
1556 2158 1716 2197 lacrymas
1733 2167 1860 2196 semper

219 2198 381 2228 etTundere
398 2207 405 2226 :
423 2197 448 2227 si
464 2205 539 2226 vero
555 2194 718 2234 potiantur
734 2205 807 2226 aere
826 2198 974 2234 purgato,
993 2198 1024 2224 et
1038 2194 1224 2224 florentibus
1240 2196 1351 2234 pratis,
1371 2199 1401 2226 et
1415 2197 1516 2227 hortis
1531 2194 1722 2232 virentibus,
1739 2201 1769 2228 et
1785 2194 1860 2227 fon—

219 2206 381 2228 eltuntlere
398 2207 405 2226 ἲ
423 2207 448 2227 SI
464 2206 539 2226 vero
577 2206 718 2226 Oltautur
734 2206 807 2226 ilch
826 2206 974 2234 purgato,
993 2206 1024 2224 (ιι
1038 2206 1224 2224 ΙΙΟΙΊῚΙιΙυυδ
1240 2206 1351 2234 pratis,
1371 2206 1401 2226 θῐ
1415 2206 1516 2227 nortls
1531 2206 1722 2232 Vll‘enunus,
1739 2206 1769 2228 el
1785 2206 1858 2227 lon—

219 2238 303 2267 tibus
319 2237 403 2267 inter
417 2245 543 2267 amoena
555 2206 740 2276 ﬂuentibus,
757 2238 788 2276 et
801 2235 946 2276 saniores
963 2243 1045 2276 esse,
1063 2234 1229 2276 multoque
1244 2235 1365 2274 majore
1377 2236 1456 2266 aciei
1469 2236 1593 2276 fulgore
1606 2237 1762 2268 rutilare?
1772 2237 1858 2267 Talis

219 2277 360 2314 profecto
375 2279 422 2306 est
440 2279 470 2305 et
485 2276 599 2315 mentis
615 2275 740 2305 oculus.
758 2274 787 2315 Si
804 2275 888 2304 enim
905 2274 936 2303 in
956 2274 1053 2315 pratis
1069 2273 1245 2315 spiritualis
1261 2273 1413 2313 pascatur
1438 2273 1577 2315 eloquii,
1606 2277 1666 2307 erit
1682 2279 1767 2306 totus
1790 2277 1860 2307 sine

218 2313 316 2346 dubio
331 2324 432 2354 purus
447 2324 485 2345 ac
500 2314 635 2349 lucidus,
652 2314 824 2355 etiacutius
840 2316 955 2343 cuncta
971 2313 1170 2355 perlustrans
1185 2323 1191 2341 ε
1209 2313 1234 2343 si
1252 2323 1329 2355 vero
1345 2315 1376 2344 in
1396 2313 1516 2345 fumum
1533 2316 1737 2346 saecularium
1755 2325 1858 2355 nego—

220 2353 341 2386 tiorum
354 2355 448 2385 fuerit
464 2355 643 2394 ingressus,
657 2354 696 2384 ad
708 2354 1028 2394 innumeragprorsus
1041 2353 1125 2394 mala
1141 2353 1381 2394 lacrymabitur,
1398 2363 1436 2384 ac
1451 2354 1547 2391 flebit,
1566 2358 1596 2385 et
1610 2356 1641 2384 in
1658 2355 1718 2386 hoc
1731 2353 1858 2394 quidem

219 2395 348 2428 sweulo,
363 2394 417 2425 sed
434 2392 533 2424 multo
544 2393 686 2424 amarius
701 2393 733 2434 in
746 2393 865 2434 futuro.
882 2392 983 2434 Firmo
997 2392 1172 2434 enimsunt
1187 2392 1326 2434 humana
1344 2394 1471 2434 negotia
1483 2395 1708 2433 comparanda.
1726 2392 1860 2434 Propte-

219 2443 273 2466 rea
289 2437 319 2464 et
336 2434 389 2464 ille
406 2434 450 2464 ait
467 2444 473 2463 :
494 2433 675 2472 Πείρεω-ατη
691 2433 771 2462 sicut
792 2433 894 2471 fumus
911 2431 975 2472 dies
989 2431 1048 2461 mei
1069 2431 1165 2469 (Psal.
1184 2432 1252 2472 101.
1270 2431 1312 2471 lt).
1332 2431 1399 2463 Sed
1414 2433 1467 2464 ille
1490 2431 1617 2472 quidem
1641 2435 1678 2464 de
1703 2431 1860 2466 brevi—tate

220 2476 291 2509 hoc,
307 2477 338 2504 et
352 2473 426 2512 fuga
439 2471 577 2511 quadam
593 2472 687 2511 hujus
699 2472 780 2501 dixit
795 2471 906 2512 artatis.
922 2471 989 2512 Ego
1006 2471 1291 2512 verononiadﬂhoc
1307 2473 1423 2508 solum,
1444 2471 1554 2503 verum
1571 2474 1666 2504 ctiam
1689 2474 1728 2504 ad
1743 2475 1860 2504 turbu—

220 2515 350 2544 lentiam
366 2510 474 2543 rerum
490 2512 695 2550 praesentium
711 2511 770 2541 dici
785 2519 878 2550 posse
894 2510 977 2541 istud
993 2510 1127 2548 accipio.
1144 2511 1228 2540 Nihil
1248 2512 1332 2540 enim
1358 2513 1400 2541 ita
1418 2513 1529 2542 oculos
1554 2515 1670 2543 animae
1692 2515 1859 2543 contristat

219 2563 257 2584 ac
271 2554 388 2588 turbat,
404 2555 440 2582 ut
457 2552 659 2592 saecularium
675 2552 766 2592 turba
780 2551 993 2592 curarum,_ct
1007 2550 1100 2592 quasi
1117 2550 1326 2592 obvolitantia
1342 2552 1486 2590 quaedam
1503 2553 1686 2591 multiplicis
1703 2553 1860 2592 cupidita-

220 2594 259 2623 tis
276 2593 437 2622 examina.
454 2592 528 2621 Hmc
546 2591 630 2621 enim
647 2594 721 2621 sunt
737 2591 829 2620 istius
845 2590 919 2619 fumi
934 2590 1032 2628 ligna.
1050 2590 1129 2619 Nam
1145 2590 1227 2619 sicut
1242 2590 1324 2629 ignis
1343 2592 1402 2621 iste
1417 2590 1603 2621 commums
1613 2593 1667 2622 ubi
1694 2590 1859 2622 humidam

219 2632 351 2669 corripit
363 2639 638 2670 conspersumque
653 2630 819 2660 materiam
831 2652 838 2665 ,
856 2630 1031 2670 plurimum
1056 2629 1125 2658 sine
1139 2628 1239 2670 dubio
1259 2628 1380 2660 fumum
1395 2631 1529 2660 suscitat
1543 2641 1549 2660 :
1568 2632 1614 2661 sic
1626 2632 1721 2662 etiam
1738 2641 1841 2663 concu

221 2668 375 2710 piscentia
391 2668 563 2701 vehemens
580 2670 635 2700 illa
650 2678 795 2710 prorsus,
812 2678 849 2699 ac
865 2669 1024 2710 flammea,
1039 2668 1168 2710 quando
1184 2669 1369 2699 humentem
1391 2671 1528 2709 alicujus
1544 2679 1581 2701 ac
1596 2671 1771 2709 palustrem
1789 2681 1860 2702 suc-

219 2708 323 2741 cendit
337 2711 490 2745 animam,
503 2710 639 2739 multum
655 2710 686 2738 in
705 2717 742 2739 ea
759 2709 878 2749 fumum
893 2708 1005 2749 gignit,
1017 2716 1062 2749 jac
1076 2709 1185 2749 nutrit.
1204 2709 1336 2749 Propter
1352 2710 1411 2739 hoc
1427 2708 1521 2740 etiam
1537 2708 1610 2740 rore
1625 2719 1705 2749 Opus
1722 2714 1770 2741 est
1786 2721 1860 2741 san-

219 2749 260 2780 cti
276 2749 424 2791 Spiritus,
435 2752 464 2779 et
479 2749 616 2787 potentis
630 2749 716 2778 illius
725 2757 812 2791 aura:
823 2748 913 2791 ﬂatu,
925 2751 960 2791 ut
970 2747 1151 2791 hujusmodi
1162 2748 1347 2791 exstinguat
1358 2750 1476 2788 ignem,
1486 2747 1673 2791 fumumque
1684 2750 1857 2791 dispergat,

220 2792 250 2818 ct
265 2788 490 2827 cogitationem
506 2792 650 2818 nostram
665 2788 845 2825 expeditam
861 2787 983 2821 reddat,
998 2795 1036 2817 ac
1049 2787 1223 2827 yolucrem.
1240 2788 1308 2817 Non
1322 2787 1427 2826 potest
1442 2789 1527 2818 enim
1543 2787 1776 2826 quis’omuin—o,
1795 2787 1857 2820 non

221 2830 324 2866 potest
339 2827 435 2857 tantis
451 2831 683 2866 praegravatus,
698 2830 794 2866 atque
812 2828 843 2857 in
860 2831 979 2857 terram
999 2826 1122 2857 deﬁxus
1139 2827 1243 2863 malis,
1261 2827 1298 2857 ad
1319 2827 1469 2858 caelorum
1487 2829 1614 2859 evolare
1632 2829 1806 2869 fastigium.
1821 2831 1859 2860 Et
