2055 3128
217 122 267 149 90Ῐί
814 122 928 150 ΑΝΙᾹΝΙ
950 121 1028 149 INTL‘

1016 120 1236 148 LBPBETATIO.
1778 115 1827 141 ειυς

209 178 277 205 ideo
289 174 478 205 studendum
494 173 584 204 nobis
600 176 658 209 est,
676 175 710 202 ut
728 172 830 211 parati
847 180 984 209 semper,
1003 173 1033 200 et
1046 171 1178 211 accincti
1192 171 1251 211 iter
1266 170 1324 200 hoc.
1340 171 1495 201 conﬁcere
1511 171 1670 210 possimus
1683 183 1691 201 :
1704 171 1768 202 imo
1785 180 1843 202 nec

208 217 253 245 sic
267 215 395 253 quidem
412 213 562 253 possibile
584 216 643 248 est,
666 210 819 253 nisi'alis»
831 211 966 253 Spiritus
980 210 1209 253 subvehamur.
1227 210 1255 239 Si
1272 211 1370 253 igitur
1386 214 1493 241 mente
1516 211 1577 253 levi
1592 213 1623 253 et
1636 211 1797 253 expedita,
1814 215 1844 242 et

206 249 365 292 spirituali
384 249 464 292 opus
484 255 531 283 est
546 253 660 292 gratia,
679 257 713 281 ut
731 261 765 292 ei
774 251 895 281 celsum
918 250 996 292 illud
1020 249 1183 292 ualeamus
1199 249 1384 292 ascendere.
1401 259 1474 292 cum
1491 251 1570 279 nihil
1592 249 1718 286 horum,
1745 250 1799 281 sed
1815 255 1845 280 et

206 289 314 324 omnia
330 289 472 332 quotidie
486 289 621 322 advErsa
635 291 876 332 contrahamus,
889 293 919 320 et
931 289 1166 332 diabolicouos
1180 289 1319 332 pondere
1334 289 1544 332 opprimimus
1561 300 1567 318 :
1586 299 1740 332 quonam,
1757 299 1846 332 quaa-

205 343 254 368 so,
272 329 364 371 pacto
380 342 507 363 sursum
525 332 634 361 volare
647 331 835 371 poterimus,
851 333 914 371 tam
931 329 1124 371 impor_tabili
1145 337 1243 371 onere
1258 329 1419 371 depressi?
1435 329 1561 371 Etenim
1586 330 1612 359 si
1626 330 1698 368 quis
1716 330 1746 358 in
1766 330 1846 368 qui-

206 368 339 403 husdam
355 373 449 412 justis
465 371 589 412 steteris
609 368 740 412 nostros;
752 369 998 412 veliteogitatus
1014 368 1139 412 sistere,
1156 368 1240 412 inter
1268 369 1353 412 mille
1376 369 1579 412 saecularium
1593 372 1846 412 sermonum_ta-

206 413 292 443 lenta
314 407 369 442 vii
389 415 517 442 centum
532 411 681 440 denarios
693 407 909 448 spiritualium
925 408 1040 448 poterit
1056 407 1201 448 invenire
1217 409 1400 440 verborum,
1414 408 1477 436 imo
1502 417 1560 437 nec
1585 408 1692 438 decem
1716 409 1844 446 quidem

205 452 330 481 obolos.
344 453 394 481 An
409 460 483 480 vero
499 459 562 480 non
578 453 670 488 turpe
686 447 891 488 maximeque
909 447 1080 488 ridiculum
1096 447 1148 488 sit,
1167 456 1218 477 res
1236 447 1436 488 necessarias
1447 450 1615 485 certasque
1639 455 1756 486 magna
1778 449 1841 488 ple-

205 500 343 529 rumque
357 491 569 529 parte,servis
583 486 664 527 quos
678 489 833 529 habemus
846 486 1059 529 demandari):
1075 486 1123 515 ori
1139 495 1215 529 vero
1229 487 1313 524 quod
1331 486 1496 525 proprium
1510 489 1720 529 nostrumque
1738 487 1837 529 possi-

205 525 329 562 demus.
344 525 458 560 viliora
473 537 571 566 quam
588 525 767 565 mancipiis.
785 535 898 564 nempe
916 526 1044 555 inutilia
1065 525 1211 563 quaedam
1226 528 1257 555 ct
1272 534 1470 564 supervacua
1488 527 1683 555 committere
1701 535 1708 555 :
1725 526 1846 556 utinam

216 577 289 597 vero
303 575 504 606 supervacua
521 569 655 601 tantum,
677 574 741 595 non
760 569 855 606 etiam
878 567 1031 596 damnosa
1058 571 1088 596 et
1113 569 1222 601 noxia,
1247 567 1391 604 nihilque
1410 567 1598 605 profutura?
1619 567 1696 596 Nam
1713 567 1739 596 si
1756 567 1848 598 nobis

216 608 304 638 utilia
319 605 425 637 essent
438 615 510 645 quae
523 606 697 644 loquimur,
721 605 817 635 etiam
830 605 896 635 Dco
916 607 1126 643 proculdubio
1150 607 1245 636 verba
1272 607 1371 635 nOstri
1396 607 1459 635 oris
1477 607 1648 644 placerent.
1664 607 1755 636 Nunc
1771 616 1848 637 vero

213 655 434 686 quascumque
448 646 548 675 hostis
564 645 717 686 antiquus
734 645 877 686 suggerit
891 645 1097 686 loquutiones
1114 646 1286 684 loquimur,
1306 649 1372 675 tum
1388 646 1517 683 quidem
1538 645 1677 686 ridentes
1695 646 1767 684 ipsi,
1783 649 1848 676 tum

215 684 291 716 vero
305 687 337 716 in
352 687 490 716 aliorum
508 685 608 715 risum
626 684 727 714 faceta
740 685 849 722 aliqua
866 687 897 714 et
909 686 1034 715 urbana
1048 685 1186 715 dicentes
1201 695 1207 714 :
1228 688 1258 715 et
1275 694 1359 715 nunc
1371 685 1499 723 quidem
1515 685 1681 715 maledicta
1694 685 1848 724 jaculan—

216 731 261 755 les
280 728 311 756 et
326 725 536 755 contumelias
558 734 564 754 :
583 733 755 753 nunevero
780 724 982 758 mentientes,
995 724 1154 763 jurantes,
1175 725 1353 763 pejorantes
1376 735 1383 753 :
1403 728 1434 754 et
1457 734 1542 754 nunc
1562 725 1688 763 quidem
1706 725 1849 755 nolentes

214 766 315 803 loqui,
331 774 417 795 nunc
432 773 506 794 vero
522 764 712 801 multiloqua
728 763 867 792 vanitate
885 764 1000 794 deliros
1013 773 1124 794 omnes
1140 764 1321 802 delirasque
1346 767 1547 802 superantes,
1570 772 1607 793 ea
1631 773 1703 802 qua:
1726 764 1765 794 ad
1792 774 1849 795 nos

213 805 346 834 omnino
363 813 425 833 non
445 804 615 842 pertinent,
633 804 755 840 absque
772 803 837 832 ulla
855 803 887 832 in
906 804 1042 833 medium
1057 804 1180 833 ratione
1195 804 1396 842 proferimus.
1411 804 1488 840 Quis
1508 803 1593 832 enim
1609 807 1764 838 vestrum,
1780 813 1851 833 res-

215 844 360 882 pendete,
378 852 499 882 quaeso,
516 843 571 881 qui
587 843 747 876 assistitis,
763 851 876 877 unum,
894 842 919 872 si
937 844 1097 882 exigatur.
1124 844 1282 880 psalmum
1308 845 1412 880 potest
1427 843 1612 872 memoriter
1626 842 1778 877 ediscere,
1796 847 1851 872 aut

214 883 449 922 Scripturarum
464 892 630 913 sacrarum
645 882 743 922 ullam
757 882 853 922 aliam
870 882 1071 922 portionem?
1086 882 1198 912 Nullus
1217 882 1348 922 omnino
1362 885 1410 912 est
1425 893 1431 911 :
1447 892 1506 912 nec
1520 885 1625 912 tamen
1643 883 1747 911 solum
1763 883 1846 912 istud

215 926 262 952 est
277 923 415 958 malum;
432 922 485 952 sed
501 923 655 961 quoniam
671 921 708 951 ad
725 921 904 959 spiritualia
920 921 1042 952 desides
1061 931 1098 952 ac
1114 922 1251 953 remissi.
1266 921 1305 951 ad
1321 922 1476 951 diabolica
1494 922 1651 960 prompti,
1674 922 1779 960 ignem
1801 922 1852 960 ip—

215 971 285 991 sum
301 963 414 993 ardore
433 962 603 999 superatis.
621 961 746 990 Etenim
764 961 789 990 si
805 961 877 999 quis
896 970 952 992 vos
971 961 1008 992 de
1025 962 1235 991 theatralibus
1257 961 1377 999 aliquid
1401 961 1538 991 voluerit
1557 961 1756 1000 interrogare
1772 970 1852 991 can—

216 1002 296 1037 ticis,
316 1005 346 1031 et
363 1001 559 1032 meretricios
578 1001 649 1030 illos
665 1000 845 1037 fractosque
861 1001 1006 1031 modulos
1025 1001 1137 1031 audire
1154 1011 1160 1030 :
1180 1001 1310 1035 multos,
1338 1001 1392 1038 qui
1420 1001 1473 1031 illa
1496 1001 1591 1030 etiam
1609 1000 1851 1039 diligentissime

215 1041 392 1074 didicerint,
409 1040 693 1079 poteritinvenire,
709 1042 738 1069 et
755 1039 809 1077 qui
833 1048 870 1069 ea
887 1049 959 1070 cum
981 1041 1122 1071 maxima
1144 1041 1238 1070 etiam
1258 1040 1466 1078 pronuntient
1489 1041 1663 1078 voluptate.
1685 1040 1742 1069 Sed
1762 1042 1851 1070 estne

217 1081 329 1110 horum
345 1078 514 1110 criminum
531 1080 656 1110 tandem
673 1080 780 1117 aliqua
792 1078 956 1109 defensio?
968 1081 1037 1109 Non
1052 1089 1142 1115 sum,
1159 1081 1274 1118 inquit,
1296 1088 1356 1118 ego
1374 1080 1563 1115 monachus,
1583 1088 1717 1109 uxorem
1735 1080 1849 1114 habeo,

215 1123 245 1148 et
261 1120 354 1154 ﬁlios,
371 1122 402 1149 et
417 1128 526 1150 curam
541 1119 653 1148 domus
670 1128 757 1157 gero.
772 1118 840 1148 Hoc
858 1120 942 1148 enim
957 1122 1017 1155 est,
1041 1120 1127 1158 quod
1151 1120 1260 1149 omnia
1289 1119 1381 1157 quasi
1409 1128 1474 1149 una
1502 1119 1640 1157 quadam
1667 1121 1754 1157 peste
1781 1128 1851 1148 cor—

216 1160 346 1198 rumpit,
363 1160 517 1198 quoniam
539 1159 707 1189 lectionem
727 1158 909 1188 divinarum
928 1159 1165 1198 Scripturarum
1185 1159 1221 1189 ad
1241 1159 1326 1188 solos
1346 1159 1463 1197 putatis
1484 1159 1658 1188 monachos
1677 1159 1848 1196 pertinere,

215 1208 287 1228 cum
303 1199 403 1228 multo
421 1199 521 1237 magis
536 1199 627 1228 vobis
644 1205 740 1236 quam
756 1198 818 1227 illis
835 1199 876 1227 sit
891 1199 1084 1229 necessaria.
1101 1199 1161 1235 Qui
1178 1199 1263 1228 enim
1280 1201 1451 1228 versantur
1473 1199 1505 1228 in
1531 1198 1646 1233 medio,
1667 1201 1697 1227 et
1718 1198 1849 1229 vulnera

214 1239 357 1276 quotidie
369 1238 540 1276 accipiunt,
556 1238 656 1276 magis
668 1237 810 1275 indigent
823 1237 1042 1268 medicamine.
1059 1238 1171 1276 Itaque
1187 1238 1287 1267 multo
1302 1240 1350 1267 est
1363 1238 1493 1277 gravius
1505 1241 1601 1275 atque
1614 1237 1765 1271 deterius,
1782 1247 1848 1267 rem

215 1278 410 1316 superﬂuam
425 1287 494 1308 esse
511 1278 612 1316 legem
628 1277 681 1306 Dei
698 1279 822 1315 putare,
841 1286 939 1315 quam
961 1278 1048 1308 illam
1068 1278 1200 1307 omnino
1220 1286 1283 1307 non
1305 1277 1423 1316 legere.
1444 1278 1517 1308 Haec
1539 1277 1623 1307 enim
1645 1278 1744 1307 verba
1763 1280 1848 1311 sunt,

215 1326 287 1355 qua
302 1317 339 1347 de
355 1317 510 1347 diabolica
531 1325 661 1354 prorsus
680 1316 884 1346 meditatione
899 1320 1102 1355 promuntur.

253 1357 283 1385 6.
301 1357 368 1386 Non
384 1357 473 1386 audis
488 1356 622 1386 Paulum
645 1356 829 1393 loquentem
847 1365 853 1384 :
873 1355 1027 1392 Quoniam
1049 1357 1088 1386 ad
1113 1356 1340 1395 correptioncm
1364 1360 1502 1386 nostram
1527 1356 1588 1386 ha'c
1611 1355 1715 1386 omnia
1731 1355 1849 1394 scripta

214 1400 284 1425 sunt
298 1396 339 1435 (1.
357 1396 426 1426 Cor.
444 1397 491 1425 10.
510 1396 582 1434 11)?
595 1396 643 1425 Tu
658 1404 734 1433 ergo
748 1395 958 1434 Evangelium
971 1397 1094 1426 etiamsi
1111 1395 1219 1431 illotis,
1234 1399 1270 1425 ut
1286 1396 1388 1431 aiunt,
1412 1397 1560 1426 manibus
1575 1399 1773 1425 contrectare
1787 1396 1848 1424 da—

215 1439 313 1471 retur,
333 1445 372 1465 ne
388 1435 543 1473 attingere
560 1435 688 1472 quidem
707 1435 817 1471 cupias
838 1445 846 1465 :
861 1437 985 1465 tantum
1006 1437 1107 1470 abest,
1132 1437 1168 1464 ut
1184 1436 1309 1473 penitus
1326 1437 1495 1473 penetrare
1516 1435 1638 1474 judiees
1653 1444 1758 1473 opera:
1774 1444 1848 1473 pre~

214 1475 311 1510 tium;
327 1475 434 1513 itaque
447 1474 481 1504 ﬁt
494 1477 530 1504 ut
545 1483 673 1504 sursum
689 1474 781 1503 hodie
796 1474 946 1504 deorsum
959 1475 1067 1505 omnia
1083 1475 1238 1504 ferantur.
1261 1475 1351 1511 Quod
1367 1475 1392 1504 si
1409 1475 1531 1505 discere
1546 1475 1636 1513 cupis
1650 1477 1790 1513 quantus
1808 1483 1846 1503 ex

213 1514 385 1552 Scripturis
401 1514 516 1544 divinis
532 1516 684 1543 nascatur
697 1513 869 1553 profectus,
887 1514 1086 1552 temetipsum
1110 1514 1278 1552 diligenter
1293 1514 1442 1544 examina
1469 1524 1476 1543 :
1493 1515 1599 1553 qualis
1624 1514 1752 1553 quidem
1774 1513 1849 1544 efﬁ—

213 1553 308 1583 eiaris
324 1562 395 1583 cum
412 1553 551 1592 psalmos
567 1553 671 1587 audis,
687 1553 792 1591 qualis
808 1552 883 1582 item
900 1562 972 1582 cum
995 1554 1185 1583 diabolieam
1204 1554 1396 1583 cantilenam
1413 1563 1420 1582 :
1435 1556 1465 1583 et
1485 1552 1753 1592 quemadmodum
1773 1553 1848 1591 qui—

213 1593 282 1622 dem
296 1593 378 1622 afﬁci
394 1593 498 1622 soleas
516 1601 587 1622 cum
602 1592 633 1621 in
646 1592 780 1622 ecclesia
795 1592 932 1627 steteris,
944 1593 1212 1630 quemadmodum
1225 1601 1302 1622 vero
1319 1593 1344 1622 si
1361 1593 1480 1622 sederis
1496 1593 1528 1622 in
1540 1593 1715 1627 theatro,et
1728 1592 1847 1623 videbis

213 1641 310 1670 quam
321 1633 360 1661 sit
373 1632 492 1671 grande
507 1632 598 1671 istius
613 1631 739 1666 animas,
755 1631 905 1670 illiusque
919 1632 1103 1671 discrimen,
1120 1633 1194 1662 licet
1208 1640 1273 1662 una
1292 1641 1418 1669 semper
1438 1633 1469 1661 in
1489 1635 1518 1662 te
1533 1633 1640 1662 anima
1655 1633 1713 1662 sit:
1731 1632 1847 1661 ideirco

213 1672 297 1700 enim
313 1670 477 1710 apostolus
492 1671 536 1701 ait
551 1681 558 1700 :
575 1670 789 1709 Corrumpunt
803 1679 900 1700 mores
916 1670 1011 1701 bonos
1027 1671 1182 1710 colloquia
1202 1672 1283 1701 mala
1299 1671 1340 1711 (1.
1357 1671 1427 1702 Cor.
1448 1671 1496 1700 15.
1513 1672 1576 1739 33f.
1593 1672 1704 1709 Itaque
1720 1671 1847 1701 assidue

213 1711 394 1739 ootentibus
410 1711 545 1739 Soiritus
560 1710 617 1739 Dei
635 1710 830 1739 carminibus
845 1719 985 1739 egemus.
1002 1711 1127 1739 Etenim
1142 1710 1226 1739 istud
1246 1715 1293 1739 est
1307 1719 1373 1739 ouo
1392 1711 1547 1739 irrationa
1565 1711 1635 1739 ibus
1658 1714 1847 1739 nrmstamus

213 1711 394 1748 potentibus
410 1711 545 1749 Spiritus
560 1710 617 1739 Dei
635 1710 830 1740 carminibus
845 1719 985 1749 egemus.
1002 1711 1127 1741 Etenim
1142 1710 1226 1740 istud
1246 1710 1373 1749 esl'quo
1392 1710 1635 1741 irrationalibus
1658 1714 1847 1748 praestamus

212 1750 441 1785 animantibus,
456 1759 528 1780 cum
541 1752 626 1780 certe
647 1749 814 1779 inferiores
831 1749 930 1779 simus
955 1750 986 1779 iu
1002 1750 1135 1780 caeteris.
1152 1751 1220 1780 Hoc
1232 1753 1279 1779 est
1295 1751 1381 1780 enim
1398 1751 1629 1780 nutrimentum
1645 1750 1770 1784 animas,
1788 1749 1847 1779 hoc

212 1794 447 1824 ornamentum,
463 1790 523 1819 hoc
538 1789 692 1819 securitas
709 1798 715 1818 :
732 1791 768 1818 ut
784 1798 801 1818 e
815 1789 958 1827 regione,
975 1790 1032 1819 Dei
1049 1798 1114 1819 non
1130 1789 1240 1819 audire
1258 1791 1403 1823 verbum,
1420 1790 1519 1819 fames
1533 1792 1629 1826 atque
1644 1789 1847 1818 internecies.

213 1828 311 1868 Dabo.
328 1829 443 1866 inquit,
463 1829 505 1858 eis
519 1837 583 1858 non
597 1829 706 1867 famem
718 1828 822 1866 panis,
838 1837 934 1867 neque
947 1829 1033 1858 sitim
1045 1838 1140 1868 aquw,
1157 1828 1209 1858 sed
1223 1829 1331 1866 famem
1352 1828 1501 1858 audiendi
1516 1828 1640 1858 verbum
1661 1829 1718 1858 Dei
1740 1828 1847 1867 (.lmes

211 1867 241 1897 8.
257 1869 319 1907 11).
333 1868 414 1904 Quid
429 1868 526 1906 igitur
541 1868 698 1897 infelicius
714 1876 784 1897 esse
800 1868 912 1905 possit,
928 1876 1025 1905 quam
1039 1872 1073 1897 ut
1087 1868 1171 1907 quod
1189 1869 1274 1898 Deus
1296 1868 1328 1897 in
1342 1876 1469 1906 pcenam
1487 1868 1639 1902 minatur,
1656 1867 1716 1897 hoc
1726 1870 1766 1907 tu
1781 1867 1847 1905 jam

213 1906 325 1945 sponte
343 1908 374 1936 in
391 1910 487 1946 caput
499 1911 588 1937 tuum
606 1907 770 1937 attrahens
786 1915 935 1945 corroges
957 1906 1101 1943 malum,
1114 1907 1254 1937 inferens
1270 1908 1386 1938 anima:
1400 1910 1462 1937 tua)
1488 1907 1694 1936 saevissimam
1720 1906 1846 1946 famem.

211 1950 306 1984 atque
328 1946 522 1984 pestiferam,
539 1955 597 1984 per
611 1946 925 1984 quammiseriorem
946 1947 1035 1976 illam
1055 1947 1176 1976 cunctis
1204 1946 1336 1976 omnino
1353 1947 1450 1976 rebus
1466 1946 1607 1975 efﬁcias?
1631 1946 1747 1975 Verbis
1763 1945 1847 1975 enim

211 1994 296 2015 nunc
312 1986 419 2014 sanari
437 1985 491 2014 illa
510 1985 597 2019 solet,
615 1993 701 2013 nunc
714 1985 889 2021 corrumpi.
905 1985 983 2013 Nam
999 1990 1030 2014 et
1043 1994 1125 2019 δερμα
1142 1986 1172 2014 in
1193 1986 1273 2014 iram
1287 1993 1436 2014 sermone
1451 1985 1665 2019 succenditur,
1683 1987 1714 2014 et
1725 1985 1766 2014 ab
1779 1984 1847 2021 ipso

211 2022 356 2051 incendio
368 2022 432 2051 alio
444 2031 554 2051 rursus
565 2030 714 2051 sermone
731 2021 959 2059 restinguitur:
977 2023 1008 2050 et
1024 2023 1062 2059 ad
1077 2021 1370 2057 concupiscentiam
1385 2029 1492 2051 sermo
1508 2022 1594 2051 illam
1614 2023 1783 2052 obscmnus
1799 2023 1853 2052 in—

211 2060 361 2096 ﬂammat,
378 2064 408 2091 et
421 2061 460 2091 ad
473 2060 657 2099 pudicitiam
673 2060 804 2089 verbum
819 2058 996 2099 honestatis
1009 2058 1141 2099 reducit.
1161 2059 1192 2088 Si
1207 2062 1314 2089 autem
1332 2059 1392 2089 hoc
1407 2059 1483 2090 facit
1500 2069 1605 2090 sermo
1628 2061 1688 2090 iste
1703 2070 1853 2091 commu—

212 2099 272 2133 nis,
287 2100 456 2138 responde,
474 2098 578 2138 quare
597 2102 632 2129 tu
656 2099 894 2137 Scripturarum
921 2098 1050 2136 eloquia
1076 2099 1283 2138 contemnas?
1297 2098 1377 2128 Nam
1401 2099 1426 2128 si
1443 2099 1620 2129 admonitio
1645 2101 1713 2131 sola
1730 2103 1852 2130 tantum

211 2139 306 2174 valet,
327 2137 448 2178 quanto
472 2137 574 2178 magis
590 2139 615 2169 si
632 2139 727 2168 etiam
751 2147 809 2177 per
836 2137 972 2176 Spiritus
996 2137 1097 2178 sancti
1123 2137 1258 2178 gratiam
1284 2138 1354 2176 ipsa
1378 2138 1553 2168 admonitio
1578 2139 1783 2178 proferatur?
1807 2141 1851 2170 Ex

210 2177 382 2217 Scripturis
398 2177 539 2217 namque
548 2179 663 2208 divinis
675 2186 780 2207 sermo
793 2178 949 2216 prolatus,
964 2178 1033 2215 ipso
1049 2177 1353 2217 ignevehementius
1366 2178 1507 2207 animam
1522 2179 1681 2209 audientis
1697 2180 1851 2215 accendit,

210 2216 308 2257 atque
326 2218 358 2247 in
375 2216 518 2248 omnium
532 2219 619 2248 illam
634 2219 793 2256 praeparat
809 2226 903 2258 usum
916 2218 1087 2246 bonorum.
1103 2216 1153 2258 Sic
1171 2216 1272 2258 etiam
1284 2217 1402 2258 Paulus
1420 2217 1616 2253 Corinthios,
1633 2228 1714 2258 quos
1728 2218 1852 2250 inﬂatos

212 2256 282 2288 esse
298 2260 540 2296 cognoveratac
555 2259 725 2291 tumentes.
743 2257 953 2295 castigatione
975 2257 1133 2286 sermonis
1154 2256 1287 2286 reddidit
1304 2257 1457 2286 mitiores.
1474 2258 1518 2287 De
1541 2256 1658 2296 quibus
1675 2259 1758 2288 enim
1781 2269 1854 2289 eru-

212 2298 354 2333 bescere,
370 2306 469 2338 seque
480 2298 644 2327 occultare
656 2297 765 2338 potius
781 2296 970 2338 debuerant,
983 2296 1024 2325 ob
1039 2304 1077 2326 ea
1093 2296 1162 2334 ipsa
1172 2296 1735 2338 _s_uperbum__quiddamsublime-que
1750 2299 1853 2338 sapie-

214 2338 290 2367 bant
305 2346 311 2366 :
329 2336 383 2366 sed
399 2339 569 2375 postquam
587 2337 675 2367 Pauli
692 2336 860 2374 epistolam
877 2337 1101 2373 susceperunt,
1118 2335 1192 2365 audi
1209 2338 1330 2374 quanta
1354 2336 1483 2366 illorum
1501 2337 1541 2366 sit
1556 2337 1637 2368 facta
1652 2335 1798 2374 mutatio,
1815 2339 1853 2369 de

212 2384 278 2414 qua
291 2376 360 2414 ipse
375 2374 460 2406 certe
479 2376 542 2406 illis
561 2376 779 2406 testimonium
795 2375 898 2405 reddit
920 2374 1074 2413 magister
1090 2385 1097 2403 :
1113 2375 1186 2405 Hoc
1202 2376 1313 2413 ipsum,
1337 2375 1454 2413 inquit,
1475 2376 1640 2414 secundum
1658 2378 1755 2407 Deum
1777 2387 1854 2407 con-

213 2415 337 2446 tristari
351 2425 416 2448 vos,
433 2420 580 2455 quantum
591 2416 625 2446 in
637 2414 724 2445 vobis
739 2415 839 2455 e/I'ecit
854 2414 1110 2455 sollicitudinem,
1132 2415 1192 2455 imo
1208 2415 1424 2455 defensionem.
1442 2416 1501 2445 imo
1517 2416 1775 2455 indignationun,
1792 2418 1852 2447 imo

214 2455 363 2495 timerem,
379 2454 651 2488 imo’desidcrium.
668 2455 726 2484 imo
739 2455 972 2487 wniulationcm,
990 2454 1050 2495 {me
1067 2454 1243 2495 vindictam
1254 2454 1294 2495 (2.
1310 2454 1384 2495 Cor.
1401 2456 1431 2484 '7.
1450 2455 1511 2494 11).
1528 2456 1574 2485 Ita
1589 2454 1668 2495 ergo
1683 2460 1713 2486 et
1728 2466 1850 2492 servos,

213 2499 245 2524 et
258 2494 352 2530 ﬁlios,
370 2498 401 2525 et
418 2495 570 2534 conjuges
585 2495 799 2529 moderemur,
818 2496 849 2524 et
863 2494 1006 2534 amicos;
1033 2494 1075 2524 ita
1100 2494 1183 2524 etde
1203 2494 1339 2534 inimicis
1355 2503 1486 2533 quoque
1505 2494 1745 2526 amicos’facere
1759 2506 1854 2527 cure—

213 2543 296 2564 mus.
316 2534 366 2564 Sic
379 2535 474 2564 etiam
489 2535 534 2575 illi
548 2534 653 2573 magni
671 2534 728 2563 viri
744 2533 973 2575 Deoquecairi,
988 2533 1060 2575 facti
1076 2538 1151 2575 sunt
1166 2533 1306 2575 profecto
1320 2535 1481 2565 meliores.
1500 2535 1580 2575 Nam
1603 2538 1633 2565 et
1656 2536 1756 2565 David
1782 2540 1852 2575 post

215 2576 393 2614 peccatum,
408 2574 562 2612 quoniam
579 2582 759 2614 sermonem
783 2573 905 2614 audivit
918 2573 973 2614 Dei
987 2595 994 2607 ,
1012 2573 1050 2603 ad
1064 2574 1241 2614 salutarem
1264 2573 1362 2614 illam,
1376 2574 1594 2612 pwnitcntiam
1611 2573 1791 2606 convolavit
1809 2576 1847 2614 (‘2.

214 2614 289 2654 Reg.
303 2613 422 2652 12,13).
436 2613 472 2642 Et
485 2614 619 2654 apostoli
635 2613 745 2643 eodem
757 2615 848 2652 pacto
859 2612 929 2654 facti
940 2616 1015 2654 sunt
1029 2613 1238 2654 taulesuquales
1252 2621 1307 2643 eos
1322 2613 1420 2654 fuisse
1434 2614 1590 2643 miramur
1607 2624 1613 2643 :
1631 2614 1741 2644 eodem
1760 2612 1853 2654 paeto

215 2653 401 2682 universum
418 2653 462 2682 illi
479 2653 633 2682 mundum
645 2654 859 2682 attraxerunt.
875 2652 914 2681 Et
930 2652 1017 2690 quid,
1037 2652 1096 2688 ais,
1113 2652 1194 2682 lucri
1211 2655 1270 2687 est,
1282 2653 1413 2690 quando
1428 2654 1500 2691 quis
1515 2653 1614 2689 audit,
1632 2657 1660 2683 ct
1685 2663 1748 2684 non
1760 2652 1853 2685 acce—

214 2692 310 2733 ditad
325 2692 486 2733 implenda
500 2701 572 2730 quae
586 2692 668 2722 dicta
690 2693 790 2733 sunt?
806 2692 874 2721 Non
895 2701 1013 2733 parvus
1029 2693 1207 2733 uestAetiamr
1221 2701 1260 2722 ex
1287 2692 1357 2730 ipso
1381 2692 1541 2730 profectus
1556 2694 1679 2724 auditu.
1698 2695 1776 2724 Nam
1798 2695 1851 2733 qui

215 2731 314 2764 audit,
330 2733 362 2762 et
378 2731 585 2770 semetipsum
600 2731 811 2770 reprehendet
824 2740 919 2769 szepc,
935 2734 966 2761 et
980 2731 1075 2761 altius
1092 2731 1289 2770 ingemiscet,
1305 2735 1336 2761 et
1350 2740 1388 2762 eo
1411 2733 1604 2770 quandoque
1629 2731 1850 2771 pcrvcnictfut

216 2771 342 2801 studeat
356 2772 451 2801 etiam
466 2771 597 2811 implere
612 2772 697 2810 quod
713 2771 831 2801 didicit.
847 2771 908 2807 Qui
923 2779 1000 2811 vero
1018 2780 1077 2801 nec
1092 2771 1177 2809 quod
1193 2771 1336 2810 peccavit
1350 2771 1510 2810 intelligit,
1525 2773 1655 2810 quando
1671 2782 1689 2803 a
1713 2774 1849 2811 peccatis

217 2811 362 2851 recedet?
377 2810 506 2851 quando
526 2819 559 2840 sc
575 2811 643 2851 ipse
659 2810 966 2851 cpipabitiquando
980 2810 1074 2851 etiam
1097 2811 1267 2851 emendare
1283 2812 1452 2841 conabitur
1465 2813 1479 2840 ?
1504 2812 1571 2841 Non
1593 2813 1690 2851 igitur
1705 2810 1851 2842 contem-

215 2858 330 2880 namus
347 2850 527 2889 Scripturas
544 2850 654 2881 audire
667 2850 804 2880 divinas.
822 2850 895 2881 Haec
908 2850 992 2880 enim
1008 2850 1171 2880 diabolica:
1186 2851 1405 2889 inspirationis
1418 2854 1503 2888 sunt,
1517 2861 1581 2882 non
1594 2850 1779 2883 sustinentis
1794 2861 1851 2882 nos
