2055 3128
228 124 277 151 997
823 122 938 149 ANIAM
958 117 1244 148 lN'l‘liRl’ltliTATlO.
1791 109 1844 136 993

217 175 361 213 aspicere
370 176 569 211 thesaurum,
581 175 1158 215 nedivitiasacquiramus.Propterea
1176 173 1229 215 ille
1244 171 1600 215 suadet,nihil.omnino
1617 169 1857 215 esserconimodi

217 210 345 256 diiinas
352 215 462 245 audire
473 210 569 254 leges,
579 225 617 245 ne
626 216 754 254 quando
764 210 925 245 ex'auditu
940 214 1032 252 sequi
1046 210 1141 256 etiam
1157 213 1260 256 videat
1272 212 1442 256 actionem.
1455 210 1733 256 Depre'hen'dentes
1742 211 1857 255 itaque

217 254 299 296 hanc
317 255 401 284 illius
417 250 519 285 arteni
533 250 716 296 malignam,
733 256 874 296 undique
889 263 946 284 nes
962 250 1055 296 muro
1071 252 1420 296 scientiaemunianius,
1436 250 1706 296 ut_spiritualih_us
1721 250 1859 294 circum-

217 294 323 332 stipati
341 296 451 330 armis,
469 299 498 324 et
516 295 573 332 ipsi
598 291 843 333 [Termaneaimis
860 294 982 335 intacti,
1000 296 1031 322 et
1046 295 1142 335 caput
1156 292 1342 335 dejieiamus
1359 291 1479 335 inimici
1494 299 1501 319 :
1515 291 1630 335 sicque
1648 291 1788 335 pictoria:
1802 291 1860 318 in-

218 329 362 371 signibus
381 329 538 369 adornati,
557 329 737 364 fufurorum
754 335 871 373 gaudio
887 334 1048 371 potiamur
1065 329 1233 373 bonorum,
1253 332 1401 373 gratia_et
1416 329 1776 373 misericordianomini
1793 337 1860 358 no—

217 369 273 402 stri
289 374 365 403 Jesu
380 373 509 411 Christi,
521 375 571 404 cui
586 375 688 413 gloria
702 369 774 404 cum
786 369 931 408 Patre,'et
953 375 1065 403 sancto
1079 372 1212 410 Spiritu,
1227 369 1392 401 in‘smcula
1407 369 1611 400 saeculorum.
1627 369 1740 398 Amen.

724 531 891 560 ll())lll.l.\
918 530 1067 558 'l‘lilt'l‘lA
1096 530 1150 558 ΙΞΧ
1174 529 1318 558 CAl’lTE
1340 529 1364 557 Ι.

490 596 582 626 Liber
597 595 806 634 generationis
827 596 903 625 Jesu
920 594 1039 624 Christi
1058 594 1118 632 ﬂiii
1139 593 1250 630 David,
1270 593 1330 632 ﬁlii
1351 593 1518 630 Abraham,
1542 601 1601 623 εις.

274 660 301 689 1.
317 659 395 690 Ecce
409 659 470 697 jam
484 657 575 688 tertia
588 657 762 696 disputatio
779 658 923 693 vertitur,
940 660 972 687 et
986 656 1256 697 needumanobis
1269 659 1342 686 sunt
1357 654 1521 694 Evangelii
1534 654 1678 697 absoluta
1693 651 1867 697 principia.

233 698 300 729 Non
317 693 432 729 frustra
447 706 522 737 ergo
539 693 760 737 praediximus,
775 697 929 736 quoniam
948 696 1133 735 hujusmodi
1153 695 1375 737 intellectuum
1393 693 1505 737 natura
1520 693 1621 724 multa
1634 693 1776 724 continet
1792 700 1867 730 pro-

231 739 340 766 tunda.
359 740 423 775 Age
450 733 525 766 vero
540 733 635 766 hodie
652 733 817 781 so-quentia
833 733 1040 764 disseramus.
1063 736 1143 770 Quld
1155 743 1231 771 ergo
1246 742 1331 762 nunc
1348 734 1379 761 in
1395 733 1870 781 (ιυξθδιὶυρςινςιηδέιιιξςζ’(λιιλι,.

231 776 376 805 videlicet
387 772 432 805 rei
445 776 545 814 gratia
561 776 678 814 Joseph
695 772 726 805 in
742 775 985 813 generalionum
998 775 1144 812 catalogo
1161 775 1310 812 ponatur.
1328 781 1400 801 cum
1415 772 1670 814 adgnativitatem
1688 773 1766 802 nihil
1783 784 1870 804 con—

231 815 332 845 ferat:
349 818 380 844 et
395 812 491 844 unam
507 812 784 854 quidem-causam
797 814 861 854 jam
879 815 1100 843 l'eeensuiinus
1113 836 1121 848 ,
1140 821 1270 854 necesse.
1288 820 1366 854 _vero
1383 813 1413 841 et
1437 812 1572 854 alteram
1588 813 1869 854 magisnarcanam

231 855 285 884 illa
303 855 410 893 priore
424 851 590 893 magisque
604 855 742 884 abditam
755 851 897 883 edocere.
915 853 972 883 Sed
988 862 1060 892 quae
1070 862 1107 883 ea
1124 853 1190 882 est?
1201 852 1310 893 Noluit
1322 851 1519 893 evangelista
1533 853 1651 893 recenti
1666 852 1770 883 adhuc
1785 856 1872 883 tein—-

231 890 312 932 pore
330 895 404 923 novi
424 890 509 924 illius
532 890 776 932 admirandique
795 897 905 932 partus
923 890 1039 923 Judmis
1064 902 1133 923 esse
1154 891 1471 932 manifestum,quod
1485 890 1630 932 Christus
1647 895 1740 922 natus
1757 893 1873 923 fuisset

231 931 273 963 ex
291 934 433 973 Virgine.
447 934 505 964 Sed
521 942 614 963 nemo
630 931 774 972 qnaside
790 931 942 963 inusitata
961 933 1164 973 expositione
1188 932 1347 973 turbetur.
1366 931 1476 968 Neque
1494 931 1578 973 enim
1594 932 1744 970 proprius
1761 936 1872 963 noster

233 973 283 1002 hic
306 971 412 1003 sermo
437 977 504 1008 est,
521 973 574 1003 sed
591 982 609 1003 a
627 971 717 1003 nobis
742 973 779 1002 de
800 977 945 1011 patrum,
965 976 1060 1010 atque
1083 972 1258 1010 insignium
1285 971 1437 1011 virorum
1453 971 1622 1001 traditione
1638 975 1819 1010 susceptus.
1840 973 1872 1002 Si

233 1013 318 1042 enim
340 1013 408 1051 ipse
430 1013 584 1042 Dominus
610 1013 711 1043 multa
733 1014 763 1042 in
787 1012 898 1050 primis
915 1012 1119 1041 obumbravit
1132 1015 1227 1049 atque
1244 1010 1381 1051 operuit,
1397 1010 1496 1051 filium
1511 1020 1544 1051 se
1561 1011 1699 1041 hominis
1728 1021 1869 1042 vocans:

233 1061 291 1081 nec
309 1049 396 1082 illam
414 1062 511 1091 quam
525 1062 597 1082 cum
623 1053 713 1082 Patre
731 1049 870 1091 possidet
890 1051 1104 1089 zequalitatem
1116 1073 1122 1085 ,
1136 1052 1255 1091 ubique
1271 1050 1362 1091 nobis
1382 1049 1420 1080 ad
1429 1050 1587 1091 liquidum
1601 1051 1754 1091 revelavit
1770 1061 1776 1080 :
1793 1052 1871 1090 quid

234 1092 361 1122 miraris
376 1092 401 1122 si
414 1089 474 1122 hoc
490 1101 619 1130 quoque
634 1089 761 1121 interim
776 1092 865 1125 texit,
883 1100 1034 1129 magnum
1047 1090 1196 1128 quiddam
1211 1093 1307 1127 atque
1321 1089 1712 1128 mirabiledispensando?
1725 1091 1763 1120 Et
1777 1089 1871 1129 quid-

235 1139 309 1160 nam
324 1131 384 1161 hoc
400 1135 447 1161 est
462 1127 608 1162 mirabile
623 1154 630 1167 ,
653 1131 778 1169 inquies
791 1132 804 1159 ‘?
819 1131 854 1161 Ut
869 1127 989 1160 sciiiEet
1005 1132 1037 1159 et
1052 1127 1232 1160 salvaretur
1245 1130 1355 1167 Virgo,
1373 1132 1402 1159 et
1417 1127 1557 1168 maligna
1571 1130 1713 1169 suspicio
1728 1127 1871 1169 pell'erev

235 1173 299 1200 tnr.
315 1171 344 1200 Si
360 1171 445 1200 enim
458 1172 498 1201 ab
517 1171 608 1200 initio
622 1171 721 1201 Judaei
739 1171 799 1200 ista
815 1170 990 1204 audissent,
1009 1170 1206 1208 lapidassent
1223 1169 1386 1208 Virginem
1399 1191 1406 1204 ,
1424 1169 1552 1208 indigne
1574 1172 1706 1208 prOpter
1730 1179 1801 1200 eam
1819 1171 1872 1201 fa—

236 1218 320 1239 mam
337 1213 510 1240 tractantes
521 1233 528 1245 ,
544 1214 574 1240 et
592 1211 739 1240 adulterii
764 1210 850 1239 illam
866 1209 1000 1239 crimine
1023 1209 1301 1240 condemnassent.
1327 1209 1387 1245 Qui
1409 1209 1493 1238 enim
1508 1208 1604 1238 etiam
1619 1209 1682 1240 illis
1696 1211 1850 1248 operibus
1862 1233 1869 1245 ,

234 1259 372 1287 quorum
385 1258 468 1288 saepe
482 1251 514 1280 in
532 1250 636 1280 Veteri
652 1250 856 1280 Testamento
873 1249 1022 1288 exempla
1038 1251 1269 1287 przecesserant
1280 1271 1287 1281 ,
1305 1248 1474 1289 manifesta
1489 1248 1687 1287 impudentia
1702 1259 1873 1289 repugna-

236 1289 324 1323 bant,
342 1299 427 1319 nunc
442 1290 598 1320 diemonia
611 1289 803 1329 ejicientem,
819 1289 1012 1319 daemonium
1028 1289 1147 1318 habere
1161 1289 1299 1329 dicentes
1317 1297 1324 1316 :
1343 1297 1428 1317 nunc
1443 1288 1475 1317 in
1490 1289 1624 1329 sabbato
1640 1289 1731 1328 signa
1749 1288 1875 1320 facien~

235 1331 297 1357 tem
313 1330 405 1366 quasi
421 1329 476 1358 Dei
493 1328 713 1359 adversarium
728 1329 906 1367 judicantes
925 1339 932 1357 ε
950 1337 1022 1358 cum
1036 1331 1121 1358 certe
1134 1328 1257 1366 liquido
1273 1330 1435 1357 constaret
1456 1328 1625 1358 sabbatum
1648 1329 1717 1358 sine
1733 1329 1869 1359 crimine

238 1367 423 1406 frequenter
434 1369 573 1398 solutum
587 1379 594 1398 :
610 1369 686 1407 quid
703 1369 746 1398 illi
764 1369 823 1398 hoc
837 1368 945 1398 audito
958 1368 1075 1403 dicere,
1091 1368 1167 1406 quid
1183 1367 1286 1398 facere
1302 1367 1477 1405 aliquando
1493 1367 1710 1404 dubitassent,
1724 1378 1795 1398 cum
1809 1370 1873 1399 uti-

235 1416 297 1444 que
312 1409 398 1437 omni
413 1409 597 1443 occasione,
614 1416 811 1446 quamquam
830 1408 952 1438 nullam
966 1408 1019 1438 ille
1034 1408 1232 1445 praebuisset,
1250 1407 1287 1436 ad
1305 1406 1400 1445 hujus
1423 1407 1619 1438 calumniam
1636 1409 1875 1438 abuterentur?

236 1447 266 1476 Si
283 1447 367 1476 enim
385 1448 481 1477 etiam
496 1451 567 1486 pOst
581 1451 626 1478 tot
640 1448 732 1486 signa
744 1448 848 1477 adhuc
862 1447 952 1476 illum
966 1447 1084 1485 Joseph
1107 1447 1208 1476 filium
1229 1447 1460 1487 nuncupabant
1473 1469 1480 1481 ,
1496 1447 1657 1485 quomodo
1682 1450 1756 1478 ante
1779 1448 1872 1487 signa

237 1489 346 1515 natum
367 1497 407 1516 ex
434 1488 558 1526 virgine
583 1487 815 1517 credidissent?
836 1488 1008 1524 Propterea
1024 1487 1122 1526 igitur
1139 1486 1256 1525 Joscph
1275 1487 1305 1516 in
1323 1486 1585 1525 generationibus
1600 1487 1750 1524 ponitur,
1766 1486 1874 1526 Virgi-

236 1535 374 1564 nemque
387 1527 483 1557 ducit.
506 1528 582 1558 Nam
599 1528 624 1557 si
645 1527 703 1557 iste
718 1535 848 1565 quoque
861 1548 869 1560 ,
887 1526 935 1556 vir
956 1528 1041 1556 certe
1052 1526 1258 1557 admirandus
1274 1528 1305 1555 et
1317 1526 1443 1566 justus,
1452 1526 1559 1556 multis
1571 1527 1825 1566 rebusindiguit,
1840 1530 1875 1557 ut

236 1566 320 1603 quod
336 1566 454 1596 factum
470 1570 550 1601 erat,
571 1576 680 1596 verum
697 1576 766 1596 esse
783 1566 970 1604 snspiceret,
987 1566 1168 1596 admonitus
1189 1567 1230 1596 ab
1247 1565 1363 1604 angelo
1379 1588 1385 1599 ,
1407 1565 1589 1595 admonitus
1616 1565 1873 1597 revelationibns

236 1606 452 1639 somniorum,
472 1609 502 1636 et
521 1606 707 1644 pmphetico
735 1606 918 1635 testimonio
946 1605 1154 1635 conﬁrmatus
1171 1616 1178 1634 :
1198 1606 1328 1644 quando
1346 1605 1391 1634 illi
1418 1605 1506 1643 pravi
1531 1606 1651 1641 animo,
1668 1609 1699 1636 et
1713 1607 1872 1645 corrupti,

237 1647 365 1683 tamque
380 1645 538 1675 hostiliter
554 1646 680 1675 Christo
693 1648 930 1685 repugnantes,
941 1645 1023 1674 hanc
1037 1645 1222 1683 opinionem
1238 1645 1450 1684 probassent?
1466 1645 1567 1685 Yalde
1581 1646 1666 1675 enim
1689 1646 1775 1685 ipsos
1792 1655 1874 1685 per—

236 1685 395 1714 turbasset
411 1694 461 1714 res
480 1685 623 1715 insolens
641 1688 670 1713 et
688 1683 788 1718 nova,
802 1687 832 1714 et
847 1684 932 1723 quod
947 1693 1122 1722 numquam
1136 1685 1197 1715 tale
1209 1683 1383 1723 quidquam
1398 1684 1445 1713 vel
1461 1683 1555 1714 fando
1570 1683 1770 1723 accepissent
1785 1683 1875 1716 tem—

236 1724 367 1760 poribus
384 1724 542 1763 majorum
566 1733 697 1754 suorum
723 1724 885 1754 accidisse.
901 1724 980 1754 Nam
998 1724 1050 1753 ille
1064 1724 1257 1762 quidemqui
1269 1733 1341 1753 eum
1356 1724 1412 1754 Dei
1429 1724 1544 1754 Filium
1558 1725 1657 1755 semel
1673 1725 1872 1760 credidisset,

237 1763 316 1792 nihil
329 1763 367 1792 de.
384 1763 443 1793 hoc
461 1765 558 1801 possit
573 1764 736 1802 ambigere
753 1774 759 1792 :
775 1764 829 1802 qui
846 1771 922 1793 vero
940 1763 1140 1793 seductorem
1157 1764 1247 1793 illum
1263 1765 1394 1801 Deoque
1417 1766 1544 1802 putaret
1562 1773 1632 1794 esse
1652 1765 1871 1799 contrarium.

235 1802 397 1838 quomodo
415 1812 480 1832 non
498 1812 538 1833 ex
556 1803 615 1833 hoc
628 1803 902 1833 scandalizaretur
919 1803 1032 1841 magis,
1047 1806 1144 1841 atque
1155 1803 1193 1833 ad
1209 1804 1426 1842 suspicionem
1439 1804 1524 1833 illam
1541 1804 1761 1842 turpissimam
1777 1805 1874 1835 duceo

237 1843 325 1871 retur
336 1843 349 1859 "
365 1843 534 1880 Pr0pterea
550 1846 580 1872 et
600 1843 737 1880 apostoli
749 1843 831 1872 inter
842 1843 933 1872 initia
944 1843 1102 1881 evangelii
1114 1843 1302 1881 praedicandi
1317 1851 1381 1872 non
1397 1843 1550 1873 continuo
1565 1843 1647 1873 istud
1661 1845 1871 1876 annuntiant.

236 1881 290 1910 sed
305 1881 398 1922 fidem
412 1883 655 1912 resurrectionis
681 1883 840 1921 praecipue
861 1882 1034 1922 inculcant.
1051 1882 1141 1919 cujus
1155 1882 1220 1920 jam
1237 1883 1268 1912 in
1292 1882 1453 1921 prioribus
1469 1886 1700 1921 prmcesserant
1722 1885 1873 1922 exempla

237 1921 434 1958 temporibus
448 1944 456 1955 ,
473 1922 531 1963 etsi
543 1931 608 1951 non
624 1931 681 1963 per
696 1922 803 1963 omnia
814 1922 912 1963 fuisse
927 1921 1105 1963 doceantur
1119 1922 1276 1960 aequalia:
1294 1921 1379 1960 quod
1399 1931 1475 1952 vero
1492 1926 1586 1963 natus
1603 1923 1643 1953 sit
1664 1933 1706 1953 ex
1720 1921 1871 1963 Virgine.

236 1968 410 2001 parumper
421 1962 594 1995 occultant.
610 1961 664 1991 sed
679 1970 736 1991 nec
751 1961 820 2000 ipsa
836 1961 964 1999 quidem
981 1961 1040 1990 hoc
1051 1963 1153 1991 mater
1167 1964 1284 1991 temere
1299 1964 1347 1991 est
1359 1970 1441 1992 ausa
1457 1961 1611 2000 proferre.
1627 1963 1742 2001 Itaque
1759 1961 1872 1993 consi—

234 1999 401 2041 deraguid
418 2001 513 2031 etiam
529 2001 568 2041 ad
584 2001 689 2040 ipsum
703 1999 854 2041 loquatur
872 2011 879 2030 :
895 2001 989 2041 Ecce,
1008 2001 1122 2038 inquit,
1144 2010 1197 2040 ego
1213 2005 1239 2030 et
1258 2005 1350 2040 pater
1363 2005 1436 2030 tuus
1457 1999 1664 2040 quwrebamus
1683 1999 1710 2031 ie
1727 2002 1816 2041 (Luc.
1839 2002 1870 2032 2.

234 2037 296 2077 ἠδ).
313 2037 469 2070 Cieterum
485 2041 510 2070 si
532 2037 605 2070 hmo.
614 2041 733 2079 passim
746 2037 861 2070 fuisset
878 2040 988 2079 opinio
1007 2041 1137 2079 vulgata
1148 2037 1382 2079 (nequ-aquam
1407 2037 1497 2070 illum
1522 2041 1622 2071 David
1643 2037 1745 2072 tilium
1769 2043 1874 2073 credi-

233 2078 354 2108 dissent
370 2089 376 2108 :
394 2080 478 2118 quod
497 2081 522 2109 si
539 2089 602 2109 non
618 2083 797 2118 putaretur,
812 2081 895 2110 mala
910 2081 1005 2109 etiam
1018 2078 1092 2109 hinc
1108 2078 1245 2118 plurima
1262 2083 1483 2110 nascerentur.
1509 2081 1630 2111 Idcirco
1653 2081 1737 2111 istud
1754 2091 1795 2111 ne
1810 2090 1874 2111 an-

233 2118 447 2157 geliquidem,
463 2120 523 2150 nisi
542 2120 601 2158 ipsi
617 2119 734 2158 Joseph
756 2119 975 2150 tantummodo
995 2119 1212 2157 loquunturet
1227 2120 1335 2150 Mariae
1359 2129 1366 2148 :
1387 2121 1646 2159 evangelizantes
1662 2130 1739 2151 vero
1763 2125 1873 2159 pasto-

235 2159 343 2198 ribus,
354 2168 427 2188 cum
441 2159 613 2188 Dominum
625 2168 696 2189 esse
713 2162 822 2189 natum
837 2160 942 2198 palam
960 2159 1119 2191 nuntient,
1138 2168 1204 2198 quo
1220 2162 1325 2189 tamen
1343 2159 1383 2188 sit
1399 2162 1493 2189 natus
1505 2160 1599 2190 modo
1611 2170 1744 2198 prorsus
1760 2161 1872 2191 occul-

233 2199 311 2236 tant.
328 2197 426 2236 Cuius
444 2207 519 2228 vero
535 2199 579 2236 rei
596 2198 699 2235 gratia
715 2207 787 2228 cum
805 2197 1002 2228 meminisset
1019 2197 1166 2233 Abrahre,
1180 2201 1276 2236 atque
1290 2199 1441 2232 di\isset.
1456 2199 1531 2235 quia
1547 2197 1696 2234 genuerit
1711 2201 1802 2230 Isaac
1815 2223 1823 2230 .
1841 2203 1870 2228 et

231 2235 320 2265 Isaac
333 2235 443 2275 Jacob,
461 2244 520 2275 nec
535 2235 643 2266 fratris
658 2236 727 2275 ejus
749 2238 945 2268 mentionem
966 2239 1070 2270 facere
1084 2241 1248 2274 curasset,
1268 2237 1306 2268 ad
1322 2237 1422 2267 Jacob
1437 2238 1570 2267 veniens
1583 2259 1591 2272 ,
1608 2244 1673 2267 non
1696 2238 1802 2268 solum
1817 2239 1875 2269 Ju-

230 2275 313 2309 dam,
328 2274 382 2304 sed
397 2275 492 2304 etiam
509 2274 623 2305 fratres
639 2274 707 2314 ejus
722 2279 942 2307 annumerat?

268 2314 298 2355 2.
321 2313 456 2350 Quidam
471 2323 549 2344 sane
565 2313 695 2353 propter
719 2316 951 2355 malignitatem
967 2327 1093 2349 morum
1114 2319 1200 2348 Esaii
1223 2320 1253 2347 et
1273 2316 1411 2346 aliorum
1436 2315 1582 2354 priorum
1604 2315 1633 2345 id
1661 2315 1779 2348 factum
1801 2327 1874 2349 esse

232 2354 425 2396 roluerunt:
442 2363 501 2392 ego
518 2363 594 2396 vero
612 2355 694 2384 istud
711 2354 843 2396 omnino
861 2366 924 2386 non
941 2358 1089 2389 dixerim.
1107 2359 1136 2388 Si
1154 2358 1238 2387 enim
1253 2355 1558 2396 hocobscrvandum
1573 2356 1712 2396 putavit,
1728 2366 1794 2396 qua
1809 2367 1873 2388 ra-

230 2394 316 2435 tione
333 2393 429 2435 paulo
444 2396 515 2431 post
531 2394 641 2423 talium
660 2395 805 2424 meminit
820 2396 1037 2427 feminarum?
1049 2399 1107 2428 Hic
1123 2398 1208 2427 enim
1225 2405 1241 2426 a
1256 2395 1418 2425 contrario
1432 2395 1569 2435 refulget
1581 2395 1718 2434 dignitas
1731 2393 1870 2428 Christi:

229 2442 294 2475 non
310 2433 386 2472 quia
396 2441 538 2475 magnos
555 2435 776 2475 progenitores
794 2435 908 2465 habeat
921 2446 957 2467 ac
973 2442 1128 2475 potentes.
1143 2438 1196 2467 sed
1211 2436 1288 2475 quia
1305 2435 1410 2474 potius
1432 2434 1567 2475 exiguos
1583 2433 1627 2465 ad
1644 2436 1735 2466 viles.
1757 2436 1872 2467 Subli—

230 2470 329 2516 miurri
347 2470 685 2516 quippeillamas‘ima
698 2474 800 2516 gloria
817 2470 1062 2516 estcllunfiliari
1082 2480 1195 2516 sponte
1216 2470 1420 2516 submissius.
1437 2470 1508 2510 Qua
1533 2483 1610 2513 ergo
1627 2475 1666 2505 de
1683 2484 1781 2507 causa
1805 2486 1870 2507 non

229 2513 374 2543 meminit
395 2514 605 2542 cancrorum?
626 2513 707 2549 Quia
723 2514 842 2544 scilicet
858 2515 937 2545 nihil
955 2513 1115 2547 habebant
1135 2526 1206 2546 cum
1223 2515 1443 2545 lsraelitarum
1468 2522 1585 2552 genere
1606 2524 1776 2546 commune
1790 2539 1798 2550 ,
1813 2517 1870 2547 Sa—

229 2553 379 2594 raceniet
394 2552 574 2594 lsmaelitw,
592 2555 630 2594 et
645 2554 778 2594 Arabes,
796 2557 826 2583 et
842 2558 1001 2594 quotquot
1022 2561 1097 2587 sunt
1117 2566 1157 2585 ex
1180 2556 1308 2585 illorum
1331 2554 1669 2594 patribusﬁprocreati.
1695 2555 1870 2594 Propterea

229 2592 326 2630 igitur
341 2592 412 2621 illos
429 2591 559 2634 quidem
574 2592 701 2634 reticuit
720 2603 726 2621 :
745 2591 874 2623 festinat
893 2591 969 2625 Vero
987 2596 1024 2626 ad
1044 2606 1110 2631 eos,
1128 2605 1166 2625 ex
1186 2596 1303 2634 quibus
1320 2591 1461 2634 nascitur
1473 2591 1637 2634 Christus.
1651 2596 1681 2624 et
1697 2591 1780 2625 unde
1795 2605 1870 2634 pro-

231 2635 366 2674 pagatur
388 2632 529 2674 populus
544 2632 738 2674 Iudaeorum.
769 2634 903 2672 Propter
920 2635 1006 2673 quod
1020 2636 1065 2666 ait
1083 2646 1088 2665 :
1106 2632 1205 2666 Incol}
1222 2639 1321 2663 autem
1337 2633 1596 2674 gc'nuitjudam,
1608 2633 1770 2674 etrfratrcs
1790 2632 1868 2674 ejus.

230 2671 286 2713 iiic
305 2671 370 2713 jam
385 2672 570 2713 Judaeorum
588 2672 775 2713 designatur
796 2671 909 2711 genus.
925 2671 1026 2705 Iudas
1040 2680 1139 2705 autem
1150 2675 1256 2713 genuit
1275 2671 1391 2704 Phares
1406 2677 1432 2702 et
1446 2673 1560 2702 larum
1575 2673 1611 2702 de
1625 2671 1770 2704 Thamar.
1786 2671 1868 2711 Quid

229 2710 338 2751 agis,o
350 2710 467 2740 homo?
481 2711 557 2749 quid
574 2710 752 2741 nobistalis
769 2710 1021 2744 recordationem
1036 2716 1133 2745 infers
1150 2710 1301 2747 historian,
1318 2722 1382 2751 qua
1400 2712 1592 2742 adulterium
1610 2715 1702 2751 turpe
1717 2710 1870 2745 contine-

230 2751 304 2791 tur‘I
317 2750 398 2791 Quid
411 2751 469 2791 hoc
484 2760 560 2780 vero
577 2751 620 2781 rei
638 2753 705 2781 est?
718 2752 799 2788 Quia
820 2753 844 2782 si
868 2754 941 2783 nudi
958 2755 1177 2784 tantummodo
1203 2750 1341 2783 hominis
1362 2752 1598 2782 describeretur
1618 2750 1737 2791 genus,
1752 2755 1868 2784 merito

230 2789 296 2818 limc
309 2789 488 2834 reticuisset
505 2791 603 2834 :q_ui_a
619 2800 694 2820 vero
708 2791 746 2834 de
773 2793 929 2834 incarnati
952 2795 1104 2834 mysterio
1121 2795 1289 2824 scribimus
1313 2793 1380 2827 Dei,
1396 2801 1459 2821 non
1476 2791 1568 2820 modo
1584 2789 1648 2834 no‘n
1665 2796 1771 2823 tacere
1788 2794 1866 2829 ista,

232 2837 349 2871 verum,
358 2831 520 2871 ostentare
536 2830 688 2860 debemus
705 2841 711 2859 :
729 2832 770 2862 ita
799 2830 1003 2871 subjicientes
1023 2835 1125 2864 oculis
1152 2837 1216 2864 tam
1236 2841 1346 2863 curam
1363 2841 1459 2870 quam
1475 2839 1533 2869 pro
1549 2832 1641 2861 nobis
1655 2833 1756 2871 gerit,
1768 2842 1867 2871 quam

230 2869 418 2903 potentiam.
437 2869 530 2899 Venit
544 2871 628 2900 enim
644 2879 707 2900 non
724 2874 755 2901 ut
772 2869 879 2903 nostra
897 2873 1016 2911 fugeret
1032 2874 1217 2913 opprobria,
1236 2873 1290 2904 sed
1307 2874 1340 2902 ut
1354 2869 1388 2902 ea
1403 2871 1509 2910 potius
1525 2869 1756 2910 exstingueret.
1778 2869 1867 2904 Sicut
