2055 3128
213 132 266 159 999
819 140 933 168 ANIANI
953 141 1101 168 iNTEnrn
1108 143 1238 169 anno.
1771 145 1835 170 ‘uue

214 194 299 223 enim
321 192 517 223 admirabilis
532 193 634 231 magis
645 192 818 232 judicatur,
832 203 896 224 non
909 196 986 234 quia
1004 198 1150 226 mortuus
1168 197 1291 225 tantum
1303 215 1317 234 ,Δ
1327 201 1438 222 verum
1454 193 1552 234 etiam
1574 202 1650 231 quta
1675 194 1849 226 cruciﬁxus

214 236 261 262 est
278 243 285 274 ς
300 241 501 274 quamquam
513 235 559 261 est
571 234 656 262 certe
671 241 722 274 res
734 233 794 263 ista
807 243 865 272 per
878 244 911 265 se
919 232 1176 274 exprobratione
1187 232 1392 274 plenissima;
1408 232 1461 261 sed
1480 235 1602 274 quanto
1618 234 1718 274 magis
1733 244 1850 273 expro-

215 273 337 302 brabile
353 272 437 301 istud
458 275 517 312 est,
532 275 620 302 tanto
637 273 738 312 magis
756 271 845 303 illum
861 271 999 305 ostendit
1013 276 1051 305 de
1071 271 1289 305 misericordia
1305 271 1482 312 gloriosum
1500 281 1507 299 :
1525 272 1570 312 sic
1585 271 1684 302 etiam
1699 274 1729 303 in
1747 271 1851 312 gene—

215 312 339 342 ratione
355 312 440 353 illius
457 311 516 341 dici
534 314 653 353 potest,
669 310 753 353 quod
772 322 836 342 non
853 314 970 350 solum,
986 316 1064 353 quia
1075 315 1216 353 suscepit
1232 310 1372 353 carnem,
1387 313 1418 341 et
1431 310 1527 340 homo
1547 311 1648 353 factus
1664 316 1729 348 est,
1746 310 1850 344 admi—

215 353 339 393 ratione
355 351 395 393 sit
411 351 620 393 dignus_;»sed
638 352 715 393 quia
731 353 827 382 etiam
849 354 927 384 tales
949 351 1306 393 progenitorcsvhabere
1321 351 1469 393 dignatus
1482 355 1547 393 _est,
1565 351 1647 393 nihii
1675 354 1716 382 ob
1740 357 1850 384 nostra

215 392 298 421 mala
313 392 517 421 erubescens.
531 391 629 429 ldque
645 401 686 420 ex
701 392 776 430 ipsis
794 390 1141 432 nascendi‘priinordiis
1153 393 1406 430 ostendit,quam
1422 390 1466 419 nil
1481 390 1568 420 hunc
1586 392 1703 428 pudeat
1718 393 1851 423 omnino

215 440 327 471 eorum
343 439 419 471 quae
429 433 538 460 nostra
555 433 629 460 sunt
649 441 655 459 :
671 440 727 470 per
740 432 799 462 ista
816 433 1027 471 proculdubio
1041 434 1158 464 docens
1173 456 1180 469 ,
1198 436 1231 463 ut
1248 441 1306 461 nos
1325 439 1453 470 quoque
1474 433 1850 471 numquamrerubesca—

216 479 286 500 mus
302 470 340 500 de
355 470 439 510 vitiis
460 473 628 508 parentum
646 481 652 499 :
671 471 725 500 sed
741 470 840 501 unum
857 482 1040 510 quaeramus
1056 474 1145 508 illud,
1165 481 1278 510 nempe
1295 471 1442 501 virtutem
1461 480 1468 499 :
1487 478 1560 499 nam
1576 470 1630 508 qui
1649 470 1735 500 illam
1756 471 1852 502 fur-rit

216 509 451 550 consequutus.
464 510 587 550 etiamsi
602 510 815 550 alienigenam
831 509 947 542 habeat
962 516 1114 548 matrem,
1129 509 1254 543 etiamsi
1280 510 1490 541 fornicatione
1506 509 1661 550 pollutam
1673 532 1680 545 ,
1696 512 1746 540 vel
1761 521 1851 549 quo—

216 550 293 591 libet
311 549 465 591 eiusmodi
479 549 632 591 d_ed_ec_ore
644 551 858 591 sordidatam,
876 552 956 581 nihil
974 555 1080 583 tamen
1094 553 1132 582 de
1146 553 1214 591 ejus
1230 554 1286 582 aut
1298 550 1418 580 vilitate
1431 549 1627 591 fuscabitur,
1644 551 1850 591 autrcrimine

216 590 389 628 polluetur.
416 589 502 623 Quod
521 589 547 618 si
570 589 794 620 fornicatorem
812 591 916 629 ipsum
936 592 975 622 ad
991 593 1125 623 meliora
1137 589 1340 622 conversum,
1361 597 1564 629 nequaquam
1579 590 1668 627 prior
1684 590 1747 621 vita
1762 600 1852 619 com—

218 629 357 658 maculat
374 638 380 657 :
398 632 499 669 multo
517 628 617 669 magis
631 638 647 657 e
662 628 830 660 meretrice
844 635 937 661 natus
954 636 985 661 et
1000 632 1157 667 adultera,
1171 632 1196 661 si
1214 630 1345 669 propria
1357 630 1474 659 virtute
1485 628 1667 669 decoretur,
1682 633 1851 667 parentum

217 677 350 698 suorum
368 676 429 697 non
445 668 649 709 decoloratur
671 671 863 707 opprobriis.
878 671 987 709 Neque
1008 680 1101 702 vero.
1116 675 1151 701 ut
1166 668 1384 700 tantummodo
1404 676 1461 709 nos
1475 668 1603 709 doceret
1617 669 1677 699 hoc
1693 669 1781 705 fecit,
1797 671 1850 700 sed

218 709 313 737 etiam
330 710 362 736 ut
379 707 760 745 reprimeretJudazorum
778 707 947 740 tumorem:
963 711 1044 747 Quia
1063 711 1148 741 enim
1165 711 1250 740 illius
1267 708 1461 741 nobilitatis,
1479 717 1551 745 quae
1565 708 1602 737 ad
1622 709 1763 738 animam
1779 719 1851 747 per-

217 748 314 781 tinet,
331 747 471 788 insignia
486 747 704 788 negligebant,
721 749 920 788 nimiumque
932 750 1108 781 insolenter
1120 751 1157 780 de
1173 749 1309 779 Abrahw
1330 749 1427 785 stirpe
1445 747 1686 788 gloriabantur,
1704 749 1851 778 virtutem

217 789 387 825 parentum
402 786 618 826 defensionem
631 795 761 817 suorum
779 789 837 818 rati
857 786 927 819 esse
944 790 1095 820 vitiorum
1113 800 1119 818 :
1139 789 1254 819 idcirco
1273 788 1385 826 inipso
1399 787 1562 825 Evangelii
1576 787 1734 826 principio
1747 788 1851 821 docet.

218 835 282 856 non
310 826 436 867 alienis,
452 825 506 855 sed
533 826 672 864 propriis
695 836 766 856 esse
782 829 983 867 gloriandum
1010 830 1195 859 virtutibus.
1225 828 1325 858 Simul
1342 827 1437 856 etiam
1451 826 1535 867 iilud
1557 827 1633 866 agit,
1653 825 1687 856 ut
1706 827 1852 858 ostendat

215 874 338 906 omnes,
356 865 442 904 ipsos
461 873 591 903 quoque
604 865 825 904 progenitores
842 869 1105 899 eorumsubditos
1120 878 1190 898 esse
1205 867 1353 906 peccatis.
1368 866 1528 906 Siquidem
1542 867 1725 904 patriarcha
1739 876 1852 897 eorum

215 904 283 942 ipse
299 902 389 940 ille,a
404 902 784 946 qno’nomen‘accipiunt.
795 916 860 937 non
875 908 1027 946 exiguum
1041 902 1478 946 aliquodglefgituradmisisse
1490 902 1651 946 delictum.
1662 906 1852 946 Urgetenim

218 947 359 976 Thamar
374 945 618 975 fornicationem
636 944 705 984 ejus
719 953 888 976 accusans.
903 945 1002 976 David
1018 944 1148 984 quoque
1164 944 1367 984 salenionem
1383 951 1422 972 ex
1439 944 1586 984 muliere,
1599 953 1670 982 qua:
1686 945 1730 974 illi
1748 945 1851 976 fuerat

217 985 506 1023 adulteriojuncta,
524 985 674 1022 suscepit.
691 984 782 1021 Quod
798 985 825 1015 si
841 994 859 1015 a
877 986 1000 1024 magnis
1016 985 1078 1015 illis
1091 983 1247 1014 custodita
1262 983 1315 1012 lex
1330 990 1394 1011 non
1409 984 1467 1017 est,
1487 983 1586 1024 multo
1599 984 1706 1024 potius
1719 993 1737 1015 a
1748 986 1851 1015 mino-

216 1025 317 1054 ribus.
335 1025 366 1054 Si
383 1022 458 1062 ergo
479 1032 543 1052 non
560 1026 608 1052 est.
624 1024 752 1061 impleta
768 1024 820 1053 lex
833 1046 840 1059 ,
856 1022 966 1054 omnes
981 1025 1093 1063 utique
1109 1024 1332 1063 peccaverunt,
1349 1023 1381 1063 et
1393 1023 1576 1063 necessaria
1594 1022 1676 1054 facta
1693 1027 1742 1054 est
1759 1025 1850 1055 Chri—

215 1064 255 1094 sti
271 1061 451 1102 przesentia.
474 1064 647 1100 Propterea
669 1063 767 1102 igitur
782 1066 812 1093 et
826 1063 992 1093 duodecim
1017 1061 1272 1102 patriarcharum
1290 1061 1396 1102 intulit
1416 1062 1620 1102 mentionem,
1636 1066 1671 1092 ut
1683 1063 1756 1093 hinc
1770 1074 1851 1102 quo-

215 1100 280 1142 que
302 1103 486 1132 humiliaret
509 1100 709 1132 immodicam
724 1102 761 1132 de
777 1100 1026 1142 progenitorum‘
1036 1103 1202 1132 nobilitate
1217 1100 1533 1142 jactantiamfiillulti
1559 1102 1643 1131 enim
1671 1100 1789 1133 eorum
1810 1114 1850 1134 ex

216 1140 341 1173 ancillis
365 1142 520 1171 matribus
541 1141 606 1170 nati
624 1144 708 1177 sunt,
727 1140 785 1172 nec
804 1140 910 1172 tamen
926 1143 1107 1173 differentia
1123 1143 1290 1180 parentum
1309 1140 1381 1169 fecit
1396 1140 1608 1170 differentiam
1624 1141 1775 1172 ﬁliorum.
1796 1143 1848 1173 Si-

215 1182 343 1220 quidem
361 1181 405 1210 illi
427 1190 537 1210 omues
556 1181 709 1221 Asimiliter
729 1183 756 1211 et
785 1183 991 1220 patriarchas,
1010 1187 1040 1212 et
1062 1179 1202 1211 tribuum
1229 1179 1387 1218 principes
1408 1180 1601 1221 exstiterunt
1620 1191 1626 1209 :
1646 1182 1850 1221 privilegium

215 1219 300 1251 enim
319 1221 464 1251 Ecclesia:
478 1221 538 1261 ista
551 1219 616 1259 jam
634 1219 822 1260 designabat
842 1223 1021 1259 mqualitas.
1039 1222 1113 1251 Haec
1128 1221 1247 1261 quippe
1263 1221 1380 1261 nostra:
1401 1220 1575 1261 nobilitatis
1593 1223 1644 1261 est
1660 1219 1851 1261 praerogati-

218 1270 274 1296 va,
291 1261 382 1299 cujus
398 1261 473 1300 olim
496 1260 598 1300 ﬁgura
615 1259 833 1298 praecesserat,
851 1264 884 1290 ut
898 1262 964 1291 sive
985 1271 1098 1291 servus
1121 1261 1162 1290 sit
1176 1259 1306 1300 aliquis,
1325 1259 1392 1287 sive
1419 1259 1547 1300 nobilis,
1568 1260 1646 1290 nihil
1674 1261 1750 1291 huic
1768 1259 1848 1300 Vplus

217 1301 364 1330 minusve
381 1299 519 1329 accedat.
537 1299 609 1329 Sola
627 1300 713 1329 enim
729 1300 778 1329 hic
794 1300 972 1338 requiritur
986 1302 1148 1333 voluntas,
1164 1299 1344 1336 mentisque
1359 1299 1569 1337 generositas.

254 1340 283 1368 3.
307 1340 409 1377 Supra
436 1339 501 1368 haec
517 1347 592 1368 vero
605 1348 677 1376 qua:
690 1339 839 1372 diximus,
856 1340 950 1370 etiam
969 1341 1054 1370 aliud
1073 1339 1222 1378 quiddam
1241 1340 1302 1373 est,
1316 1340 1454 1378 propter
1474 1339 1558 1376 quod
1579 1338 1681 1377 ipsam
1704 1349 1851 1371 comme—

216 1379 352 1408 moravil
369 1379 546 1407 historiam.
565 1378 726 1416 Siquidem
745 1388 807 1408 non
820 1380 920 1409 otiose
934 1380 971 1409 ad
989 1377 1105 1409 Phares
1126 1378 1243 1409 addidit
1263 1380 1293 1407 et
1314 1377 1439 1406 Zaram.
1457 1378 1533 1407 Erat
1553 1380 1638 1408 enim
1662 1380 1848 1416 abundans,

215 1422 314 1457 atque
328 1418 461 1447 omnino
476 1417 686 1455 superfluum,
704 1422 952 1448 commemorato
969 1420 1100 1453 Phares,
1117 1427 1174 1457 per
1191 1427 1286 1456 quem
1303 1417 1419 1446 Christi
1437 1419 1504 1448 erat
1520 1417 1695 1448 decursura
1711 1428 1851 1457 genera—

215 1459 269 1491 tio,
285 1458 373 1487 Zara:
392 1465 522 1494 quoque
544 1457 646 1497 facere
666 1458 872 1487 mentionem.
893 1460 962 1495 Qua
979 1459 1075 1497 igitur
1089 1459 1179 1487 illum
1202 1457 1328 1497 ratione
1356 1457 1574 1486 memoravit?
1601 1458 1748 1488 Paritura
1773 1459 1848 1490 istos

214 1507 286 1527 cum
298 1497 543 1530 csset'l‘hamar,
558 1496 688 1535 jamque
700 1499 849 1534 partuum
864 1496 1166 1529 doloresaitlcssent,
1183 1497 1270 1535 prior
1288 1496 1369 1526 Zara
1388 1497 1493 1525 emisit
1515 1506 1647 1527 manum
1661 1507 1702 1527 ex
1727 1501 1821 1528 utero
1839 1509 1847 1528 :

215 1540 290 1566 tunc
303 1536 459 1566 obstetrix
475 1536 534 1565 hoc
548 1535 670 1577 videns,
687 1545 752 1574 quo
766 1537 996 1577 primogenitus
1011 1541 1104 1567 notus
1120 1540 1215 1571 esset,
1229 1545 1325 1566 cocco
1342 1535 1410 1577 ejus
1421 1536 1575 1577 alligavit
1591 1546 1733 1573 manum,
1750 1547 1848 1577 quam

218 1577 274 1607 ille
290 1577 429 1605 vinctam
445 1575 588 1604 retraxit.
610 1575 679 1611 Quo
697 1579 761 1605 toto
772 1576 838 1615 jam
858 1575 940 1607 intra
956 1578 1063 1607 alvum
1086 1580 1232 1614 recepto,
1249 1575 1405 1615 processit
1419 1576 1536 1605 Phares
1551 1597 1558 1611 ,
1576 1579 1606 1605 et
1630 1578 1696 1606 tum
1721 1575 1848 1607 demum

215 1616 305 1656 zara.
321 1616 505 1656 Quqsucum
518 1615 676 1656 obstetrix
703 1617 800 1656 natos
810 1615 929 1646 videret
941 1640 948 1651 ,
965 1617 1044 1656 dixit
1064 1617 1102 1646 ad
1119 1616 1237 1656 Phares
1256 1614 1382 1656 :Qiiarc
1400 1619 1531 1656 propter
1546 1619 1573 1644 te
1589 1616 1688 1646 incisa
1707 1621 1750 1646 est
1765 1627 1848 1656 sepes
1864 1642 1874 1647 -

215 1654 304 1693 (Gen.
317 1654 366 1683 38.
383 1653 456 1693 29)?
469 1653 623 1683 Vidistine
639 1654 1286 1693 signatissimammysteriorumfiguram?
1310 1654 1377 1683 Non
1401 1654 1485 1683 enim
1500 1654 1661 1684 incassum
1679 1656 1744 1686 haec
1760 1653 1848 1686 tanto

215 1697 288 1723 ante
303 1694 420 1731 scripta
439 1696 524 1727 sunt,
541 1693 594 1722 sed
612 1702 715 1731 neque
730 1702 822 1723 sacra
836 1693 967 1732 dignum
981 1695 1093 1724 fuisset
1105 1694 1239 1724 historia
1255 1693 1359 1723 dicere
1372 1716 1379 1728 ,
1394 1694 1470 1731 quid
1490 1695 1646 1724 obstetrix
1672 1695 1782 1726 fuisset
1803 1697 1848 1726 lo-

214 1738 314 1771 quuta
329 1743 336 1761 :
354 1742 410 1762 nec
425 1732 607 1771 hujusmodi
619 1733 845 1773 narrationem
861 1734 993 1763 decebat
1005 1737 1113 1764 notam
1128 1734 1241 1766 facere.
1258 1733 1343 1771 quod
1362 1742 1492 1762 manum
1514 1733 1567 1763 ille
1591 1735 1775 1772 protulerit,
1792 1736 1847 1773 qui

215 1773 356 1802 secundo
370 1780 517 1810 egressus
531 1774 588 1812 est.
610 1771 691 1812 Quid
708 1772 804 1810 igitur
829 1772 888 1802 hoc
903 1774 1072 1812 :enigmate
1088 1773 1299 1811 designatur?
1314 1772 1406 1802 Prius
1425 1772 1462 1802 de
1485 1773 1555 1810 ipso
1580 1774 1669 1810 pueri
1692 1771 1848 1804 vocabulo

213 1812 299 1850 quod
317 1812 393 1841 latet
405 1812 436 1840 in
451 1811 640 1849 quaestione.
657 1811 820 1841 discimus.
835 1811 953 1842 Phares
968 1811 1053 1842 enim
1069 1813 1210 1842 concisio
1225 1814 1289 1844 est,
1307 1815 1404 1849 atque
1419 1812 1543 1841 divisio.
1572 1812 1718 1842 Secundo
1740 1818 1849 1843 autem

212 1861 251 1880 ex
275 1852 343 1889 ipsa
360 1851 499 1884 novitate
514 1850 598 1879 facti.
611 1851 720 1888 Neque
736 1851 820 1879 enim
835 1854 903 1880 erat
916 1852 1155 1890 consequentia:
1172 1851 1328 1881 naturalis
1342 1873 1349 1884 ,
1365 1854 1399 1880 ut
1416 1851 1440 1880 is
1455 1852 1509 1889 qui
1527 1852 1684 1882 emisisset
1703 1861 1846 1889 manum,

212 1891 368 1923 eamdem,
383 1891 552 1927 postquam
569 1892 653 1919 esset
668 1890 785 1924 vincta,
802 1894 977 1920 revoearet.
996 1891 1105 1929 Neque
1131 1891 1217 1920 enim
1231 1890 1374 1920 consueti
1397 1893 1501 1920 motus
1517 1891 1576 1920 hoc
1593 1891 1668 1925 fuit,
1683 1892 1849 1922 ordinisve

212 1933 346 1960 naturae.
366 1930 444 1959 Nam
462 1929 625 1966 prmmissa
640 1929 767 1967 quidem
784 1929 880 1968 hujus
899 1939 996 1960 manu
1008 1953 1015 1964 ,
1032 1931 1169 1960 alterum
1187 1929 1307 1968 egredi,
1326 1930 1474 1959 naturale
1488 1930 1623 1960 fortasse
1639 1931 1680 1960 sit
1696 1941 1703 1959 :
1727 1932 1847 1961 retrahi

213 1978 290 2010 vero
301 1970 408 2002 istam,
425 1971 456 1998 et
467 1968 638 2010 transitum
650 1968 743 2010 alteri
759 1968 881 2010 cedere,
901 1978 964 1998 non
979 1969 1044 2008 jam
1060 1970 1175 2010 ﬁtrlege
1192 1969 1405 2010 nascentium,
1422 1969 1474 2010 sed
1493 1969 1632 2010 profecto
1644 1979 1683 1999 ex
1699 1971 1755 2000 Dei
1772 1980 1846 2010 gra-

212 2008 268 2043 tia,
285 2016 356 2046 quas
367 2009 443 2036 tunc
456 2006 564 2046 pueris
579 2006 700 2040 aderat,
717 2007 778 2046 ista
788 2006 991 2045 dispensans,
1004 2012 1035 2038 et
1049 2006 1329 2046 nobis—quamdam
1346 2006 1517 2046 imaginem
1538 2008 1719 2038 futurorum
1736 2006 1849 2040 inveo—

212 2056 284 2088 rum
297 2045 464 2076 nativitate
479 2045 665 2088 depingens.
680 2045 763 2081 Quid
774 2046 874 2088 igitur
889 2047 980 2076 aiunt
995 2047 1137 2088 quidam,
1153 2048 1321 2088 diligenter
1334 2047 1392 2076 ista
1410 2045 1599 2088 pensiculati
1612 2048 1779 2079 ?Duorum
1792 2059 1849 2088 po-

215 2087 365 2125 pulorum
381 2088 491 2126 typum
506 2093 576 2126 esse
592 2085 650 2114 hos
666 2085 832 2126 puerulos,
843 2094 953 2126 eoque
969 2087 1142 2124 pertinere,
1162 2089 1196 2115 ut
1223 2086 1394 2124 intelligas,
1412 2086 1598 2123 posterioris
1624 2089 1733 2126 populi
1758 2085 1848 2118 rein—

213 2123 374 2164 publieam
388 2123 579 2165 proﬂuxisse
594 2124 678 2165 ortui
696 2124 824 2162 prioris.
842 2125 972 2165 Manum
989 2128 1181 2165 prsetentamr
1193 2123 1420 2165 habenthagd
1440 2123 1847 2165 universum-spectandum

215 2163 249 2195 Se
265 2165 382 2203 prasbet
398 2163 573 2206 puerulus,
591 2163 646 2193 sed
661 2166 692 2192 et
706 2172 776 2193 eam
793 2164 923 2206 corripit
938 2165 1152 2206 rursusLMox
1169 2163 1464 2206 fratretotoett'uso,
1479 2167 1612 2206 apparet
1633 2163 1700 2204 ipse
1718 2176 1847 2206 quoque

212 2207 297 2234 totus
314 2203 421 2245 iquod
439 2202 588 2245 ipsum‘in
604 2205 742 2241 utroque
756 2203 889 2245 conligit
906 2205 1037 2245 populo.
1053 2204 1131 2234 Nam
1148 2203 1313 2245 republica
1336 2203 1389 2233 illa
1406 2202 1566 2245 spirituali
1578 2228 1585 2240 ,
1608 2202 1680 2243 quae
1697 2202 1845 2245 tempori-

213 2245 272 2273 bus
289 2243 423 2272 Abrabze
440 2241 514 2274 fuit,
530 2242 732 2284 illucescente
745 2263 753 2275 .
769 2244 800 2271 et
814 2241 887 2273 dein
903 2243 940 2284 de
959 2243 1061 2272 medio
1087 2241 1307 2284 cursuisubito
1321 2246 1470 2284 revocata
1482 2265 1489 2277 ,
1503 2241 1686 2274 Judaaorum
1708 2241 1846 2284 populus

209 2286 295 2317 venit
305 2287 335 2315 et
350 2285 460 2323 legalis
474 2283 656 2322 respublica
672 2292 679 2312 :
696 2291 810 2312 rursus
823 2284 895 2323 post
910 2282 1028 2323 legem,
1047 2291 1149 2323 novus
1168 2283 1221 2313 ille
1237 2285 1322 2313 totus
1336 2283 1401 2321 jam
1420 2284 1525 2322 prodit
1540 2286 1679 2323 populus
1694 2282 1760 2316 una
1772 2296 1844 2317 eum

209 2326 276 2357 suis
292 2322 428 2364 legibus,
445 2325 486 2354 ob
501 2323 586 2361 quod
600 2323 696 2364 etiam
709 2322 1044 2364 obstetrixcxclamat
1062 2322 1146 2364 τεαῖς
1162 2326 1258 2364 nith
1271 2326 1402 2364 propier
1422 2327 1450 2352 te
1463 2322 1547 2364 {epes
1561 2322 1604 2354 est
1615 2326 1629 2354 7
1648 2326 1733 2364 quod
1758 2327 1844 2358 illius

210 2361 393 2404 reipublicae
406 2363 808 2404 libertatemsubingressa
819 2361 899 2404 legis
916 2371 1020 2404 scpes,
1034 2361 1215 2404 ipterciusit
1229 2361 1455 2404 dissecuitque.
1469 2363 1580 2404 sepem
1588 2361 1672 2394 enim
1682 2365 1845 2404 Scriptura

210 2401 326 2435 vocare
340 2403 560 2444 legeinrsoiet,
572 2402 655 2444 sicut
668 2405 700 2444 _et
719 2401 875 2444 propheta
891 2401 996 2444 ipquit
1011 2412 1017 2430 :
1035 2401 1282 2444 Susiuiitscpcm
1297 2401 1373 2444 eius,
1385 2402 1612 2444 etj‘indcmirtnt
1622 2401 1773 2444 quotquot
1789 2406 1846 2436 hac

209 2446 328 2485 faciunt
344 2440 403 2485 iter
417 2442 576 2485 (θερίζω.
591 2442 758 2485 i3j._itein,
771 2441 876 2479 Sepem
886 2440 1096 2480 circumposui
1109 2440 1155 2480 εἰ(
1172 2441 1250 2470 Ιειιί.
1266 2440 1295 2470 5.
1310 2441 1341 2480 2)
1354 2452 1361 2478 ;
1376 2442 1546 2478 etPaulus,
1560 2440 1771 2475 Intrasti/ium
1783 2456 1846 2476 ma-

210 2480 298 2514 ceria:
312 2480 434 2513 solvens
449 2481 620 2522 (Ephes.2.
634 2480 695 2522 lli):

249 2522 278 2552 Ιι.
296 2523 356 2553 Alii
372 2520 566 2552 vero'totum
580 2521 641 2562 hoc
653 2543 661 2556 ,
673 2520 740 2562 cur
756 2524 849 2562 rupta
860 2524 1036 2562 propioris
1049 2530 1131 2562 septas
1145 2524 1189 2549 est
1204 2520 1219 2549 ?
1230 2520 1267 2562 de
1283 2529 1367 2550 novo
1383 2521 1552 2561 legemque
1568 2526 1706 2561 sequuto
1722 2526 1843 2562 populo

210 2563 393 2602 intelligunt
410 2572 417 2591 :
435 2561 566 2592 veniens
590 2561 677 2591 enim
704 2560 758 2589 ille
776 2560 875 2602 legem
896 2560 1036 2602 sustulit.
1052 2561 1147 2602 Vides
1164 2561 1248 2602 quod
1266 2569 1329 2602 non
1348 2562 1389 2602 ob
1406 2561 1522 2602 exigua
1539 2560 1685 2600 quzedam
1699 2560 1730 2594 et
1746 2560 1820 2594 vilia
1835 2588 1842 2598 .

211 2612 281 2633 eam
300 2600 372 2640 qua:
386 2602 423 2631 de
439 2601 519 2631 Juda
534 2602 579 2630 est
593 2623 601 2637 ,
625 2600 889 2640 commemoravit
912 2600 1090 2629 historiam.
1113 2600 1192 2629 Nam
1218 2600 1300 2630 Ruth
1326 2603 1356 2630 et
1376 2601 1487 2631 Rahab
1506 2611 1570 2631 non
1598 2602 1718 2634 frustra
1739 2605 1846 2635 intulit

211 2639 419 2675 mentionem,
436 2650 574 2680 quarum
591 2649 689 2670 unam
704 2639 929 2678 alienigenam,
944 2640 1039 2670 aliam
1058 2640 1153 2669 etiam
1175 2640 1372 2680 meretricem
1390 2640 1487 2670 fuisse
1507 2644 1632 2672 constat
1649 2653 1656 2671 :
1672 2643 1725 2672 sed
1743 2647 1778 2673 ut
1793 2645 1844 2674 di—

212 2691 316 2712 sceres
332 2679 453 2711 idcirco
467 2680 592 2710 venisse
610 2679 786 2720 Christum,
806 2681 966 2720 utrnostra
976 2680 1068 2720 mala
1083 2680 1203 2709 deleret
1217 2679 1337 2708 omnia.
1352 2680 1422 2709 Non
1441 2681 1525 2710 enim
1541 2682 1634 2716 quasi
1654 2683 1751 2720 judex
1767 2706 1775 2717 ,
1791 2685 1845 2714 sed

212 2722 305 2760 quasi
321 2721 462 2751 medicus
477 2720 616 2750 advenit.
633 2719 720 2749 Sicut
734 2719 832 2760 igitur
847 2719 896 2760 illi
910 2719 1062 2760 conjuges
1079 2728 1231 2760 accepere
1246 2719 1430 2749 meretrices
1446 2730 1452 2749 :
1469 2721 1515 2750 sic
1532 2722 1627 2752 etiam
1643 2723 1728 2753 Deus
1747 2723 1846 2754 forni-

212 2759 367 2802 oratricem“
378 2760 543 2790 hominum
560 2762 716 2802 naturain
727 2759 787 2788 sibi
804 2759 977 2802 copulavit.
992 2759 1095 2802 _Quod
1113 2759 1286 2802 propheta;
1302 2768 1448 2802 _quoque
1464 2760 1541 2790 olim
1556 2761 1587 2790 in
1607 2771 1774 2802 synagoga
1789 2763 1846 2792 di—

213 2804 333 2831 xerunt
355 2800 471 2830 factum
496 2809 566 2829 esse.
585 2809 591 2827 :
607 2799 661 2828 sed
685 2799 740 2829 illa
762 2798 890 2837 quidem
908 2798 1120 2829 cohabitatori
1143 2807 1202 2828 suo
1226 2798 1284 2828 fuit
1300 2798 1427 2836 ingrata
1445 2809 1591 2837 semper:
1613 2798 1753 2832 Ecclesia
1769 2811 1845 2832 vero

216 2841 312 2870 semel
331 2849 349 2870 a
372 2841 463 2870 malis
480 2839 591 2878 patriis
607 2839 742 2880 liberata
754 2861 761 2874 ,
789 2838 820 2868 in
836 2839 946 2880 sponsi
958 2846 1073 2880 _amore
1089 2838 1276 2880 permansit.
1295 2838 1407 2880 Itaque
1424 2839 1591 2870 considera
1608 2842 1704 2871 etiam
1720 2851 1756 2871 ea
1773 2851 1845 2880 qua:

215 2881 246 2911 in
264 2881 346 2910 Ruth
364 2880 446 2911 facta
462 2877 547 2916 sunt,
566 2879 665 2909 nostri
682 2878 818 2918 ﬁguram
835 2877 944 2909 fuisse.
958 2878 1032 2908 Haec
1044 2879 1129 2908 enim
1143 2878 1414 2917 cratalicnigena,
1432 2881 1463 2909 et
1478 2879 1510 2909 in
1525 2884 1701 2912 extremam
1713 2877 1842 2919 delapsa
