2055 3128
278 130 342 156 10111
870 130 986 158 ΑΝΙᾹΝΙ
1006 129 1089 156 lNTEl

1085 127 1291 155 ltPllETATIO.
1824 127 1894 154 Ιυθὶ

267 184 453 222 pauperiem
469 193 476 212 :
493 182 546 212 sed
565 182 674 223 videns
695 191 766 212 eam
782 183 865 223 Βοοζ
882 205 889 217 ,
908 191 966 212 nec
981 183 1022 223 ob
1041 182 1141 223 ipsius
1152 183 1373 223 paupertatem
1390 180 1537 223 despexit
1550 205 1557 218 ,
1575 191 1633 213 nec
1648 184 1690 214 ob
1702 184 1898 223 impietatem

267 224 370 262 gentis
385 223 572 253 exhorruit:
589 222 671 252 sicut
683 223 778 253 etiam
791 226 822 252 et
835 222 980 252 Christus
996 222 1169 263 Ecclesiam
1184 222 1376 263 suscipiens,
1390 223 1420 250 et
1433 222 1648 263 alienigenam
1663 225 1694 254 et
1708 222 1898 263 magnorum

266 263 467 293 laborantem
483 264 623 301 egestate
643 262 819 295 bonorum,
839 270 898 291 suo
923 261 1086 290 consortio
1113 261 1287 299 copulavit.
1305 261 1363 290 Sed
1385 261 1655 299 quemadmodum
1676 261 1833 295 Ruth‘illa
1857 274 1899 294 ex

266 303 455 341 alienigenis
473 302 597 338 mulier,
612 302 672 331 nisi
693 302 780 339 prius
795 301 981 338 reliquisset
998 302 1145 342 parentes
1157 301 1247 342 anisi
1261 301 1654 342 domumreontcmpsisset
1671 324 1679 338 ,
1699 305 1730 332 et
1744 307 1870 342 gentem
1890 326 1898 335 .

266 348 297 372 et
312 340 459 380 patriam,
476 345 572 380 atque
589 344 741 381 cognatos
753 363 760 375 ,
784 349 960 381 numquam
977 340 1117 378 profecto
1132 340 1186 370 tali
1205 340 1316 381 fuisset
1331 341 1679 381 nobilitatarconnabio
1700 352 1707 370 :
1725 340 1767 373 ita
1784 343 1900 373 Eccle—

267 382 313 412 sia
327 383 423 411 etiam
439 390 501 411 non
516 384 590 411 ante
606 380 753 410 amabilis
770 380 907 410 efficitur
926 389 1170 420 sponso,qnam
1181 380 1319 418 priorem
1330 380 1609 410 conversationem
1618 382 1791 420 relinquat.
1806 383 1898 419 Quod

267 422 422 460 propheta
439 430 568 459 quoque
586 421 624 451 ad
640 421 742 458 ipsam
758 421 893 458 loquens
905 442 912 453 ,
928 420 991 460 ait:
1009 419 1198 460 Obliriscere
1214 420 1367 460 populum
1385 424 1472 460 tuum
1486 424 1513 449 et
1530 420 1650 450 domum
1664 419 1765 460 patris
1790 422 1857 456 tui,
1873 429 1900 452 et

268 459 465 500 concupiscet
481 470 538 490 rear
554 460 692 489 decorem
717 464 804 489 tuum
823 459 918 498 (Psal.
931 459 980 489 Ιώ.
997 460 1044 500 ff.
1063 459 1124 498 12).
1141 459 1209 500 Hoc
1224 459 1306 489 Ruth
1325 459 1421 500 etiam
1444 459 1556 490 fecisse
1577 459 1695 499 legitur
1709 483 1717 496 ,
1733 464 1765 491 et
1783 462 1900 492 idcirco

268 502 300 530 in
315 499 465 532 Ecclesiae
480 500 719 540 similitudinem
731 502 833 540 mater
847 508 957 538 regum
971 499 1083 540 effecta
1099 502 1157 540 est.
1174 499 1279 540 Ipsith
1297 499 1383 528 enim
1394 508 1440 540 rex
1461 500 1578 538 stirpe,
1596 500 1693 530 David
1710 501 1831 540 aliique
1844 511 1900 531 re~

268 551 321 579 ges
335 541 474 575 fuerunt,
494 541 548 578 qui
564 540 601 569 dc
615 539 725 569 eadem
741 539 861 569 familia
877 539 1110 577 germinarunt.
1128 539 1183 568 His
1201 539 1299 576 igitur
1314 539 1463 568 omnibus
1475 548 1529 568 eos
1547 539 1668 579 pudore
1684 539 1872 571 suffundens
1892 564 1899 572 .

268 578 305 610 ac
319 581 456 611 suadens
475 589 538 609 non
550 580 650 609 altum
662 587 788 617 sapere,
803 582 834 608 et
846 579 1091 617 generationum
1110 579 1289 616 catalogum
1303 579 1404 607 texuit
1418 600 1425 611 η
1443 581 1471 607 et
1485 578 1636 609 mulieres
1654 580 1730 610 istas
1747 580 1899 618 produxit

268 620 299 648 in
317 620 464 650 medium.
478 620 558 649 Nam
570 618 667 648 David
684 628 790 656 regem
807 622 891 648 certe
906 619 995 659 illum
1011 627 1162 659 magnum
1179 618 1361 659 alienigena
1377 618 1437 647 ista
1455 627 1510 659 per
1523 627 1598 648 suos
1614 622 1758 656 posteros
1769 621 1898 659 genuit:

267 669 374 698 neque
388 663 493 690 tamen
518 659 570 688 ille
595 659 825 697 ignobilitatem
841 657 997 697 ejusmodi
1015 658 1124 687 matris
1138 657 1276 698 erubuit.
1295 657 1427 696 Nonest
1437 657 1522 698 enim
1541 658 1684 693 omnino,
1697 657 1824 689 nonest
1840 669 1900 689 nec

267 699 304 728 dc
321 697 446 734 virtute,
467 707 524 728 nec
541 698 578 728 de
594 698 670 728 vitio
686 699 866 736 parentum.
880 699 937 727 aut
955 698 1047 727 laude
1061 698 1179 736 aliquis
1196 697 1323 735 dignus.
1340 699 1394 726 aut
1413 697 1508 735 culpa
1525 706 1533 725 τ
1551 706 1646 727 nemo
1664 698 1736 728 inde
1754 708 1826 729 vere
1842 703 1897 729 aut

269 739 436 771 nim-nrns,
452 741 508 768 ant
523 738 629 767 clarus
641 735 707 767 est:
722 735 928 776 imoutquod
944 735 1128 767 incredibile
1142 737 1266 766 videtur
1282 759 1290 770 ,
1305 736 1447 766 dicamus
1461 759 1469 772 ,
1492 736 1601 766 nescio
1617 738 1779 775 quomodo
1793 747 1901 776 magis-

268 778 321 808 Ille
337 777 529 816 resplendet,
545 776 600 814 qui
616 785 656 806 ex
672 775 859 816 parentibus
874 784 892 804 a
910 776 1024 816 virtute
1046 784 1176 816 prorsus
1191 776 1318 816 alienis,
1335 776 1400 814 ipse
1418 778 1523 816 tamen
1547 777 1642 816 fuerit
1656 776 1694 805 de
1713 777 1827 806 virtute
1843 775 1913 806 iui--

270 814 400 847 rabilis:
415 817 528 846 Nullus
546 817 645 854 igitur
665 815 697 844 in
721 815 906 853 superbiam
921 814 960 843 de
978 814 1080 853 gloria
1096 816 1266 855 parentum
1281 814 1443 855 clcvetur,
1463 815 1517 855 sed
1534 815 1741 845 considerans
1758 817 1910 855 progeni-

270 860 354 886 t0res
376 856 522 891 Domini,
540 853 665 884 omnem
683 855 836 892 reprimat
860 855 975 884 mentis
995 857 1152 884 tumorem
1165 877 1173 889 ,
1191 857 1222 883 et
1238 853 1276 883 de
1294 853 1370 884 solis
1389 854 1559 884 virtutibus
1575 855 1745 893 glorietur,
1760 853 1834 885 rimo
1849 865 1908 886 nec

269 896 306 925 de
324 895 400 934 ipsis
413 895 552 933 quidem.
570 894 620 924 Sic
630 894 716 934 enim
731 894 829 934 etiam
844 893 1022 924 Pharisaaus
1041 895 1214 932 publicano
1230 893 1369 923 deterior
1384 893 1514 934 effectus
1531 897 1589 934 est.
1607 894 1636 922 Si
1657 897 1764 923 autem
1782 895 1828 925 vis
1843 904 1901 925 su—

271 933 365 964 blime
383 935 504 973 aliquid
524 933 693 964 ostendere
707 933 847 967 virtutis,
868 933 932 962 noli
949 942 1062 971 sapere
1077 933 1235 963 sublime:
1252 936 1282 962 et
1298 936 1371 973 tunc
1383 933 1460 962 illud
1475 933 1559 971 quod
1576 934 1679 972 egeris
1697 955 1704 968 ,
1722 943 1792 963 esse
1808 943 1898 964 mon-

269 975 384 1005 strabis
408 972 581 1004 escelsius.
604 974 673 1003 Noli
702 976 731 1002 te
753 975 867 1011 putare
887 973 1063 1011 quidquam
1084 973 1195 1002 fecisse
1218 982 1290 1002 cum
1315 972 1426 1002 feceris
1453 983 1460 1000 :
1487 973 1532 1002 sic
1549 973 1824 1003 absolutissimum
1847 975 1904 1003 erit

268 1023 362 1052 opus.
378 1014 408 1043 Si
425 1014 509 1043 enim
525 1013 620 1043 etiam
635 1022 707 1042 cum
725 1015 908 1050 peccatores
923 1013 1036 1047 simus,
1054 1012 1114 1043 hoc
1129 1021 1187 1042 nos
1200 1012 1385 1042 arbitrando
1402 1021 1472 1042 esse
1487 1012 1573 1050 quod
1598 1021 1708 1042 sumus
1727 1035 1735 1047 ,
1751 1012 1904 1052 justifica-

270 1051 353 1084 niur.
370 1053 451 1083 sicut
467 1053 561 1083 etiam
574 1053 764 1091 publicanus
781 1062 788 1080 :
808 1055 930 1090 quanto
944 1052 1046 1091 magis
1060 1052 1256 1090 sicumjusti
1274 1051 1428 1081 fuerimus
1445 1073 1453 1087 ,
1471 1060 1541 1081 esse
1559 1060 1617 1081 nos
1635 1051 1818 1090 peccaturos
1836 1062 1903 1090 pu—

268 1096 372 1123 temus
385 1094 399 1122 ?
412 1092 573 1130 Siquidem
590 1101 630 1121 ex
646 1092 867 1129 peccatoribus
888 1100 1020 1130 quoque
1039 1092 1147 1130 justos
1171 1091 1334 1121 humilitas
1357 1091 1428 1121 facit
1444 1101 1450 1120 :
1467 1100 1540 1121 cum
1555 1094 1662 1121 tamen
1679 1101 1743 1120 non
1766 1093 1807 1121 sit
1824 1093 1901 1122 illud

271 1133 446 1164 humilitas.
461 1132 515 1161 sed
528 1140 604 1162 vera
620 1131 790 1161 confessio.
804 1131 834 1160 Si
852 1131 950 1169 igitur
963 1134 1086 1161 tantum
1100 1131 1183 1161 valet
1195 1131 1228 1160 in
1242 1134 1408 1169 peccatore
1421 1130 1595 1165 confessio,
1613 1131 1780 1161 considera
1795 1140 1903 1170 quan~

269 1174 336 1201 tum
351 1172 515 1200 humilitas
532 1171 633 1209 possit
654 1171 685 1200 in
705 1170 803 1208 justo.
821 1170 891 1200 Noli
916 1171 1023 1208 itaque
1045 1172 1113 1208 ipse
1137 1174 1264 1200 tuorum
1281 1179 1489 1209 corrumpere
1513 1170 1632 1200 fructus
1649 1171 1796 1200 laborum
1812 1193 1819 1203 .
1838 1172 1901 1201 noli

269 1211 402 1241 sudores
416 1214 486 1241 tuos
502 1211 534 1240 in
553 1219 688 1240 vacuum
705 1210 868 1240 effundere
884 1233 891 1246 ,
912 1210 976 1239 noli
1001 1219 1131 1239 cursum
1147 1211 1177 1239 in
1192 1211 1288 1240 inane
1303 1211 1441 1249 dirigere
1458 1232 1465 1243 ,
1492 1219 1530 1239 ne
1546 1213 1618 1248 post
1637 1210 1724 1240 mille
1750 1211 1901 1241 circuitus

269 1250 445 1281 mercedem
462 1251 579 1280 laboris
597 1250 734 1279 amittas.
754 1250 849 1278 Novit
866 1251 952 1280 enim
968 1249 1123 1279 Dominus
1138 1253 1210 1279 tuus
1229 1272 1237 1284 ,
1255 1252 1284 1278 et
1304 1250 1432 1288 quidem
1454 1250 1547 1287 longe
1570 1253 1599 1279 te
1614 1250 1726 1279 melius
1743 1272 1750 1285 ,
1774 1252 1900 1280 tuarum

268 1291 382 1320 merita
397 1290 551 1319 virtutum
571 1300 577 1318 :
593 1289 689 1319 etiam
703 1289 728 1318 si
745 1289 877 1319 calicem
903 1298 996 1327 aqua:
1012 1289 1131 1328 frigida:
1149 1289 1273 1318 dederis
1289 1311 1296 1324 ,
1324 1299 1381 1319 nec
1403 1290 1461 1318 hoc
1481 1289 1610 1327 quidem
1631 1291 1902 1319 irremuneratum

268 1331 440 1368 relinquet.
455 1330 624 1358 Nummum
640 1338 770 1367 quoque
785 1329 809 1358 si
829 1328 928 1358 dones
945 1338 1057 1363 unum,
1078 1329 1125 1358 vel
1143 1329 1167 1358 si
1183 1329 1290 1363 etiam,
1308 1338 1378 1358 cum
1396 1329 1474 1358 nihil
1492 1329 1622 1358 omnino
1635 1329 1755 1359 donare
1768 1330 1900 1367 poteris,

270 1368 593 1407 ingemiscaszomnia
611 1377 682 1397 cum
696 1368 815 1406 ingenti
837 1369 1031 1407 benignitate
1047 1369 1216 1406 suscipiet.
1234 1377 1271 1398 ac
1287 1369 1463 1398 mercedem
1479 1377 1537 1406 pro
1554 1368 1602 1398 his
1619 1368 1743 1407 largam
1760 1370 1897 1407 parabit.

270 1409 366 1448 Cujus
380 1412 486 1438 autem
502 1408 547 1437 rei
564 1408 666 1447 gratia
682 1410 736 1438 tua
751 1407 918 1446 dijudicas,
934 1408 1092 1448 uobisque
1116 1417 1154 1437 ea
1181 1408 1287 1437 studes
1307 1408 1492 1446 frequenter
1511 1408 1657 1446 ingerere
1668 1410 1682 1436 ?
1703 1409 1751 1437 An
1768 1409 1900 1447 ignoras

268 1447 352 1487 quod
368 1449 394 1478 si
411 1451 439 1477 te
456 1448 523 1486 ipse
538 1447 730 1482 laudaveris,
744 1456 951 1485 nequaquam
965 1447 1105 1476 lauderis
1119 1456 1137 1477 a
1152 1448 1242 1477 Deo?
1258 1448 1303 1476 lta
1323 1457 1340 1476 e
1354 1448 1496 1486 regione,
1514 1448 1539 1477 si
1560 1450 1588 1477 te
1607 1447 1673 1485 ipse
1691 1448 1784 1485 quasi
1801 1449 1901 1478 mise—

269 1497 338 1518 rum
354 1489 475 1527 lugeas,
485 1495 661 1525 numquam
676 1489 705 1517 te
717 1487 769 1516 ille
782 1487 954 1525 praedicare
967 1487 1051 1525 apud
1065 1495 1174 1527 omnes
1187 1487 1334 1527 cessabit.
1346 1487 1412 1516 Non
1428 1487 1494 1516 vult
1509 1487 1593 1516 enim
1610 1487 1756 1517 laborum
1770 1491 1899 1517 tuorum

269 1526 398 1558 fructus
408 1527 511 1565 perire
529 1537 537 1561 ;
563 1527 707 1564 quinimo
724 1527 832 1556 omnia
847 1527 878 1555 in
893 1529 984 1556 tuum
999 1526 1199 1556 commodum
1217 1526 1309 1559 facit,
1334 1527 1455 1564 tibique
1474 1535 1538 1556 rem
1559 1534 1677 1565 augere
1702 1527 1846 1562 festinat,
1866 1531 1900 1556 ut

270 1568 360 1598 etiam
377 1575 434 1605 pro
449 1566 574 1604 exiguis
591 1569 619 1596 te
635 1569 777 1601 coronet,
795 1566 937 1604 undique
963 1566 1148 1596 occasiones
1179 1566 1359 1604 requirens,
1375 1575 1433 1604 per
1445 1574 1526 1604 quas
1544 1568 1573 1595 te
1586 1566 1624 1596 de
1635 1566 1788 1605 gehennae
1800 1566 1901 1605 possit

269 1606 403 1635 liberare
419 1606 588 1644 supplicio.

305 1646 334 1675 5.
351 1646 390 1675 Et
403 1645 520 1675 idcirco
532 1644 656 1675 etiamsi
670 1645 836 1674 undecima
852 1645 912 1674 dici
929 1645 1072 1683 opereris
1092 1644 1190 1679 hora,
1209 1645 1366 1683 integram
1384 1647 1488 1675 tamen
1503 1645 1556 1674 tibi
1573 1648 1621 1675 est
1639 1645 1814 1675 mercedem
1836 1645 1898 1675 da—

267 1694 369 1718 lurus.
388 1685 462 1715 Etsi
473 1685 572 1723 nullo,
590 1684 704 1722 inquit,
721 1685 816 1723 fuerit
831 1684 1009 1714 tibisnlutis
1021 1684 1153 1717 occasio,
1174 1688 1307 1723 propter
1319 1685 1464 1723 meipsum
1478 1685 1599 1723 frictam,
1619 1693 1656 1714 ne
1675 1693 1786 1714 nomen
1800 1694 1899 1714 nteant

267 1726 370 1764 utique
384 1721 551 1763 polluatur
562 1721 688 1761 (Exerit.
704 1721 753 1753 3'6.
772 1724 894 1761 22.32).
911 1724 989 1764 Etsi
1009 1721 1204 1764 ingemueris
1221 1721 1326 1753 solum
1340 1746 1347 1758 ,
1364 1721 1461 1762 atque
1475 1721 1702 1764 lacrymaveris
1713 1746 1721 1759 ,
1738 1725 1821 1762 rapit
1837 1725 1896 1754 ista

265 1764 431 1794 confestim
444 1764 474 1792 in
494 1766 556 1793 tua:
571 1763 773 1793 occasionem
793 1764 917 1794 salutis.
934 1763 1003 1792 Non
1020 1764 1118 1801 igitur
1136 1763 1169 1792 in
1187 1763 1371 1802 superbiam
1389 1763 1642 1793 intumeseamus
1658 1786 1666 1800 ,
1686 1763 1740 1793 sed
1754 1763 1896 1794 dicamus

267 1804 482 1842 nosmetipsos
501 1802 643 1834 inutiles,
656 1806 690 1831 ut
702 1803 733 1832 in
751 1806 872 1842 partem
889 1803 1012 1832 utilium
1029 1806 1243 1832 transeamus.
1269 1803 1298 1832 Si
1315 1804 1399 1832 enim
1415 1806 1444 1832 te
1460 1803 1652 1833 laudandum
1667 1812 1738 1833 esse
1753 1803 1872 1833 dixeris
1886 1826 1894 1836 ,

265 1844 420 1881 reprobus
442 1841 572 1872 effectus
594 1851 627 1871 es
641 1864 648 1876 ,
675 1843 798 1872 etiamsi
814 1842 919 1872 fueras
934 1844 1008 1871 ante
1025 1842 1208 1872 laudabilis.
1231 1842 1260 1871 Si
1286 1852 1361 1872 vero
1378 1843 1523 1872 inutilem
1536 1846 1564 1872 te
1580 1852 1651 1872 esse
1668 1842 1816 1876 fatearis.
1834 1843 1896 1872 fac—

265 1885 314 1911 tus
331 1891 364 1911 es
381 1882 480 1916 utilis,
495 1881 621 1911 etiamsi
638 1881 744 1911 fueras
757 1885 831 1912 ante
847 1882 1032 1919 culpabilis:
1046 1884 1174 1919 propter
1190 1882 1274 1920 quod
1292 1882 1473 1911 necessaria
1491 1882 1582 1911 nobis
1599 1885 1646 1912 est
1663 1884 1894 1920 praeteritarum

263 1922 383 1951 oblivio
401 1921 565 1951 virtutum.
579 1921 615 1949 Et
630 1921 804 1959 quomodo,
824 1921 944 1959 inquis,
961 1930 1134 1959 possumus
1150 1922 1298 1960 ignorare.
1315 1922 1400 1960 quod
1417 1921 1565 1951 novimus
1579 1922 1592 1950 ‘.’
1605 1922 1686 1958 Quid
1704 1922 1751 1952 ais
1766 1925 1811 1957 tu,
1824 1931 1896 1951 cum

264 1960 405 1999 quotidie
420 1960 562 1990 offendas
579 1961 760 1993 Dominum.
774 1961 982 1990 nihilominus
995 1960 1154 1990 deliciaris
1171 1970 1207 1990 ac
1224 1961 1306 1990 rides
1322 1983 1329 1994 ,
1345 1964 1375 1990 et
1400 1961 1483 1990 inter
1495 1970 1612 1999 magna
1635 1964 1766 2000 peccata
1788 1970 1845 1991 nec
1866 1965 1896 1990 te

267 2009 412 2037 peccasse
431 2001 512 2029 nosti
530 2023 537 2035 ,
555 2000 708 2029 oblivioni
731 2006 845 2030 cuncta
867 2000 1021 2040 tradendo
1040 2010 1047 2028 :
1064 2000 1165 2030 solam
1188 2009 1262 2030 vero
1282 2010 1346 2029 non
1367 2003 1457 2039 poles
1478 2003 1562 2030 recte
1579 2001 1735 2030 factorum
1756 2001 1895 2040 abjicere

265 2040 471 2069 memoriam?
483 2040 520 2068 Et
535 2042 619 2069 certe
636 2049 708 2068 cum
722 2040 822 2069 multo
836 2046 877 2069 Sll.
890 2039 1002 2078 fortior
1017 2047 1092 2077 pars
1107 2040 1242 2074 timoris,
1260 2048 1317 2069 nos
1334 2049 1351 2069 e
1367 2040 1528 2070 contrario
1542 2040 1684 2078 quotidie
1699 2040 1894 2070 offendentes

266 2079 444 2114 Dominum,
464 2087 522 2108 nec
538 2087 725 2118 revocamus
740 2080 868 2117 quidem
880 2077 918 2108 ad
935 2078 1121 2108 memoriam
1134 2083 1263 2117 peccata
1277 2088 1350 2117 qua).
1364 2079 1517 2114 fecimus;
1539 2077 1564 2108 si
1580 2088 1656 2109 vero
1679 2088 1810 2118 parvam
1828 2079 1895 2109 ali—

263 2126 360 2156 quam
378 2119 464 2156 inopi
487 2117 687 2156 porrigamus
708 2119 821 2156 stipem
836 2137 845 2150 .
866 2127 994 2147 sursum
1016 2118 1045 2146 id
1061 2118 1276 2155 deorsumque
1295 2118 1450 2156 iactamus
1469 2129 1476 2147 :
1493 2118 1577 2155 quod
1593 2117 1745 2156 extrema:
1763 2119 1896 2148 omnino

254 2154 421 2191 dementize
435 2154 497 2193 est,
513 2163 543 2188 et
557 2154 676 2197 grande
690 2154 787 2191 illius,
803 2158 858 2194 qui
871 2157 1053 2197 spiritualia
1067 2156 1160 2185 debet
1175 2154 1338 2197 colligere,
1350 2154 1678 2197 det_rimentum.Satis
1691 2159 1797 2185 certus
1808 2158 1892 2185 enim

256 2204 341 2231 recte
357 2201 512 2230 factorum
527 2195 575 2227 est
598 2198 788 2231 thesaurus,
811 2196 881 2234 ipsa
902 2198 987 2225 recte
1007 2195 1164 2225 factorum
1187 2195 1318 2224 oblivio.
1342 2195 1424 2231 Quia
1444 2196 1527 2224 sucut
1544 2203 1661 2224 aurum
1678 2217 1686 2231 ,
1703 2201 1889 2233 vestemque

255 2241 428 2280 pretiosam
444 2247 515 2268 cum
533 2238 564 2266 in
584 2237 710 2280 publico
727 2236 892 2280 pouimus,
920 2235 1076 2280 plurimos
1091 2235 1135 2280 ad_
1147 2234 1279 2280 insidias
1293 2242 1528 2280 provocamus:
1543 2234 1570 2280 si
1590 2243 1666 2280 vero
1682 2235 1892 2280 ea‘recondai

257 2273 328 2310 inus
341 2282 437 2317 atque
452 2273 637 2317 occulamus
652 2273 754 2317 domi,
772 2275 804 2305 in
818 2278 887 2317 tuto
900 2277 1014 2304 cuncta
1032 2275 1232 2317 servabimus
1250 2285 1256 2303 :
1274 2275 1407 2317 sic_sunt
1422 2274 1517 2303 etiam
1534 2273 1651 2303 divitia:
1668 2273 1824 2317 virtutum
1836 2297 1844 2310 ,
1864 2275 1890 2304 si

257 2329 312 2350 eas
330 2319 362 2348 in
378 2313 533 2347 memoria
547 2316 639 2354 quasi
655 2315 786 2345 venales
800 2314 928 2344 assidue
943 2317 1118 2353 portemus,
1135 2315 1298 2345 irrilamus
1314 2314 1486 2354 Dominum
1501 2336 1507 2348 ,
1523 2321 1686 2354 armamus
1703 2313 1827 2344 hostem
1839 2337 1846 2349 ,
1866 2318 1898 2344 et

257 2360 430 2390 invitamus
448 2357 486 2387 ad
501 2353 633 2386 furtum.
649 2355 702 2384 Sin
720 2363 796 2384 vero
811 2363 905 2383 nemo
916 2354 998 2383 alter
1013 2354 1041 2383 id
1057 2354 1176 2387 scierit,
1193 2353 1255 2383 nisi
1268 2363 1364 2391 quem
1379 2353 1467 2382 nulla
1484 2353 1610 2383 occulta
1626 2353 1725 2382 latere
1739 2357 1895 2392 possunt,

257 2398 418 2428 tutissimo
434 2397 466 2426 in
480 2397 551 2425 loco
565 2396 703 2434 pretiosa
718 2394 904 2434 consistent.
921 2394 1132 2432 Nequaquam
1152 2394 1249 2433 igitur
1263 2393 1449 2434 hujnsmodi
1458 2394 1545 2434 bona
1567 2393 1753 2434 frequenter
1768 2393 1896 2434 eventi-

257 2439 316 2472 lcs,
334 2447 373 2467 ne
389 2437 460 2475 quis
477 2444 514 2465 ea
531 2432 610 2464 forte
627 2435 768 2472 diripiat.
785 2433 876 2470 Quod
888 2434 983 2463 etiam
999 2432 1178 2475 Pharisaeus
1193 2435 1376 2475 passus_cst,
1395 2434 1426 2461 in
1445 2433 1553 2475 lingua
1568 2432 1622 2462 illa
1639 2432 1868 2475 circumferens
1887 2443 1894 2461 :

257 2477 342 2508 unde
355 2471 438 2507 calet
451 2475 597 2504 diabolus
615 2471 742 2512 rapuit:
760 2482 957 2511 quamquam
973 2476 1059 2503 certe
1077 2473 1130 2503 illa
1150 2482 1220 2502 cum
1235 2472 1374 2511 quatiam
1395 2471 1713 2512 gratiarumaetionc
1733 2481 1896 2502 memora—

258 2519 324 2548 bat.
341 2520 438 2554 atque
452 2515 489 2545 ad
503 2511 672 2544 Dominum
689 2516 809 2554 cuncta
820 2513 989 2554 referebat.
1009 2513 1067 2543 Sed
1083 2521 1123 2554 ne
1137 2512 1202 2554 hoc_
1212 2512 1341 2554 quidem
1357 2511 1498 2554 profecto
1514 2511 1639 2540 suffecit
1660 2512 1701 2541 ei.
1718 2512 1787 2541 Non
1809 2513 1895 2541 enim

258 2551 435 2596 gratiarum
450 2555 533 2584 actio
549 2556 596 2596 cst
611 2553 682 2582 aliis
699 2553 896 2596 exprobrare
909 2552 1023 2596 (felicta
1040 2552 1121 2596 ,‘sibi
1138 2560 1159 2596 a_
1172 2551 1323 2596 plurimis
1339 2551 1473 2596 gloriam
1493 2559 1641 2596 qumrcre
1657 2573 1663 2583 .
1683 2553 1714 2580 ct
1728 2559 1825 2596 super
1840 2559 1895 2581 cOs

258 2590 314 2634 Qui
332 2593 916 2635 peccaveruntjactanterAinsurgere:
931 2592 1021 2628 Quod
1038 2592 1064 2622 si
1079 2592 1199 2630 gratias
1211 2591 1286 2635 agis
1302 2590 1535 2635 DeoLsuflicia't
1551 2590 1604 2619 tibi
1623 2590 1692 2635 ipse
1707 2590 1796 2620 solus
1810 2613 1819 2635 ε
1835 2600 1893 2635 nec

260 2630 340 2666 velis
353 2644 408 2665 eas
424 2635 456 2664 in
474 2630 639 2663 hominum
657 2631 799 2670 proferre
823 2630 968 2662 notitiam
983 2653 990 2666 ,
1006 2641 1111 2670 neque
1125 2631 1307 2669 proximum
1325 2630 1482 2668 judicare.
1502 2630 1571 2659 Non
1590 2632 1638 2658 est
1654 2639 1794 2668 namque
1813 2631 1898 2660 istud-

260 2675 343 2704 actio
359 2674 547 2713 gratiarum.
565 2672 620 2713 Yris
634 2669 746 2713 autem
762 2671 1032 2713 quemadmodum
1059 2669 1148 2713 verae
1167 2671 1232 2713 Deo
1253 2670 1362 2713 gratiae
1380 2669 1581 2713 referantur,
1600 2671 1797 2713 agnosceret“
1816 2672 1895 2699 Audi

262 2717 324 2743 tres
337 2709 453 2752 pueros
469 2714 502 2742 in
516 2712 623 2752 medio
633 2711 715 2750 ignis
727 2711 895 2752 loquentes
915 2721 921 2738 :
943 2710 1152 2752 Ifcccaoimus,
1164 2710 1265 2752 inique
1281 2709 1561 2752 gessimus:justus
1573 2718 1612 2752 es,
1626 2709 1816 2752 nomine,th
1829 2719 1897 2752 om—

261 2748 535 2792 nibusquwfecisti
550 2748 810 2792 nobiquuonirun
826 2750 857 2779 in
868 2759 938 2780 vero
951 2750 1078 2792 judicio
1091 2750 1195 2792 omnia
1206 2749 1363 2792 iudicavisti
1373 2758 1466 2787 super
1480 2757 1537 2777 nos
1548 2748 1648 2792 ffian.
1660 2748 1819 2792 3.29.27.
1831 2749 1896 2786 3f).

261 2793 329 2822 Hoc
339 2787 386 2822 est
402 2787 487 2822 enim
503 2792 621 2821 referre
638 2787 757 2829 gratias
773 2791 851 2824 Deo,
870 2787 1000 2828 peccata
1015 2789 1043 2819 ei
1061 2789 1189 2828 propria
1205 2788 1361 2829 confiteri,
1378 2791 1413 2818 ut
1428 2797 1500 2829 cum
1514 2787 1600 2816 mille
1614 2796 1649 2829 se
1663 2787 1782 2829 aliquis
1804 2797 1893 2818 reum

263 2833 401 2862 fateatur
414 2832 585 2864 malorum,
605 2827 693 2860 nulla
708 2833 814 2860 tamen
831 2827 888 2868 pro
904 2829 951 2858 his
966 2827 1082 2868 magna
1097 2829 1174 2858 satis
1190 2837 1224 2858 se
1245 2828 1418 2858 arbitretur
1435 2827 1516 2868 ferre
1532 2827 1703 2868 supplicia:
1718 2827 1899 2858 Careamus

263 2872 360 2910 igitur
377 2871 412 2901 de
427 2870 664 2908 nobismetipsis
681 2871 785 2899 dicere
801 2866 940 2909 gloriosa
955 2879 961 2897 :
982 2866 1042 2898 hoc
1055 2868 1140 2899 enim
1156 2877 1212 2898 nos
1228 2871 1257 2897 et
1274 2868 1457 2897 hominibus
1479 2866 1599 2896 invisos
1613 2888 1621 2902 ,
1643 2869 1674 2896 et
1689 2866 1756 2897 Deo
1769 2867 1897 2897 abomi-
