2055 3128
239 139 305 165 Ηῖυῆ
832 139 947 167 ΑΝΙᾹΧΙ
967 137 1252 165 ΙΝΤΕΓΗἪΕΤᾹΤΙΟ.
1783 139 1851 165 ΝΜ

223 195 345 226 nabiles
358 194 442 225 facit.
460 194 499 224 Et
510 193 626 224 idcirco
638 195 760 232 quanto
771 193 894 233 majora
911 193 1078 223 fecerimus
1094 194 1177 223 bona
1190 216 1197 228 ,
1214 194 1302 222 tanto
1317 193 1353 223 de
1369 195 1460 224 nobis
1473 195 1599 225 minora
1615 195 1772 225 dicamus.
1790 196 1856 226 Hoc

222 235 306 265 enim
320 234 414 264 modo
433 234 608 264 maximam
623 237 652 263 et
668 242 774 263 coram
790 234 855 262 Deo
873 236 904 263 et
919 241 1026 263 coram
1043 233 1226 262 hominibus
1243 233 1377 271 gloriam
1396 242 1634 272 consequemur
1652 245 1658 263 :
1674 244 1732 265 nec
1748 237 1853 266 solum

222 275 358 313 gloriam
369 283 441 312 quae
456 274 552 304 aDeo
568 275 626 308 est,
646 282 757 302 verum
774 273 869 303 etiam
886 273 1081 307 mercedem,
1106 273 1413 313 retributionemque
1432 273 1663 313 plenissimam.
1682 275 1752 304 Noli
1777 285 1853 313 ergo

223 312 399 344 mercedem
415 321 596 351 reposcere,
613 315 648 342 ut
663 313 816 342 merearis
831 312 986 350 accipere.
1005 313 1050 341 'l‘u
1068 312 1186 342 salvari
1204 316 1233 341 te
1249 312 1303 341 Dei
1319 313 1421 351 gratia
1436 312 1587 343 conﬁtere
1604 336 1611 348 ,
1630 317 1665 343 ut
1680 323 1715 344 se
1730 315 1783 344 ille
1798 312 1853 344 tibi

221 353 397 383 debitorem
412 353 550 382 fateatur
563 374 570 388 ,
588 361 646 382 nec
661 352 755 381 modo
777 361 834 390 pro
856 352 1006 392 aperibus
1024 352 1098 387 tuis,
1121 361 1235 392 verum
1267 352 1361 381 ctiam
1378 361 1436 390 pro
1458 352 1517 392 hac
1533 354 1635 390 gratia
1649 375 1656 387 ,
1674 353 1853 392 humilique

223 393 392 423 sententia.
418 392 552 429 Quando
569 393 652 421 enim
671 392 781 429 aliqua
804 395 888 421 recte
906 391 1074 421 fecerimus
1092 414 1098 424 ,
1119 391 1273 421 habemus
1291 401 1364 421 eum
1387 391 1598 430 proculdubio
1618 391 1854 423 debitorem’oh

224 442 273 462 res
290 433 370 462 bene
385 434 491 471 gestas
508 434 631 471 tantum
647 441 653 460 :
671 431 801 469 quando
823 439 900 460 vero
917 430 996 460 nihil
1018 431 1294 471 arbitramurrnos
1313 434 1398 460 recte
1414 434 1563 469 operatos
1577 453 1585 466 ,
1606 432 1743 469 amplius
1760 433 1856 462 etiam

222 472 259 503 de
274 472 329 501 tali
342 480 504 501 meremur
518 470 631 501 affectu
646 493 653 506 ,
673 479 770 508 quam
787 473 916 508 propter
931 479 1028 508 opera
1046 471 1115 508 ipsa
1132 479 1204 508 qua‘.
1219 470 1361 499 fecimus.
1376 471 1544 500 Minimum
1560 471 1668 509 itaque
1684 471 1721 500 de
1739 481 1772 501 se
1785 481 1857 501 scn—

223 512 314 547 sisse,
332 514 397 541 tam
414 519 564 549 maguum
581 513 642 545 est,
656 518 753 548 quam
771 510 927 540 maximas
945 519 995 539 res
1012 509 1135 540 fecisse.
1148 510 1238 546 Quod
1251 510 1275 539 si
1291 519 1355 539 non
1368 510 1461 543 adsit,
1478 519 1536 540 nec
1552 511 1614 540 illa:
1627 513 1857 548 poteruntcsse

222 551 412 582 laudabiles.
429 550 507 580 Nam
522 559 579 579 nos
595 559 724 588 quoque
750 549 886 579 famulos
906 549 1059 579 habentes
1072 571 1080 584 ,
1105 552 1180 579 tunc
1204 557 1258 579 eos
1283 550 1423 579 maxime
1441 551 1686 588 comprobamus
1701 572 1709 586 ,
1727 551 1857 588 quando

223 601 294 621 cum
312 592 396 621 bona
415 590 518 629 gratia
534 590 565 618 in
584 589 734 619 omnibus
750 590 933 629 obsequuti,
950 589 1028 618 nihil
1044 598 1078 618 se
1089 589 1211 628 grande
1223 589 1422 618 arbitrantur
1442 590 1555 627 egisse.

261 631 291 660 6.
309 628 427 668 Itaque
437 630 464 659 si
478 630 562 659 bona
578 632 633 659 tua
652 637 769 667 magna
783 629 830 658 vis
856 628 959 658 facere
971 651 979 663 ,
997 629 1062 659 noli
1083 637 1121 658 ea
1142 637 1259 667 magna
1275 631 1388 666 putare
1410 639 1416 657 :
1434 629 1527 668 aliter
1549 628 1634 658 enim
1650 637 1767 667 magna
1786 638 1857 658 esse

226 679 291 700 non
308 667 454 709 possunt.
472 669 521 698 Sic
534 669 619 709 enim
642 668 787 709 centurio
802 668 905 697 dixit:
924 667 999 698 Non
1014 678 1079 697 sum
1102 668 1228 706 dignus,
1244 672 1286 709 'ur_
1300 669 1397 709 ξων-ες
1413 667 1468 709 sub
1486 672 1709 709 tectumpmua
1726 668 1844 707 (Matth

223 709 253 739 8.
269 707 328 747 8)’:
354 712 384 738 et
399 711 568 747 propterea
587 708 703 746 dignus
732 707 862 737 effectus
879 711 938 740 est,
966 716 1130 747 supraque
1143 716 1253 737 omnes
1271 707 1396 737 Judaos
1411 707 1483 746 jure
1501 708 1668 737 mirabilis.
1694 707 1744 737 Sic
1757 708 1853 737 etiam

226 746 340 779 Paulus
356 746 420 778 ait:
438 746 513 778 Non
523 757 589 777 smn
606 747 720 786 dignus
734 747 841 776 vocari
856 747 1017 785 apostolus-
1038 747 1078 786 (1.
1091 746 1166 777 Cor.
1186 747 1232 776 15.
1244 747 1274 784 9)
1293 757 1299 774 :
1322 747 1392 776 ideo
1409 747 1553 776 omnium
1568 747 1689 785 primus
1704 748 1855 777 inventu;

225 792 283 818 est.
299 788 349 818 Sic
364 791 395 817 et
408 788 548 818 Joannes
567 797 574 816 :
593 787 667 818 Non
683 796 759 819 sum,
776 786 892 824 inquit,
905 785 1037 815 idoneus
1050 787 1167 816 solvere
1182 786 1350 824 corrigiam
1368 786 1564 816 calceanwnti
1578 786 1643 825 ejus
1661 786 1809 824 (Marc-.1.
1825 788 1855 816 '7.

226 832 253 857 et
265 827 382 858 Matth.
399 826 428 856 3.
444 827 493 862 11)
509 837 515 856 :
529 828 560 856 et
580 826 698 856 idcirco
713 825 834 856 amicus
852 825 951 855 factus
964 828 1012 855 est
1026 826 1148 864 sponsi.
1167 826 1203 854 Et
1217 834 1348 855 manum
1366 834 1464 863 quam
1478 825 1642 864 indignam
1656 826 1859 856 calceamen—

227 868 266 897 tis
281 877 350 897 esse
366 866 501 900 dicebat,
513 874 584 896 eam
604 865 748 895 Christus
771 865 810 895 ad
827 867 922 903 caput
945 873 1039 894 suum
1056 865 1247 895 sublevavit.
1266 865 1316 894 Sic
1331 865 1426 894 etiam
1456 865 1567 894 Petrus
1593 865 1637 894 ait
1652 874 1658 893 :
1676 864 1746 895 Exi
1768 875 1786 894 α
1800 875 1856 897 mc.

230 907 368 938 Domine.
392 905 466 943 quia
479 905 567 934 homo
582 909 728 944 peccator
742 913 808 934 sum
827 904 915 942 (Luc.
932 903 961 933 5.
978 904 1009 943 8)
1030 914 1038 933 :
1056 907 1087 935 et
1110 906 1282 943 propterea
1301 903 1402 934 factus
1424 906 1473 934 est
1490 904 1642 934 Ecclesiae
1660 903 1858 934 fundamen-

227 953 305 979 tum.
321 947 406 978 Nihil
426 947 510 976 enim
527 946 573 975 sie
595 947 644 974 est
658 946 794 975 amicum
812 944 888 975 Deo.
907 944 1000 981 quasi
1028 944 1054 974 si
1076 945 1148 982 quis
1166 954 1199 974 se
1215 945 1354 974 minimis
1382 948 1595 975 annumeret:
1616 946 1677 976 hoc
1700 950 1747 976 est
1773 949 1857 977 enim

224 990 321 1026 caput
335 987 432 1016 totius
450 984 662 1026 philosophia:
679 986 777 1026 atque
788 982 964 1026 fastigium.
977 983 1036 1020 Qui
1051 984 1136 1026 enim
1156 983 1345 1026 humiliatur
1360 985 1454 1015 corde
1471 987 1569 1026 atque
1584 986 1773 1026 conteritur,
1789 995 1853 1016 non

223 1022 374 1058 efferetur
394 1022 481 1055 inani
498 1022 598 1063 gloria
617 1033 624 1051 :
641 1031 705 1052 non
729 1022 857 1063 invidias
874 1022 987 1055 livore,
1005 1031 1070 1051 non
1086 1023 1260 1053 iracundiaa
1278 1023 1386 1053 furore
1405 1025 1587 1058 vexabitur,
1614 1034 1678 1054 non
1697 1025 1769 1055 ullis
1784 1027 1855 1056 aliis

222 1068 306 1097 vitiis
322 1062 511 1104 subjacebiti
527 1064 670 1104 Namque
692 1065 730 1104 ut
745 1062 915 1104 contritam
930 1070 1060 1091 inanum
1082 1062 1178 1091 etiam
1194 1063 1360 1104 sihmillies
1380 1063 1414 1092 in
1436 1062 1545 1104 altum
1562 1064 1671 1104 levare
1692 1065 1826 1095 velimus
1847 1088 1854 1099 .

223 1116 286 1136 non
302 1102 493 1144 possumus:
508 1104 551 1133 ita
562 1102 657 1144 etiam
674 1102 698 1131 si
722 1102 862 1144 animam
884 1104 1100 1144 conteramus,
1126 1102 1498 1144 quamlibetinnumeras
1516 1103 1603 1144 illam
1619 1103 1759 1134 inflando
1782 1105 1855 1134 ele—

222 1141 473 1177 vare-voluerint
486 1142 665 1181 passiones,
683 1150 722 1170 ne
741 1141 900 1181 tantulum
919 1141 1046 1181 quidem
1063 1142 1204 1179 potuerit
1219 1141 1342 1170 extolli.
1359 1142 1388 1171 Si
1405 1143 1489 1171 enim
1502 1143 1557 1180 qui
1575 1146 1782 1173 externarum
1799 1144 1856 1174 lu—

223 1188 275 1224 get
290 1185 406 1215 damna
420 1179 528 1224 rerum
544 1203 551 1217 ,
575 1189 686 1224 omnes
700 1189 777 1224 ause
793 1179 880 1224 fugat
900 1179 1018 1224 anima:
1037 1181 1237 1224 languores‘:
1252 1181 1352 1224 multo
1371 1182 1473 1220 magis
1493 1179 1548 1220 qui
1573 1181 1632 1212 hoc
1649 1191 1707 1220 pro
1724 1188 1854 1222 peccato

222 1220 309 1258 facit,
326 1224 421 1261 plena
438 1220 647 1260 philosophiae
658 1220 794 1261 sanitate.
810 1220 959 1261 potietur.
974 1220 1014 1261 lit
1029 1220 1113 1261 quis,
1131 1220 1251 1261 inquis,
1273 1220 1316 1250 ita
1331 1223 1500 1261 conterere
1522 1230 1578 1250 cor
1604 1230 1698 1251 suum
1724 1220 1856 1260 potest?

224 1264 304 1294 Audi
320 1258 473 1293 Davidem
486 1283 494 1294 ,
514 1258 575 1299 qui,
592 1269 649 1298 per
665 1259 724 1289 hoc
748 1259 907 1299 praecipue
933 1258 1069 1299 refulsit,
1087 1263 1117 1289 et
1138 1260 1207 1289 vide
1230 1268 1327 1297 quam
1346 1260 1414 1299 ejus
1435 1260 1541 1290 anima
1559 1263 1694 1290 contrita
1710 1258 1760 1291 sit.
1778 1262 1856 1292 Nam

225 1307 295 1341 post
309 1304 441 1332 virtutes
468 1298 666 1333 innumeras,
681 1308 752 1328 eum
770 1298 1049 1341 domoexcidisset
1063 1302 1093 1328 et
1108 1299 1224 1341 patria,
1235 1302 1265 1328 et
1281 1298 1378 1341 vitam
1394 1301 1496 1338 ipsam
1521 1304 1684 1341 postremo
1698 1301 1856 1339 periclim-

228 1337 319 1372 retur
340 1341 497 1374 amittere,
514 1349 585 1369 cum
610 1342 750 1376 tempore
772 1338 840 1378 ipso
856 1337 1049 1368 discriminis
1074 1338 1123 1368 sui
1149 1339 1282 1368 militem
1309 1337 1412 1368 vilem
1428 1341 1458 1369 et
1474 1337 1606 1377 prorsus
1621 1337 1780 1378 abjectum
1792 1363 1799 1376 ,
1815 1342 1856 1371 in-

224 1382 395 1412 sultantem
411 1380 470 1410 sihi
488 1383 518 1409 et
534 1378 773 1408 maledicentem
787 1377 918 1412 videret,
935 1386 999 1406 non
1014 1378 1107 1416 modo
1126 1379 1193 1416 ipse
1209 1386 1271 1407 non
1288 1379 1397 1408 retulit
1410 1379 1644 1408 maledictionis
1663 1377 1765 1409 vicem
1778 1402 1785 1414 ,
1801 1382 1856 1410 sed

223 1422 320 1452 etiam
334 1419 502 1459 quemdam
519 1419 635 1459 ducum
657 1426 789 1459 suorum
810 1416 968 1459 volentem
989 1426 1064 1459 cum
1094 1418 1489 1459 interimere,rnon_sivit,
1514 1418 1621 1448 dicens
1641 1429 1647 1447 :
1666 1419 1795 1459 Dimitte
1821 1425 1855 1449 ut

222 1456 396 1492 maledicat,
413 1458 559 1498 quoniam
576 1457 724 1486 Dominus
739 1456 895 1498 mandavit
912 1456 940 1486 ιιί
954 1467 963 1485 ;
978 1457 1112 1495 forsitan
1129 1457 1271 1498 respiciet
1282 1458 1370 1498 Deus
1385 1457 1590 1498 humilitatem
1604 1468 1700 1487 meum
1719 1458 1760 1497 (‘2.
1781 1460 1854 1498 Reg.

226 1500 274 1530 16.
299 1500 360 1538 11).
383 1495 425 1528 Et
443 1507 570 1540 rursus,
583 1506 654 1540 cum
674 1495 853 1540 sacerdotes
872 1498 1023 1540 rogarent
1041 1499 1076 1540 u_t
1101 1505 1178 1540 cuni
1193 1496 1247 1525 illo
1261 1496 1521 1540 circumferretur
1536 1506 1610 1540 arca
1625 1519 1632 1533 ,
1656 1495 1854 1540 noiiqiassus

225 1542 273 1569 est
289 1550 295 1568 :
316 1535 369 1569 sed
389 1539 467 1570 Stet,
482 1537 597 1575 inquit,
615 1536 645 1565 in
662 1536 776 1576 templo
790 1545 799 1563 :
814 1535 883 1576 etsi
900 1535 1076 1576 lihcraecrit
1091 1545 1136 1564 mc
1160 1536 1240 1565 Deus
1265 1536 1297 1565 {Ia
1313 1536 1503 1576 instantibus
1525 1537 1628 1569 mulis,
1654 1535 1760 1566 ridebo
1776 1539 1856 1576 pul—

225 1578 431 1609 chritudinem
446 1574 894 1616 ejusfsierro/ligaritlaibi,
917 1574 1001 1604 Nolo
1026 1579 1052 1604 te
1067 1584 1156 1616 :_ccce
1181 1584 1247 1613 ego,
1269 1576 1367 1616 faciat
1391 1575 1466 1605 mihi
1481 1576 1564 1614 quod
1590 1575 1692 1614 placet
1713 1577 1745 1606 in
1772 1574 1855 1606 con—

221 1623 332 1657 spectu
346 1617 410 1657 ejus
424 1614 464 1655 (ἐξ
481 1614 621 1657 Ιέεῃᾼὸ.
636 1614 766 1657 25³⁵26).
792 1614 966 1657 l_ll_ud‘vero
982 1623 1057 1657 erga
1081 1614 1331 1657 Sau_l_cm_semcl
1354 1615 1534 1657 iterumque
1557 1618 1588 1644 et
1610 1616 1771 1657 multoties
1803 1617 1856 1646 fa—

222 1653 321 1694 ctum,
339 1653 447 1686 n'onn'e
463 1653 625 1685 cumulum
650 1653 860 1692 philosophiae
880 1653 1016 1691 ingentis
1040 1654 1202 1694 ostendit?
1218 1654 1364 1684 Veterem
1378 1655 1496 1692 quippe
1511 1657 1722 1692 superaverat
1736 1655 1854 1694 legem,

224 1699 256 1728 et
271 1705 371 1735 prope
385 1695 424 1726 ad
438 1695 614 1732 apostolica
631 1695 794 1735 pratccpta
812 1695 1014 1735 pervenerat.
1030 1693 1151 1723 Idcirco
1165 1702 1237 1731 qua:
1253 1694 1308 1735 Dei
1336 1696 1439 1735 erant,
1466 1703 1521 1732 per
1543 1694 1650 1735 omnia
1674 1693 1825 1733 diligebat
1846 1705 1853 1724 :

227 1732 289 1766 nou
314 1732 381 1774 ipse
395 1744 429 1764 se
450 1735 487 1763 de
503 1734 541 1763 iis
556 1742 626 1774 quae
654 1733 775 1774 fecerat
789 1732 934 1774 laudans,
963 1732 1016 1761 sed
1043 1741 1142 1762 unum
1159 1736 1202 1774 et
1218 1733 1322 1774 solum
1348 1733 1452 1774 studet
1478 1733 1568 1771 sequi
1586 1734 1625 1762 ab
1639 1733 1713 1774 ipso
1729 1732 1851 1772 positas

225 1772 503 1815 legesjeisquein
524 1773 673 1815 omnibus
685 1772 888 1815 obedire'lit
901 1773 972 1809 post
987 1774 1032 1815 tot
1056 1775 1140 1815 certe
1157 1772 1211 1815 illa
1234 1773 1348 1801 merita
1366 1772 1532 1807 virtutum,
1548 1781 1620 1815 eum
1637 1773 1728 1815 illum
1746 1776 1855 1812 tyran-

225 1811 302 1845 num
314 1837 322 1849 ,
338 1811 543 1847 fratricidam,
560 1811 750 1850 parricidam
764 1833 771 1846 ,
791 1811 984 1849 injuriosum
998 1813 1094 1849 atque
1111 1811 1268 1840 furiosum
1297 1820 1354 1849 pro
1381 1820 1413 1840 se
1431 1814 1619 1850 regnantem
1640 1811 1772 1847 videret,
1797 1822 1853 1844 nec.

224 1855 270 1884 sic
289 1854 418 1892 quidem
443 1851 629 1882 scandalum
656 1850 1006 1892 mente_concepit_:sed
1022 1851 1192 1888 si,inquit,
1209 1850 1268 1879 hoc
1295 1851 1397 1892 visum
1422 1850 1517 1880 fuerit
1542 1851 1696 1892 Deo,_me
1722 1852 1851 1890 quidem

223 1889 381 1932 exagitari
397 1895 428 1922 et
441 1900 550 1932 errare
565 1899 691 1928 semper
703 1898 740 1932 ac
758 1890 882 1932 fugere,
900 1889 990 1932 illum
1003 1898 1079 1919 vero
1090 1897 1237 1932 regnare,
1254 1890 1541 1932 amplectoratque
1558 1890 1703 1932 suscipio
1719 1889 1774 1920 :iet
1790 1892 1850 1921 ha—

225 1928 360 1970 beo'pro
376 1931 568 1965 innumeris,
584 1939 655 1970 quae
672 1938 690 1959 a
702 1930 768 1959 Deo
785 1929 862 1958 mihi
875 1928 1068 1970 inferuntur,
1083 1928 1345 1970 tribulationibus
1363 1929 1510 1970 gratiam.
1526 1929 1745 1970 Longe_aliter
1757 1939 1852 1968 quam

224 1968 353 2010 plurimi
370 1970 568 2010 impudentes
581 1969 701 2007 pariter
714 1971 745 2010 et
757 1971 956 2010 arrogantes,
969 1968 1024 2006 qui
1038 1977 1109 1997 cum
1123 1976 1163 1997 ne
1175 1968 1338 1997 minimam
1350 1968 1478 2005 quidem
1494 1970 1616 2010 partem
1631 1968 1670 1998 de
1685 1969 1769 2010 illius
1780 1971 1854 2010 vir-

227 2006 294 2040 iute
321 2006 516 2048 possideant,
540 2008 566 2038 si
586 2006 675 2045 iquos
696 2007 825 2036 videant
852 2009 1234 2048 prospereiagentestse
1249 2016 1325 2036 vero
1347 2014 1480 2048 parvam
1505 2006 1640 2048 sufferre
1659 2009 1852 2048 mmstitiam,

227 2045 454 2080 mille-animas
471 2056 546 2078 suas
570 2055 634 2075 non
648 2048 794 2075 metuunt
818 2046 988 2075 vulnerare
1010 2045 1228 2083 blasphemiis.
1247 2047 1287 2075 At
1311 2054 1376 2075 non
1394 2046 1489 2075 etiam
1513 2046 1612 2076 David
1631 2047 1704 2077 talis
1717 2047 1786 2082 fuit,
1800 2050 1855 2079 sed

225 2089 309 2119 inter
322 2088 480 2119 maximas
497 2086 740 2116 tribulationum
762 2085 930 2122 procellas,
951 2093 1078 2114 omnem
1091 2084 1277 2114 modestiam
1303 2093 1341 2115 ac
1356 2085 1544 2123 patientiam
1561 2086 1677 2115 mentis
1693 2087 1832 2116 ostendit
1847 2097 1854 2118 :

248 2131 357 2167 ropter
379 2127 464 2166 quod
481 2126 569 2167 Adixit
593 2125 678 2167 Deus
693 2134 699 2153 :
715 2124 829 2154 Inveni
844 2124 948 2167 David
962 2123 1167 2167 ﬁlium_Jesse,
1184 2123 1296 2167 vitam
1309 2124 1481 2167 secundum
1497 2133 1550 2154 cor
1564 2125 1776 2167 meant_(P§al.
1800 2125 1851 2155 88.

248 2190 255 2197 .
271 2163 334 2206 21).
354 2163 463 2197 Talem
479 2165 577 2204 igitur
587 2165 682 2194 etiam
697 2172 754 2192 nos
771 2163 993 2206 ppssideamus
1014 2163 1154 2193 animam
1173 2165 1229 2206 :_et
1243 2163 1400 2206 quidquid
1418 2163 1570 2206 patimur,
1601 2163 1691 2206 facile
1715 2165 1851 2206 feremus

226 2216 265 2237 ac
283 2201 425 2237 fortiter:
439 2201 536 2243 atque
551 2206 626 2234 ante
639 2211 773 2242 regnum
789 2202 943 2237 futurum,
963 2202 1013 2231 hic
1032 2201 1320 2243 quoquei‘ructum
1336 2202 1374 2231 de
1393 2201 1573 2232 humilitate
1595 2204 1769 2241 capiemus.
1795 2204 1852 2234 Di-

229 2246 315 2277 scite.
332 2245 437 2283 inquit
450 2241 618 2278 Dominus,
635 2254 653 2273 (ι
667 2241 720 2277 rae.
737 2245 810 2283 quia
831 2245 914 2275 mitis
934 2253 1001 2273 sum
1015 2246 1043 2272 et
1064 2242 1189 2283 humilis
1203 2241 1305 2283 corde.
1321 2247 1349 2272 et
1364 2243 1529 2283 invenietis
1544 2244 1677 2282 requiem
1691 2245 1852 2274 animabm

229 2290 338 2329 vestris
355 2281 482 2329 (Matth.
499 2284 546 2313 11.
561 2283 624 2329 29).
638 2284 674 2314 Ut
690 2281 765 2323 ergo
787 2284 838 2329 hic
854 2286 885 2329 et
900 2284 942 2313 ibi
964 2284 1073 2329 optata
1091 2282 1202 2329 requie
1220 2281 1322 2327 multa
1349 2291 1422 2312 cum
1434 2281 1772 2329 gloria'perfruamur,
1789 2285 1853 2329 hu—

230 2321 405 2360 militatem,
422 2325 554 2354 matrem
572 2321 741 2358 bonorum,
765 2323 883 2353 nostris
899 2321 1025 2361 penitus
1045 2322 1204 2352 mentibus
1226 2321 1418 2351 inseramus.
1434 2321 1484 2351 Sic
1499 2323 1583 2351 enim
1607 2326 1637 2351 et
1661 2323 1753 2352 istius
1778 2324 1851 2353 vitae

229 2363 359 2402 pelagus
391 2364 513 2401 absque
530 2363 596 2392 ullo
626 2366 748 2392 tumore
769 2360 922 2393 fluctuum
945 2362 1084 2402 transire
1101 2361 1292 2402 poterimus,
1319 2363 1353 2402 et
1374 2360 1412 2402 ad
1423 2361 1732 2402 tranquillissimum
1763 2363 1853 2393 illum

228 2400 355 2440 portum
368 2402 551 2442 enavigare,
569 2403 671 2441 gratia
685 2405 716 2432 et
731 2402 948 2432 misericordia
962 2401 1086 2442 Domini
1105 2400 1296 2442 nostriJesu
1314 2400 1443 2442 Christi,
1460 2400 1510 2442 cui
1529 2405 1577 2430 est
1590 2401 1692 2440 gloria
1709 2404 1739 2431 et
1754 2401 1854 2441 impe-

227 2439 322 2479 rium,
346 2451 418 2472 cum
434 2439 524 2472 Patre
538 2439 694 2472 et'sancto
709 2441 839 2480 Spiritu,
859 2441 890 2471 in
916 2441 1111 2480 sempiterna
1124 2440 1242 2470 saacula
1261 2439 1464 2470 saeculorum.
1480 2440 1592 2469 Amen.

707 2554 880 2585 HOMILIA
901 2556 1063 2593 QUARTA
1084 2557 1142 2586 ΕΧ
1163 2557 1305 2587 CAPlTE
1327 2558 1353 2587 Ι.

219 2605 449 2649 Omnncsigiiur
474 2608 686 2649 generationes
711 2605 748 2636 ab
772 2606 925 2649 Abraham
947 2617 1042 2649 usqae
1061 2607 1101 2637 ad
1125 2607 1247 2649 David,
1278 2610 1492 2647 generationes
1505 2610 1740 2649 quatuordecim
1754 2621 1764 2641 :
1782 2616 1810 2642 et
1833 2623 1852 2642 ιι

258 2644 480 2690 David_u§qite
492 2644 533 2690 ad
547 2646 851 2690 transmigrationem
865 2644 1046 2690 Babylohis,
1064 2644 1526 2690 generationes'quatuordcciﬁt
1540 2661 1549 2680 :
1561 2654 1589 2680 et
1608 2660 1628 2680 α
1647 2652 1852 2690 transmigra-

259 2685 343 2715 tione
357 2683 527 2723 Babylonis
545 2693 639 2724 usque
655 2683 695 2715 ad
712 2685 875 2720 Christum,
895 2683 1106 2725 geheratimies
1120 2683 1363 2727 qualuordccim.

258 2735 287 2779 1.
310 2734 445 2779 gmnem
455 2735 500 2779 ab
509 2735 671 2779 Abraham
698 2744 803 2779 usque
817 2736 855 2766 ad
880 2736 1040 2779 Christum
1051 2737 1295 2779 generationum
1313 2738 1429 2779 seriem
1447 2741 1510 2768 tres
1538 2739 1570 2768 in
1586 2741 1694 2778 partes
1710 2749 1847 2779 evange-

219 2774 290 2818 lista
308 2774 415 2818 divisit
430 2783 437 2802 :
454 2774 624 2818 ostendens
635 2775 726 2818 qu_od_
739 2784 798 2805 nec
812 2777 1013 2818 commutatis
1030 2774 1158 2818 quidem
1168 2777 1342 2818 disciplinae
1355 2778 1455 2808 modis
1474 2800 1482 2812 ,
1504 2778 1557 2808 ille
1573 2774 1726 2818 umquam
1743 2774 1845 2818 popu-

219 2815 269 2859 lus
289 2813 330 2844 sit
342 2813 457 2843 melior
468 2813 597 2859 eil'ectu‘s
611 2824 617 2859 ς
631 2814 685 2844 sed
701 2815 768 2844 sive
784 2815 1004 2859 aristocratiaa,
1027 2813 1094 2846 sive
1107 2825 1219 2859 regno,
1235 2813 1302 2847 sive
1317 2818 1502 2856 oligarchiaa
1518 2813 1657 2859 pareret,
1679 2819 1711 2848 in
1731 2813 1842 2848 ead-em

219 2856 327 2896 tamen
341 2861 467 2883 morum
482 2855 640 2896 pravitate
656 2855 865 2896 permanserit
881 2866 890 2886 :
904 2857 935 2896 et
956 2865 1061 2894 neque
1076 2865 1148 2885 cum
1163 2856 1291 2891 ducum,
1309 2855 1414 2894 neque
1429 2866 1501 2886 cum
1514 2855 1637 2896 regum,
1654 2867 1759 2896 neque
1772 2867 1844 2887 cum

219 2892 420 2924 sacerdotum
434 2894 590 2931 potestate
603 2897 780 2933 regeretur,
796 2894 834 2924 ad
850 2894 990 2924 studium
1008 2892 1134 2926 virtutis
1151 2897 1332 2926 accesserit.
1352 2892 1499 2933 Quanam
1519 2892 1615 2936 igitur
1631 2892 1754 2927 ratione
1769 2906 1845 2928 sua-
