2055 3128
221 148 288 175 1003
820 149 932 176 ΛΝΙᾹΝΙ
954 148 1236 177 ΙΝΊῈΙΠἪΕΤΛΤΙΟ.
1770 143 1841 171 10106

221 206 325 238 (lente,
340 206 404 233 tres
420 203 540 241 pariter
557 212 646 242 rcges
664 204 694 232 in
720 203 822 234 media
841 203 1086 243 generationum
1099 202 1356 243 parteprzeteriit
1371 212 1378 231 :
1393 203 1425 232 in
1444 201 1558 232 ultima
1575 211 1651 243 vero
1668 210 1741 231 cum
1759 202 1850 243 duo—

221 243 322 283 decim
339 243 540 283 solummodo
554 241 715 281 posuisset
735 241 970 283 generationes,
990 242 1233 281 quatuordecim
1247 251 1307 283 eas,
1321 251 1390 272 esse
1405 244 1561 283 memorat
1572 243 1586 271 ?
1599 241 1705 283 Prius
1717 242 1850 283 quidem

222 282 299 312 illud
315 282 405 312 vobis
423 282 528 320 potius
547 282 772 320 inquirendum
787 283 935 321 relinquo
955 292 961 311 :
980 291 1085 320 neque
1109 283 1194 311 enim
1221 282 1331 313 omnia
1344 282 1491 320 exposita
1506 285 1603 319 atque
1617 282 1765 311 absoluta
1787 282 1852 311 de—

222 322 301 352 betis
323 322 485 360 accipere,
506 331 545 351 ne
566 323 655 352 vobis
678 332 719 352 ex
738 326 847 352 nostro
870 324 1023 352 nascatur
1047 322 1156 351 labore
1180 321 1312 352 desidia.
1336 322 1481 351 Alterum
1509 329 1584 351 vero
1615 321 1676 359 ipsi
1697 321 1849 359 expedire

221 361 426 391 tentabimus.
448 361 524 390 Mihi
541 363 626 391 enim
641 361 765 391 videtur
786 362 845 391 hoc
859 362 929 391 loco
949 362 1045 391 etiam
1061 361 1252 400 captivitatis
1272 364 1394 399 tempus
1410 362 1444 390 in
1475 361 1717 399 generationum
1736 361 1850 389 ordine.

220 401 398 436 collocare,
415 400 468 430 sed
495 405 525 430 et
545 402 611 440 ipse
629 401 773 431 Christus
790 402 886 430 unius
913 410 1084 431 numerum
1109 401 1326 439 generationis
1351 401 1496 438 implere,
1515 403 1551 429 ut
1575 409 1671 437 quem
1691 408 1731 429 ex
1758 400 1847 440 omni

220 443 310 478 parte
336 441 426 470 nobis
441 439 616 479 conjungit.
642 441 724 470 Bene
743 445 849 470 autem
872 441 967 471 etiam
990 440 1182 479 captivitatis
1209 440 1412 479 Babylonica}
1435 440 1642 470 recordatur:
1669 441 1704 468 ut
1724 439 1847 468 scilicet

220 480 331 509 doceat
349 502 356 514 ,
381 480 535 518 populum
562 480 745 509 Juilaaorum
762 490 801 510 ne
819 480 873 510 illa
898 480 1027 519 quidem
1046 479 1253 517 castigatione
1276 482 1455 509 correctum
1472 501 1479 514 ,
1506 479 1673 516 modisque
1696 479 1848 519 omnibus

221 520 437 549 necessariam
451 519 548 549 fuisse
563 519 678 549 Christi
696 518 916 556 przeseutiamf
926 520 1053 549 Marcus
1075 528 1150 548 vero
1166 519 1264 548 alium
1279 519 1437 549 scribendi
1456 518 1601 548 ordinem
1629 518 1730 547 texuit
1755 527 1762 546 ε
1789 527 1848 546 nec

221 559 304 588 enim
320 559 543 598 generationes
557 581 564 593 ,
588 559 706 596 quibus
720 558 880 588 Christum
897 562 1103 594 annumeret,
1118 559 1272 597 explicuit
1291 568 1297 587 :
1314 558 1393 597 quin
1415 559 1511 588 etiam
1527 557 1653 598 reliqua
1661 557 1846 598 narrando.

221 597 361 638 maxime
387 598 574 638 perstrinxit
598 600 711 628 cuncta
732 598 929 636 compendio.
947 599 1014 638 Ego
1033 599 1130 637 igitur
1145 599 1293 627 existimo
1308 621 1315 633 ,
1332 597 1645 638 pprimumwomnium
1659 597 1846 626 Malthzeum

222 637 431 675 Evangelium
451 637 608 666 edidisse:
627 640 756 676 prepter
778 638 863 676 quod
882 639 978 668 etiam
996 638 1241 677 generationum
1257 637 1439 677 catalogum
1464 637 1633 677 diligenter
1650 639 1845 677 enumcrdt_.

224 680 253 706 et
268 674 360 715 plene
374 679 488 706 cuncta
502 679 598 714 atque
614 674 770 706 instanter
785 674 985 715 exsequitur.
998 674 1130 707 Marcus
1147 679 1253 706 autem
1265 674 1493 714 compendiosa
1506 674 1578 714 post
1596 675 1686 705 illum
1702 674 1842 705 cucurri:

218 721 285 755 via,
300 720 410 756 utpote
427 716 482 755 qui
498 717 563 757 jam
580 717 621 747 ab
645 716 709 746 alio
723 716 805 746 dicta
831 719 861 757 et
879 716 1050 757 manifesta
1066 716 1248 757 replicaret.
1265 716 1470 757 Lucasrsane
1485 726 1550 747 non
1572 718 1667 746 modo
1687 721 1767 747 textt
1789 728 1850 757 ge—

218 758 421 789 nerationum
449 756 643 795 catalogum,
668 764 779 785 verum
798 756 892 786 etiam
911 756 1056 793 pluribus
1074 764 1148 796 eum
1168 756 1248 784 texit
1269 756 1471 785 extendendo
1494 757 1679 796 nominibus
1698 767 1705 786 :
1729 756 1851 796 quippe

217 798 272 836 qui
288 795 426 836 Matthzei
444 795 616 834 scriptione
632 798 824 836 praeventus,
847 794 1120 836 ampliusraliquiid
1131 794 1246 825 docere
1263 803 1320 824 nos
1340 796 1476 825 studeat.
1495 795 1593 826 Suum
1609 797 1695 826 enim
1712 794 1854 835 quisque

219 835 317 875 probe
332 839 380 865 est
406 835 547 864 imitatus
565 835 764 875 magistrum.
782 835 908 864 Marcus
936 835 1064 873 quidem
1079 835 1228 875 rPetrum,
1255 836 1427 863 verborum
1455 837 1608 873 parcitate
1634 836 1828 874 gaudentem
1846 847 1854 865 :

219 874 320 906 Lucas
338 883 413 905 vero
426 875 571 909 Paulum,
598 874 764 903 ﬂuminum
780 875 904 912 copiam
918 875 1066 903 ubertate
1079 874 1229 911 loquendi
1253 877 1470 911 superantem.
1487 875 1552 904 Cur
1578 884 1654 905 vero
1683 875 1855 905 Matthzeus

219 917 251 946 in
271 916 342 953 ipso
357 915 515 944 sermonis
538 914 671 944 exordio
686 923 750 943 non
771 913 851 942 dixit
866 914 952 951 quod
969 914 1130 952 propheta!
1149 914 1296 943 solebant
1311 923 1318 941 :
1341 913 1427 943 Πείο
1445 923 1535 952 quam
1562 915 1639 947 vidi,
1657 915 1719 950 vel,
1747 916 1856 945 Sermo

219 955 273 994 qui
287 954 327 984 ad
338 963 381 983 me
394 955 495 992 factus
516 958 558 994 est
571 954 585 982 ?
599 953 682 989 Quia
698 953 935 994 illisrscribebat
957 953 1110 994 profecto,
1128 953 1182 994 qui
1208 962 1280 982 cum
1297 954 1381 994 bona
1395 954 1503 994 omnia
1524 954 1687 984 voluntate
1703 955 1855 992 suscipe-

219 993 301 1027 rent,
318 994 436 1032 quippe
454 993 494 1031 (α)
516 993 688 1031 plurimum
704 993 744 1023 ab
762 993 848 1022 illius
860 993 1050 1022 auctoritate
1069 993 1243 1030 penderent
1260 1002 1266 1020 :
1284 993 1362 1030 quin
1376 993 1471 1022 etiam
1485 993 1565 1023 facta
1581 1003 1638 1031 per
1650 993 1755 1032 ipsum
1773 1003 1858 1032 szepe

219 1034 375 1064 miracula
395 1033 613 1062 testimonium
631 1032 720 1063 dictis
747 1032 914 1062 ferebant:
935 1035 965 1062 et
980 1032 1010 1061 hi
1026 1032 1143 1070 quibus
1159 1032 1369 1070 Evangelium
1385 1032 1583 1062 condebatur
1609 1036 1702 1063 erant
1726 1034 1757 1062 in
1781 1033 1856 1063 fidei

219 1074 345 1105 ratione
367 1072 554 1102 firmissimi.
575 1071 640 1102 Sub
655 1072 819 1110 prophetis
837 1074 945 1101 autem
970 1080 1029 1101 nec
1045 1074 1133 1101 tanta
1148 1075 1217 1101 erat
1232 1071 1402 1101 multitudo
1418 1072 1583 1110 signorum
1596 1095 1604 1109 ,
1620 1082 1678 1111 per
1691 1082 1790 1111 quam
1803 1081 1858 1102 co-

222 1123 295 1144 rum
312 1112 423 1142 merita
443 1112 598 1146 lucerent,
616 1114 646 1140 et
662 1111 803 1141 maxima
820 1113 896 1140 tunc
911 1111 1265 1150 pseudoprophetarum
1282 1111 1485 1141 iucrebuerat
1498 1113 1604 1147 turba,
1622 1113 1741 1150 quibus
1758 1113 1857 1142 etiam

220 1152 401 1192 promptius
425 1151 762 1192 Juda’orumpopulus
771 1151 908 1192 robedire’
917 1154 1146 1192 consueverat.
1162 1151 1393 1192 Propter_quod
1410 1151 1590 1192 necessaria
1604 1154 1678 1182 tunc
1693 1155 1762 1181 erat
1776 1161 1859 1190 pro—

221 1190 325 1231 phetis
340 1191 476 1220 formula
492 1191 551 1231 ista
571 1190 730 1231 principii.
746 1191 776 1219 Si
790 1198 865 1220 vero
881 1191 1056 1231 aliquando
1073 1190 1167 1219 etiam
1182 1190 1273 1231 signa
1291 1190 1371 1220 facta
1389 1199 1460 1220 esse
1472 1191 1668 1226 referuntur,
1684 1192 1857 1221 occasione

222 1230 304 1262 facta
322 1233 395 1260 sunt
412 1230 555 1268 gentium
572 1230 796 1265 barbararum,
812 1232 847 1259 ut
862 1230 950 1260 multi
969 1239 1008 1259 ex
1031 1230 1076 1259 eis
1096 1230 1331 1268 proselytorum
1356 1239 1492 1259 numero
1516 1231 1742 1269 jungerentur,
1760 1235 1790 1261 et
1820 1235 1855 1260 ut

221 1274 404 1310 opportuno
427 1270 457 1310 in
474 1272 616 1307 tempore
629 1269 746 1299 divina:
763 1270 937 1310 majestatis
963 1270 1087 1308 insigne
1110 1269 1311 1310 claresceret,
1339 1278 1382 1310 ne
1392 1270 1511 1299 scilicet
1531 1270 1587 1299 Dei
1613 1270 1767 1308 populum
1799 1271 1855 1300 ad—

221 1308 355 1341 versarii
373 1308 582 1348 subjugantes
600 1331 608 1342 ,
631 1310 773 1346 potentia
792 1309 924 1339 deorum
951 1318 1086 1339 suorum
1112 1309 1226 1338 vicisse
1255 1317 1288 1338 se
1312 1309 1490 1338 crederent.
1509 1309 1630 1339 Idcirco
1653 1310 1739 1339 enim
1765 1312 1796 1339 et
1823 1311 1857 1339 in

221 1351 358 1389 Egypto
374 1349 465 1387 signa
481 1348 562 1378 facta
578 1350 677 1389 sunt,
695 1348 776 1389 unde
796 1358 868 1378 cum
891 1348 1069 1389 Israelitico
1094 1348 1239 1389 exercitu
1265 1356 1381 1388 magna
1402 1348 1487 1377 illius
1504 1349 1615 1387 populi
1638 1349 1782 1388 profecta
1809 1352 1858 1379 est

222 1388 394 1419 multitudo
410 1398 416 1416 :
437 1390 467 1417 et
487 1391 596 1426 postea
613 1388 644 1417 in
663 1388 837 1427 Babylone,
854 1391 884 1417 et
900 1388 931 1417 in
946 1388 1085 1418 fornacis
1104 1388 1244 1426 ignibus,
1264 1391 1294 1417 et
1318 1389 1638 1426 interpretationibus
1657 1389 1857 1419 somniorum

223 1429 364 1459 maxima
378 1427 526 1457 effulsere
547 1427 715 1456 miracula.
737 1427 906 1465 Copiosius
920 1436 994 1457 vero
1020 1427 1112 1466 signa
1132 1427 1311 1456 micuerunt
1328 1450 1335 1464 ,
1352 1437 1424 1457 cum
1441 1431 1549 1458 essent
1568 1429 1598 1457 in
1616 1437 1723 1458 eremo
1739 1437 1758 1458 a
1777 1438 1859 1458 cun-

223 1470 280 1499 ctis
297 1468 446 1507 gentibus
460 1466 592 1496 omnino
609 1468 760 1504 separati.
778 1467 896 1496 Verum
920 1467 968 1496 bis
987 1475 1050 1496 non
1075 1467 1186 1504 utique
1202 1467 1325 1496 rariora
1347 1468 1442 1497 etiam
1462 1470 1604 1506 tempore
1628 1471 1746 1497 nostra:
1762 1477 1859 1497 voca-

225 1508 320 1538 tionis
336 1510 463 1537 osteusa
490 1508 576 1535 sunt.
597 1507 673 1535 Nam
703 1510 769 1535 tum
788 1515 918 1544 quoque
938 1516 1009 1536 cum
1038 1507 1176 1544 primum
1193 1507 1361 1545 evangelio
1389 1510 1596 1542 coruscante,
1617 1508 1667 1537 vel
1683 1507 1781 1537 Judaei
1809 1507 1860 1537 vel

223 1550 333 1587 gentes
348 1547 387 1576 ad
402 1546 569 1575 veritatem
585 1546 625 1575 ab
642 1554 751 1575 errore
767 1547 941 1576 transirent
956 1568 963 1580 ,
983 1546 1120 1587 plurima
1135 1554 1189 1587 eos
1210 1548 1243 1587 et
1265 1546 1833 1587 maximaAmirabiliag‘provocabant
1850 1569 1858 1582 ,

223 1584 295 1626 quae
313 1589 396 1617 certe
411 1594 475 1626 non
489 1588 565 1626 ante
581 1589 770 1619 cessarunt,
797 1593 894 1626 quam
924 1585 1117 1614 anuuutiata
1143 1585 1175 1614 in
1204 1584 1368 1626 Christum
1385 1585 1460 1615 fides
1481 1588 1545 1615 toto
1561 1584 1675 1616 diﬂ'usa
1695 1587 1773 1615 orbe
1802 1595 1860 1616 re—

224 1625 347 1666 gnaret.
371 1625 460 1666 Quod
479 1625 504 1666 si
520 1626 703 1666 etiampost
721 1634 863 1666 eremum
882 1625 963 1654 facta
985 1627 1059 1654 sunt
1075 1646 1082 1659 ,
1112 1625 1288 1666 paueaﬂilla
1306 1625 1434 1654 fuerunt
1450 1628 1481 1666 et
1503 1634 1597 1655 rara:
1618 1629 1652 1655 ut
1673 1635 1747 1666 cum
1762 1626 1812 1654 sol
1840 1634 1861 1656 a

224 1664 283 1697 suo
306 1675 403 1696 cursu
424 1664 541 1694 destitit
558 1686 565 1696 .
583 1664 630 1693 vel
647 1673 718 1693 cum
737 1665 831 1694 etiam
848 1667 1024 1694 retrorsum
1040 1664 1193 1694 cucurrit.
1211 1665 1273 1694 Nec
1292 1667 1401 1694 nostra
1415 1665 1543 1702 quidem
1564 1687 1572 1700 ,
1592 1666 1618 1694 si
1639 1665 1859 1699 recordemur,

224 1708 316 1737 aetate
337 1704 496 1734 mirabilia
514 1703 694 1732 defuerunt.
712 1704 873 1741 Siquidem
890 1705 949 1733 sub
972 1704 1115 1741 principe
1127 1703 1269 1737 Juliano.
1284 1704 1339 1742 qui
1366 1713 1475 1733 omnes
1496 1704 1657 1742 impietate
1672 1705 1860 1742 supermit,

225 1746 318 1785 signa
336 1744 520 1785 frequenter
541 1746 776 1785 ostensa__s_unt.
791 1743 908 1772 Judzeis
925 1744 1010 1785 enim
1025 1743 1177 1785 templum
1187 1743 1396 1785 .Ierosolymis
1410 1743 1603 1785 reagditicare
1628 1744 1834 1785 cupientibus
1852 1766 1859 1778 ,

224 1782 269 1815 dei
281 1783 494 1814 fundamentis
512 1782 593 1820 ignis
610 1782 775 1815 exsiliens.
796 1791 814 1812 a
839 1786 940 1820 empta
956 1783 1028 1812 illos
1052 1782 1261 1812 {edificatione
1276 1783 1441 1812 deterruit.
1465 1784 1502 1812 Et
1519 1793 1590 1813 cum
1609 1783 1690 1813 idem
1705 1783 1862 1820 profanus

225 1827 350 1855 sacrata
363 1823 428 1852 Deo
443 1830 521 1862 vasa
535 1821 731 1855 temerando,
742 1823 926 1851 ebrietatem
943 1831 1010 1851 sum
1028 1822 1142 1851 mentis
1153 1822 1452 1860 ostendit,quwstor
1465 1824 1582 1862 regalis
1600 1823 1705 1852 aerarii
1723 1832 1780 1861 per
1793 1832 1861 1852 me-

224 1864 311 1894 dium
321 1865 450 1901 repente
460 1861 607 1899 diruptus
623 1863 680 1890 est.
692 1862 781 1890 'l‘uuc
793 1862 888 1892 etiam
905 1861 1046 1899 ejusdem
1059 1861 1142 1899 regis
1158 1862 1350 1901 avunculus,
1363 1862 1499 1892 nominis
1514 1872 1645 1901 quoque
1663 1863 1706 1891 illi
1720 1871 1860 1892 commu-

231 1905 327 1933 nione
341 1900 545 1940 cenjunctus,
561 1901 722 1941 vermibus
733 1910 848 1941 exesus
865 1901 999 1930 interiit:
1016 1901 1144 1941 quando
1158 1900 1258 1930 fontes
1273 1910 1404 1939 quoque
1415 1902 1577 1941 largorum
1590 1900 1679 1940 prius
1694 1901 1863 1930 ﬂuminum

226 1952 316 1972 more
335 1943 500 1971 manantes
524 1940 652 1978 pollutis
671 1949 727 1977 per
742 1940 899 1971 sacriﬁcia
919 1940 1103 1978 regionibus
1119 1943 1287 1970 aruerunt.
1305 1941 1394 1970 Tunc
1408 1942 1503 1970 etiam
1528 1941 1740 1971 intolerabilis
1759 1941 1859 1970 fames

225 1986 292 2013 toto
317 1989 450 2020 prorsus
477 1980 554 2020 orbe
579 1988 651 2020 cum
667 1979 764 2020 impio
783 1989 856 2017 rege
876 1979 1039 2020 dominata
1055 1982 1112 2020 est.
1130 1980 1207 2016 Quis
1228 1983 1322 2019 neget
1353 1981 1444 2018 signa
1467 1981 1531 2011 hmo
1552 1982 1650 2010 fuisse,
1666 1980 1864 2020 manifesta?

264 2022 294 2051 9..
318 2018 386 2050 Mos
403 2019 561 2058 siquidem
578 2018 632 2048 Dei
649 2021 697 2048 est
715 2018 774 2047 iste
786 2042 793 2053 ,
812 2023 846 2048 ut
861 2028 933 2048 cum
956 2019 1037 2048 mala
1055 2019 1094 2048 ad
1115 2020 1278 2049 cumulum
1303 2029 1395 2049 suum
1416 2021 1576 2053 venerint.
1591 2029 1729 2058 cumque
1746 2019 1862 2049 viderit

224 2062 365 2099 graviter
375 2063 406 2089 et
422 2057 497 2088 sues
513 2057 621 2099 afﬂigi,
637 2060 667 2086 et
680 2058 882 2099 adversarios
898 2058 1066 2097 tyrannide
1082 2059 1221 2096 quadam
1236 2062 1347 2089 contra
1363 2068 1396 2089 se
1412 2060 1583 2097 impietatis
1601 2057 1724 2096 extolli,
1740 2060 1788 2099 vel
1807 2068 1864 2098 po-

225 2097 287 2131 tius
305 2100 419 2130 mentis
433 2099 584 2138 ebrietate
602 2097 761 2138 bacchari,
775 2101 850 2138 tunc
863 2098 1037 2128 divinitatis
1053 2107 1118 2128 sua:
1134 2099 1307 2136 potentiam
1324 2108 1380 2137 per
1394 2099 1485 2138 signa
1500 2100 1649 2129 declaret.
1664 2098 1755 2136 Quod
1767 2099 1863 2129 etiam

224 2143 356 2179 propter
369 2138 492 2168 Judaeos
509 2138 540 2166 in
556 2137 718 2179 Babylone,
737 2137 852 2176 legitur
870 2138 1141 2179 implesseLQuod
1159 2147 1234 2167 vero
1251 2147 1315 2167 non
1333 2138 1467 2179 frustra,
1483 2148 1541 2169 nec
1564 2140 1686 2179 absque
1701 2141 1863 2179 certara—

225 2176 311 2210 tione
340 2178 471 2208 omnino
499 2179 561 2205 tres
589 2176 621 2205 in
649 2180 755 2214 partes
776 2178 996 2216 progenitores
1020 2177 1137 2207 Christi
1161 2178 1360 2216 evangelista
1375 2178 1539 2214 diviserit,
1561 2188 1600 2208 ex
1620 2178 1668 2208 his
1690 2187 1762 2216 qum
1779 2177 1864 2209 dicta

224 2222 310 2254 sunt,
331 2218 535 2258 perspicuum
550 2218 609 2258 est.
628 2215 802 2258 Diligenter
818 2218 927 2255 itaque
943 2217 1165 2258 perpendetet
1180 2215 1263 2258 unde
1279 2218 1345 2256 ipse
1361 2218 1604 2258 generationum
1618 2215 1866 2258 numerusinci-

227 2260 313 2297 piat,
327 2255 358 2288 ét
374 2255 427 2287 ubi
447 2255 539 2297 finiat
552 2265 559 2283 :
573 2256 614 2297 ab
629 2256 791 2286 Abraham
807 2258 958 2297 nimirum
977 2265 1079 2295 usque
1093 2256 1131 2286 ad
1150 2256 1260 2297 David,
1278 2255 1308 2286 et
1321 2266 1340 2287 a
1357 2255 1457 2287 David
1473 2267 1576 2295 usque
1587 2258 1627 2287 ad
1646 2257 1866 2297 transmigra—

226 2295 344 2328 tionem
358 2295 595 2336 Babylonis,_ab
608 2295 667 2336 hac
682 2304 756 2336 vero
773 2305 875 2334 usque
891 2296 929 2326 ad
942 2296 1046 2334 ipsum
1061 2296 1206 2334 pervenit
1219 2296 1392 2326 Christum.
1407 2297 1487 2326 Nam
1500 2297 1532 2326 in
1550 2297 1617 2336 ipso
1636 2296 1771 2326 exordio
1784 2298 1864 2326 duos

226 2338 395 2377 eoujuncte
411 2334 530 2374 posuit,
542 2334 642 2363 David
658 2335 777 2364 scilicet
792 2338 822 2365 et
835 2335 1007 2377 AAbrahan'i.
1027 2337 1071 2365 Ac
1087 2345 1203 2377 rursus
1223 2337 1438 2377 periei-dinem
1452 2334 1639 2377 digerendo,
1663 2344 1722 2377 suo
1740 2336 1855 2377 uihjlo«

227 2375 332 2407 minus
350 2377 420 2406 loco
435 2378 609 2411 utrumque
629 2376 828 2414 memoravit.
843 2375 1018 2413 Siquidem,
1037 2377 1071 2404 ut
1086 2378 1159 2404 ante
1175 2375 1242 2413 jam
1257 2375 1413 2410 diximus,
1431 2376 1470 2406 ad
1488 2377 1572 2414 ipsos
1590 2375 1773 2414 specialiter
1790 2375 1867 2404 fue—

229 2420 304 2448 rant
316 2417 405 2446 [δεῖξε
418 2413 741 2453 promissiones.Cur
761 2418 867 2444 autem
887 2415 969 2444 sicut
991 2415 1194 2453 Babylonica
1210 2415 1402 2453 captivitatis
1431 2413 1586 2450 meminit,
1604 2413 1668 2445 non
1689 2416 1786 2445 etiam
1809 2415 1866 2444 de-

234 2465 367 2487 scensus
382 2452 600 2491 in’JEgyptum
616 2453 629 2480 ?
650 2452 729 2492 Quia
745 2453 802 2483 hos
819 2463 881 2483 non
899 2452 1068 2492 timebant,
1086 2452 1278 2492 Babylonios
1298 2463 1374 2484 vero
1390 2455 1502 2484 audire
1517 2455 1587 2484 sine
1601 2456 1715 2484 timore
1727 2463 1792 2484 non
1807 2463 1865 2490 po-

227 2499 332 2528 terant
348 2506 354 2525 :
370 2497 400 2524 et
416 2495 501 2532 quod
518 2492 594 2521 illud
613 2491 743 2530 quidem
761 2494 845 2521 esset
858 2491 1042 2528 antiquum,
1057 2491 1116 2520 hoc
1132 2500 1207 2532 vero
1227 2501 1351 2528 recens,
1368 2495 1465 2531 atque
1486 2494 1587 2523 oculis
1605 2503 1734 2532 semper
1748 2504 1866 2524 oecur-

227 2546 302 2567 rens
323 2546 331 2565 :
348 2537 379 2564 et
394 2531 471 2563 illuc
494 2532 623 2570 quidem
641 2540 705 2560 non
726 2532 856 2569 propter
872 2533 1003 2569 peccata
1024 2531 1149 2561 abducti
1168 2531 1307 2568 fuerant,
1323 2532 1386 2562 huc
1414 2542 1489 2562 vero
1506 2534 1547 2562 ob
1562 2531 1685 2564 scelera
1701 2535 1862 2565 translati.

226 2575 316 2613 Quod
331 2575 357 2604 si
373 2574 445 2613 quis
459 2572 626 2613 nominum
651 2570 945 2608 interpretationem
962 2570 1118 2613 discutere
1132 2572 1452 2613 conetur,‘maximas
1471 2573 1503 2602 in
1519 2573 1568 2602 bis
1583 2581 1715 2611 quoque
1734 2574 1862 2604 divitias

228 2610 498 2646 sensuum-latere
511 2611 694 2645 mirabitur,
706 2613 738 2639 et
751 2619 814 2639 non
832 2619 945 2648 parum
961 2610 1000 2640 ad
1016 2611 1258 2649 intelligentiam
1277 2611 1356 2641 Novi
1374 2612 1528 2649 proficere
1545 2610 1740 2642 Testameuti
1753 2636 1760 2649 ,
1779 2617 1813 2643 ut
1828 2615 1861 2644 in

229 2655 298 2693 ipso
315 2654 488 2693 Abraham,
502 2654 537 2681 ut
553 2651 584 2680 in
600 2651 709 2693 Jacob.
728 2653 762 2693 u_t
776 2650 807 2679 in
824 2650 993 2693 salom‘one
1007 2672 1014 2685 ,
1036 2653 1080 2693 nt_
1093 2650 1124 2679 in
1143 2650 1420 2693 Z_orobabel._Non
1440 2651 1525 2681 enim
1549 2652 1650 2682 otiose
1662 2674 1670 2687 ,
1686 2661 1745 2682 nec
1760 2661 1861 2684 vacuo

230 2689 295 2724 litec
310 2693 371 2722 illis
396 2692 526 2722 nomina
548 2690 725 2728 reperimus
744 2690 903 2728 imposita.
927 2689 985 2720 Sed
1009 2698 1048 2719 ne
1073 2689 1200 2728 longius
1223 2691 1438 2728 protrahendo
1456 2700 1636 2721 sermonem
1653 2713 1661 2726 ,
1677 2692 1861 2722 molestiam

230 2733 317 2763 vobis
334 2732 449 2762 inferre
468 2731 643 2763 videamur,
656 2730 873 2767 relinquentes
888 2729 1012 2770 ista,ad
1028 2730 1128 2770 magis
1149 2730 1329 2760 necessaria
1349 2733 1560 2761 transeamus.
1579 2731 1657 2761 Cum
1674 2731 1773 2770 igitur
1783 2742 1862 2770 pro-

250 2773 388 2802 enitores
409 2771 607 2801 nominasset
626 2778 747 2803 omnes,
764 2772 795 2799 et
809 2777 912 2807 usque
926 2769 1094 2808 adJosepb
1107 2770 1382 2800 enumerationem
1398 2771 1558 2806 venisset,
1574 2779 1639 2800 non
1651 2769 1757 2801 tamen
1773 2769 1805 2801 in
1822 2782 1860 2802 eo

242 2812 287 2842 uit
300 2814 389 2842 stare
397 2813 564 2840 contentus
577 2819 584 2838 :
602 2809 656 2840 sed
672 2809 801 2846 addidit,
819 2809 929 2840 Virum
941 2809 1078 2840 Mariw:
1093 2809 1304 2848 proculdubio
1319 2809 1500 2847 declarans,
1513 2813 1645 2849 propter
1659 2810 1749 2841 illam
1762 2812 1859 2842 istum

251 2914 286 2943 tu)
309 2909 397 2941 Forte,
409 2908 508 2940 quiuuc.
