2055 3128
244 160 309 186 lUD7
836 159 951 186 ANIANI
972 159 1021 186 IN'l
1030 159 1055 185 Ei

1047 158 1258 185 lRPltliTATltl.
1793 161 1858 188 anS

229 226 360 257 quoque
373 216 617 257 generationum
629 215 776 253 catalogo
792 215 1072 257 comprehensum.
1090 215 1207 246 Deinde
1225 225 1264 257 ne
1279 225 1352 257 cum
1368 217 1507 254 audires,
1528 218 1638 249 Virum
1650 219 1870 254 Mariw,c0m-

230 255 320 287 muni
338 255 469 295 putares
485 256 554 297 lege
569 257 691 297 naturze
710 257 820 297 natum
833 264 904 284 esse
924 265 931 284 :
948 255 1398 297 consideraquemadmodum
1417 257 1445 286 id
1460 257 1546 295 quod
1563 267 1654 288 secus
1671 262 1794 297 poterat
1807 261 1862 290 in—

229 297 340 336 telligi,
356 296 503 334 sequenti
517 295 624 325 statim
641 295 826 336 narratione
839 295 1027 336 correxerit.
1045 295 1169 325 Audisti
1187 296 1302 336 virum,
1315 296 1431 334 inquit,
1447 297 1564 326 audisti
1579 295 1724 335 matrem,
1741 299 1858 329 audisti

228 334 359 375 qlioque
376 344 477 374 puero
499 334 826 375 nomenrimpositum
853 344 860 362 :
885 335 958 364 audi
975 335 1093 375 itaque
1110 344 1195 365 nunc
1213 335 1308 365 etiam
1323 336 1539 374 generationis
1559 337 1700 367 modum.
1722 339 1769 368 18.
1784 340 1860 369 Jesu

228 374 345 407 Chrisu
368 379 470 405 autem
491 374 650 413 generatio
676 374 720 403 sic
736 378 812 403 erat.
834 374 1147 413 llesponde,quzeso,
1169 383 1266 413 super
1290 384 1355 413 qua
1371 376 1579 414 generatione
1592 386 1678 407 nunc.
1689 378 1828 409 disseras
1850 389 1857 408 :

227 423 425 455 quamquam
436 414 502 453 jam
514 414 544 455 id
561 414 665 455 ipsum
680 423 719 442 ex
734 416 823 451 parte
840 414 996 455 indicasse
1014 415 1162 455 videaris,
1179 415 1397 455 progenitores
1408 416 1559 454 superius
1578 418 1784 447 nominando.
1801 419 1858 447 Sed

230 453 317 491 volo,
334 453 448 493 inquit,
465 453 594 483 modum
606 453 710 491 ipsum
722 454 936 492 generationis
949 463 1122 491 exponere.
1139 454 1233 484 Vides
1246 457 1330 484 certe
1339 453 1606 492 quemadmodum
1621 457 1775 487 auditoris
1792 459 1860 487 ani-

228 504 315 525 mum
329 494 494 524 suscitarit
507 503 521 535 Ξ
533 501 607 535 nam
624 495 786 535 tamquam
802 502 919 522 novum
930 493 1085 535 quiddam
1096 493 1240 535 dicturus
1257 496 1352 535 esset,
1365 495 1519 532 promittit
1533 504 1566 525 se
1583 496 1710 524 modum
1726 506 1862 535 quoque

228 535 477 573 explicaturum.
504 532 767 573 Sedrconsidera,
782 541 903 570 quaeso,
920 534 1077 563 dictorum
1100 533 1320 564 admirabilem
1342 535 1618 572 consequentiam.
1648 532 1757 573 Neque
1773 532 1861 566 enim

228 572 381 604 continuo
406 573 445 603 ad
467 572 693 602 ostendendam
718 573 957 611 generationem
976 573 1044 611 ejus
1074 573 1219 607 accessit,
1236 573 1289 603 sed
1310 573 1343 602 in
1367 574 1475 611 primis
1492 576 1608 612 quotus
1627 575 1667 604 ab
1683 572 1860 608 Abraham,

228 617 347 652 quotus
364 622 383 643 a
398 612 510 647 David,
525 615 668 652 quotque
683 612 926 652 generationum
944 613 1095 651 gradibus
1111 621 1130 643 a
1146 612 1428 650 transmigratione
1439 614 1609 652 Babylonis
1630 614 1760 645 distaret
1775 615 1858 644 edo-

228 651 294 683 cuit
310 663 318 682 :
338 661 396 691 per
409 652 494 690 quod
511 651 690 692 studiosum
701 651 879 692 auditorem
894 652 932 682 ad
952 655 1129 692 temporum
1144 652 1403 690 supputationem
1419 651 1542 682 remisit
1559 662 1566 681 :
1586 654 1755 684 ostendens
1769 654 1856 692 quod

228 693 281 724 ille
297 691 502 732 sitChrisrtus,
516 691 573 732 qui
593 699 610 720 a
623 691 787 732 prophetis
801 694 849 721 est
864 691 1065 730 praadicatus.
1082 691 1161 722 Cum
1173 692 1258 721 enim
1274 692 1520 730 generalionum
1542 701 1710 732 numerum
1728 691 1858 732 percur-

229 733 320 767 reris,
343 733 374 762 et
393 731 541 771 didiceris
569 739 587 760 a
604 733 746 771 tempore
767 731 872 771 ipsum
890 740 960 761 esse
988 732 1044 769 qui
1071 739 1168 770 porro
1186 734 1261 761 ante
1285 733 1462 769 promissus
1479 735 1537 768 est,
1553 731 1643 762 facile
1661 731 1815 771 suscipies
1827 736 1858 763 et

228 771 420 802 miraculum
434 770 518 809 quod
537 770 568 799 in
583 770 789 810 generatione
814 770 882 809 ejus
907 770 1072 808 impletum
1098 773 1156 801 est.
1181 771 1263 807 Quia
1278 771 1364 800 enim
1386 780 1539 810 magnum
1563 772 1638 809 quid
1663 770 1856 810 loquuturus

227 814 307 846 erat,
324 813 422 849 atque
436 809 594 852 mirabile,
613 809 698 852 quod
712 809 831 852 scilicet
846 812 943 852 natus
955 813 1039 840 esset
1051 820 1092 852 ex
1106 810 1239 852 Virgine
1253 820 1260 838 :
1283 809 1471 852 priusquam
1489 814 1614 852 tempus
1633 809 1731 846 notet,
1744 813 1857 841 obum-

229 852 299 881 brat
314 850 514 889 mysterium,
531 849 636 879 virum
647 849 756 879 Mariae
771 849 967 879 nominando
984 860 991 879 :
1010 850 1089 888 quin
1105 852 1136 880 et
1155 849 1371 889 generationis
1389 850 1504 879 seriem
1521 851 1703 885 intersecat,
1723 854 1753 880 et
1768 860 1858 889 prie-

228 894 315 921 terea
333 888 436 929 annos
456 891 634 924 enumerat,
647 888 823 929 admonens
839 889 1017 929 auditorem
1029 912 1036 925 ,
1054 889 1141 928 quod
1158 888 1210 920 hic
1225 889 1278 929 ille
1295 889 1337 919 sit
1357 899 1451 928 quem
1468 890 1651 928 patriarcha
1662 888 1856 929 Jacob’pro—

228 930 324 969 misit,
340 928 560 959 deﬁcientibus
580 938 618 969 ex
634 928 716 959 Juda
734 929 931 969 principibus
947 928 1123 959 affuturum
1144 929 1244 969 (Gen.
1263 928 1312 958 1&9.
1328 929 1384 967 10)
1403 939 1409 958 :
1429 939 1524 966 quem
1540 930 1635 959 etiam
1651 930 1763 959 Daniel
1776 928 1856 968 pro—

228 966 320 1007 pheta
339 971 410 1007 post
432 969 548 998 multas
564 968 636 998 illas
652 976 813 998 annorum
828 966 1043 999 hebdomadas
1065 966 1235 999 venturum
1255 977 1325 998 esse
1352 969 1498 1007 praedixit
1523 969 1531 1007 (
1548 970 1629 998 Dan.
1649 970 1678 998 9.
1696 969 1734 998 25
1747 966 1815 999 —27
1834 973 1854 1006 ).

227 1008 319 1046 Quod
337 1009 363 1038 si
378 1008 495 1046 aliquis
508 1008 579 1037 illos
592 1007 796 1037 hebdomadis
808 1015 923 1044 annos,
937 1009 992 1047 qui
1011 1009 1135 1039 Danieli
1147 1009 1188 1038 ab
1203 1008 1318 1046 angelo
1333 1009 1490 1038 numerati
1502 1011 1598 1046 atque
1612 1009 1750 1046 priedicti
1767 1012 1854 1046 sunt,

228 1050 270 1079 ab
283 1048 518 1078 instauratione.
531 1047 710 1077 Jerusalem
725 1047 862 1077 voluerit
875 1051 1062 1085 supputare,
1077 1051 1108 1079 et
1122 1048 1161 1078 ad
1179 1048 1285 1086 ipsum
1299 1056 1402 1085 usque
1415 1047 1575 1078 Christum
1592 1048 1790 1079 numerando
1801 1049 1856 1078 der

228 1086 528 1127 scenderetvidcbit
544 1087 602 1127 hos
618 1095 722 1127 annos
732 1086 799 1127 illis
815 1086 870 1124 qui
888 1095 907 1117 a
921 1086 1284 1127 Danielejsiginiatisuat
1301 1088 1486 1127 convenire.
1500 1087 1666 1123 Quomodo
1683 1089 1779 1127 igitur
1799 1100 1864 1121 na—

228 1131 278 1156 tus
296 1127 368 1156 est?
385 1125 460 1157 Cum
482 1129 568 1159 esset.
580 1126 703 1166 inquit,
720 1125 905 1166 desponsata
917 1130 1015 1166 mater
1032 1125 1096 1165 ejus
1111 1126 1231 1166 Μαγίαῖ
1255 1126 1331 1166 l‘tonr
1343 1125 1436 1161 dixit,
1451 1126 1548 1165 Virgo
1568 1137 1575 1155 :
1593 1127 1646 1156 sed
1661 1125 1859 1166 simpliciter,

226 1167 333 1196 Mater
347 1176 357 1195 :
369 1168 403 1195 ut
418 1173 526 1195 sermo
541 1165 620 1206 nihil
635 1166 668 1194 in
686 1164 797 1203 primis
821 1165 896 1206 novi
912 1164 1062 1206 atterens,
1078 1166 1200 1203 absque
1216 1165 1402 1194 difficultate
1429 1164 1608 1203 caperetur.
1632 1164 1763 1205 Propter
1776 1170 1860 1206 quod

228 1206 318 1244 prius
340 1213 525 1243 praeparans
539 1205 729 1239 auditorem,
741 1205 835 1242 quasi
845 1204 884 1234 ad
897 1205 1019 1243 aliquid
1029 1213 1140 1234 eorum
1152 1213 1224 1243 quae
1240 1213 1278 1233 ex
1290 1213 1379 1234 more
1394 1205 1526 1234 veniunt
1536 1204 1742 1243 audiendum,
1755 1204 1860 1239 et'hae

227 1254 301 1276 eum
316 1245 444 1275 interim
459 1244 519 1274 sibi
535 1244 775 1282 exspectatione
790 1244 985 1279 devinciens,
1001 1247 1077 1274 tunc
1087 1244 1215 1274 demum
1230 1244 1325 1273 infert
1338 1244 1423 1282 quod
1437 1244 1508 1283 jure
1520 1253 1630 1274 omnes
1642 1249 1763 1283 queant
1776 1250 1806 1276 et
1821 1248 1858 1278 de

229 1285 370 1315 novitate
382 1284 441 1319 rei,
453 1286 484 1313 et.
497 1283 536 1313 de
550 1283 715 1322 majestate
729 1283 852 1317 mirari,
864 1284 971 1313 dicens
984 1294 991 1312 :
1005 1284 1192 1322 Priusquam
1211 1283 1419 1317 convenirent,
1443 1284 1568 1314 inventa
1584 1289 1626 1313 est
1649 1285 1683 1314 in
1697 1290 1784 1315 utero
1797 1287 1859 1316 ha-

229 1324 301 1354 bens
314 1324 349 1354 de
359 1323 484 1363 Spiritu
497 1328 616 1364 sancto.
632 1323 701 1352 Non
718 1323 808 1364 dixit,
824 1323 1016 1361 Priusquam
1032 1323 1064 1352 in
1081 1323 1189 1364 sponsi
1202 1323 1414 1364 adduceretur
1422 1323 1551 1364 domum
1565 1334 1573 1359 ;
1590 1324 1676 1354 intus
1693 1325 1776 1354 enim
1789 1326 1855 1364 jam

228 1366 308 1394 erat.
332 1364 426 1393 Hunc
452 1362 572 1401 quippe
590 1371 711 1392 morem
734 1363 925 1400 plerumque
952 1364 1079 1392 tenebat
1102 1363 1296 1400 antiquitas,
1319 1367 1353 1392 ut
1379 1370 1504 1400 sponsae
1529 1363 1560 1392 in
1586 1362 1857 1401 sponsorumrdo—

228 1404 333 1433 mibus
347 1403 545 1433 haberentur
560 1412 568 1431 :
584 1402 669 1440 quod
684 1411 769 1431 nunc
781 1411 910 1440 quoque
930 1402 997 1431 ﬁeri
1015 1402 1173 1432 interdum
1191 1401 1333 1442 videmus
1347 1412 1353 1430 :
1370 1402 1422 1431 sed
1438 1405 1469 1431 et
1485 1403 1593 1440 generi
1611 1403 1689 1432 Loth
1706 1405 1789 1442 apud
1806 1413 1858 1435 so-

199 1450 201 1452 '
227 1452 335 1472 cerum
348 1442 502 1481 leguntur
516 1442 676 1472 habitasse
695 1450 768 1471 cum
789 1441 916 1480 sponsis
931 1442 1073 1472 nondum
1097 1441 1156 1472 sibi
1172 1441 1330 1480 copulatis
1351 1442 1420 1480 lege
1439 1441 1580 1481 conjugii
1604 1452 1610 1471 :
1628 1443 1672 1472 sic
1693 1441 1857 1476 habitabat

227 1483 323 1512 etiam
339 1482 442 1512 Maria
457 1490 529 1511 cum
547 1490 677 1519 sponso.

266 1522 295 1551 3.
311 1522 349 1551 Et
365 1521 456 1560 cujus
472 1520 601 1551 tandem
623 1521 668 1550 rei
688 1521 790 1558 gratia
808 1529 871 1549 non
895 1524 1066 1558 antequam
1090 1520 1301 1558 sponderetur
1313 1543 1320 1555 ,
1337 1520 1435 1559 Virgo
1453 1521 1621 1559 concepit?
1640 1522 1676 1551 Ut
1699 1522 1853 1558 videlicet,

227 1561 311 1600 quod
328 1559 411 1590 inter
422 1561 491 1599 ipsa
504 1569 634 1598 quoque
650 1560 740 1590 initia
755 1560 1019 1599 significavimus,
1037 1560 1223 1599 mysterium
1239 1559 1365 1600 interim
1379 1560 1471 1597 quasi
1488 1561 1715 1591 obumbratum
1728 1563 1851 1596 lateret,

226 1598 256 1631 et
267 1606 300 1631 ut
314 1601 413 1639 Virgo
431 1598 557 1629 Omnem
571 1608 703 1640 prorsus
719 1598 919 1640 occasionem
937 1600 1083 1638 maligme
1099 1599 1290 1640 suspicionis
1305 1598 1469 1638 effugeret.
1484 1600 1618 1636 Quando
1631 1601 1714 1630 enim
1732 1602 1784 1631 ille
1798 1603 1853 1640 qui

226 1638 387 1679 praecipuo
403 1640 471 1670 zelo
486 1642 594 1677 posset
609 1639 732 1673 ardere,
752 1639 892 1668 cernitur
907 1647 969 1668 non
986 1640 1089 1668 solum
1103 1648 1165 1668 non
1184 1638 1321 1677 abjicere
1336 1647 1499 1679 sponsam,
1519 1648 1575 1668 nec
1593 1648 1662 1669 eam
1676 1638 1852 1679 ignominia

227 1678 350 1713 notare,
363 1679 416 1709 sed
433 1679 528 1708 etiam
541 1679 683 1717 recipere
698 1679 728 1708 in
746 1678 955 1713 consortium,
975 1683 1004 1707 et
1020 1678 1175 1708 inservire
1191 1681 1259 1716 post
1279 1678 1518 1715 conceptionem
1536 1688 1542 1707 :
1558 1679 1699 1716 profecto
1715 1680 1853 1710 manife-

225 1722 310 1749 stum
323 1722 381 1753 est,
399 1718 484 1757 quod
501 1718 560 1748 nisi
581 1721 690 1756 aperte
706 1720 813 1747 nosset
831 1727 870 1748 ex
894 1718 1081 1756 operatione
1097 1717 1197 1748 sancti
1217 1717 1353 1755 Spiritus
1369 1717 1457 1746 illum
1474 1718 1632 1748 exstitisse
1648 1722 1852 1757 conceptum,

226 1767 402 1796 numquam
416 1758 464 1788 vel
479 1757 562 1796 apud
579 1766 612 1787 se
628 1757 716 1787 illam
737 1757 930 1790 retinuisset,
944 1757 991 1786 vel
1007 1758 1035 1787 ei
1050 1757 1080 1786 in
1095 1757 1243 1786 onmibus
1257 1765 1394 1794 quorum
1407 1757 1540 1795 indiguit
1555 1758 1776 1788 ministrasset.
1791 1759 1849 1789 Sa-

226 1799 264 1827 tis
283 1802 390 1828 autem
414 1797 541 1836 proprie
555 1797 672 1835 posuit,
688 1797 817 1826 Inventa
834 1802 874 1826 est
892 1797 922 1826 in
943 1801 1029 1826 utero
1053 1796 1175 1826 habens.
1193 1796 1407 1836 Inventarest,
1425 1796 1539 1834 inquit,
1552 1805 1617 1834 quo
1634 1806 1782 1827 sermone
1800 1807 1851 1828 res

225 1846 296 1876 quae
311 1835 422 1867 contra
440 1835 715 1869 consuetudinem.
730 1840 760 1866 cl
777 1840 890 1874 prieter
905 1845 1030 1876 omnem
1053 1845 1142 1873 spem
1164 1835 1499 1876 exspectationemque
1517 1836 1720 1873 proveniunt,
1741 1840 1852 1867 notare

228 1875 465 1907 consuevimus.
478 1877 688 1915 Nequaquam
705 1876 802 1914 igitur
817 1875 960 1914 evageris
975 1875 1127 1915 ulterius,
1144 1884 1202 1904 nec
1213 1882 1311 1915 supra
1329 1883 1365 1904 ea
1381 1875 1550 1915 quaerdicta
1566 1880 1657 1909 sunt,
1675 1876 1748 1906 hinc
1761 1877 1854 1914 quid-

224 1925 322 1954 quam
344 1917 490 1954 requiras
503 1938 511 1952 ,
538 1925 642 1954 neque
661 1916 747 1945 dicas
765 1925 771 1943 :
789 1916 828 1944 At
849 1915 1009 1953 quomodo
1024 1914 1159 1952 Spiritus
1181 1923 1223 1954 ex
1236 1914 1366 1952 Virgine
1381 1914 1463 1943 istud
1480 1918 1629 1952 operatus
1642 1915 1751 1944 est?Si
1767 1917 1852 1946 enim

225 1953 320 1985 etiam
336 1953 409 1985 cum
429 1955 563 1985 solemni
575 1953 718 1984 homines
736 1955 914 1984 formantur
924 1963 1013 1983 more
1026 1957 1159 1988 naturm,
1178 1953 1373 1991 impossibile
1389 1956 1436 1983 est
1454 1956 1558 1982 tamen
1579 1954 1705 1982 modum
1728 1954 1852 1984 forma—

226 1995 321 2024 tionis
346 1994 470 2024 edicere
494 2004 501 2024 :
524 2002 665 2032 quonam
688 1993 770 2023 istud
787 1997 878 2031 pacto
891 2015 898 2028 ,
915 1993 1034 2030 Spiritu
1052 1996 1162 2022 sancto
1179 1992 1330 2021 inusitate
1345 1995 1441 2029 atque
1465 1991 1669 2032 inetl'abiIiter
1684 1997 1849 2031 operante,

226 2034 334 2071 eloqui
347 2033 522 2071 aliquando
536 2031 712 2071 poterimus
726 2034 740 2061 ‘3
755 2033 798 2062 Ne
813 2032 898 2061 enim
916 2035 950 2061 tu
967 2032 1198 2071 evangelistam
1215 2031 1397 2071 importuna
1422 2031 1536 2068 smpius
1552 2032 1759 2069 inquisitione
1778 2033 1852 2071 pul-

225 2070 332 2108 sares,
357 2070 438 2102 neVe
459 2072 504 2101 illi
531 2070 708 2101 molestiam
725 2080 855 2110 parares
876 2071 992 2108 smpius
1015 2070 1315 2110 sciscitando,rdixit
1331 2070 1402 2107 quis
1423 2070 1569 2099 mirabile
1593 2071 1674 2100 istud
1692 2070 1848 2107 effecerit,

227 2121 326 2150 seque
342 2120 360 2142 a
371 2112 493 2142 cunctis
509 2111 630 2149 pariter
647 2110 878 2148 qutestionibus
895 2109 1082 2150 compendio
1098 2109 1254 2150 liberavit.
1270 2109 1352 2138 Nihil
1368 2109 1592 2150 enimsinquit,
1614 2111 1687 2140 novi
1700 2112 1847 2149 amplius.

225 2148 323 2190 quam
339 2160 357 2181 a
375 2153 486 2181 sancto
502 2148 619 2189 Spiritu
637 2150 753 2179 factum
777 2158 846 2179 esse
859 2149 944 2190 quod
973 2151 1084 2178 natum
1100 2148 1374 2190 est._Erubesc_ant
1389 2148 1449 2190 hoc
1469 2149 1550 2183 loco,
1570 2150 1601 2178 et
1616 2148 1850 2190 confundantur

226 2187 337 2220 omnes
359 2191 414 2229 qui
445 2187 642 2228 superiorem
660 2190 746 2219 illam
764 2189 1004 2229 generationem
1021 2188 1190 2229 temeraria
1205 2187 1584 2229 curiositateﬂrimantur.
1612 2189 1642 2218 Si
1658 2190 1742 2218 enim
1757 2190 1850 2220 istam

226 2239 298 2269 qum
323 2227 408 2260 mille
435 2231 593 2260 celebrata
610 2229 761 2269 testibus,
776 2232 806 2258 et
821 2237 861 2257 ex
882 2227 990 2269 multis
1004 2231 1052 2257 est
1073 2227 1244 2269 prmdicata
1264 2227 1471 2265 temporibus,
1488 2236 1560 2266 quas
1576 2229 1677 2269 oculis
1694 2229 1849 2267 inspecta,

227 2267 443 2307 manibusque
457 2271 653 2300 contrectata
670 2271 728 2301 est,
748 2267 952 2306 interpretari
976 2268 1083 2297 tamen
1100 2267 1208 2296 nullus
1224 2269 1328 2307 potest
1344 2276 1352 2295 :
1377 2275 1472 2307 quem
1487 2267 1650 2297 cumulum
1667 2277 1730 2297 non
1749 2277 1850 2299 exce-

226 2309 305 2339 dunt
318 2306 434 2338 furoris
446 2330 454 2344 ,
470 2309 525 2347 qui
542 2307 735 2337 ineffabilem
754 2307 840 2336 illam
854 2307 1091 2347 generationem
1103 2306 1158 2347 Dei
1175 2306 1322 2347 humanis
1338 2306 1385 2335 vel
1402 2307 1647 2344 cogitationibus
1661 2308 1847 2347 investigari

226 2351 352 2387 putant,
368 2348 417 2378 vel
435 2345 566 2378 vocibus
582 2347 738 2387 indicari?
754 2347 821 2376 Non
836 2346 921 2376 enim
931 2346 1065 2387 VG‘abriel
1078 2345 1303 2387 archangelus3
1316 2354 1380 2374 non
1397 2347 1592 2387 evangelista
1606 2347 1772 2377 Matlhmus
1781 2345 1850 2378 am.

227 2384 310 2426 ptius
328 2387 493 2426 quippiam
508 2386 687 2425 signiﬁcare
703 2389 893 2424 potuerunt,
906 2385 967 2415 nisi
986 2384 1210 2416 tantummodo
1219 2384 1303 2426 quod
1317 2387 1401 2416 esset
1417 2394 1456 2414 ex
1469 2386 1599 2426 Spiritu.
1616 2386 1760 2422 Qualiter
1775 2396 1849 2417 vero

229 2425 268 2457 ex
287 2425 418 2465 tpiritu,
431 2430 461 2457 et
475 2435 615 2464 quonam
630 2426 734 2459 modo,
755 2426 868 2454 horum
883 2428 967 2454 certe
983 2425 1091 2454 nullus
1109 2425 1283 2465 exposuit:
1303 2433 1406 2465 neque
1424 2425 1507 2453 enim
1523 2427 1590 2455 erat
1606 2426 1737 2455 omnino
1750 2427 1852 2464 pnssi-

227 2467 301 2496 bile.
313 2464 425 2504 VNcque,
439 2466 523 2495 enim
538 2465 713 2499 existimes,
728 2474 799 2494 cum
814 2474 853 2494 ex
872 2465 990 2502 Spiritu
1007 2469 1193 2502 conceptum
1213 2464 1372 2494 audiveris
1385 2485 1392 2498 ,
1415 2464 1570 2504 continuo
1585 2465 1679 2494 etiam
1696 2467 1803 2496 omnia
1823 2469 1852 2495 te

227 2503 386 2536 didicisse.
402 2506 525 2535 Etenim
538 2505 641 2535 adhuc
659 2505 757 2534 multa
781 2504 940 2534 nescimus
953 2526 961 2537 ,
976 2507 1006 2533 et
1021 2504 1145 2534 etiamsi
1161 2504 1238 2533 illud
1259 2503 1506 2542 perceperimus.
1526 2504 1624 2542 Cujus
1644 2506 1769 2543 generis
1785 2509 1832 2535 est
1843 2528 1850 2536 .

228 2545 262 2575 in
278 2548 369 2575 utero
388 2545 442 2583 qui
458 2546 509 2581 sit,
526 2545 580 2582 qui
598 2546 644 2574 est
666 2544 807 2573 infinitus
825 2543 1112 2581 :quemadmodum
1130 2543 1185 2581 qui
1200 2546 1323 2583 cuncta?
1335 2543 1487 2577 continet,
1503 2552 1521 2573 a
1537 2544 1672 2573 muliere
1684 2548 1825 2582 gestetur
1843 2555 1849 2573 :

226 2582 495 2622 quemadmodum
513 2584 614 2622 pariat
628 2583 725 2622 Virgo
740 2605 748 2617 ,
767 2587 797 2613 et
814 2585 941 2612 maneat
960 2583 1058 2621 Virgo
1084 2593 1091 2611 :
1115 2582 1383 2620 quemadmodum
1402 2583 1554 2620 templum
1578 2583 1658 2612 illud
1670 2605 1677 2616 ,
1692 2583 1741 2613 dic
1761 2585 1851 2618 mihi,

227 2623 413 2654 formaverit
424 2623 559 2661 Spiritus
573 2633 581 2656 ;
598 2622 862 2660 quemadmodum
879 2631 943 2652 non
958 2625 1055 2651 totam
1068 2630 1196 2651 carnem
1214 2631 1255 2651 ex
1272 2624 1371 2651 matre
1383 2622 1570 2659 susceperit,
1587 2622 1640 2652 sed
1655 2625 1778 2660 partem
1795 2624 1853 2653 hu-

225 2663 278 2700 jus
291 2685 300 2699 ,
315 2672 450 2700 eamque
465 2662 593 2692 auxerit
608 2665 638 2691 et
649 2662 845 2699 ﬁguraverit.
861 2662 940 2691 Nam
953 2662 1038 2699 quod
1054 2671 1094 2691 ex
1118 2661 1259 2696 Virginis
1280 2670 1376 2700 carne
1399 2662 1600 2700 processerit,
1624 2662 1854 2700 demonstravit

224 2711 277 2742 ille
288 2708 343 2748 qui
359 2699 462 2748 disitg:
482 2703 574 2748 Quand
589 2703 715 2748 enimjn‘
728 2712 761 2732 ea
772 2706 881 2731 natum
892 2706 952 2748 ‘est.
973 2702 1009 2729 lit
1022 2702 1142 2748 ‘beatus
1159 2699 1276 2744 Paulus
1294 2709 1301 2728 :
1322 2699 1453 2748 factum
1465 2699 1597 2748 ,wiaqpit
1611 2720 1619 2733 ,
1643 2708 1684 2748 ea:
1704 2699 1830 2748 meliere
1841 2722 1849 2735 ,

362 2745 416 2776 sub
439 2737 503 2783 lege
517 2743 608 2790 _(Gal.
624 2743 654 2772 ιι.
673 2742 716 2790 If)
735 2752 741 2772 :
759 2751 803 2790 es.
816 2740 1053 2790 quodammodo
1070 2741 1240 2790 o‘bstrue‘qs
1267 2737 1652 2790 impiocr‘umaqui‘dicunt
1667 2739 1756 2790 quod
1768 2742 1850 2790 tam-

339 2795 394 2825 per
411 2776 582 2824 quemdam
597 2776 743 2827 canalem
771 2776 1178 2827 tlhr'istustransieritupcr
1194 2778 1341 2827 Mariam.
1359 2777 1389 2806 Si
1406 2776 1491 2806 enim
1514 2777 1555 2806 ita
1576 2776 1684 2827 res‘se;
1697 2778 1826 2827 haberet
1841 2800 1848 2811 ,

226 2817 303 2867 quid
318 2817 346 2857 ei
362 2817 442 2864 opus
458 2824 571 2854 fuisset
585 2825 676 2853 utero
691 2821 831 2860 Virginis
844 2823 857 2850 ‘!
924 2820 968 2849 ila
987 2823 1051 2854 est,
1074 2818 1154 2867 nihil
1173 2818 1201 2848 ei
1222 2817 1378 2867 nebisque
1406 2825 1574 2867 conmqme
1593 2819 1651 2867 est.
1670 2817 1739 2867 alia
1755 2817 1850 2856 igitur

384 2856 444 2900 est,
461 2872 524 2893 non
538 2872 579 2892 ex
603 2864 721 2892 nostrze
733 2856 956 2890 communione
970 2863 1103 2900 ualuere.
1119 2856 1393 2900 Quemadmodlim
1408 2856 1538 2900 cr_g_o_de
1555 2856 1761 2900 radieedesse
1777 2866 1849 2894 pru-

230 2895 348 2939 cens‘sitm?
360 2895 627 2944 quemadmodum
648 2902 758 2940 virga?
772 2899 1041 2939 quemadmodum
1053 2897 1131 2927 llos?
1146 2895 1413 2936 quemadmodum
1438 2895 1537 2926 Filius
1554 2896 1691 2926 hominis
1705 2897 1719 2925 ?
1733 2904 1846 2935 quem—
