2055 3128
238 147 305 173 1009
834 142 950 170 ΑΝΙΑΜ
972 141 1049 168 ιΝΤΕ

1045 140 1262 168 Iltl’liLTATlO.
1789 138 1856 164 1010

239 203 405 234 admodum
417 203 518 231 mater
532 203 580 231 est
599 200 721 230 Maria?
735 199 1001 237 quemadmodum
1025 203 1062 225 ex
1079 194 1170 225 David
1185 194 1282 227 factus
1300 199 1349 226 est
1360 196 1482 226 semine
1492 197 1506 226 ‘I
1520 195 1787 237 quemadmodum
1802 198 1866 226 for-

239 252 321 273 mam
340 242 424 272 servi
441 241 594 270 Dominus
615 235 756 277 accepit?
769 238 1036 276 quemadmodum
1052 237 1181 277 Verbum
1196 245 1267 266 caro
1282 237 1457 277 factumdest
1475 242 1482 269 t
1497 237 1592 266 Joan.
1603 236 1630 266 1.
1647 235 1706 277 1hr)
1717 238 1731 266 ?
1743 246 1865 275 quem—

239 282 408 312 admodum
424 281 462 311 ad
478 281 638 309 lloman0s
656 275 821 317 apostolus
834 278 879 308 ait
901 288 908 306 :
930 278 988 306 Ea‘
1000 275 1110 317 quibus
1133 275 1458 317 Christus'secundum
1483 284 1620 317 carnem,
1637 275 1751 315 quiest
1772 285 1866 316 super

239 322 342 351 omnia
357 320 556 360 Deus-(Rom.
573 319 602 349 9.
615 319 644 359 5)
655 315 840 360 ?Quoniarn
852 318 954 360 igitur
973 326 1013 346 ex
1026 316 1122 360 nobis
1134 316 1190 360 ,__id
1205 317 1263 360 est.
1280 325 1320 345 ex
1345 318 1455 360 nostra
1471 315 1513 360 sit
1535 316 1666 360 omnino
1683 315 1818 360 natura,
1834 319 1865 357 et

239 371 277 391 ex
297 365 386 391 utero
400 355 561 397 virginali.
578 364 608 389 et
619 355 675 396 per
687 359 746 387 ista
761 365 833 395 quae
842 356 993 397 diximus,
1004 357 1035 397 et
1047 364 1104 393 per
1120 356 1183 397 alia
1202 355 1296 397 plura
1320 357 1519 397 monstratur
1537 365 1544 384 :
1560 357 1592 385 at
1606 355 1864 397 quomodo,_n0n

241 401 325 430 item.
342 400 412 430 Noli
426 394 524 438 igitur
538 394 763 438 turquidquam
783 396 917 438 ulterius
932 395 1108 433 inquirere,
1124 395 1177 425 sed
1190 395 1316 438 suscipe
1328 394 1412 433 quod
1424 395 1602 438 revelatum
1614 398 1672 438 est,
1686 398 1716 424 et
1726 395 1796 438 noli
1811 403 1868 438 cu-

239 440 322 470 riose
336 433 488 477 indagare
499 437 586 476 quod
599 433 731 467 tacitum
745 435 920 477 csthseph
934 439 1115 477 animarum
1128 435 1360 477 essetjustusmt
1375 434 1545 477 nolletram
1560 433 1866 477 tradrucere(in_quit).

240 483 367 509 conatus
386 473 429 507 es?
446 473 564 507 occdlte
579 477 732 506 dimittere
750 484 824 504 eum.
840 476 1011 512 Postquam
1030 475 1128 510 dixit,
1145 474 1230 513 quod
1245 476 1329 504 esset
1344 483 1383 503 ex
1401 473 1520 511 Spiritu
1546 476 1657 503 sancto
1671 496 1678 507 ,
1695 476 1725 503 et
1740 473 1865 512 absque

240 519 304 549 ulla
319 518 471 547 mixtione
490 525 646 546 sexuum:
661 523 841 544 sermonem
855 523 950 544 suum
970 513 1064 543 etiam
1081 514 1210 544 aliunde
1227 514 1405 543 conﬁrmat.
1418 513 1463 542 Ne
1478 513 1563 542 enim
1587 513 1704 551 aliquis
1719 514 1840 543 diceret
1857 523 1864 542 :

239 558 275 588 Et
293 558 375 587 unde
391 557 449 586 hoc
465 558 567 594 potest
582 564 650 583 esse
668 554 898 583 manifestum?
917 554 989 592 quis
1008 553 1109 594 vidit?
1130 554 1202 591 quis
1218 553 1338 594 audivit
1351 553 1526 594 aliquando
1538 553 1605 594 tale
1627 553 1746 594 aliquid
1760 553 1868 594 conti-

238 598 346 636 gisse?
365 592 474 634 neque
491 598 619 632 putares
634 594 843 636 discipulum,
860 593 953 636 quasi
971 593 1185 636 gratificatum
1203 593 1369 636 magistro,
1386 593 1445 636 ista
1470 592 1653 636 contingere
1669 602 1676 621 :
1692 592 1868 622 introducit

237 632 355 674 Ioseph
370 632 462 664 exiis
477 643 548 671 qua‘
563 642 677 671 passus
691 636 738 674 est
755 633 847 674 [idem
863 633 954 662 dictis
971 641 1027 674 per
1041 636 1155 674 cuncta
1172 632 1356 674 facientem,
1369 636 1403 674 ut
1416 632 1511 670 plane
1524 632 1597 661 hinc
1609 632 1713 662 dicere
1727 640 1867 674 evange-

239 671 494 706 lista-videatur:
515 674 545 701 δί
564 682 624 702 non
651 673 751 701 credis
773 672 866 707 mihi,
883 675 913 702 et
934 672 1150 702 testimonium
1174 672 1228 701 tibi
1252 681 1358 701 meum
1387 671 1466 701 forte
1490 675 1673 710 suspectum
1689 674 1753 707 est,
1771 671 1866 701 crede

239 716 334 753 igitur
349 714 399 743 vel
413 713 538 753 marito.
554 712 669 753 Joseph
687 712 770 753 enim
785 712 834 753 rir
849 713 924 753 eius.
944 712 1059 753 inquit,
1084 721 1152 741 cum
1167 716 1240 753 esset
1253 711 1373 750 justus.
1386 711 1512 753 Justum
1525 711 1586 753 hic,
1599 711 1631 740 in
1648 711 1735 753 omni
1751 711 1866 753 virtute

237 751 311 783 dicit
326 762 396 782 esse
411 751 595 790 perfectum.
618 752 670 781 Est
685 752 769 780 enim
782 751 905 790 justitia
923 751 1070 789 specialis
1085 751 1243 788 quaedam,
1263 753 1293 780 et
1308 760 1347 780 ex
1364 753 1454 789 parte
1467 751 1605 789 justitia,
1621 751 1765 781 avaritia:
1786 751 1866 780 vitio

239 801 301 822 non
319 793 418 822 teneri
435 802 442 820 ε
458 795 504 820 est
519 791 725 829 verojnstilia
741 791 841 820 altera
856 791 1027 829 generalis,
1039 799 1110 828 quaa
1125 799 1165 819 ex
1180 791 1303 820 cunctis
1319 791 1451 820 omnino
1468 790 1631 828 perﬁcitur
1643 800 1649 818 :
1661 790 1756 828 juxta
1769 799 1866 828 quem

239 832 396 870 praecipue
413 831 540 860 modum
563 831 724 869 Scriptura
749 831 829 870 solet
849 830 1012 870 appellare
1031 830 1187 868 justitiam
1203 840 1210 858 :
1228 833 1263 870 ut
1279 839 1351 859 cum
1374 830 1450 870 dicit
1466 839 1472 858 :
1490 830 1594 860 Homo
1613 829 1742 868 justus,
1765 838 1865 859 verax:

243 871 315 909 fJob
327 868 355 900 1‘.
370 871 384 899 1
397 869 407 909 )
420 880 427 899 :
441 874 470 899 et
480 879 590 900 rursus
604 880 610 898 :
631 868 733 899 Iz'rant
746 869 829 908 justi
843 869 930 898 umbo
945 871 978 900 in
992 874 1157 908 conspectu
1171 870 1230 899 Dei
1242 869 1251 909 (
1265 870 1336 899 Luc.
1354 870 1382 898 1.
1398 868 1451 908 6).
1482 886 1485 890 ν

243 906 246 911 ’
276 910 306 939 Ιι.
322 906 402 940 (Iuni
416 910 513 948 igitur
528 914 600 938 esset
612 910 732 948 justus,
746 906 811 939 hoc
829 913 876 939 est
887 931 894 942 ,
911 908 992 946 frugi
1015 906 1182 946 bonusque
1200 906 1250 938 vir
1263 931 1270 943 ,
1286 909 1385 938 coluit
1400 906 1517 939 occulte
1532 909 1687 939 dimittere
1699 918 1773 938 cani.
1790 909 1864 937 Pro«

239 953 345 987 pterea
362 958 437 979 vero
452 950 646 987 evangelista
662 949 752 982 dixit,
765 949 840 986 quid
853 949 940 987 justo
956 948 999 977 illi
1012 948 1161 978 acciderit
1175 951 1250 978 ante
1264 948 1463 982 uotitiam,ut
1479 957 1683 986 nequaquam
1692 948 1729 978 de
1739 948 1777 978 iis
1792 956 1865 986 qua)

239 992 308 1027 post
326 989 470 1018 notitiam
489 989 532 1018 rei
550 992 621 1018 sunt
639 988 731 1021 facta,
745 988 920 1018 dubitares.
932 988 970 1016 Et
981 990 1064 1017 certe
1083 988 1107 1017 si
1120 988 1221 1018 Maria
1240 989 1311 1017 talis
1328 988 1451 1021 fuisset,
1468 988 1596 1026 qualem
1619 988 1707 1016 illam
1722 988 1863 1026 suspicio

238 1029 386 1067 tingebat,
404 1037 467 1057 non
483 1028 576 1057 modo
590 1028 743 1066 publicari
761 1029 933 1061 meruerat,
949 1036 1058 1067 verum
1073 1027 1168 1057 etiam
1185 1037 1226 1057 ex
1239 1028 1317 1066 legis
1334 1027 1522 1067 auctoritate
1537 1027 1643 1065 puniri
1657 1037 1664 1055 :
1681 1027 1734 1056 sed
1746 1027 1868 1064 Joseph

239 1066 300 1096 non
318 1068 420 1096 solum
434 1069 548 1106 majus,
567 1077 675 1096 verum
691 1067 719 1096 id
736 1076 866 1105 quoque
876 1066 961 1104 quod
979 1069 1048 1096 erat
1062 1067 1180 1101 minus,
1198 1067 1318 1105 pariter
1334 1066 1476 1102 indulsit,
1492 1075 1605 1105 nempe
1616 1067 1781 1104 pudorem.
1796 1066 1866 1095 Non

238 1107 321 1136 enim
337 1110 459 1136 tantum
475 1105 544 1136 eam
561 1106 712 1136 damnare
729 1107 841 1139 noluit.
857 1106 910 1136 sed
925 1115 964 1135 ne
978 1106 1142 1144 publicare
1157 1106 1296 1144 quidem.
1313 1106 1425 1136 Vidisti
1441 1115 1553 1144 nempe
1568 1106 1672 1136 virum
1686 1105 1868 1136 sublimiter

239 1146 526 1184 philosophantem,
538 1148 565 1175 ct
582 1146 755 1184 tyrannicm
770 1146 855 1175 iilius
869 1145 1046 1175 atl'ectionis
1063 1145 1247 1175 immunem.
1259 1146 1363 1175 Nostis
1379 1145 1463 1175 enim
1480 1145 1633 1183 profecto,
1652 1146 1752 1175 nostis
1766 1154 1866 1184 quam

239 1185 395 1223 impotens
409 1194 459 1215 res
476 1185 518 1214 sit
533 1185 700 1223 zelotypia.
717 1186 847 1223 l’ropter
864 1185 948 1222 quod
964 1185 1016 1214 ille
1036 1185 1116 1214 bene
1136 1185 1231 1223 hujus
1245 1186 1290 1215 rei
1308 1193 1371 1214 non
1389 1185 1533 1223 ignarus,
1550 1186 1676 1215 aiebat:
1695 1185 1810 1214 Plenus
1823 1190 1867 1214 est

238 1225 318 1254 enim
332 1225 396 1254 zelo
407 1225 500 1263 furor
511 1224 574 1254 υίγί
588 1225 652 1262 ejus
668 1235 677 1253 :
696 1234 755 1253 non
768 1230 872 1263 parcet
890 1225 922 1254 in
939 1224 987 1253 die
1008 1224 1152 1254 vindictw
1166 1225 1174 1262 (
1186 1225 1281 1254 Prov.
1297 1224 1328 1253 6.
1349 1223 1417 1263 3h).
1435 1224 1473 1254 Et
1486 1233 1600 1254 rursus
1621 1224 1703 1254 idem
1720 1234 1726 1252 :
1745 1225 1865 1257 Durus.

237 1264 353 1302 inquit,
366 1269 407 1293 est
421 1264 500 1293 sicut
512 1263 651 1300 infernus
663 1264 853 1293 zelilsi’Cnnl.
868 1264 897 1293 8.
907 1263 950 1299 6).
960 1265 1060 1293 Etnos
1074 1263 1201 1299 quidem
1212 1264 1382 1302 plerosque
1396 1264 1543 1293 novimus
1553 1264 1635 1293 velte
1649 1264 1789 1294 animam
1806 1271 1867 1302 po—

233 1301 295 1343 tius
318 1303 475 1343 amittere,
492 1311 588 1340 quam
607 1303 636 1332 in
659 1306 851 1333 tormentum
868 1302 939 1337 zeli,
956 1305 1054 1343 atque
1073 1301 1255 1343 hujusruodi
1279 1301 1472 1343 suspicionis
1498 1302 1648 1343 incidere.
1665 1306 1788 1343 Quamq
1799 1301 1874 1335 nam

235 1342 287 1372 hic
300 1351 372 1380 qua:
390 1341 516 1371 tandem
534 1342 694 1371 diceretur
708 1351 778 1372 esse
792 1343 944 1380 suspicio,
961 1342 1017 1382 ubi
1034 1342 1103 1380 ipse
1120 1340 1199 1382 uteri
1215 1340 1504 1382 tumorAvidebatur
1520 1341 1635 1382 factum
1651 1340 1802 1382 arguere:
1818 1346 1873 1375 scd

235 1379 340 1422 tamen
353 1382 499 1422 ritaﬂerat
520 1381 572 1422 ille.
598 1382 644 1411 vir
665 1382 706 1411 ab
730 1379 910 1422 hujusmodi
933 1381 1084 1420 passione
1101 1381 1290 1422 mundusac
1306 1379 1405 1416 liber,
1424 1383 1459 1410 ut
1475 1389 1514 1409 ne
1530 1381 1562 1410 in
1586 1379 1725 1413 minimis
1745 1385 1874 1422 quidem

235 1420 359 1459 Virgini
377 1421 469 1450 vellet
487 1421 604 1451 inferre
623 1421 816 1451 mu'stitiam.
833 1421 914 1457 Quia
931 1430 1007 1460 ergo
1022 1424 1053 1450 et
1068 1421 1151 1459 apud
1171 1430 1205 1449 se
1228 1420 1314 1461 illam
1334 1421 1472 1451 retinere
1491 1422 1638 1461 iniquum
1656 1420 1797 1460 putabat,
1813 1433 1874 1461 ju—

235 1461 354 1490 blicare
371 1469 448 1489 vero
466 1463 563 1500 atque
584 1461 615 1490 in
637 1461 793 1500 judicium
810 1461 949 1495 trahere,
967 1459 1046 1490 nihil
1064 1469 1135 1490 esse
1153 1459 1239 1489 aliud
1251 1469 1359 1500 quam
1377 1460 1409 1490 in
1431 1459 1565 1492 mortem
1585 1459 1712 1494 trahere
1725 1459 1848 1492 videbat
1867 1474 1874 1493 :

237 1502 385 1530 neutrum
403 1500 517 1540 horum
537 1499 621 1533 facit.
641 1499 700 1530 sed
720 1500 823 1530 adhuc
840 1501 900 1530 sub
915 1501 982 1538 lege
1002 1500 1113 1529 vivens
1133 1508 1230 1540 supra
1250 1499 1356 1540 legem
1369 1501 1627 1540 phiIOSOphalur.
1644 1504 1804 1538 Siquidem
1821 1504 1875 1534 διδ-

236 1539 463 1579 vcntantejam
480 1539 595 1578 gratia,
615 1541 716 1569 multa
739 1540 936 1569 sublimioris
950 1539 1327 1577 disciplimmlocumenta
1345 1539 1466 1579 fulgere
1480 1543 1657 1579 oportebat.
1675 1543 1712 1572 Ut
1725 1544 1810 1572 enim
1826 1545 1876 1574 sol

235 1578 376 1608 nondum
401 1579 498 1608 radiis
520 1579 677 1613 ostensis,
704 1580 830 1609 eminus
849 1583 956 1608 tamen
976 1579 1145 1616 splendore
1170 1586 1229 1607 suo
1250 1578 1424 1608 maximam
1447 1578 1568 1617 partem
1589 1582 1675 1612 orbis
1690 1583 1848 1613 illuminat
1867 1594 1874 1613 :

235 1619 280 1659 ita
292 1621 324 1647 et
341 1618 651 1659 Christusexiutero
666 1619 806 1657 Virginis
820 1618 887 1657 jam
901 1619 1033 1657 jamque
1048 1626 1279 1659 progressurus
1291 1639 1298 1652 ,
1314 1617 1462 1648 universo
1473 1619 1553 1653 orbi.
1574 1621 1668 1650 etiam
1685 1623 1875 1659 priusquam

234 1658 386 1700 oriretur2
407 1658 524 1687 illuxit.
542 1658 689 1700 Denique
710 1661 784 1700 ante
799 1658 890 1700 illurn
913 1666 1042 1700 quoque
1057 1657 1199 1700 Virginis
1216 1658 1315 1700 beata:
1331 1660 1470 1700 partum,
1488 1662 1519 1689 et
1531 1657 1693 1698 prophetae
1709 1662 1738 1691 in
1756 1662 1876 1700 Spiritu

235 1697 477 1735 tripudiabant,
509 1700 539 1726 et
563 1697 713 1727 mulieres
744 1697 775 1726 in
796 1697 914 1735 Spiritu
941 1697 1155 1735 pra‘tlit‘t‘hﬂnl
1185 1696 1308 1729 futura,
1331 1700 1361 1726 et
1384 1696 1540 1728 Joannes,
1562 1696 1702 1729 nondum
1733 1696 1875 1732 claustra

235 1745 385 1779 egressus
399 1737 624 1779 uteri,ga_udia
640 1746 697 1766 sua
710 1737 860 1779 tradebat
875 1739 905 1779 et
916 1737 1020 1779 matri.
1034 1737 1204 1779 Propterea
1220 1735 1316 1773 igitur
1330 1736 1486 1779 etJoseph
1502 1740 1621 1779 tantam
1639 1740 1876 1779 philosophiam

237 1774 352 1805 nientis
369 1775 518 1805 ostendit.
539 1776 648 1813 Neque
665 1777 749 1806 enim
769 1779 823 1805 aut
840 1776 872 1805 in
892 1774 1044 1814 judicium
1060 1775 1188 1804 tradidit
1205 1783 1369 1813 sponsam,
1388 1774 1530 1815 aut’ipse
1559 1774 1671 1808 saltcin
1692 1780 1721 1809 ei
1739 1774 1875 1810 uianift-

239 1817 324 1845 stum
339 1815 420 1844 uteri
434 1815 883 1853 exprobravitlumorem,sed
900 1815 1119 1844 tantummodo
1131 1814 1284 1844 aseillam
1300 1823 1451 1852 separare.
1465 1814 1598 1847 conatus
1613 1820 1670 1848 est.
1682 1818 1761 1849 Cum
1776 1820 1808 1850 in
1826 1821 1875 1850 his

239 1863 316 1894 ergo
324 1863 427 1898 omne
444 1854 606 1898 negotium
620 1857 810 1898 verteretur,
829 1856 927 1898 atque
941 1854 973 1884 in
990 1862 1114 1898 summa
1128 1863 1180 1898 res
1196 1853 1380 1898 difficultate
1391 1856 1732 1898 consisteret,radvenit
1745 1863 1876 1898 repente

238 1894 373 1933 angelus
386 1917 394 1929 ,
409 1894 464 1935 qui
482 1894 590 1923 omnia
607 1894 708 1935 simul
719 1897 873 1935 mmstaet
889 1894 1023 1924 adversa
1039 1893 1240 1935 dissolveret.
1254 1893 1471 1935 Inquisitione
1487 1904 1562 1925 vero
1584 1897 1715 1935 dignum
1734 1893 1875 1933 videtur,

238 1942 297 1962 cur
317 1942 381 1963 non
398 1934 587 1971 priusquam
604 1934 653 1963 vir
668 1934 730 1963 tale
748 1933 918 1971 consilium
934 1935 1064 1971 ceperit,
1084 1933 1137 1963 sed
1158 1933 1212 1962 ubi
1233 1933 1292 1962 hoc
1314 1933 1422 1962 animo
1440 1934 1493 1964 ille
1511 1933 1660 1971 versavit,
1677 1939 1753 1967 tunc
1769 1938 1828 1968 iste
1846 1939 1876 1968 id

238 1972 322 2008 quod
346 1972 505 2002 acciderat
529 1972 727 2003 indicaverit.
745 1973 834 2005 Ilrrc,
857 1973 979 2010 inquit.
997 1982 1029 2002 eo
1054 1973 1228 2010 cogitante,
1253 1981 1317 2001 ecce
1338 1973 1466 2011 angelus
1482 1974 1610 2005 Domini
1623 1977 1717 2006 venit.
1733 1977 1773 2006 Et
1790 1981 1877 2008 certe

243 2012 365 2055 Virgini
382 2014 456 2055 ante
477 2014 667 2055 conceptum
681 2012 848 2055 denuntiat
859 2011 944 2055 quod
968 2011 1109 2055 futurum
1131 2014 1178 2041 est
1192 2021 1198 2040 :
1213 2011 1298 2055 quod
1314 2012 1441 2055 quidem
1456 2013 1558 2055 ipsum
1578 2023 1641 2044 non
1657 2015 1767 2055 effugit
1784 2026 1871 2055 qua}—

240 2051 389 2093 stionem,
403 2051 557 2093 Nam__etsi
573 2051 709 2093 angelus
726 2060 790 2081 non
809 2052 889 2093 dixit
907 2052 990 2093 viro,
1004 2060 1067 2093 qua
1085 2053 1190 2080 tamen
1211 2051 1336 2093 ratione
1350 2051 1378 2093 id
1391 2051 1488 2091 Virgo
1503 2054 1636 2083 celavit?
1649 2051 1822 2093 quaeueniin
1845 2060 1875 2086 et

239 2092 280 2121 ab
296 2092 413 2130 angelo
427 2091 583 2127 audierat,
602 2094 633 2121 et
648 2091 751 2121 virum
763 2092 926 2120 turbatum
943 2091 1147 2125 videbat,cur
1162 2099 1232 2120 eam
1246 2090 1463 2121 difﬁcultatem
1480 2101 1626 2124 sermone
1643 2090 1708 2124 non
1723 2096 1879 2125 alistulit?

240 2130 388 2172 Quanam
404 2139 481 2169 ergo
496 2131 622 2172 ratione
637 2139 700 2160 non
716 2133 896 2172 antequam»
907 2131 1102 2172 turbaretur,
1124 2130 1192 2172 haec
1211 2130 1238 2172 ei
1252 2131 1386 2168 angelus
1401 2132 1579 2172 revelavit?
1592 2136 1715 2172 oportet
1733 2135 1818 2164 enim
1842 2139 1878 2165 ut

241 2179 314 2207 quae
329 2170 418 2208 prius
435 2171 599 2208 proposita
620 2173 706 2204 sunt,
723 2170 831 2208 priora
850 2170 1029 2199 solvantur.
1046 2169 1111 2198 Cur
1125 2169 1201 2203 hoc.
1220 2169 1363 2209 inquam,
1380 2171 1515 2209 angelus
1530 2175 1604 2202 ante
1614 2169 1687 2202 'non
1711 2174 1813 2204 dixit?
1832 2175 1878 2205 Nc

241 2209 363 2252 scilicet
378 2209 550 2252 Josephﬂde
571 2210 620 2252 rei
642 2211 784 2252 novitate
801 2209 1027 2252 dubitaret,_et
1049 2209 1110 2238 tale
1127 2209 1202 2246 quid
1224 2208 1546 2252 forsitanpaterctur,
1569 2213 1662 2252 quale
1688 2213 1877 2244 Zachariam

240 2248 579 2292 legimusliertulisse.
597 2249 703 2279 Facile
719 2249 837 2292 quippe
851 2251 902 2292 e_st_
915 2248 1045 2292 credere
1063 2257 1172 2292 verum
1188 2257 1257 2292 esse
1276 2248 1360 2286 quod
1377 2249 1502 2292 dicitur,
1511 2248 1648 2292 quando
1657 2251 1724 2291 jam
1741 2262 1790 2282 res
1807 2254 1878 2292 ipsa

240 2287 341 2319 oculis
358 2287 510 2322 offertur;
527 2291 702 2326 antequam
718 2297 794 2320 vero
807 2288 939 2326 incipiat
954 2287 1023 2317 ﬁeri
1039 2287 1124 2328 quod
1138 2288 1330 2328 promissum
1344 2291 1403 2328 est.
1415 2287 1576 2320 laboriose
1587 2287 1720 2328 prorsus
1739 2287 1833 2326 dieta',
1847 2297 1875 2322 et

241 2328 416 2369 praesertim
436 2328 601 2369 inusitata,
617 2328 802 2369 creduntur.
819 2327 1175 2369 Propterea‘istudnec
1194 2327 1328 2369 angelus
1347 2327 1515 2363 indicavit,
1532 2332 1562 2360 et
1576 2327 1674 2369 Virgo
1694 2331 1723 2360 id
1745 2331 1830 2369 quod
1846 2338 1874 2362 et

239 2367 387 2408 audierat
402 2370 432 2398 et
448 2368 617 2408 sentiebat,
633 2368 811 2397 abscondit.
826 2367 936 2405 Neque
952 2366 1036 2408 enim
1053 2367 1111 2396 sibi
1128 2367 1196 2408 ullo
1212 2366 1304 2408 modo
1319 2375 1336 2396 a
1355 2376 1474 2405 sponso
1491 2366 1681 2399 credendum
1695 2366 1832 2408 putavit.
1849 2372 1874 2401 si

243 2407 278 2436 ad
295 2416 369 2437 eum
386 2417 452 2437 rem
469 2407 563 2436 nimis
579 2415 695 2437 novam
712 2409 959 2445 suspectamque
971 2406 1118 2440 deterret,
1143 2406 1220 2444 quin
1237 2405 1300 2434 imo
1313 2407 1414 2444 magis
1426 2417 1499 2437 eum
1514 2409 1545 2438 in
1558 2409 1638 2438 iram
1654 2405 1785 2440 credidit
1800 2420 1876 2440 con-

243 2447 417 2488 citandum,
433 2446 458 2476 si
471 2446 564 2483 quasi
577 2447 701 2488 crimen
712 2447 886 2488 admissum
900 2446 965 2488 hoc
979 2445 1139 2488 videretur
1156 2446 1524 2488 obumbrareﬁgmento.
1545 2448 1574 2477 Si
1590 2449 1675 2478 enim
1693 2450 1789 2479 etiam
1807 2450 1877 2488 ipsa

242 2486 350 2525 Virgo,
368 2486 418 2516 cui
433 2488 520 2515 tanta
539 2489 608 2515 erat
621 2486 723 2525 gratia
737 2485 941 2517 conferenda.
957 2485 1079 2525 aliquid
1093 2488 1199 2525 tamen
1213 2485 1334 2523 patitur
1349 2485 1537 2521 humanum,
1555 2490 1583 2517 et
1602 2488 1696 2518 dicit:
1713 2485 1876 2525 Quomodo

240 2524 324 2556 istud
338 2526 409 2558 erit,
424 2526 570 2564 quoniam
583 2524 686 2555 cirum
702 2534 766 2554 non
781 2534 933 2563 cognosco
951 2524 1046 2564 (Luc.
1064 2525 1092 2554 1.
1105 2524 1183 2563 3h)?
1197 2528 1318 2563 quanto
1336 2526 1437 2565 magis
1460 2527 1513 2556 ille
1529 2527 1703 2557 dubitasset
1713 2524 1878 2564 {maxime

239 2575 310 2595 cum
327 2565 356 2595 id
371 2565 497 2595 audiret
510 2565 550 2594 ab
566 2574 667 2595 uxore
683 2565 854 2603 suspecta?

280 2604 310 2633 5.
330 2605 451 2635 ideirco
470 2605 497 2634 ei
513 2604 551 2634 de
564 2605 624 2634 hac
638 2614 672 2634 re
685 2604 784 2643 Virgo
798 2604 924 2644 quidem
943 2604 1013 2644 ipsa
1027 2603 1070 2644 nil
1086 2603 1241 2641 loquitur,
1254 2604 1388 2644 angelus
1406 2614 1482 2635 vero
1499 2607 1640 2644 tempore
1653 2606 1781 2637 advenit
1797 2617 1880 2638 con—

242 2647 388 2682 gruente.
408 2645 442 2674 Et
461 2644 565 2683 cujus,
584 2644 722 2682 inquies.
739 2644 781 2673 rei
799 2643 899 2681 gratia
919 2651 982 2672 non
1007 2643 1142 2684 idipsum
1157 2643 1326 2684 custodivit
1348 2645 1378 2673 in
1394 2644 1526 2684 Virgine
1541 2643 1576 2675 ut
1590 2645 1628 2675 ad
1644 2647 1731 2676 illam
1744 2656 1879 2684 quoque

245 2687 313 2721 post
330 2687 521 2722 conceptum
542 2683 741 2713 veniret?Ne
759 2684 880 2713 scilicet
899 2682 1055 2720 stupentis
1071 2690 1107 2711 ac
1123 2682 1369 2712 verecundantis
1386 2682 1528 2714 animum
1544 2686 1690 2715 anxietas
1707 2682 1880 2717 ind-stitia—

242 2731 305 2760 que
324 2721 538 2752 consumeret.
552 2723 651 2752 Valde.
668 2723 751 2752 enim
768 2723 835 2752 ﬁeri
851 2722 965 2760 potuit.
983 2725 1017 2750 ut
1032 2721 1111 2750 tanti
1122 2721 1235 2758 ignara
1254 2723 1378 2757 secreti,
1394 2724 1513 2761 aliquid
1530 2724 1566 2752 de
1581 2734 1614 2754 se.
1628 2725 1755 2755 crudele
1768 2726 1879 2756 decer-

238 2769 345 2798 neret:
363 2771 392 2796 et
407 2768 565 2805 quantum
579 2763 754 2796 honestatis
767 2771 890 2800 amans,
902 2765 1027 2805 tantum
1037 2761 1128 2794 fama:
1144 2762 1245 2802 turpis
1263 2762 1450 2805 intolerans,
1468 2763 1516 2793 vel
1528 2762 1566 2805 ad
1581 2763 1733 2805 laqueum
1751 2766 1872 2802 subito,

238 2808 285 2837 vel
302 2807 340 2837 ad
358 2803 498 2845 gladium
512 2807 708 2837 eonvolaret.
726 2806 803 2835 Erat
819 2805 904 2834 enim
922 2805 976 2834 illa
992 2803 1091 2842 Virgo
1106 2813 1162 2845 per
1177 2806 1290 2834 cuncta
1308 2804 1474 2845 mirabilis,
1492 2803 1583 2845 cujus
1603 2803 1750 2845 virtutem
1767 2813 1875 2835 evan-

237 2847 348 2886 gelista
360 2843 467 2877 Lucas
483 2847 663 2879 declarans,
681 2845 794 2875 refert:
808 2844 892 2882 quod
902 2853 979 2886 «cum
997 2845 1037 2873 ab
1052 2844 1168 2886 angelo
1183 2845 1281 2886 verba
1296 2844 1372 2886 satis
1390 2844 1573 2886 honoriﬁca:
1589 2843 1795 2886 salutationis
1809 2853 1874 2874 au—

237 2883 343 2922 disset,
364 2896 427 2916 non
444 2887 646 2924 scmctipsam
664 2885 828 2920 continuo,
846 2887 880 2914 ut
897 2884 941 2919 tit,
955 2884 985 2913 in
1000 2883 1152 2923 gaudium
1167 2883 1336 2920 relaxavit,
1350 2893 1407 2913 nec
1429 2884 1523 2913 nimis
1537 2884 1666 2916 credula
1682 2894 1765 2915 nova
1786 2885 1873 2919 ditia
