2055 3128
166 143 231 172 ΙΟΗ
761 140 877 168 ᾹΝῘᾹΝῘ
899 137 1186 168 ΙΝΤΕΞιΡῐιΕΤλΤΖΟ.
1719 136 1785 166 ltili

161 193 319 231 suscepit:
335 191 388 223 sed
405 191 538 222 honesta
552 199 589 222 ac
604 190 725 221 decenti
745 191 957 229 trepidatione
975 193 1118 231 permota
1134 212 1141 225 ,
1156 184 1334 231 cujusmodi
1351 193 1435 221 esset
1447 189 1598 222 salutatio
1614 192 1667 223 illa
1682 195 1796 231 quiasi-

163 235 216 264 vit.
230 230 327 272 Virgo
343 233 440 271 igitur
450 232 528 262 tanti
541 234 572 262 et
583 231 712 269 pudoris
727 233 758 272 et
774 231 936 269 ponderis,
954 230 1002 260 Vel
1017 230 1352 272 exanimariinu‘rore
1364 231 1532 272 potuisset,
1557 233 1582 262 si
1596 235 1659 262 tam
1678 230 1797 272 grande

161 273 221 303 sibi
238 269 402 302 imminere
417 272 588 310 cogitasset
600 271 825 309 opprobrium:
843 280 915 300 eum
930 269 1106 310 priesertim
1123 270 1282 310 neminem
1294 270 1353 299 sibi
1372 271 1550 308 quamlibet
1565 273 1666 302 multa
1680 269 1796 303 dicenti

160 313 355 343 crediturum
373 309 510 350 putaret,
525 311 610 350 quod
627 311 680 340 ille
696 313 881 348 conceptus,
898 310 953 348 qui
976 309 1013 338 de
1029 309 1180 348 conjugio
1196 318 1260 338 non
1276 310 1365 350 erat,
1376 318 1441 339 non
1462 310 1499 339 de
1514 311 1674 341 adulterio
1697 314 1797 342 conti-

160 353 268 392 gisset.
285 353 329 382 Ne
345 349 443 390 igitur
465 352 525 381 ista
537 349 776 388 "sequerentur,
792 351 879 392 venit
893 349 1029 392 angelus
1044 352 1119 378 ante
1135 351 1333 392 conceptum.
1346 349 1522 392 Oportebat
1533 351 1655 392 quippe
1671 351 1798 390 imper—-

160 388 324 422 turbatum
338 388 426 421 illum
441 400 511 421 esse
529 393 668 423 uterum,
685 399 779 428 quem
796 390 960 419 hominum
974 389 1277 430 ingressuruserat
1291 388 1698 430 Creator.jDeccbatillam
1716 388 1795 430 pro-

161 432 240 462 fecto
262 432 402 461 animam
417 431 457 460 ab
473 431 558 459 omni
576 439 646 459 esse
661 430 837 459 immunem
851 429 1081 467 cogitationum
1099 427 1249 462 tumultu,
1269 437 1340 466 quae
1362 428 1441 458 tanti
1463 429 1564 459 electa
1580 432 1628 459 est
1650 427 1795 461 ministra

159 472 312 511 mysterii.
331 472 502 508 Propterea
520 469 788 511 Yirginiquidem
810 471 883 498 ante
907 471 1113 511 conceptum,
1129 468 1197 497 viro
1217 471 1325 511 autem
1348 468 1407 511 ipsi
1428 468 1493 507 jam
1515 469 1664 511 instantis
1685 473 1792 511 partus

159 506 301 549 tempore
325 506 503 540 nuntiatur.
519 506 610 546 Quod
632 506 777 549 plerique
798 517 911 549 parum
933 508 1169 549 inteliigentesi
1187 506 1225 536 ad
1250 507 1522 549 evangelistarum
1546 506 1794 546 discrepantiam

160 546 358 580 retulerunt:
376 550 468 588 quasi
490 549 612 579 scilicet
626 546 728 578 Lucas
745 548 866 582 Marize,
878 548 1046 588 Matthgeus
1063 555 1138 576 vero
1153 546 1271 588 Josepb
1287 550 1411 576 asserat
1424 548 1625 588 nuntiatum:
1643 549 1791 587 ignorari.

159 593 206 620 tes
225 590 366 628 profecto
379 586 551 627 utrumque
566 588 594 618 id
611 597 681 618 esse
697 590 932 628 consequenter
949 586 1094 628 effectum
1109 597 1116 621 ;
1131 586 1219 628 quod
1242 595 1298 628 per
1313 595 1439 616 omnem
1455 587 1537 628 hanc
1550 586 1717 628 historiam
1734 589 1792 618 ob-

160 626 292 659 servare
306 638 364 659 nos
381 626 541 661 convenit,
558 630 593 658 ut
608 636 673 658 una
693 627 753 657 hac
775 627 898 666 regula,
913 627 1013 656 multa
1035 626 1066 655 in
1082 627 1199 664 quibus
1222 626 1369 655 vitientur
1389 627 1591 665 evangelistze
1614 627 1794 662 dissonare.

160 670 332 699 socientur.
349 669 443 699 Venit
460 669 567 705 itaque
582 668 716 706 angelus
732 667 769 696 ad
784 667 899 704 Joseph
916 667 992 696 satis
1008 665 1154 700 anxium,
1171 665 1314 703 satisque
1332 666 1506 706 turbatum.
1523 666 1602 696 Nam
1619 669 1650 696 et
1665 670 1796 706 propter

159 709 214 739 illa
232 718 303 746 qua!
321 709 473 741 diximus,
493 710 572 737 etut
588 705 689 746 magis
707 706 784 745 justi
806 706 866 735 viri
881 706 1085 746 philosophia
1108 706 1310 746 claresceret,
1329 705 1428 735 dilata
1448 707 1502 746 est
1516 707 1686 744 prarsentia
1709 705 1793 736 nun-

158 745 280 778 tiantis.
300 749 435 778 Advenit
447 750 551 777 autem
570 745 708 777 cum’res
725 747 792 784 ipsa
805 746 871 784 jam
892 748 976 775 esset
993 745 1164 783 implenda.
1181 745 1254 774 "(PC
1269 749 1368 774 autem
1384 753 1416 774 eo
1433 745 1600 783 cogitante,
1618 754 1683 775 ecce
1696 754 1789 784 ange~

159 788 208 818 lus
226 788 354 819 Domini
377 788 411 817 in
433 787 548 817 somnis
574 786 722 824 apparuit
745 786 782 815 ei.
802 785 993 815 Consideras
1014 787 1098 814 certe.
1118 784 1305 814 modestiam
1327 792 1364 813 ae
1388 784 1604 814 maturitatem
1631 785 1688 814 viri
1706 795 1714 814 :
1731 793 1796 814 non

159 827 253 857 modo
271 837 334 857 non
355 827 480 866 punivit
499 823 629 855 aliunde
647 825 823 866 gravidam,
838 825 892 866 sed
909 833 967 854 nec
989 824 1140 866 cuiquam
1157 823 1375 866 riimrorissui
1387 832 1517 854 causam
1536 823 1669 866 retexit:
1686 825 1795 866 neﬂilii

159 867 287 905 quidem
306 863 366 905 ipsi
387 867 424 896 de
440 875 504 905 qua
519 875 591 895 eum
609 863 749 904 suspicio
770 865 953 905 mordebat;
973 863 1026 905 sed
1043 873 1151 893 secum
1167 863 1234 905 ipse
1249 863 1631 905 cogitationumsuarum
1646 863 1796 905 fluctibus

159 902 335 942 aestuando,
350 908 390 936 ab
404 902 471 944 ipsa
488 906 584 935 etiam
598 902 727 943 Virgine
744 904 865 933 studuit
882 903 1078 944 abscondere
1094 903 1172 933 tanti
1188 911 1320 944 causam
1336 902 1466 932 doloris.
1479 903 1588 944 Neque
1602 903 1689 933 enim
1704 903 1796 935 dixit.

159 946 328 985 Expellere
343 942 467 976 eam—de
488 946 582 974 domo
599 945 716 978 voluit,
735 944 788 985 sed
807 953 824 973 a
842 952 875 985 se
894 943 987 973 tacite
999 943 1173 985 dimittere.
1188 942 1265 985 Tam
1280 942 1534 985 mansuetus‘ille
1549 943 1598 972 vir
1611 944 1696 985 erat,
1711 945 1774 972 tam
1789 959 1795 962 -

159 982 224 1024 que
240 986 432 1016 moderatus.
450 985 526 1014 lIrrc
541 993 611 1023 ergo
628 994 659 1013 eo
675 984 844 1024 cogitante,
856 983 890 1024 in
904 982 1019 1024 somnis
1035 983 1184 1021 apparuit
1202 982 1229 1012 ei
1244 982 1459 1024 ongclqsrCuﬂr
1476 982 1507 1024 in
1531 983 1652 1024 somnis
1663 1004 1670 1016 ,
1681 984 1711 1011 et
1731 988 1796 1024 non

159 1022 266 1064 potius
281 1027 402 1063 aperte,
418 1025 500 1054 sicut
514 1026 544 1053 et
564 1022 759 1064 pastoribus,
775 1027 805 1064 et
819 1023 981 1064 Zachariie.
997 1024 1209 1064 apparuerat,
1225 1022 1509 1064 et_Y_irgini?_Quia
1527 1022 1647 1064 scilicet
1662 1024 1731 1064 erat
1747 1022 1796 1052 vir

161 1061 293 1103 prorsus
304 1061 422 1098 ’ﬁdelis,
439 1067 470 1093 et
486 1061 696 1093 manifestiori
713 1062 908 1103 revelatione
921 1070 983 1103 non
1000 1061 1157 1100 indigens.
1171 1062 1249 1103 liam
1260 1061 1511 1103 Virgo‘quidem,
1528 1062 1648 1100 quippe
1662 1061 1714 1091 cui
1732 1064 1795 1091 tam

160 1100 191 1134 et
207 1113 289 1134 nova
304 1104 532 1134 nuntiarentur
547 1106 578 1133 et
592 1110 721 1141 magna,
736 1102 902 1139 multoque
917 1101 1039 1140 majora
1055 1109 1152 1139 quam
1178 1101 1339 1141 zachariae.
1354 1100 1480 1130 fuerant
1498 1103 1656 1132 nuntiata.
1674 1103 1705 1130 et
1720 1103 1795 1131 ante

160 1152 227 1174 rem
243 1144 345 1182 ipsam
359 1143 463 1173 doceri
479 1143 588 1172 debuit
598 1146 629 1172 et
644 1140 700 1180 per
711 1141 1191 1182 apertissimamrevelationem
1208 1140 1482 1182 d‘oceri.Pastores
1494 1149 1624 1178 quoque
1640 1142 1728 1182 tanto
1743 1141 1797 1170 de-

160 1179 300 1214 buerunt
315 1183 430 1213 instrui
448 1179 660 1216 manifestius,
673 1179 795 1219 quanto
814 1181 914 1219 magis
930 1181 969 1210 ab
984 1180 1140 1220 ejusmodi
1154 1179 1332 1209 eruditione
1346 1189 1403 1218 per
1414 1183 1570 1218 agrestem
1586 1182 1678 1209 erant
1698 1180 1794 1210 vitam

160 1223 286 1253 remoti.
303 1223 361 1252 Hic
377 1231 451 1252 vero
467 1224 539 1260 post
553 1221 634 1251 uteri
650 1221 861 1250 indubitatum
874 1223 1031 1250 tumorem
1043 1229 1114 1250 cum
1125 1219 1192 1258 jam
1208 1228 1343 1249 mrrrore
1358 1219 1468 1254 animi,
1483 1222 1513 1249 et
1525 1219 1667 1260 maligna
1684 1220 1790 1260 suspi-

161 1263 253 1292 cione
263 1263 449 1297 tabesceret,
458 1258 488 1291 et
497 1261 534 1291 ad
549 1260 892 1299 exspectationemjam
900 1260 1030 1299 jamque
1046 1260 1210 1289 meliorem
1220 1259 1329 1297 aliqua
1339 1261 1463 1297 optaret
1471 1259 1595 1289 ratione
1610 1258 1775 1299 transferri

162 1302 295 1341 hocjam
307 1305 375 1332 erat
385 1302 414 1331 in
423 1301 542 1334 animo,
553 1298 619 1330 utsi
631 1301 709 1330 forte
720 1298 1134 1341 appareretquiSpiam,_qu_i
1143 1301 1331 1341 maerentem
1342 1299 1373 1328 in
1385 1298 1468 1329 viam
1480 1298 1686 1341 spcilzetioris
1704 1298 1795 1341 indu-

163 1338 260 1375 ceret,
275 1345 305 1370 et
317 1341 407 1371 facile
424 1341 651 1371 revelationem
668 1341 845 1378 susciperet
858 1342 887 1369 et
904 1339 1051 1369 libenter.
1068 1338 1106 1367 Et
1121 1338 1238 1368 idcirco
1255 1342 1425 1376 postquam
1439 1338 1622 1375 suspicione
1634 1338 1796 1368 cruciatus

163 1384 221 1414 est,
233 1381 356 1411 visione
367 1383 546 1410 recreatur:
558 1382 592 1409 ut
602 1377 773 1417 hocipsum
784 1379 867 1416 quod
878 1378 1174 1416 postsuspicionem
1189 1377 1331 1412 docetur,
1345 1386 1382 1407 ea
1397 1386 1469 1415 quas
1480 1378 1630 1407 dicuntur
1642 1385 1796 1417 veraesse

161 1420 368 1450 demonstret.
383 1420 462 1449 Cum
480 1420 565 1449 enim
588 1419 672 1457 quod
683 1416 769 1448 inulti
792 1419 896 1448 fuerat
913 1418 981 1456 ipse
1001 1417 1180 1451 confessus,
1196 1417 1249 1447 sed
1275 1418 1434 1446 inclusum
1451 1416 1671 1446 tantummodo
1688 1419 1795 1446 mente

163 1459 321 1494 volvebat,
335 1460 371 1489 id.
381 1460 475 1489 etiam
496 1456 647 1497 loquente
661 1458 720 1488 sibi
739 1458 854 1497 angelo
870 1457 1083 1497 recognoscit,
1103 1457 1360 1497 certissimumiet
1373 1458 1497 1497 absque
1510 1457 1576 1486 ulla
1589 1456 1796 1497 ambiguitate

161 1507 293 1537 prorsus
310 1495 608 1532 documentum—est.
624 1497 708 1536 quod
725 1506 743 1527 a
755 1495 820 1527 Deo
836 1497 875 1527 ad
891 1495 981 1527 illum
995 1497 1112 1527 missus
1128 1496 1303 1527 advenerit.
1315 1496 1420 1533 Ipsius
1435 1498 1519 1526 enim
1534 1499 1582 1525 est
1594 1495 1795 1525 solummodo

156 1539 260 1570 cordis
274 1547 392 1569 arcana
406 1539 599 1577 prospicere.
616 1538 789 1573 Considera
812 1539 910 1576 igitur
924 1543 1045 1578 quanta
1064 1541 1095 1570 in
1113 1540 1172 1570 hac
1190 1541 1342 1569 dilatione
1361 1541 1593 1578 compleantur.
1611 1541 1688 1570 Nam
1703 1540 1800 1570 etad-

157 1578 302 1608 miranda
315 1579 376 1618 viri
386 1578 589 1618 philosophia
602 1580 811 1611 monstratur,
822 1580 851 1607 et
866 1582 1052 1617 exspectata
1065 1580 1288 1618 opportunitas
1307 1581 1458 1617 temporis
1471 1580 1508 1608 ad
1525 1580 1594 1609 fidei
1609 1579 1732 1618 proficit
1747 1579 1800 1608 tir-

156 1618 312 1653 mitatem,
324 1620 355 1648 et
371 1617 510 1646 historiae
534 1617 650 1647 veritas
667 1618 853 1654 insuspecta
870 1621 1020 1648 servatur
1035 1629 1042 1648 :
1064 1617 1136 1657 qua:
1152 1619 1290 1648 ostendit
1310 1618 1433 1656 justum
1458 1619 1560 1648 virum
1582 1617 1620 1649 ea
1642 1628 1711 1648 esse
1728 1625 1800 1657 pcr-

159 1666 286 1696 pessum
298 1679 305 1693 ,
324 1666 395 1695 quae
411 1657 502 1686 illum
516 1657 578 1694 pati
596 1657 826 1694 consequentia
840 1666 947 1687 rerum
968 1658 1037 1696 ipsa
1051 1659 1196 1697 cogebat.

197 1707 227 1736 6.
239 1707 511 1744 Quemadmodum
528 1707 623 1745 igitur
635 1706 765 1747 angelus
777 1707 804 1736 ei
820 1706 912 1747 fidem
926 1708 1069 1746 suggerit
1087 1708 1272 1747 ambigenti,
1291 1707 1364 1738 audi
1379 1709 1475 1746 atque
1492 1707 1609 1737 mirare
1628 1709 1749 1745 quanta
1767 1707 1800 1736 in

159 1747 219 1777 hoc
234 1747 437 1785 philosophia
453 1754 600 1786 sermone
615 1746 827 1786 resplendeat.
844 1746 923 1776 Cum
937 1748 1022 1776 enim
1036 1746 1187 1780 venisset;
1204 1748 1285 1776 dixit
1302 1747 1340 1777 ad
1364 1756 1436 1777 eum
1454 1757 1460 1775 :
1475 1747 1600 1785 Joseph,
1622 1747 1669 1786 [ili
1685 1746 1797 1779 Dat-id,

158 1787 225 1817 noli
237 1784 345 1815 timere
358 1786 495 1823 accipere
510 1784 820 1825 Jilm‘imnconjugem
840 1790 933 1815 luam.
956 1786 1116 1825 Principio
1138 1787 1216 1816 satis
1239 1787 1422 1816 necessario
1444 1784 1553 1816 David
1574 1784 1680 1815 intulit
1704 1795 1802 1816 men—

159 1827 291 1860 tionem,
308 1826 392 1855 unde
408 1825 518 1863 utique
532 1825 648 1862 Joseph
661 1824 822 1854 Christum
839 1825 992 1855 didicerat
1006 1826 1226 1855 nasciturum:
1243 1825 1356 1856 deinde
1373 1829 1438 1854 tum
1455 1835 1518 1855 non
1537 1825 1612 1854 sinit
1625 1834 1698 1854 eum
1716 1834 1801 1855 con—

159 1865 342 1895 turbatione
356 1865 477 1898 vexari,
494 1864 568 1894 dum
585 1864 712 1893 nomine
724 1865 937 1903 progenitoris
960 1866 1094 1904 ingesto,
1112 1867 1197 1895 illius
1217 1874 1288 1895 eum
1306 1865 1527 1903 promissionis
1551 1865 1710 1900 admonet,
1728 1872 1802 1903 quin

160 1905 198 1934 ad
214 1913 309 1934 omne
323 1904 402 1944 facta
419 1907 467 1944 est
482 1912 582 1941 genus
595 1903 790 1944 Juilmorum.
806 1905 962 1934 Craterum
978 1903 1069 1943 cujus
1084 1905 1127 1935 rei
1143 1906 1246 1944 gratia
1262 1905 1360 1934 David
1380 1913 1451 1934 cum
1468 1904 1568 1933 filium
1599 1908 1801 1944 nuncuparet

160 1944 352 1974 ostendens:
370 1943 457 1975 Noli.
473 1943 588 1980 inquit,
607 1943 720 1972 timere.
740 1943 779 1972 Et
796 1947 879 1973 certe
894 1945 1011 1974 alicubi
1032 1945 1117 1974 Deus
1140 1943 1204 1974 non
1227 1944 1307 1973 idem
1328 1944 1412 1975 facit.
1437 1944 1490 1972 sed
1513 1952 1587 1982 rege
1610 1943 1748 1981 quodam
1763 1946 1801 1972 de

162 1983 295 2022 muliere
320 1991 411 2012 secus
435 1990 532 2020 quam
548 1984 736 2022 oportuerat
756 1984 927 2021 cogitante,
956 1984 1160 2022 castigatorio
1186 1992 1334 2013 sermone
1361 1984 1473 2014 utitur.
1496 1985 1526 2012 et
1542 1982 1800 2012 comminationis

162 2021 359 2059 plenissimo,
388 2030 461 2050 cum
483 2023 587 2050 tamen
617 2021 658 2050 ibi
685 2029 815 2059 quoque
837 2023 1017 2060 ignorantia
1041 2021 1216 2052 excusaret
1242 2023 1428 2051 admissum.
1450 2022 1560 2060 Neque
1587 2022 1672 2051 enim
1697 2021 1801 2051 sciens

164 2061 217 2090 ille
232 2061 342 2090 Saram
357 2061 409 2089 alii
426 2060 620 2097 copulatam,
643 2060 674 2088 in
700 2069 793 2089 usum
816 2061 928 2090 uxoris
950 2064 1127 2099 acceperat.
1151 2064 1181 2090 et
1199 2064 1304 2090 tamen
1323 2061 1428 2090 acrius
1447 2070 1519 2091 eum
1535 2061 1735 2099 increpavit:
1752 2061 1802 2090 hic.

163 2109 239 2129 vero
259 2100 357 2128 multo
376 2099 482 2128 mitius
496 2100 613 2137 agitur,
628 2107 665 2128 ac
680 2099 784 2128 lenius
802 2110 808 2128 :
824 2100 942 2138 quippe
957 2101 1011 2130 ubi
1030 2101 1288 2130 etmaximarum
1306 2109 1413 2130 rerum
1437 2100 1633 2138 dispensatio
1654 2100 1802 2130 contine-

164 2142 227 2173 tur,
242 2142 273 2169 et
288 2139 400 2177 ingens
428 2138 511 2168 inter
537 2138 638 2167 virum
664 2141 837 2176 utrumque
851 2139 1020 2169 discrimen
1039 2142 1096 2169 est.
1123 2141 1256 2178 Propter
1278 2139 1362 2178 quod
1386 2147 1591 2177 nequaquam
1618 2139 1799 2178 hujusmodi

163 2178 313 2218 cogitatio
335 2177 714 2218 correptioniskindiguit.
740 2178 880 2207 Dicendo
905 2179 1002 2213 enim,
1025 2179 1104 2210 Noli
1128 2177 1242 2212 timere,
1274 2177 1484 2217 proculdubio
1511 2188 1584 2208 cum
1605 2179 1803 2209 demonstrat

165 2216 321 2248 timuisse.
339 2227 377 2246 ne
393 2217 512 2247 scilicet
527 2216 664 2246 offendat
679 2217 847 2247 Dominum
864 2218 889 2248 si
906 2218 1058 2249 adultera:
1072 2219 1251 2257 copuletur.
1268 2219 1328 2248 Per
1342 2218 1427 2257 quod
1443 2218 1634 2252 ostenditur,
1650 2218 1725 2256 quia
1740 2219 1801 2247 nisi

166 2258 216 2287 hic
231 2257 461 2297 intercessisset
476 2260 589 2290 metus.
608 2265 666 2297 nec
679 2257 731 2286 ille
745 2257 782 2286 de
800 2257 868 2296 ejus
882 2258 1067 2288 dimissione
1082 2258 1202 2296 aliquid
1216 2259 1397 2297 cogitasset.
1411 2258 1457 2287 Ε(
1477 2257 1523 2288 his
1541 2258 1638 2297 igitur
1653 2258 1802 2287 omnibus

165 2297 241 2326 illud
257 2296 397 2334 profecto
408 2297 559 2330 declarat,
570 2296 654 2333 quod
669 2296 720 2326 Dei
736 2297 773 2325 ad
784 2297 901 2335 Joseph
914 2299 1035 2327 venerit
1050 2298 1164 2328 missus
1175 2296 1321 2336 imperio,
1336 2301 1450 2328 cuncta
1460 2306 1533 2335 qum
1544 2296 1705 2336 cogitavit,
1715 2305 1800 2335 qua:-

165 2344 227 2373 (μιξ-
243 2345 412 2376 perpessus
429 2336 516 2376 estin
532 2335 651 2376 animo,
665 2337 696 2365 in
713 2336 850 2366 medium
862 2337 1132 2375 proferendo.l\'ce
1146 2335 1228 2368 vero
1238 2346 1352 2367 nomen
1364 2337 1503 2376 Virginis
1516 2335 1711 2366 memorasse
1725 2335 1802 2365 con;

167 2378 285 2416 tentus.
302 2375 419 2416 addidit
430 2375 607 2416 Cronjiigem.
619 2375 700 2405 haud
711 2376 753 2405 ita
765 2379 937 2406 vocaturus
950 2377 975 2406 si
988 2381 1138 2416 corrupta
1148 2377 1269 2407 fuisset.
1280 2375 1432 2415 Conjugis
1442 2380 1548 2406 autem
1564 2376 1692 2406 nomine
1707 2384 1803 2414 spon-

167 2415 417 2456 samintcllexit,
432 2415 514 2444 sicut
523 2423 575 2456 eos
588 2423 718 2456 quoque
732 2415 788 2456 qui
803 2416 907 2456 adhuc
916 2416 1024 2454 sponsi
1033 2420 1119 2449 sunt.
1129 2425 1263 2456 generos
1275 2417 1439 2455 appellare
1448 2417 1610 2455 Scriptura
1622 2417 1800 2456 consuevit.

164 2454 246 2490 Quid
262 2456 368 2483 autem
386 2456 445 2485 est.
462 2454 631 2492 Accipere?
658 2455 747 2483 Domi
772 2455 914 2493 profecto
943 2456 1091 2486 retinere.
1109 2454 1179 2486 Jam
1199 2456 1283 2486 enim
1306 2456 1393 2486 illam
1418 2459 1523 2486 mente
1546 2455 1731 2486 dimiserat:
1747 2455 1801 2485 sed

166 2493 340 2534 dimissam,
358 2494 474 2531 inquit,
501 2494 662 2534 retinease
677 2502 773 2532 quam
797 2495 881 2524 Deus
906 2495 962 2524 tibi
990 2497 1128 2534 copulat.
1155 2504 1219 2525 non
1238 2499 1410 2534 parentes:
1430 2496 1560 2534 copulat
1585 2503 1662 2525 vero
1687 2503 1751 2524 non
1769 2494 1802 2524 in

167 2532 266 2574 ﬁnitus
283 2533 424 2574 solemne.
441 2533 593 2574 cornjugii,
610 2532 664 2562 sed
679 2533 712 2562 in
728 2535 925 2563 consortium
940 2532 1118 2565 communis
1137 2532 1322 2570 habitaculi,
1344 2537 1375 2565 et
1392 2532 1521 2574 copulat
1538 2544 1595 2574 per
1615 2543 1693 2564 meas
1715 2534 1801 2565 vocis

166 2571 318 2600 ofﬁcium.
334 2572 420 2614 Sicut
433 2573 518 2602 enim
535 2573 621 2601 illam
636 2575 747 2614 postea
762 2574 963 2604 commendat
975 2574 1119 2605 Christus
1135 2575 1200 2613 ipse
1213 2575 1382 2614 discipulo,
1398 2571 1439 2605 ita
1455 2571 1550 2604 etiam
1567 2583 1652 2604 nunc
1667 2574 1802 2613 angelus

167 2619 298 2653 sponso.
314 2612 463 2653 solatium
479 2612 699 2641 tantummodo
714 2613 783 2651 ejus
801 2613 980 2644 habituram
995 2615 1117 2652 absque
1136 2614 1251 2645 fmdere
1274 2612 1471 2653 nuptiarum.
1488 2614 1607 2644 Deinde
1625 2613 1720 2644 etiam
1735 2622 1802 2643 rem

168 2651 270 2693 ipsam
289 2651 454 2693 involucro
471 2652 642 2681 verborum
661 2653 834 2693 tcgens,de
847 2653 986 2692 maligna
1003 2651 1131 2692 quidem
1155 2651 1338 2693 suspicione
1357 2655 1455 2684 tacuit
1472 2664 1478 2682 :
1497 2653 1662 2683 honestius
1683 2655 1802 2693 autem.

171 2691 472 2732 multoquedignius
486 2699 584 2732 causa
599 2694 709 2729 partus
725 2692 883 2729 exposita,
906 2691 1121 2731 suspicionem
1138 2691 1268 2732 quoque
1289 2702 1421 2732 prorsus
1445 2693 1615 2722 restinxit:
1632 2692 1803 2722 ostendens

168 2729 254 2771 quod
273 2733 402 2771 propter
416 2730 499 2768 quod
516 2730 619 2771 solum
637 2739 787 2769 sponsam
803 2734 834 2761 et
849 2729 1094 2763 secum—habere
1117 2729 1298 2768 metuebat;
1311 2736 1342 2762 et
1361 2741 1378 2763 a
1400 2742 1433 2762 se.
1453 2732 1610 2762 dimittere
1630 2732 1804 2771 cogitabat.

169 2769 210 2810 ob
227 2768 287 2810 hoc
302 2769 405 2807 ipsum
419 2771 520 2809 magis
534 2770 620 2800 illam
635 2768 780 2809 accipere
800 2771 925 2807 debeat,
942 2780 1116 2810 secumque
1133 2773 1284 2808 retinere,
1301 2773 1326 2802 si
1345 2772 1376 2802 in
1397 2773 1498 2809 erepta
1518 2772 1596 2801 velit
1615 2768 1805 2809 permanere

170 2808 302 2843 iustitia.
320 2818 376 2846 per
398 2808 486 2845 quot
510 2810 629 2839 affatim
652 2808 894 2847 trepidationem
919 2811 988 2844 eius
1013 2808 1260 2848 maistitiamque
1282 2808 1530 2841 dissolvithon
1556 2808 1662 2843 modol
1685 2811 1799 2850 inquit.

171 2853 282 2894 illicito
294 2859 365 2894 _non
380 2852 430 2894 est
444 2850 561 2894 violata
575 2852 756 2894 complexu,
775 2861 884 2894 verum
899 2853 994 2884 etiam
1010 2863 1108 2894 supra
1125 2858 1272 2885 naturam
1296 2864 1482 2893 moremque
1498 2856 1640 2887 fmcunda
1661 2860 1720 2889 est.
1739 2858 1810 2889 Noli

174 2893 270 2930 igitur
285 2892 323 2920 de
339 2895 402 2920 tam
417 2889 499 2919 felici
512 2893 606 2929 partu
621 2900 747 2926 sponsm
762 2892 922 2923 attrahere
941 2889 1121 2929 ma‘roiiem,
1139 2895 1202 2924 imo
1220 2904 1295 2924 vero
1314 2895 1344 2924 in
1364 2889 1516 2934 majorem
1531 2905 1704 2935 prorumpo
1725 2898 1813 2927 ludi—-

341 2954 477 2982 l‘nimc.
502 2956 563 2981 UR.‘
586 2949 627 2981 LV
640 2948 680 2979 lll
1611 2946 1652 2977 28
