2055 3128
288 137 364 165 ’1015
893 137 1006 166 ANlANl
1027 138 1099 165 IXT'r

1102 138 1143 164 ,Μ
1155 134 1315 165 ΗΕΤΑἸἸΟ.
1844 131 1913 159 ltili

287 194 374 223 tiam.
392 191 484 229 Quod
497 191 576 220 enim
592 191 623 220 in
639 200 672 220 ea
686 194 791 220 natum
804 194 856 223 cst.
873 190 909 220 (Ie
924 190 1049 229 Spiritu
1067 197 1174 221 sancto
1189 195 1243 221 est.
1261 192 1385 222 Novum
1402 191 1518 222 dictum
1535 192 1631 230 atque
1647 191 1805 225 mirabile,
1821 195 1850 222 et
1869 192 1934 221 bu-

287 233 389 263 manis
416 231 663 270 cogitationibus
685 230 940 268 supereminens,
957 239 1055 268 supra
1080 231 1166 270 leges
1192 231 1309 261 vadens
1336 231 1470 261 omnino
1495 233 1628 260 naturae.
1657 231 1804 267 Quonam
1830 231 1932 270 igitur

287 272 379 301 modo
393 269 527 302 hzec’ille
542 270 589 300 vir
603 269 758 304 crederet,
774 269 828 308 qui
846 270 924 299 nihil
938 269 1027 308 prius
1041 271 1104 300 tale
1117 269 1266 300 sermone
1282 271 1496 309 conceperat?
1509 271 1556 299 Ex
1572 279 1683 300 eorum
1697 279 1768 308 quae
1781 269 1931 309 jam’per-

285 314 356 343 acta
383 313 476 342 erant
497 310 704 341 revelatione.
720 309 839 339 ldcirco
855 309 939 338 enim
955 309 1062 340 omnia
1077 319 1149 348 qua:
1162 311 1352 341 celabantur
1367 310 1397 340 in
1420 311 1488 348 ejus
1505 311 1625 343 animo,
1645 310 1778 348 angelus
1802 311 1930 340 revela—

289 351 331 380 vit
349 361 356 380 :
373 350 581 381 memorando
596 353 761 387 certequte
773 349 966 386 patiebatur,
983 358 1054 387 quae
1071 351 1252 384 verebatur,
1269 359 1405 388 qumque
1428 350 1523 379 etiam
1547 350 1760 379 meditabatur
1773 349 1899 379 efficere.
1919 359 1926 378 :

286 393 322 436 ut
335 400 407 420 cum
423 390 625 436 cognovisset
642 390 714 422 ista,
729 389 825 436 etiam
840 388 1099 436 illapsuscij'mret.
1115 390 1226 434 .Neque
1242 398 1317 435 vero
1333 390 1370 435 de
1388 389 1643 436 prlz‘ecedentibus
1659 389 1763 436 solum
1780 389 1818 418 ad
1835 388 1929 433 [idem

286 430 373 460 ducit
389 427 588 468 ambiguum,
607 437 717 458 verum
732 427 830 468 etiam
845 427 882 457 de
899 427 1025 457 futuris.
1043 429 1149 458 I’arict
1170 427 1261 460 enim.
1281 429 1396 467 inquit,
1417 429 1525 468 ﬁlium.
1545 433 1573 457 et
1591 428 1715 458 vocabis
1737 437 1847 457 nomen
1863 428 1928 467 ejus

286 471 402 500 Jcsum.
420 467 489 499 Non
504 470 587 498 enim
603 468 679 506 quia
695 476 735 496 ex
751 467 869 504 Spiritu
886 471 996 497 sancto
1011 470 1071 501 est,
1089 469 1203 498 ideirco
1227 471 1256 497 te
1273 477 1291 498 a
1309 467 1488 498 ministerio
1506 470 1599 498 tanta:
1615 468 1778 497 existimes
1793 468 1929 506 dispen—

286 510 425 553 sationis
435 512 636 553 extraneum.
651 507 730 536 Nam
746 507 803 553 etsi
819 507 898 553 nihil
915 507 1034 552 habeas
1049 508 1080 537 in
1101 508 1159 553 hac
1175 508 1694 553 generationecommune,_virgo.
1708 507 1827 553 quippe
1852 516 1930 553 per-

287 549 405 578 mansit
418 549 548 581 intacta,
563 549 671 576 tamen
687 546 772 584 quod
788 549 835 576 est
851 547 1016 584 proprium
1034 548 1143 586 patris,
1160 548 1310 585 quodque
1327 547 1405 576 nihil
1422 547 1558 576 infuscat
1571 546 1712 586 Virginis
1726 547 1926 586 dignitatem,

287 588 346 618 hoc
361 588 416 618 tibi
442 587 533 617 facile
556 586 706 618 concedo,
729 588 764 615 ut
784 586 905 616 scilicet
927 590 1002 615 nato
1023 595 1139 617 nomen
1156 587 1300 625 imponas
1319 596 1325 616 :
1342 591 1375 616 tu
1396 587 1481 616 enim
1504 587 1594 616 illum
1617 587 1757 625 primum
1783 587 1924 616 vocabis.

285 628 488 665 Quamquam
507 626 592 666 enim
609 634 673 655 non
693 626 732 666 sit
747 625 832 655 ﬁlius
844 629 917 655 tuus
932 626 990 656 iste
1006 627 1060 664 qui
1081 627 1234 662 nascitur,
1252 630 1285 655 tu
1302 629 1407 656 tamen
1423 635 1533 656 curam
1550 635 1626 666 erga
1649 627 1738 655 illum
1756 629 1784 656 et
1799 625 1928 656 sollici-

285 667 427 696 tudinem
442 665 590 695 ostendes
604 665 745 703 parentis
763 675 770 694 :
788 669 819 695 et
834 668 1004 704 propterea
1015 669 1044 695 te
1057 666 1100 695 illi
1117 667 1157 696 ab
1170 666 1237 704 ipsa
1253 666 1359 696 statim
1373 666 1512 695 nominis
1530 665 1733 704 impositioue
1750 666 1924 705 conjungo.

284 706 405 736 Deinde
421 714 460 734 ne
474 705 547 743 quis
563 705 653 734 illum
669 714 707 733 ex
728 705 787 734 hoc
802 708 925 743 patrem
942 714 1012 735 esse
1028 706 1258 744 suspicaretur,
1278 705 1351 735 audi
1373 714 1470 744 quam
1493 708 1585 735 caute
1607 714 1770 744 quamque
1790 706 1928 735 sollicite

285 754 410 785 eaquae
427 747 618 785 sequuntur,
636 743 800 785 addiderit.
816 745 931 785 Parict,
951 745 1068 785 inquit,
1088 743 1199 785 ﬁlium.
1216 746 1284 774 Non
1304 745 1396 779 dixit,
1418 745 1521 774 Parict
1543 745 1597 774 tibi
1615 743 1624 773 εν
1640 745 1693 785 sed
1716 743 1823 783 posuit
1846 745 1926 774 illud

281 783 486 814 indeﬁnitum
502 787 533 813 et
547 793 751 822 suspensum.
764 784 834 813 Non
851 784 935 814 enim
951 784 1010 818 illi,
1030 783 1252 815 sed'universo
1267 793 1401 823 prorsus
1417 785 1486 814 orbi
1502 785 1625 823 peperit
1639 784 1811 814 Christum.

323 824 354 853 7.
371 825 543 862 Propterea
569 827 600 853 et
622 832 738 853 nomen
761 824 829 861 ejus
845 823 882 853 de
900 824 976 854 caelo
992 825 1143 863 angelum
1168 824 1321 854 detulisse
1348 824 1545 863 evangelista
1570 825 1771 856 memoravit.
1791 827 1824 853 ut
1851 823 1928 854 hinc

282 872 415 902 quoque
428 863 609 893 ostenderet
625 863 714 892 illum
729 863 905 893 mirabilem
917 872 987 893 esse
1003 867 1142 902 partum,
1154 873 1219 902 quo
1233 864 1301 902 ejus
1314 872 1432 893 nomen
1447 864 1485 893 ad
1501 864 1631 902 Joseph,
1647 865 1677 893 ct
1688 873 1745 902 per
1760 864 1924 901 angelum,

283 906 315 933 et
329 911 347 933 a
361 904 427 934 Deo
443 903 574 933 missum
591 903 728 932 doceret.
745 903 823 933 Nam
838 906 868 932 et
894 903 998 941 ipsum
1016 903 1206 933 vocabulum
1231 912 1295 932 non
1320 903 1460 933 inaniter
1476 904 1615 941 positum
1642 907 1701 935 est,
1730 904 1816 941 quod
1840 907 1925 932 certe.

284 943 371 973 mille
385 943 527 973 continet
548 943 717 972 thesauros
734 943 903 972 bonorum.
927 944 1058 981 l’ropter
1081 943 1167 981 quod
1194 943 1272 972 illud
1300 943 1395 973 etiam
1414 943 1548 982 angelus
1567 943 1808 981 interpretatur,
1833 943 1924 971 boni.-

282 986 470 1013 mtrrentem
494 983 611 1020 spebus
629 982 802 1012 animantlo
817 991 824 1009 :
842 985 872 1011 et
897 982 956 1011 hoc
979 991 1109 1021 quoque
1134 983 1223 1012 illum
1251 982 1345 1012 modo
1372 982 1410 1012 ad
1436 982 1628 1013 credendum
1652 983 1739 1020 quod
1767 982 1922 1020 loquitur,

284 1022 409 1052 invitat.
426 1022 530 1052 Facile
540 1030 679 1060 namque
688 1022 897 1051 sollicitamur
909 1022 947 1051 ad
959 1030 1124 1061 prospera,
1135 1025 1165 1052 et
1176 1023 1351 1061 promptius
1366 1022 1457 1051 fidem
1467 1022 1745 1052 accommodamus
1760 1022 1921 1051 secundis.

283 1061 361 1091 Cum
372 1062 512 1101 igiturex
521 1062 668 1091 omnibus
676 1061 908 1090 construxisset
918 1062 1048 1096 tidem,a
1058 1062 1320 1100 prmcedentibus.
1331 1070 1348 1091 a
1358 1062 1581 1100 priesentibus,
1591 1070 1609 1091 a
1619 1061 1743 1095 futuris,
1753 1062 1794 1091 ab
1803 1062 1922 1091 honore

282 1100 352 1140 ejus
364 1100 459 1139 quem
475 1101 664 1139 promiserat
681 1101 890 1134 nasciturum,
905 1101 1267 1140 introduxitopportune
1280 1102 1374 1131 etiam
1386 1102 1572 1140 prophetam
1589 1101 1637 1131 his
1653 1102 1802 1131 omnibus
1816 1101 1923 1130 ealcu—

284 1141 349 1169 lum
368 1150 461 1170 suum
478 1140 655 1170 addentem.
669 1140 858 1178 Priusquam
874 1149 949 1170 vero
963 1141 1032 1180 ejus
1043 1142 1258 1171 testimonium
1271 1141 1356 1173 citet,
1367 1141 1544 1180 singularia
1560 1150 1618 1179 per
1632 1141 1736 1179 ipsum
1745 1141 1828 1170 bona
1846 1141 1923 1169 uni-

282 1188 378 1209 verso
397 1180 465 1209 orbi
482 1179 674 1210 conferenda
690 1179 893 1218 prtenunliat.
905 1182 1059 1217 Quantam
1082 1181 1179 1219 igitur
1197 1181 1255 1210 ista
1272 1182 1370 1210 sunt?
1387 1179 1543 1210 ltemissio
1559 1181 1690 1215 scilicet,
1707 1180 1922 1218 interitusque

284 1220 416 1259 peccati.
433 1220 501 1258 Ipse
517 1219 606 1251 cnim.
621 1219 735 1257 inquit,
753 1219 871 1248 sulcum
886 1220 976 1258 faciet
992 1221 1143 1259 populum
1156 1230 1243 1250 suum
1264 1230 1282 1249 (ι
1298 1220 1432 1259 peccatis
1447 1229 1562 1250 eorum.
1587 1220 1646 1250 Hic
1662 1229 1794 1258 quoque
1819 1220 1922 1259 bene-

282 1258 345 1288 ﬁcii
362 1260 488 1288 novitas
503 1259 672 1289 indicatur.
688 1259 755 1288 Non
771 1259 856 1288 enim
872 1267 891 1288 a
908 1258 997 1289 bello
1009 1260 1137 1291 visibili.
1155 1269 1260 1297 neque
1275 1268 1293 1289 a
1309 1260 1414 1296 gladio
1430 1260 1643 1290 barbarorum
1660 1269 1667 1288 :
1686 1260 1740 1289 sed
1764 1259 1850 1297 quod
1874 1258 1920 1288 his

276 1299 372 1338 longe
389 1300 490 1339 majus
507 1302 564 1333 est,
583 1308 601 1329 a
621 1304 820 1339 peccatos‘uo
833 1299 985 1339 populum
1002 1308 1097 1339 suum
1112 1300 1239 1339 nuntiat
1254 1299 1454 1339 liberandum
1469 1309 1478 1339 _:
1495 1301 1581 1336 quod
1602 1303 1753 1336 prtCSlill't‘
1769 1301 1848 1329 nulli
1871 1300 1929 1329 fuit

279 1337 447 1368 hominum
461 1339 636 1376 aliquando
662 1337 824 1376 possibile.
843 1338 882 1367 Et
905 1338 1010 1376 cujus,
1027 1338 1166 1375 inquies,
1188 1338 1233 1367 rei
1259 1338 1361 1375 gratia
1382 1337 1475 1375 quasi
1500 1341 1625 1376 signate
1650 1339 1804 1377 populum
1831 1347 1928 1368 suum

279 1378 371 1411 dixit,
383 1381 413 1407 et
430 1387 494 1407 non
509 1378 604 1408 etiam
617 1387 728 1408 omnes
743 1380 852 1416 gentes
866 1377 988 1415 pariter
1001 1377 1200 1406 nominavit?
1221 1377 1264 1405 Ne
1280 1377 1400 1407 scilicet
1420 1377 1458 1406 de
1477 1377 1630 1407 inusitato
1652 1379 1765 1407 nuntio
1783 1387 1929 1416 scrupu-

280 1425 346 1446 lum
362 1420 524 1454 pateretur
538 1417 677 1451 auditor,
693 1425 893 1455 quamquam
915 1420 1000 1446 recte
1015 1417 1082 1446 hinc
1098 1419 1288 1454 percepturo
1304 1417 1400 1446 etiam
1417 1419 1528 1455 gentes
1547 1417 1769 1456 designantur.
1785 1418 1927 1456 Populus

280 1457 364 1486 enim
379 1456 496 1486 Christi
517 1466 580 1486 non
596 1460 719 1486 tantum
737 1457 824 1486 natio
836 1456 1021 1486 Judzeorum
1036 1460 1096 1492 est,
1112 1456 1166 1485 sed
1181 1465 1291 1484 omnes
1303 1465 1433 1494 quoque.
1445 1457 1500 1494 qui
1517 1456 1555 1486 ad
1571 1466 1643 1486 eum
1668 1457 1811 1492 veniunt,
1834 1457 1928 1495 ejus-

279 1505 341 1534 que
356 1495 518 1526 donantur
533 1497 710 1535 agnitione.
729 1495 905 1526 Considera
920 1504 997 1526 vero
1013 1495 1281 1534 quemadmodum
1303 1496 1394 1525 nobis
1420 1496 1522 1534 ipsam
1544 1497 1640 1525 etiam
1663 1496 1779 1526 Christi
1805 1497 1928 1535 patefe-

280 1535 358 1564 cerit
371 1535 568 1574 dignitatem,
585 1536 740 1574 populum
757 1535 826 1573 ejus
842 1536 1023 1574 appellans,
1040 1545 1136 1574 quem
1155 1544 1212 1573 per
1234 1536 1337 1573 ipsum
1355 1544 1373 1565 a
1388 1535 1527 1573 peccatis
1543 1535 1620 1565 dicit
1634 1545 1705 1566 esse
1722 1536 1924 1565 salvandum.

279 1575 365 1604 Nihil
380 1577 465 1606 enim
485 1576 543 1605 hoc
559 1575 644 1605 aliud
657 1578 716 1609 est,
733 1584 829 1613 quam
845 1575 1015 1605 ostendere
1026 1575 1083 1604 Dei
1100 1575 1217 1604 Filium
1232 1583 1300 1604 esse
1312 1575 1366 1612 qui
1382 1575 1537 1608 nascitur,
1556 1584 1613 1605 nec
1629 1585 1663 1605 se
1680 1576 1717 1606 de
1736 1575 1847 1614 aliquo
1862 1576 1926 1605 ho—

281 1615 366 1645 mine
381 1624 456 1654 rege
470 1615 555 1645 hunc
569 1615 712 1652 proferre
726 1623 920 1644 sermonem.
940 1615 1051 1653 Neque
1066 1615 1152 1644 enim
1175 1618 1279 1652 potest
1302 1617 1433 1653 peccata
1455 1614 1626 1651 dimittere,
1648 1615 1709 1644 nisi
1726 1615 1928 1645 solummodo

281 1655 391 1684 divina
408 1657 535 1685 natura.
555 1655 657 1684 Tanta
683 1655 780 1693 igitur
795 1654 928 1684 caelestis
953 1654 1096 1684 muneris
1112 1654 1303 1684 liberalitate
1329 1654 1450 1689 donati,
1467 1657 1582 1685 cuncta
1605 1655 1737 1685 omnino
1753 1654 1921 1690 faciamus,

281 1703 323 1723 ne
342 1698 405 1724 tam
428 1694 602 1733 grandibus
629 1693 789 1724 beneﬁciis
815 1694 994 1733 irrogemus
1009 1693 1172 1733 injuriam.
1192 1693 1222 1723 Si
1239 1694 1324 1723 enim
1339 1695 1434 1724 etiam
1452 1697 1625 1733 antequam
1649 1695 1714 1725 lucc
1737 1703 1926 1733 caperemus

282 1733 378 1767 dona,
400 1735 604 1764 merchamur
618 1738 722 1764 tamen
746 1735 876 1771 propter
898 1737 1029 1772 peccata
1054 1733 1174 1772 puniri,
1191 1736 1313 1771 quanto
1339 1734 1439 1773 magis
1461 1737 1632 1772 postquam
1661 1738 1724 1764 tam
1753 1734 1927 1765 ineffabilia

281 1782 394 1803 sumus
412 1773 564 1803 beneﬁcia
579 1773 796 1810 consequuti?
819 1773 857 1802 Et
883 1773 943 1803 hoc
960 1782 1024 1802 non
1040 1773 1170 1807 frustra,
1196 1782 1254 1802 nec
1275 1773 1398 1811 absque
1421 1776 1508 1804 certa
1530 1782 1616 1804 nunc
1643 1774 1769 1803 ratione
1785 1783 1928 1804 comme-

281 1821 373 1841 moro
391 1822 398 1840 :
415 1813 468 1842 sed
482 1812 567 1850 quod
583 1812 674 1842 video
688 1813 859 1850 plerosque
871 1812 1060 1843 desidiosius
1076 1816 1148 1851 post
1162 1816 1327 1850 acceptum
1340 1813 1538 1850 baptismatis
1555 1814 1662 1843 vivere
1676 1816 1925 1844 sacramentum.

281 1860 379 1889 quam
395 1860 449 1881 eos
464 1852 518 1890 qui
537 1852 677 1881 nondum
694 1854 769 1881 sunt
785 1852 840 1880 illo
863 1853 1015 1891 mysterio
1031 1852 1222 1882 consecrati.
1241 1853 1274 1881 In
1301 1853 1447 1890 plurimis
1472 1853 1557 1882 enim
1575 1853 1664 1883 nulla
1685 1854 1817 1882 omnino
1836 1853 1926 1891 signa

282 1891 465 1921 christiana:
490 1891 619 1921 invenio
637 1891 824 1929 disciplinas.
842 1891 981 1930 Ideoque
998 1900 1063 1921 non
1082 1892 1113 1921 in
1143 1892 1279 1931 publicis
1303 1892 1381 1921 locis
1411 1895 1507 1931 atque
1533 1894 1775 1927 communibus,
1803 1901 1867 1922 non
1895 1893 1926 1922 in

283 1931 383 1971 ipsius
398 1931 539 1961 ecclesia:
554 1931 777 1961 conciliabulis
797 1931 888 1970 facile
905 1933 1060 1970 reperias,
1078 1941 1135 1970 per
1152 1931 1238 1969 quod
1258 1930 1341 1961 inter
1355 1930 1478 1961 ﬁdelem
1498 1932 1720 1970 intidelemque
1735 1933 1925 1971 distinguas.

304 1970 357 1999 olo
371 1971 455 2000 enim
471 1971 531 2001 hoc
544 1970 727 2001 celebrandi
748 1971 889 2009 mysterii
905 1973 1046 2009 tempore
1061 1971 1204 2010 dignosci
1222 1974 1336 2009 potest,
1349 1980 1421 2001 cum
1436 1971 1579 2002 videlicet
1596 1972 1677 2002 alios
1695 1972 1821 2001 excludi
1839 1970 1929 2002 vide-

281 2010 338 2043 ris,
353 2010 434 2040 alios
451 2019 527 2040 vero
541 2010 626 2040 intus
644 2010 756 2040 teneri.
786 2010 961 2047 Oportebat
979 2015 1087 2040 autem
1105 2010 1362 2049 uniuscujusque
1383 2011 1475 2040 fidem
1503 2020 1566 2042 non
1583 2011 1677 2044 locis,
1708 2011 1761 2041 sed
1784 2011 1927 2041 moribus

283 2049 430 2079 indicari.
451 2051 529 2080 Nam
546 2050 748 2080 sarcularium
765 2049 893 2088 quidem
910 2050 1023 2079 decora
1046 2050 1249 2088 dignitatum.
1274 2053 1511 2088 consequenter
1530 2051 1570 2080 ab
1590 2051 1792 2081 extrinsecus
1816 2051 1927 2090 positis

283 2092 461 2119 cernuntur
477 2090 657 2128 insignibus
676 2099 683 2118 :
701 2092 811 2120 nostra
825 2098 902 2119 vero
920 2090 1052 2128 intelligi
1074 2092 1199 2128 oportet
1220 2100 1259 2119 ex
1283 2091 1454 2120 mentibus.
1476 2090 1592 2120 Fidelis
1607 2090 1692 2121 enim
1718 2099 1783 2120 non
1800 2090 1894 2119 modo
1909 2099 1928 2121 a

282 2130 511 2159 communione
532 2130 687 2168 mystcrii,
708 2138 819 2158 verum
836 2129 931 2158 etiam
951 2129 989 2158 de
1013 2130 1154 2159 novitate
1172 2139 1182 2158 ι
1194 2130 1241 2159 ibe
1257 2130 1347 2159 debet
1363 2130 1506 2168 agnosci.
1531 2129 1670 2160 Fidelem
1686 2130 1772 2160 enim
1793 2130 1840 2160 sal
1857 2139 1928 2160 esse

281 2169 445 2203 convenit,
461 2172 492 2199 et
509 2169 668 2198 luminare
685 2169 804 2198 niundi.
820 2169 875 2198 Sin
892 2177 967 2198 vero
986 2178 1025 2198 ne
1047 2169 1100 2198 tibi
1119 2169 1247 2206 quidem
1276 2169 1343 2207 ipse
1364 2170 1484 2203 luccas,
1508 2173 1537 2199 et
1553 2179 1591 2200 nc
1610 2170 1774 2208 propriam
1796 2170 1928 2208 quidem

283 2208 486 2246 putredinem
501 2208 710 2248 foetoremque.
724 2207 885 2246 detergas,
901 2209 1019 2246 quibus
1037 2212 1065 2238 te
1087 2209 1210 2238 indiciis
1233 2217 1292 2247 ego
1311 2209 1434 2239 fidelem
1450 2212 1561 2247 potero
1581 2207 1781 2248 agnoscere?
1794 2207 1836 2239 an
1851 2210 1928 2248 quia

284 2249 401 2277 sacrati
417 2256 518 2286 aquas
535 2247 629 2277 fontis
648 2248 812 2286 ingressus
827 2248 884 2277 es?
898 2249 937 2277 At
950 2248 1010 2278 hoc
1028 2248 1132 2286 ipsum
1150 2248 1236 2286 quod
1259 2248 1368 2278 datum
1390 2248 1444 2278 tibi
1468 2248 1571 2278 fuerat
1590 2248 1630 2278 ad
1652 2249 1800 2284 salutem,
1821 2247 1929 2278 ﬁl'tibi

283 2287 442 2326 gravioris
459 2295 557 2318 causa
573 2287 734 2325 supplicii.
749 2287 889 2317 Honoris
904 2287 1062 2325 siquidem
1080 2287 1264 2326 magnitudo
1278 2287 1315 2317 iis
1331 2288 1386 2325 qui
1405 2297 1468 2317 non
1481 2288 1576 2327 digne
1592 2289 1703 2318 vivunt
1720 2289 1855 2323 honore,
1876 2297 1931 2318 cu-

282 2327 391 2356 mulus
409 2327 518 2365 incipit
533 2336 602 2357 esse
620 2336 798 2365 poenarum.
815 2327 915 2365 Igitur
937 2327 1060 2356 fidelem
1085 2336 1150 2356 non
1172 2329 1212 2357 ab
1231 2327 1268 2356 iis
1293 2331 1417 2357 tantum
1439 2337 1511 2366 quae
1533 2328 1655 2366 accepit
1676 2337 1693 2358 a
1712 2329 1792 2363 Deo,
1819 2337 1929 2358 verum

284 2366 381 2395 etiam
397 2367 438 2396 ab
452 2366 489 2396 iis
503 2375 574 2404 qua:
589 2367 742 2396 obtulerit
757 2366 824 2404 ipse
838 2367 916 2401 Deo,
933 2367 1086 2396 convenit
1100 2367 1269 2406 refulgere,
1285 2370 1315 2396 et
1330 2367 1473 2405 undique
1488 2377 1558 2397 esse
1576 2371 1687 2397 notum
1706 2371 1803 2406 atque
1818 2368 1930 2398 mani—

285 2406 412 2439 festum,
428 2409 458 2436 et
470 2407 511 2436 ab
525 2407 664 2441 incessu,
680 2407 766 2436 etab
780 2409 924 2444 aspectu,
941 2409 972 2436 et
987 2415 1004 2436 a
1023 2410 1126 2441 veste,
1144 2410 1174 2436 et
1189 2415 1207 2437 a
1224 2416 1311 2437 voce.
1332 2407 1372 2436 Et
1394 2407 1460 2438 haec
1483 2407 1632 2442 dixerim,
1649 2417 1712 2437 non
1731 2411 1764 2437 ut
1782 2411 1932 2437 nosmet-

284 2446 371 2483 ipsos
386 2445 425 2475 ad
437 2446 683 2476 ostentationem
700 2446 813 2481 nostri,
829 2446 883 2475 sed
898 2445 936 2475 ad
953 2445 1194 2476 a'diﬁcationem
1209 2446 1447 2485 inspicientium
1464 2456 1521 2476 nos
1535 2447 1646 2485 utique
1663 2450 1825 2485 aptemus.
1840 2447 1930 2477 Nunc

285 2494 362 2514 vero
376 2485 601 2523 undecumque
617 2485 750 2515 voluero
766 2488 795 2514 te
810 2485 1009 2524 dignoscere,
1027 2486 1155 2515 invenio
1177 2489 1205 2515 te.
1221 2495 1239 2516 a
1255 2487 1426 2516 contrariis
1439 2487 1608 2524 publicari.
1621 2487 1651 2516 Si
1668 2490 1696 2516 te
1708 2496 1749 2516 ex
1764 2487 1836 2516 loco
1849 2487 1931 2516 scire

285 2533 456 2559 curavero,
473 2524 685 2563 proculdubio
707 2526 739 2554 in
761 2525 846 2555 circo
863 2528 892 2554 te
908 2525 1098 2563 theatroque
1115 2526 1306 2564 prospiciam
1330 2529 1411 2555 totos
1437 2535 1568 2564 prorsus
1594 2526 1661 2556 dies
1688 2527 1721 2555 in
1743 2527 1930 2556 vanissimis

285 2565 348 2594 illis
362 2564 495 2595 cwtibus
511 2565 705 2603 exigentem,
723 2565 772 2594 vel
788 2565 820 2594 in
837 2564 906 2594 foro
927 2565 1085 2602 corruptis
1103 2565 1285 2594 hominibus
1303 2565 1524 2604 pestifer-isque
1539 2565 1758 2604 conjunctum.
1777 2566 1832 2595 Sin
1854 2574 1930 2595 vero

286 2613 327 2633 ex
343 2604 418 2642 ipsis
430 2604 570 2634 motibus
585 2604 728 2642 corporis
744 2604 890 2634 notitiam
914 2604 959 2633 tui
984 2604 1101 2634 habere
1117 2605 1311 2642 qumsivero,
1331 2605 1445 2635 videbo
1465 2608 1496 2635 te
1516 2605 1723 2635 [torrentibus
1748 2606 1929 2639 cachinnis,

286 2647 317 2672 et
331 2643 500 2674 foedissima
511 2643 712 2682 iucunditate,
724 2644 913 2677 resolutum,
926 2647 960 2673 ut
973 2642 1092 2673 ﬂuxam
1105 2643 1278 2682 quamdam
1291 2645 1511 2683 perditamque
1522 2645 1733 2675 meretricem.
1750 2645 1805 2675 Sin
1822 2649 1930 2675 autem

287 2686 316 2710 te
331 2691 349 2712 ιι
365 2686 451 2713 veste
467 2683 677 2717 considerem,
694 2684 772 2712 nihil
790 2687 818 2712 te.
834 2692 853 2713 a
867 2683 993 2712 scenico
1010 2683 1119 2713 habitu
1133 2683 1251 2714 distare
1266 2692 1469 2722 cognoscam.
1482 2684 1552 2714 Jam
1568 2684 1594 2714 si
1610 2687 1639 2714 te
1654 2685 1788 2714 voluero
1801 2693 1821 2714 a
1833 2685 1931 2714 comi-

286 2723 370 2752 tibus
387 2723 562 2757 addiscere,
581 2723 742 2753 inveniam
767 2727 796 2752 te
816 2723 1038 2753 adulatoribus
1058 2723 1221 2761 stipatum,
1245 2727 1342 2762 atque
1358 2724 1519 2762 parasitis.
1537 2724 1568 2753 Si
1585 2731 1605 2754 a
1620 2733 1781 2759 sermone,
1803 2724 1885 2754 nihil
1902 2728 1930 2753 te

286 2762 414 2803 audiam
430 2763 563 2792 omnino
578 2771 706 2797 sanum,
724 2763 803 2792 nihil
818 2763 949 2803 serium,
966 2762 1118 2801 quodque
1133 2763 1172 2792 ad
1188 2763 1392 2801 disciplinam
1415 2766 1558 2794 nostram
1577 2765 1709 2802 spectet,
1729 2764 1928 2803 loquentem.

286 2801 315 2829 Si
331 2809 349 2830 a
364 2802 446 2835 cibo,
462 2802 566 2841 major
581 2803 655 2833 hinc
671 2803 811 2841 profecto
828 2802 963 2831 materia
977 2803 1193 2832 accusationis
1206 2803 1339 2832 orietur.

327 2840 356 2868 8.
372 2841 458 2871 Unde
474 2842 583 2880 igitur,
598 2840 754 2880 responde
769 2842 858 2875 mihi,
873 2841 996 2871 fidelem
1009 2843 1037 2871 te
1051 2851 1121 2871 esse
1134 2845 1244 2880 potero
1260 2851 1465 2881 cognoscere,
1479 2852 1550 2873 cum
1563 2843 1671 2873 omnia
1687 2843 1748 2873 ista
1764 2852 1839 2881 qua:
1849 2843 1932 2872 dixi-

290 2881 574 2915 mus,contrariam
585 2882 622 2911 de
637 2885 664 2912 te
675 2881 776 2912 ferant
788 2881 991 2916 sententiam,
1001 2884 1094 2919 teque
1109 2882 1310 2920 apertissime
1321 2882 1479 2912 infidelem
1491 2892 1562 2913 esse
1575 2883 1772 2913 convineant
1782 2884 1844 2912 ?El
1855 2882 1931 2922 quid
