2055 3128
172 149 238 176 1015
767 156 880 183 num
901 156 1187 184 INTERPRETATIO.
1721 155 1790 183 ton;

162 213 263 243 dicam
280 215 387 243 utrum
401 213 602 244 ﬁdelis?Ncc
626 212 651 241 si
674 219 768 241 nemo
790 220 861 240 vere
888 211 944 246 sis,
970 220 1098 248 possum
1120 210 1283 241 evidenter
1302 217 1488 248 agnoscere.
1501 210 1635 248 Quando
1658 210 1742 239 enim
1765 214 1796 238 ut

162 253 273 283 asinus
290 253 449 285 culcitras,
470 255 504 282 ut
520 257 630 282 taurus
648 252 790 281 exsultas
805 273 812 285 ,
831 251 959 280 libidine
974 251 1123 280 incensus
1141 250 1185 280 sic
1201 249 1307 278 hinnis
1324 252 1359 278 ut
1373 259 1489 287 equus,
1506 250 1634 288 quando
1648 250 1679 279 in
1695 249 1798 287 epulis

164 300 313 322 ursorum
329 293 461 322 imitaris
479 295 638 326 voratum,
653 294 683 321 et
702 290 895 328 pinguedine
911 298 1027 328 corpus
1045 290 1206 319 mulorum
1222 298 1309 318 more
1330 289 1504 324 distendis;
1523 299 1595 319 cum
1618 288 1798 320 exercenda

162 331 325 362 simultate
339 333 509 367 emnctum,
524 332 636 369 lupum
653 331 784 360 imiteris
802 330 916 368 rapina
930 339 937 364 ;
954 337 1027 358 cum
1042 329 1190 360 irascaris
1206 331 1238 358 ut
1254 337 1386 362 serpens
1398 351 1406 360 .
1419 332 1449 358 et
1468 328 1794 366 atrocitate’scorpio-

158 380 237 401 num
253 373 424 409 percutias;
437 381 508 401 cum
525 372 657 401 subdole
672 371 832 401 insidieris
850 374 886 401 ut
901 371 1026 409 vulpes,
1039 379 1177 408 cumque
1190 379 1315 400 veneno
1331 371 1539 409 malignitatis
1549 374 1685 402 armeris
1697 377 1733 402 ut
1748 383 1801 404 eo-

158 411 252 440 luber
266 413 296 440 ct
312 411 437 449 vipera;
454 420 525 441 cum
541 411 633 449 quasi
653 411 800 440 diabolus
813 411 882 449 ipse
898 411 1052 441 adversus
1070 410 1182 439 fratres
1199 410 1341 440 crudelia
1361 411 1443 440 bella
1460 411 1619 449 suscipias
1636 422 1642 441 :
1657 421 1799 450 quonam

157 458 313 488 umquam
330 450 435 486 modo,
453 459 516 488 qua
531 451 656 480 ratione
672 451 703 479 in
717 450 883 480 hominum
907 454 935 480 te
952 459 1082 488 possum
1104 458 1239 478 numero
1261 449 1436 483 coilecare,
1453 450 1542 480 nulla
1558 451 1590 479 in
1609 454 1640 480 te
1664 449 1799 483 cernens

158 490 306 520 humanm
329 490 419 529 signa
439 490 624 520 natura:?0
639 499 706 519 rem
726 490 853 529 plenam
877 490 995 519 doloris
1017 492 1114 527 atque
1136 489 1502 529 lacrymarumtrFidclis
1525 492 1557 520 et
1578 491 1800 522 catechumeni

157 529 395 558 distinctionem
411 530 552 568 reperire
567 530 747 568 cupiebam,
763 530 816 559 sed
831 539 888 559 nec
904 531 986 559 inter
1001 529 1144 558 homines
1161 531 1191 558 et.
1208 528 1289 558 feras
1304 528 1388 566 quod
1406 529 1445 558 sit
1460 529 1630 560 discrimen
1658 531 1799 560 invenio.

156 569 237 605 Quid
253 569 338 598 enim
355 571 383 597 te
398 570 562 607 appellare
577 570 699 599 debeo?
717 569 922 600 Feram?Sed
937 570 998 599 illa:
1015 577 1079 598 uno
1092 568 1203 606 aliquo
1216 568 1330 598 horum
1349 569 1424 598 vitio
1440 571 1599 605 tenentur,
1615 573 1648 599 tu
1668 579 1744 600 vero
1759 571 1801 600 si-

156 609 223 637 mul
240 609 271 637 in
292 610 321 638 te
335 608 443 638 omnia
459 609 648 648 colligendo,
666 609 761 648 longe
776 609 916 639 ferarum
933 609 1119 639 irrationale
1139 608 1337 646 stultumquc
1353 609 1598 647 transgrederis.
1616 610 1664 639 An
1681 610 1800 643 diabor

155 648 223 678 lum
239 650 267 688 te
284 648 390 685 potius
406 647 564 686 appellem
577 649 590 677 ?
603 648 660 678 Sed
678 647 734 678 ille
745 657 801 678 nec
815 649 967 687 pecunias
986 647 1195 688 concupiscit,
1209 656 1271 688 nec,
1286 648 1446 686 tyrannidi
1463 649 1581 678 ventris
1597 650 1797 688 obsequitur.

156 688 235 718 Cum
252 687 350 727 igitur
364 688 458 725 plura
473 688 505 716 in
522 689 551 717 te
565 688 641 718 vitia
654 688 729 722 sint,
742 696 839 726 quam
855 689 887 717 in
905 689 1011 718 bestiis
1028 690 1124 725 atque
1139 687 1349 722 daemonibus,
1364 688 1534 726 responde,
1551 687 1695 724 obsecro,
1716 690 1799 720 unde

156 731 186 757 te
194 736 322 765 possum
332 727 405 767 jure
421 727 581 756 hominem
598 728 808 766 nuncupare?
820 727 849 756 Si
866 737 940 758 vero
954 730 983 757 te
995 728 1157 757 hominem
1171 727 1333 767 appellare
1345 735 1482 765 nequeo,
1495 736 1560 766 quo
1574 728 1698 758 tandem
1709 730 1801 759 modo

156 771 268 805 potero
285 767 408 798 ﬁdelem
425 767 565 798 venare?
581 767 700 797 Verum
723 767 781 796 hoc
799 770 846 797 est
864 767 964 796 multo
979 767 1184 797 deterrimum
1199 789 1206 802 ,
1221 766 1306 804 quod
1323 771 1428 796 tamen
1445 776 1518 797 cum
1536 768 1680 797 omnium
1701 769 1801 798 vitio--

156 816 227 836 rum
242 807 392 845 squalore
408 811 585 846 turpcmur.
604 815 662 837 nec
677 806 884 845 intelligimus
898 806 1025 845 quidem
1043 809 1160 836 nostrze
1176 806 1291 836 anima:
1308 806 1489 842 fmditatem,
1507 815 1566 837 nee
1581 807 1649 846 ejus
1665 815 1799 846 prorsus

155 846 297 886 deforme
313 847 549 886 c0gnoscimus.
569 848 647 877 Nam
665 848 696 877 tu
713 846 842 886 quidem
857 847 941 885 apud
956 849 1119 876 tonsorem
1139 846 1282 876 residens
1298 849 1327 875 et
1345 846 1507 876 caesariem
1528 846 1703 877 detondens
1714 869 1722 883 ,
1738 848 1801 877 ad—

157 885 258 916 bibito
273 885 368 916 etiam
385 887 527 925 speculo,
544 888 643 917 multo
657 885 730 916 cum
746 885 862 921 studio,
875 895 1064 924 summaque
1079 894 1157 915 cura
1172 886 1386 924 mqualitatem
1403 886 1600 921 consideras,
1618 889 1649 916 et
1664 887 1801 918 nitorem

156 926 282 964 capilli:
296 935 354 955 nec
369 929 472 956 tamen
488 929 519 955 in
542 927 680 965 imagine
698 927 742 956 tui
758 928 923 965 temetipse
942 926 1122 965 inspexisse
1139 927 1319 960 contentus,
1337 928 1403 955 tum
1419 925 1524 963 ipsum
1540 925 1694 956 artiﬁcem
1706 949 1714 962 ,
1731 929 1799 957 tum

156 965 238 996 alios
254 965 416 996 adstantes
433 967 568 997 sollicite
584 967 757 1005 homojam
773 976 869 996 senex
888 976 950 996 non
970 966 1102 1001 vereris,
1115 965 1250 1004 juvenili
1270 965 1405 995 stultitia
1419 965 1565 1000 insanus,
1582 965 1800 1005 interrogare,

157 1013 198 1036 an
214 1005 329 1035 alicubi
349 1006 542 1044 incomptius
559 1015 672 1036 manus
690 1007 889 1045 properantis
906 1009 1038 1044 operata
1053 1007 1104 1042 sit,
1119 1015 1160 1036 an
1174 1005 1251 1036 satis
1266 1005 1376 1037 deccat
1394 1005 1528 1035 frontem
1544 1005 1658 1035 leniter
1672 1009 1800 1037 attonsa

157 1045 315 1075 caesaries.
332 1045 453 1075 Animm
471 1055 547 1075 vero
573 1048 690 1076 nostra
711 1044 783 1084 quze
799 1055 862 1075 non
886 1047 990 1076 solum
1013 1046 1162 1076 deformis
1178 1048 1226 1075 est
1239 1068 1246 1079 ,
1266 1053 1377 1076 verum
1395 1044 1492 1075 etiam
1511 1044 1649 1076 ferarum
1668 1046 1801 1075 omnino

156 1084 341 1115 conformis.
359 1087 389 1114 ct
405 1094 476 1123 quas
491 1085 594 1124 Scylla
608 1086 730 1124 aliqua,
745 1086 793 1115 vel
810 1085 979 1121 Chimzera,
991 1088 1027 1115 ut
1042 1086 1151 1116 fabula
1165 1085 1315 1121 celebrat,
1332 1085 1444 1116 effecta
1457 1086 1516 1122 est,
1529 1085 1618 1115 nulla
1633 1094 1691 1115 nos
1709 1094 1799 1120 cura,

156 1125 245 1154 nulla
261 1124 441 1154 sollicitudo
458 1134 610 1163 umquam
630 1125 789 1155 remordet
802 1136 809 1154 τ
822 1135 894 1155 cum
911 1129 995 1156 certe
1011 1126 1061 1155 hic
1077 1134 1207 1164 quoque
1223 1125 1390 1163 speculum
1405 1126 1446 1154 sit
1460 1127 1607 1164 paratum
1623 1125 1801 1164 proculdu--

156 1164 209 1193 bio
225 1164 378 1205 spiritale,
395 1167 424 1194 et
440 1165 534 1205 longe
549 1165 605 1194 illo
621 1165 730 1195 utilius
748 1166 889 1204 speculo,
900 1166 1059 1205 longeque
1073 1165 1222 1195 lucidius.
1239 1165 1308 1194 Non
1324 1166 1409 1194 enim
1425 1165 1563 1195 ostendit
1579 1164 1800 1196 tantummodo

156 1212 249 1244 suam
266 1204 440 1242 unicuique
456 1204 627 1234 fteditatcm
641 1227 649 1240 ,
667 1205 721 1235 sed
736 1214 806 1236 eam
822 1205 854 1235 in
872 1204 1048 1235 maximum
1068 1213 1198 1244 quoque
1211 1227 1218 1240 ,
1238 1205 1262 1233 si
1281 1205 1428 1234 volumus
1442 1227 1449 1239 ,
1465 1205 1620 1234 convertit
1639 1205 1798 1236 decorem.

156 1243 224 1284 Hoc
234 1244 375 1284 estenim
387 1244 529 1274 virorum
544 1245 697 1275 memoria
713 1248 909 1279 sanctorum,
922 1254 959 1275 ac
976 1246 1075 1275 beatae
1091 1245 1219 1274 illorum
1233 1245 1488 1274 conversationis
1505 1245 1649 1278 historia.
1661 1247 1691 1274 et
1705 1254 1800 1284 gene-

156 1282 268 1313 raliter
281 1283 463 1313 dirinarum
478 1284 571 1314 lectio
587 1284 836 1322 Scripturarum,
856 1285 1031 1323 positaeque
1046 1293 1065 1315 a
1079 1285 1145 1314 Deo
1159 1285 1237 1323 legis
1251 1284 1385 1322 agnitio.
1402 1284 1432 1313 Si
1450 1285 1590 1314 volueris
1607 1282 1719 1314 saltem
1735 1284 1799 1314 ﬁxe

158 1323 342 1363 intenthue
359 1324 463 1352 cordis
479 1324 573 1353 oculo
593 1323 748 1363 fulgentes
774 1324 845 1354 illas
861 1325 1050 1355 Sanctorum
1066 1324 1222 1362 imagines
1239 1324 1375 1358 intueri,
1392 1326 1491 1353 totum
1507 1324 1660 1353 continuo
1684 1325 1798 1354 mentis

156 1363 219 1392 tua:
232 1362 372 1392 deforme
388 1364 576 1401 conspicies.
595 1364 740 1402 Cumque
755 1364 836 1394 istud
852 1364 1021 1403 agnoveris
1036 1386 1043 1397 ,
1061 1364 1181 1393 nullius
1198 1364 1339 1402 profecto
1355 1364 1400 1393 rei
1415 1364 1570 1402 indigebis
1585 1364 1799 1401 alterius.per

156 1403 305 1442 quamab
317 1403 497 1441 hujusmodi
509 1403 857 1441 turpitudinelibereris
872 1414 878 1432 :
892 1407 955 1433 tam
968 1404 1058 1434 nobis
1072 1404 1147 1433 utile
1159 1403 1241 1433 istud
1254 1406 1301 1433 est
1312 1404 1490 1441 speculum,
1504 1406 1633 1442 tamque
1645 1411 1702 1433 nos
1715 1403 1799 1433 facili

156 1441 440 1472 transformatione
455 1443 623 1473 convertit.
639 1443 737 1473 Nemo
753 1444 850 1482 igitur
863 1443 981 1473 diutius
998 1444 1029 1473 in
1044 1443 1184 1473 ferarum
1202 1443 1305 1482 efﬁgie
1323 1445 1515 1481 perseveret.
1535 1443 1564 1472 Si
1582 1441 1668 1472 enim
1687 1451 1798 1473 servus

156 1489 361 1519 nequaquam
377 1482 506 1511 domum
521 1483 620 1520 patris
633 1483 828 1521 ingreditur:
842 1492 913 1513 cum
930 1484 1030 1513 bestia
1046 1484 1141 1513 etiam
1158 1483 1254 1512 fueris
1266 1483 1407 1518 effectus,
1419 1482 1548 1521 quando
1560 1483 1678 1521 poteris
1694 1483 1798 1521 ipsum

156 1521 268 1550 saltem
294 1521 425 1551 introire
442 1523 634 1552 vestibulum
648 1524 661 1552 ‘2
673 1523 712 1552 Et
726 1523 801 1561 quid
824 1523 894 1553 dico
914 1523 1014 1553 bestia
1027 1545 1034 1557 ,
1052 1522 1182 1560 quando
1198 1522 1422 1561 unusquiSque
1440 1522 1572 1552 vitiosus
1589 1522 1676 1551 omni
1694 1522 1798 1552 bestia

155 1561 382 1601 comprobctur
399 1562 595 1591 immanior?
609 1563 674 1592 lllm
689 1563 819 1601 quippe,
835 1571 1032 1601 quamquam
1048 1562 1240 1592 naturaliter
1255 1563 1398 1597 szeviant,
1412 1562 1438 1591 si
1454 1562 1595 1592 humana
1609 1564 1713 1592 tamen
1729 1564 1798 1591 arte

155 1600 328 1638 palpentur
341 1623 348 1633 .
365 1601 556 1639 plerumque
574 1605 806 1632 mansucscunt
819 1612 826 1631 :
838 1600 872 1631 tu
889 1605 995 1632 autem
1011 1602 1067 1640 qui
1087 1602 1213 1631 illarum
1233 1601 1375 1640 profecto
1393 1602 1573 1632 naturalem
1593 1601 1749 1631 feritatem
1767 1601 1798 1630 in

154 1647 224 1668 eam
240 1649 311 1678 qua:
328 1643 437 1670 contra
454 1647 601 1671 naturam
618 1645 666 1671 est
679 1641 956 1671 mansuetudinem
972 1650 1054 1680 smpe
1071 1643 1261 1676 commutas,
1277 1649 1374 1679 quam
1391 1641 1524 1671 habebis
1538 1641 1795 1676 excusationem,

153 1681 242 1708 tuam
265 1681 542 1709 mansuetudinem
569 1681 748 1711 naturalem
777 1681 808 1710 in
835 1681 991 1711 feritatem
1004 1702 1011 1715 ,
1027 1689 1098 1718 quze
1124 1683 1248 1710 natura:
1263 1682 1324 1710 tuae
1344 1682 1391 1710 est
1412 1680 1541 1710 inimica
1554 1703 1561 1714 ,
1581 1682 1796 1710 convertens:

153 1727 291 1756 eumque
307 1720 499 1749 naturaliter
513 1719 611 1749 feram
633 1720 671 1750 ad
691 1720 969 1750 mansuetudinem
986 1719 1102 1753 trahis,
1119 1721 1148 1749 te
1173 1720 1363 1749 naturaliter
1379 1722 1582 1749 mansuetum
1607 1720 1638 1748 in
1658 1719 1799 1749 ferarum

150 1759 272 1788 rabiem
289 1760 404 1787 natura
419 1759 618 1796 repugnante
633 1757 790 1795 perducis.
813 1757 848 1786 Et
863 1758 988 1787 leonem
1001 1758 1129 1796 quidem
1140 1757 1278 1795 mitigas,
1290 1757 1459 1795 reddisque
1474 1758 1671 1788 tractabilem
1686 1769 1692 1787 :
1707 1758 1792 1788 furo—

152 1807 219 1828 rem
238 1806 314 1827 vero
331 1797 430 1827 animi
447 1797 492 1826 tui
506 1795 596 1836 omni
612 1804 744 1834 prorsus
762 1795 859 1826 efﬁcis
876 1797 968 1826 leone
984 1795 1216 1836 sz’eviorcmaEt
1231 1798 1316 1825 certe
1329 1805 1401 1825 cum
1422 1796 1464 1825 ibi
1483 1797 1547 1825 sint
1564 1797 1627 1826 duo
1648 1797 1789 1836 impedi-

150 1839 256 1868 menta
273 1837 322 1867 vel
337 1836 489 1869 maxima,
504 1835 588 1873 quod
605 1836 670 1865 fera
683 1836 751 1874 ipsa
768 1837 798 1875 et
812 1835 937 1865 ratione
952 1836 1109 1874 privatur,
1125 1838 1156 1864 et
1173 1835 1267 1875 longe
1281 1835 1424 1864 omnium
1436 1835 1568 1865 alterius
1580 1835 1707 1875 generis
1722 1838 1791 1867 ani-

151 1877 280 1906 matiam
297 1875 420 1906 excedit
435 1875 595 1905 furorem:
610 1877 645 1904 tu
659 1877 764 1905 tamen
782 1874 819 1905 de
834 1875 925 1913 copia
938 1875 1062 1905 donatae
1077 1874 1131 1904 tibi
1149 1882 1168 1904 a
1182 1874 1248 1904 Deo
1262 1875 1437 1912 sapientiae,
1453 1875 1554 1913 ipsam
1571 1874 1705 1914 superas
1721 1880 1791 1907 arte

151 1919 311 1946 naturam.
329 1915 388 1952 Qui
405 1915 502 1953 igitur
525 1917 672 1944 naturam
690 1914 789 1944 vincis
810 1914 841 1943 in
859 1914 966 1944 bestiis
979 1936 986 1949 ,
1002 1923 1060 1944 cur
1079 1914 1110 1943 in
1133 1914 1299 1952 temetipso
1315 1922 1380 1944 una
1399 1923 1471 1944 cum
1489 1916 1604 1944 natura
1619 1915 1714 1945 etiam
1732 1924 1792 1945 vo-

150 1956 281 1986 luntatis
297 1956 417 1984 bonum
433 1954 618 1992 prodidisti?
629 1954 740 1992 Itaque
755 1954 780 1983 si
796 1955 837 1988 te,
851 1956 886 1983 ut
901 1954 1001 1983 alium
1014 1953 1174 1983 hominem
1190 1953 1459 1988 mansuefaceres,
1472 1953 1630 1991 jubercm,
1643 1954 1722 1984 nihil
1739 1955 1790 1985 hic

150 1995 278 2032 quidem
294 1993 489 2032 impossibile
505 1993 629 2023 viderer
644 1993 1038 2030 imponerezquamquam
1060 2000 1363 2032 excusareiposses,
1395 2001 1458 2021 non
1480 1996 1508 2021 te.
1534 2002 1604 2023 esse
1626 1994 1789 2024 dominum

152 2031 323 2064 voluntatis
338 2031 461 2066 alienm,
477 2041 582 2069 neque
600 2034 714 2061 cuncta
731 2032 763 2060 in
780 2034 834 2061 tua
852 2034 1008 2069 potestate
1022 2032 1209 2061 consistere.
1226 2031 1317 2061 Nunc
1334 2040 1410 2060 vero
1425 2034 1478 2061 tua
1495 2031 1561 2061 hrec
1577 2034 1706 2071 proprie
1724 2034 1790 2065 fera

150 2075 208 2104 est.
227 2076 258 2102 ct
275 2073 325 2102 cui
344 2071 600 2108 ccrtissimojure
613 2070 798 2100 domineris.

190 2113 218 2142 9.
238 2113 339 2148 Quam
355 2111 451 2151 igitur
471 2111 569 2151 habes
590 2110 770 2151 apologiagm
784 2132 792 2145 ,
811 2118 946 2151 quemve
961 2111 1100 2151 reperies
1127 2110 1296 2139 honestum
1316 2110 1535 2151 excusationis
1561 2112 1699 2141 colorem
1713 2135 1719 2147 ,
1733 2114 1788 2151 qui

150 2161 222 2181 cum
239 2152 346 2181 solerti
363 2150 467 2180 studio
483 2149 644 2190 hominem
659 2149 895 2190 quodammodo
911 2149 1008 2180 facias
1026 2150 1064 2180 de
1078 2150 1188 2190 leone,
1206 2152 1239 2179 tu
1254 2151 1362 2180 tamen
1384 2150 1550 2190 negligens
1567 2151 1618 2180 leo
1639 2149 1788 2182 efﬁciaris

151 2200 190 2220 ex
207 2191 359 2220 homine?
374 2191 450 2220 Nam
470 2190 513 2219 illi
529 2189 656 2227 quidem
671 2189 771 2219 donas
787 2197 884 2227 supra
901 2198 992 2220 suam
1008 2189 1128 2228 aliquid
1141 2189 1259 2219 habere
1273 2191 1434 2225 naturam,
1449 2190 1503 2219 tibi
1521 2199 1597 2220 vero
1615 2200 1672 2221 nec
1688 2195 1789 2221 uatu—

151 2231 234 2260 ralcs
251 2229 526 2275 quidcmafl‘ectus
545 2237 701 2275 reservas.
718 2229 755 2275 Et
770 2228 829 2275 qui
849 2229 966 2259 bestias
984 2229 1065 2275 feras
1074 2229 1121 2275 ad
1139 2229 1393 2275 mansuetudinis
1412 2229 1563 2275 prqvchis
1579 2230 1766 2275 dignitatem
1781 2254 1789 2267 _.

151 2271 352 2308 temetipsum
368 2269 406 2299 de
422 2269 537 2298 throno
552 2268 702 2307 dejiciens
718 2271 749 2298 et
770 2268 892 2298 honore
908 2269 1028 2308 regali,
1045 2268 1084 2299 ad
1101 2269 1339 2298 irrationalium
1354 2268 1441 2308 cogis
1459 2268 1611 2299 furorem.
1629 2271 1788 2300 Ponamus

151 2310 248 2345 enim,
261 2307 291 2339 si
308 2309 420 2347 placet,
436 2309 516 2349 iram
531 2307 810 2349 quoqnegbestiam
825 2316 895 2337 esse
911 2308 1082 2349 quamdam
1100 2318 1106 2337 :
1123 2311 1279 2349 quantum
1297 2307 1447 2349 igitur’ab
1459 2309 1530 2338 aliis
1545 2318 1624 2349 erga
1636 2309 1790 2349 mitigan—

151 2349 226 2378 dum
239 2350 364 2379 leonem
375 2348 514 2378 studium
530 2347 760 2383 commodatur,
771 2349 891 2377 tantam
903 2351 936 2378 tu
948 2356 1025 2388 erga
1037 2347 1235 2388 iracundiam
1251 2348 1395 2388 impende
1405 2356 1528 2384 curam,
1541 2348 1667 2379 clcfﬁce
1680 2347 1790 2388 hujus-

150 2389 235 2418 modi
259 2388 484 2427 cogitationem
508 2387 621 2427 mitem
637 2389 734 2427 atque
760 2390 972 2418 mansuetam.
990 2386 1161 2426 Siquidem
1189 2387 1255 2417 haec
1278 2386 1344 2418 fera
1363 2391 1393 2417 et
1413 2388 1575 2426 unguibus
1603 2386 1787 2419 smvissi‘mis

150 2426 309 2462 armatur,
324 2430 354 2458 et
369 2427 535 2467 dentibus:
548 2430 578 2456 et
592 2426 757 2467 nisirillam
771 2427 906 2457 sollicite
918 2427 1179 2467 mansuefcccrisr,
1192 2429 1306 2456 cuncta
1323 2427 1417 2457 simul
1434 2427 1606 2465 disperdet,
1626 2431 1722 2467 atque
1738 2429 1790 2460 la—

150 2468 280 2498 ccrabit.
298 2467 410 2497 Nullus
421 2466 505 2496 enim
522 2466 584 2501 leo,
599 2465 688 2496 nulla
704 2466 750 2495 sic
766 2467 875 2504 vipera
892 2467 1014 2497 viscera
1029 2468 1153 2504 queunt
1168 2466 1290 2496 laniare
1302 2488 1310 2498 .
1325 2469 1360 2496 ut
1373 2467 1512 2496 hominis
1532 2465 1697 2498 iracundia
1721 2469 1790 2499 fcr~

152 2508 213 2537 reis
228 2507 419 2545 quibusdam
434 2505 596 2544 unguibus
612 2506 763 2535 universa
784 2506 981 2537 confodieris.
997 2506 1108 2544 Neque
1132 2505 1216 2535 enim
1241 2506 1441 2536 solummodo
1464 2507 1589 2545 corpori
1607 2510 1717 2543 nocet,
1734 2509 1788 2539 sed

150 2547 251 2585 ipsius
269 2547 365 2576 etiam
382 2545 558 2586 corrumpit
572 2545 688 2586 animae
702 2545 870 2586 sanitatem
887 2557 894 2576 :
910 2549 1041 2576 cunctas
1062 2545 1218 2584 siquidem
1232 2545 1301 2586 ejus
1322 2547 1453 2576 omnino
1477 2546 1559 2576 vires
1580 2546 1731 2586 discerpit
1752 2557 1790 2579 ac,

148 2587 292 2620 devorat,
309 2593 446 2623 eamque
461 2585 500 2615 ad
516 2584 623 2625 omnia
638 2585 782 2614 inutilem
800 2585 883 2615 facit.
901 2586 930 2615 Si
945 2586 1029 2615 enim
1043 2585 1062 2625 ii
1077 2585 1132 2623 qui
1150 2594 1275 2625 vermes
1291 2585 1323 2615 in
1340 2586 1548 2616 interioribus
1565 2584 1709 2625 corporis
1726 2597 1790 2618 nu—

149 2626 250 2654 triunt
265 2648 272 2660 ,
289 2634 328 2655 ne
342 2625 503 2663 respirare
520 2624 647 2662 quidem
664 2625 833 2660 sinuntur,
849 2625 974 2655 vexatis
991 2624 1132 2664 profecto
1151 2624 1321 2662 adesisque
1337 2626 1536 2656 visceribus:
1552 2624 1713 2664 quomodo
1730 2636 1787 2657 nos

151 2667 339 2705 venenatam
353 2665 437 2694 hanc
452 2665 483 2693 in
500 2664 590 2694 nobis
607 2664 727 2705 alentes
745 2665 898 2702 viperam,
913 2665 992 2694 iram
1007 2665 1089 2699 dico,
1106 2673 1178 2702 quae
1194 2665 1300 2695 omnia
1320 2665 1473 2695 interiora
1487 2666 1625 2695 hominis
1639 2667 1788 2705 depasci—

148 2708 220 2734 tur:
234 2704 309 2742 quid
325 2712 479 2742 umquam
493 2712 608 2744 sanum
626 2706 682 2733 aut
705 2703 783 2744 forte
798 2705 974 2742 poterimus
990 2704 1131 2743 cogitare
1145 2707 1201 2733 aut
1216 2706 1352 2742 parcre?
1366 2705 1513 2741 Quonam
1529 2706 1625 2744 igitur
1639 2703 1732 2736 modo
1747 2708 1787 2738 ah

149 2745 208 2774 hac
223 2747 285 2773 tam
302 2743 399 2773 noxia
413 2745 500 2782 peste
515 2743 673 2781 fugiemus
685 2744 698 2772 ?
711 2743 742 2772 Si
761 2743 846 2772 illam
863 2744 974 2782 utique
991 2744 1151 2782 potionem
1169 2744 1327 2778 bibamus,
1339 2753 1411 2782 quae
1424 2753 1533 2774 omnes
1545 2743 1633 2775 intra
1649 2755 1707 2776 nos
1719 2756 1788 2777 vcr-

148 2793 215 2813 mes
231 2787 460 2822 serpentesque
476 2782 653 2812 anl‘llﬁCt‘t.
668 2783 705 2812 Et
719 2784 894 2821 quodnam,
911 2784 1048 2822 inquies.
1061 2783 1145 2813 istud
1159 2786 1207 2813 cst
1222 2784 1373 2822 poculum
1388 2783 1472 2822 quod
1487 2792 1556 2814 cam
1571 2785 1633 2814 vim
1650 2785 1794 2816 habent?

147 2824 308 2853 Pretiosus
324 2823 443 2852 scilicet
458 2822 572 2851 Christi
588 2823 718 2861 sanguis
733 2845 739 2857 ,
755 2823 780 2852 si
799 2832 870 2852 cum
884 2823 1000 2853 ﬁducia
1023 2824 1134 2861 utique
1150 2825 1316 2852 sumatur:
1330 2823 1434 2853 omnis
1454 2824 1540 2853 enim
1565 2825 1624 2854 hoc
1646 2826 1786 2855 remedio

149 2864 279 2892 morbus
296 2862 533 2901 exstinguitur:
548 2864 618 2900 post
634 2862 692 2892 hoc
707 2865 892 2902 sanctarum
906 2871 1036 2901 quoque
1052 2863 1289 2902 Scripturarum
1309 2862 1444 2901 diligens
1460 2866 1489 2893 ct
1508 2863 1640 2894 devotus
1660 2865 1787 2894 auditus

148 2906 179 2931 et
193 2902 412 2932 misericordia
428 2901 551 2932 auditui
567 2901 726 2940 copulata.
746 2903 802 2932 Per
818 2903 884 2932 haec
897 2903 981 2932 enim
996 2911 1106 2932 omnes
1121 2901 1304 2932 mortiﬁcari
1319 2902 1381 2932 illa:
1397 2905 1543 2941 possunt,
1559 2912 1630 2942 quae
1647 2905 1786 2933 animam
