2055 3128
292 120 360 147 1017
887 115 1002 142 ΑΝΣᾹΝΙ
1032 114 1103 141 lN'lE

1106 113 1318 141 IllPRETATlO.
1850 111 1917 138 i018

285 181 426 203 nostram
443 170 637 202 labefaciunt
655 170 833 208 passiones.
850 169 889 199 Et
904 171 979 198 tunc
996 176 1072 197 vere.
1089 167 1156 208 vita
1168 175 1205 208 ac
1223 166 1360 196 sanitate
1376 165 1554 208 potiemur,
1572 167 1727 208 quircertc
1743 176 1828 198 nunc
1844 170 1926 200 nihil

284 213 349 242 fere
370 220 390 242 a
413 211 548 241 mortuis
570 206 801 248 discrepamus.
819 209 929 246 Neque
951 208 1037 237 enim
1061 207 1212 248 possibile
1231 209 1279 248 est
1299 214 1357 235 nos
1375 215 1448 248 vere
1464 206 1571 248 vivere
1586 206 1720 248 ,nisiin
1738 208 1829 238 nobis
1849 209 1927 238 vitia

285 252 418 281 omnino
435 250 624 280 moriantur.
640 245 713 278 Haac
735 247 916 278 necessario
933 255 991 276 nos
1011 247 1169 284 periment
1185 246 1216 276 in
1236 245 1343 274 futuro
1359 245 1384 274 si
1403 254 1460 275 nos
1478 245 1585 275 vivere
1601 245 1651 276 hic
1671 247 1725 276 illa
1742 247 1924 285 patiamur.

286 297 365 334 quin
383 296 447 325 imo
462 294 557 325 etiam
582 295 657 324 ante
679 293 769 334 illam
783 293 919 334 mortem
937 290 986 320 hic
1000 290 1171 334 exigunta
1189 290 1280 334 nobis
1295 290 1454 321 horrenda
1473 290 1643 334 supplicia.
1659 291 1823 330 Siquidem
1844 292 1922 334 uni-

288 330 377 366 versa
394 335 460 365 hinc
475 333 551 364 vitia
565 335 596 363 et
611 331 807 362 crudelitatis
822 330 916 368 plena
932 332 1007 359 sunt
1020 333 1050 359 et
1065 330 1225 360 aviditatis
1237 352 1245 364 ε
1260 339 1384 368 nosque
1404 330 1547 368 quotidie
1566 330 1722 361 devorare
1747 340 1810 361 non
1834 331 1923 361 desi-

286 378 378 405 nunt.
394 375 505 412 Itaque
517 376 545 403 et
559 372 793 412 denteseorum
809 378 874 412 non
887 369 1047 412 immerito
1062 378 1132 399 esse
1144 369 1279 399 dixerim
1294 369 1403 412 dentes
1416 370 1557 412 leonum,
1572 370 1637 412 imo
1647 371 1742 412 etiam
1757 371 1921 412 sieviores.

286 415 364 444 Nam
383 415 432 444 leo
445 409 573 452 quidem
588 410 683 452 simul
707 412 742 440 ut
753 409 859 452 _fuerit
876 409 1035 452 expletus,
1063 417 1221 438 semesum
1245 410 1400 452 continuo
1418 410 1554 439 cadaver
1570 410 1742 447 relinquit:
1758 411 1921 452 ᾕρεε-νοω

286 455 362 484 vitia
372 463 430 483 nec
440 448 599 483 satiantur
609 448 796 488 aliquando,
808 457 866 479 nec
874 449 914 478 ab
923 449 1030 479 anima
1042 451 1152 478 nostra
1163 457 1299 486 usquam
1311 449 1473 483 recedunt,
1485 452 1676 487 captumque
1686 458 1702 480 a
1713 459 1746 479 se
1757 450 1919 479 hominem

285 494 412 524 diabolo
425 492 619 522 simillimum
632 489 762 520 faciunt.
778 489 921 524 Quorum
937 490 1022 518 certe
1038 491 1125 518 tanta
1141 489 1186 518 vis
1202 491 1260 521 est.
1274 491 1308 517 ut
1323 489 1486 518 servitium
1504 489 1589 526 quod
1604 488 1729 519 Christo
1738 489 1854 519 Paulus
1870 490 1923 519 in-

286 534 386 563 ferum
402 539 619 570 superumque
633 531 720 570 tutus
736 536 935 570 securusque
946 527 1103 570 exhibuit,
1114 527 1251 570 idipsum
1267 528 1517 570 a_suis_exiga_nt
1528 528 1661 570 captivis
1677 529 1784 570 etiam.
1800 529 1878 559 Nam
1892 529 1919 559 si

286 573 335 603 vel
347 567 456 602 amore
473 567 657 607 corporum,
669 568 718 598 vel
732 567 903 606 cupiditate
918 568 1139 606 pecuniarum,
1152 567 1201 596 γοι
1215 567 1324 606 gloria:
1337 568 1453 605 aliquis
1470 567 1679 598 delectatione
1694 569 1853 606 capiatur,
1868 577 1923 598 su-

285 620 396 650 peros,
413 606 905 650 inferos:_(‘ontinuo_contemnit
919 629 926 641 ,
940 606 1211 650 dummodo_v'il.iis
1228 608 1437 650 obsequatur.
1456 607 1782 650 Nequaquam_igitu_r
1802 608 1922 650 dicenti

285 646 384 682 i’aulo
399 650 489 679 fidem
504 648 656 678 adhibere
671 647 851 677 dubitemus
864 669 872 682 ,
883 646 967 684 quod
990 649 1078 676 tanto
1094 646 1209 676 Christi
1232 654 1340 676 amore
1356 646 1550 685 ﬂagraverit.
1567 647 1701 683 Quando
1716 648 1800 677 enim
1822 648 1922 677 inve-

285 691 420 720 niuntur
433 689 531 726 aliqui
547 689 589 718 ita
605 687 768 717 desideriis
784 687 850 716 suis
862 695 900 716 ac
915 686 1000 715 vitiis
1017 686 1193 715 servientes
1203 695 1283 726 ,7eur
1301 687 1345 716 ita
1361 687 1494 716 Paulum
1513 687 1650 716 servisse
1669 687 1795 716 Christo
1810 687 1922 717 incre—

284 729 380 759 dibile
393 725 709 767 judicetur?ldcirco
721 727 806 755 enim
824 734 881 755 nos
899 725 1139 767 imbecilliorem
1153 726 1185 754 in
1198 725 1359 767 Christum
1376 726 1530 767 habemus
1547 726 1706 767 affectum,
1721 728 1798 767 quia
1814 727 1922 767 omnis

285 765 402 798 nostra
411 768 457 797 vis
473 768 504 796 in
520 767 668 796 vitiorum
681 774 791 797 amore
807 765 1020 795 consumitur.
1034 765 1113 795 Nam
1128 768 1158 794 et
1175 765 1319 795 avaritiae
1333 765 1543 801 deservimus,
1559 769 1590 796 et
1607 765 1712 796 aliena
1731 766 1921 804 diripimus,

284 811 316 838 et
331 807 418 838 inani
435 807 545 846 gloria:
559 807 695 836 libenter
707 805 918 846 obsequimur
928 815 935 833 :
947 813 1012 846 qua
1025 805 1176 834 servitute
1192 805 1267 846 quid
1280 813 1434 846 umquam
1448 805 1543 846 vilius
1557 808 1613 835 aut
1624 807 1835 844 contemptius
1845 815 1923 846 esse

285 848 410 886 possit?
424 844 487 876 Etsi
502 846 585 876 enim
600 845 836 886 millies‘clarus
854 844 1001 886 habearis
1015 848 1112 886 atque
1129 845 1322 886 conspicuus
1332 845 1433 886 ,_nihil
1446 845 1521 874 hinc
1535 847 1641 886 tamen
1656 845 1793 886 inglorio
1809 845 1924 886 aliquo

285 884 398 918 melior
412 886 540 917 exsistis
552 896 559 914 :
572 886 634 915 imo
645 885 705 915 hoc
718 884 787 923 ipso
800 885 900 914 multo
914 884 1149 919 inhonoratior,
1159 885 1324 922 multoque
1333 884 1521 923 despectior.
1532 885 1666 921 Quando
1675 885 1760 915 enim
1771 885 1815 914 illi
1826 885 1922 914 iidem

285 927 330 957 tui
344 927 436 958 amici
451 949 458 961 ,
475 926 529 964 qui
549 928 578 955 te
596 924 775 964 glorificare
796 923 940 964 certatim
963 923 1108 964 student,
1123 924 1311 964 clarumque
1334 926 1530 960 monstrare,
1547 928 1677 962 propter
1698 924 1759 954 hoc
1781 924 1922 962 teipsum

287 976 398 997 rursus
413 962 556 1000 irrident,
569 962 653 1003 quod
668 964 803 1003 gloriam
816 965 856 993 ab
873 963 950 1002 ipsis
969 962 1116 1002 requiras
1129 971 1142 991 -:
1152 963 1314 1003 quomodo
1330 973 1393 994 non
1408 964 1462 994 tibi
1475 964 1507 993 iu
1523 964 1722 994 contrarium
1736 964 1920 1003 hujusmodi

285 1007 388 1037 studia
402 1006 591 1037 vertuntur?

326 1047 374 1076 10.
390 1046 496 1083 Usque
510 1045 589 1076 adeo
602 1045 709 1074 autem
728 1043 839 1073 vitium
857 1042 938 1072 istud
956 1045 1096 1076 notatur,
1113 1044 1148 1072 ut
1163 1043 1245 1073 sicut
1262 1042 1433 1074 laudamus
1451 1052 1562 1073 omnes
1578 1051 1651 1073 eum
1665 1043 1720 1081 qui
1738 1052 1802 1072 non
1821 1042 1921 1073 forni-

285 1082 456 1119 cationem,
471 1093 534 1114 non
557 1084 750 1114 adulterium
765 1082 973 1121 concupiscit.
986 1082 1030 1113 ita
1046 1082 1142 1112 etiam
1158 1083 1365 1121 prmdicemus
1382 1083 1491 1118 istum,
1505 1083 1673 1121 magisque
1684 1083 1851 1118 miremur,
1863 1083 1918 1120 qui

285 1133 427 1156 amorem
445 1124 561 1162 refugit
578 1122 736 1162 gloriandi
752 1132 758 1151 :
776 1131 848 1151 cum
871 1132 887 1151 e
902 1122 1027 1159 regione
1041 1130 1193 1152 accusare
1214 1123 1318 1160 potius
1334 1131 1432 1161 quam
1449 1123 1582 1153 laudare
1597 1123 1758 1152 soleamus
1777 1131 1832 1152 eos
1843 1145 1850 1158 ,
1862 1123 1917 1160 qui

286 1164 452 1194 hominum
472 1161 581 1193 laudes
601 1163 781 1201 requirunt.
797 1162 878 1198 Quid
892 1162 988 1200 igitur
1005 1162 1099 1192 istam
1114 1170 1308 1200 magnopere
1325 1162 1458 1192 sectaris
1475 1171 1554 1194 rem.
1566 1161 1658 1201 cujus
1673 1162 1740 1192 vice
1756 1162 1918 1192 contraria

285 1204 354 1243 ejus
371 1203 424 1233 tibi
441 1212 567 1241 semper
583 1202 746 1243 occurrit?
767 1201 797 1230 Si
816 1202 900 1243 enim
917 1201 1088 1243 glorificari
1109 1201 1212 1243 cupis,
1234 1202 1369 1243 gloriam
1385 1202 1576 1243 despiccxet
1589 1202 1651 1231 eris
1674 1202 1825 1243 omnibus
1840 1202 1919 1243 glo—

286 1241 411 1274 riosior.
427 1243 517 1272 Nunc
534 1251 608 1272 vero
635 1241 771 1280 idipsum
789 1241 906 1279 pateris
920 1241 1050 1270 omnino
1065 1241 1150 1279 quod
1167 1241 1463 1271 Nabuchodonosor
1483 1242 1618 1279 legimus
1634 1242 1814 1280 pertulisse.
1840 1241 1919 1271 Nam

286 1284 494 1314 illerstatuam
507 1281 669 1320 quondam
693 1281 809 1315 erexit,
829 1289 847 1310 a
866 1280 953 1319 ligno
968 1283 998 1310 et
1013 1284 1140 1311 mortua
1154 1281 1297 1319 corporis
1322 1281 1461 1320 imagine
1486 1290 1635 1320 magnam
1656 1281 1776 1311 scilicet
1801 1281 1920 1310 famam

286 1325 507 1360 aucupaturus
523 1345 530 1357 ,
549 1330 587 1351 ac
609 1321 703 1350 vivus
722 1328 739 1349 a
759 1329 793 1360 re
816 1329 880 1349 non
901 1320 970 1349 viva
995 1320 1171 1360 claritatem
1187 1323 1404 1351 muluaturus.
1422 1320 1449 1350 Ο
1470 1320 1631 1359 ingentem
1650 1321 1808 1350 insaniam
1825 1321 1831 1349 !
1847 1321 1922 1356 Quo

285 1371 319 1392 se
335 1359 494 1392 honorare
509 1364 558 1390 est
570 1361 671 1394 visus,
690 1359 897 1389 deridendum
916 1360 1062 1398 prtebuit.
1078 1359 1155 1389 Nam
1172 1360 1226 1398 qui
1251 1369 1285 1389 re
1301 1364 1427 1391 mortua
1443 1360 1552 1392 nixus.
1578 1360 1679 1398 magis
1698 1369 1793 1398 quam
1809 1361 1922 1397 seipse

285 1404 314 1432 et
338 1402 453 1431 mentis
470 1408 536 1431 sua:
560 1401 694 1434 viribus,
714 1399 836 1435 lignum
853 1408 950 1437 supra
966 1408 1000 1429 se
1026 1399 1193 1437 dignatur.
1211 1400 1264 1438 qui
1290 1409 1354 1429 non
1378 1400 1418 1430 sit
1443 1400 1506 1434 ille,
1523 1400 1658 1429 obsecro
1671 1422 1678 1435 ,
1695 1400 1762 1429 risu
1777 1400 1921 1429 maxime

283 1441 412 1479 dignus,
429 1449 493 1469 non
509 1449 527 1470 a
543 1440 701 1470 moribus.
717 1439 771 1468 sed
784 1447 805 1479 ξι
818 1439 933 1479 tabulis
946 1441 977 1468 ct
992 1439 1156 1468 asseribus
1178 1439 1394 1469 eouunendari
1411 1439 1545 1469 volens?
1562 1439 1599 1469 Ut
1611 1439 1637 1469 si
1658 1439 1775 1478 aliquis
1789 1439 1827 1468 de
1844 1447 1921 1468 ma—

284 1478 450 1519 gnitudine
465 1488 502 1509 ac
517 1479 755 1518 pulchritudine
767 1478 900 1519 domus.
916 1478 953 1508 de
971 1478 1065 1519 scalis
1086 1479 1191 1517 potius
1207 1479 1425 1517 gradibusque
1438 1479 1627 1519 marmoreis
1641 1488 1674 1509 sc
1690 1488 1761 1509 esse
1778 1479 1921 1519 honora-

286 1517 432 1550 biliorem
448 1522 553 1557 putet,
570 1527 667 1556 quam
689 1517 775 1556 quod
793 1518 888 1547 homo
913 1518 1039 1556 genitus
1051 1539 1058 1551 .
1075 1522 1105 1547 et
1123 1519 1256 1547 rationis
1277 1519 1442 1548 nobilitate
1467 1518 1604 1548 donatus
1622 1521 1681 1548 est.
1701 1519 1793 1548 Hunc
1811 1517 1921 1558 itaque

284 1563 413 1604 plurimi
430 1563 525 1604 etiam
553 1569 640 1604 nunc
663 1559 1016 1604 inveniuntur_imitar_i.
1045 1559 1181 1604 Ut'enim
1198 1560 1250 1604 ille
1266 1561 1342 1604 tunc
1357 1559 1395 1590 de
1412 1560 1553 1604 imagine
1569 1569 1681 1596 aurea,
1698 1563 1743 1591 sic
1758 1561 1853 1604 modo
1867 1561 1923 1604 alii

286 1598 324 1633 ile
339 1605 427 1632 veste
442 1601 592 1640 pretiosa,
605 1599 642 1629 de
658 1600 749 1637 equis
764 1598 817 1640 alii
835 1598 885 1627 vel
902 1599 1062 1632 curribus.
1079 1598 1347 1640 deganiplitudine
1371 1598 1608 1640 columnarum,
1625 1610 1696 1638 qua‘.
1712 1604 1787 1630 sunt
1801 1602 1832 1630 in
1849 1601 1923 1631 aedi-

283 1644 395 1675 bus,et
411 1637 541 1680 picturis
560 1640 730 1680 parietum,
745 1637 919 1680 opinantur
935 1647 968 1666 se
985 1646 1055 1667 esse
1067 1638 1229 1680 meliores.
1242 1639 1323 1680 Quia
1335 1639 1420 1680 enim
1437 1640 1522 1680 quod
1534 1643 1625 1669 erant
1637 1637 1798 1675 homines,
1813 1641 1925 1679 perdi-

286 1677 568 1712 deruntfsollicite’
577 1679 637 1708 huc
653 1678 794 1715 illucque
811 1677 1010 1718 circumeunt
1022 1699 1029 1709 ,
1046 1677 1175 1718 aliunde
1193 1678 1406 1718 sihirgloriam
1423 1679 1621 1718 colligentes,
1641 1681 1728 1709 omni
1749 1677 1829 1709 sane
1856 1681 1924 1709 irri-

284 1723 374 1752 sione
393 1718 681 1759 dignissimamiAt
702 1716 880 1759 nou‘eliam
897 1716 947 1759 illi
959 1716 1055 1745 fortes
1076 1717 1131 1759 Dei
1151 1721 1180 1759 el_
1195 1717 1372 1759 laudabiles
1385 1716 1729 1759 famuli‘bujuscemodi
1744 1720 1853 1755 rebus,
1869 1720 1922 1750 sed

285 1761 360 1793 illis,
381 1755 499 1798 quibus
514 1758 682 1796 oportebat
696 1755 850 1798 maxime,
867 1755 1075 1798 refulserunt.
1093 1756 1254 1798 Siquidem
1281 1766 1355 1787 cum
1383 1757 1489 1787 adhuc
1505 1755 1724 1788 adolescentes
1745 1762 1865 1792 essent,
1893 1763 1921 1788 et

285 1795 460 1839 peregrini,
477 1795 651 1839 imo’etiam
667 1796 749 1826 servi
767 1799 863 1833 atque.
877 1795 1004 1839 captivi,
1018 1804 1054 1824 ac
1072 1797 1328 1839 necessariarum
1341 1805 1448 1826 rerum
1468 1799 1595 1836 penitus
1610 1798 1801 1837 indigentes,
1822 1799 1920 1828 multo

286 1834 335 1870 bis
350 1834 502 1868 ciariores
524 1837 654 1867 fuerunt
666 1844 774 1876 ,rquos
797 1834 901 1864 omnis
917 1835 1009 1872 copia
1023 1843 1136 1876 rerum
1153 1836 1248 1876 simul
1271 1844 1309 1865 ac,
1336 1845 1451 1874 pompa
1468 1834 1658 1867 comitatur.
1674 1834 1714 1867 Et
1730 1838 1774 1867 illi
1792 1838 1920 1876 quidem

286 1877 461 1917 Babylonio
479 1877 546 1915 regi
560 1899 567 1909 ,
585 1885 648 1905 non
666 1874 848 1917 illailigcns
875 1876 905 1917 et
922 1882 1003 1917 auro
1020 1873 1144 1917 fulgens
1162 1875 1266 1914 imago
1280 1897 1287 1911 ,
1316 1873 1380 1917 non
1399 1873 1539 1914 praefecti
1552 1878 1722 1915 regionum
1736 1899 1743 1912 ,
1759 1873 1922 1915 ducesque

287 1913 406 1948 militia‘
417 1939 425 1952 ,
441 1925 505 1946 non
519 1913 764 1956 innumerabilis
786 1922 822 1942 ac,
839 1913 974 1956 bellator
995 1914 1170 1956 exercitus,
1187 1915 1337 1956 nongauri
1353 1913 1542 1956 argentique
1560 1913 1716 1954 stupenda
1730 1913 1897 1956 congestio
1912 1939 1920 1949 .

286 1967 350 1988 non
363 1956 448 1986 aliud
462 1956 638 1994 quidquam
649 1953 735 1992 quod
751 1953 932 1994 excogitare
947 1954 1062 1991 potuit,
1073 1953 1141 1992 ejus
1158 1954 1337 1990 ambitioni,
1348 1957 1379 1984 et
1391 1955 1430 1984 ad
1445 1953 1598 1994 magnum
1614 1953 1707 1985 illum
1723 1953 1922 1986 efficiendum

286 1996 406 2035 aliquid
424 1992 573 2034 prodesse
586 1995 781 2035 potuerunt}
795 1992 843 2035 bis
856 1996 1135 2035 vcrogeunctorugm
1153 1993 1276 2035 talium_
1288 1995 1492 2035 possessione
1503 1992 1613 2030 hudis,
1631 1996 1699 2025 sola
1718 1996 1922 2034 philosophia

288 2031 432 2067 suffecit:
442 2035 480 2064 Et
502 2035 568 2064 luec
586 2031 739 2063 nimirum
763 2032 823 2061 fuit
837 2040 909 2070 qum
925 2031 995 2062 illos
1012 2032 1161 2062 omnibus
1180 2042 1243 2062 non
1260 2031 1410 2063 divitibus
1427 2035 1530 2063 solum
1545 2057 1552 2067 .
1571 2044 1684 2064 verum
1700 2031 1794 2064 ciiam
1813 2031 1923 2065 diade-

287 2080 370 2106 male
390 2082 597 2114 purpuraque
622 2072 816 2114 fulgentibus
830 2093 837 2105 ,
857 2071 1104 2114 tanto_rcddidit
1131 2073 1309 2114 clariores,
1326 2076 1449 2111 quanto
1466 2074 1605 2112 amplius
1630 2075 1794 2104 teterrimo
1812 2075 1922 2113 aliquo

288 2111 472 2145 cmno'solis
495 2111 622 2143 ﬂamma
644 2111 836 2152 resplendet.
852 2111 1072 2152 Ducebanlur
1086 2112 1170 2141 enim
1188 2112 1226 2141 ad
1251 2113 1346 2142 totius
1364 2121 1443 2151 pene
1466 2111 1552 2143 orbis
1569 2114 1788 2152 spectaculum
1809 2111 1923 2144 ado'lc—

289 2157 426 2187 scentcs,
443 2153 538 2187 servi,
564 2152 723 2192 iidemque
743 2150 870 2192 captivi.
883 2150 945 2192 Qui
959 2154 1128 2192 cum‘ante
1143 2160 1251 2192 regem
1280 2152 1428 2190 intrepidi
1445 2150 1684 2188 constitissent,
1701 2154 1733 2182 in
1748 2156 1921 2192 conspectu

289 2203 400 2225 eorum
418 2193 523 2232 ignem
539 2190 799 2232 continuojussit
818 2190 947 2232 acoendi
963 2200 969 2218 :
984 2193 1015 2219 et
1032 2189 1128 2220 duces
1147 2191 1281 2221 militum
1292 2213 1302 2232 ,
1316 2194 1344 2221 et
1360 2189 1507 2232 satrapae,
1518 2193 1723 2231 prazfectique
1739 2189 1920 2231 regionum,

290 2237 320 2264 et
331 2229 518 2263 omne‘illud
534 2230 651 2261 diaboli
675 2231 903 2260 circumstabat
919 2229 1091 2265 theatrum,
1103 2233 1134 2260 et
1148 2238 1212 2260 vox
1228 2231 1370 2269 undique
1387 2229 1568 2261 ﬁstularum
1582 2234 1613 2261 et
1625 2229 1924 2265 tibiarum—cantus.

289 2277 321 2303 et
338 2273 471 2311 clangor
486 2272 657 2311 tubarum,
677 2270 842 2311 totiusque
855 2269 982 2299 musicae
993 2270 1182 2311 artissonns
1197 2270 1359 2311 ferebatur
1372 2270 1405 2300 in
1421 2271 1533 2301 caelum
1547 2294 1556 2307 ,
1571 2275 1823 2310 sanctorumque
1838 2272 1926 2302 auri-

291 2314 351 2343 bus
365 2309 579 2350 obstrepebat,
599 2312 629 2340 et
644 2309 759 2339 fornax
777 2309 808 2338 in
835 2309 1025 2338 immensam
1048 2309 1247 2340 altitudinem
1272 2309 1377 2340 fuerat
1392 2318 1543 2346 accensa,
1565 2311 1717 2350 ipsasque
1738 2309 1805 2350 jam
1822 2312 1925 2342 nubes

292 2351 418 2382 flamma
435 2351 596 2389 tangebat,
614 2349 787 2389 omniaque
804 2351 887 2378 metu
904 2351 935 2389 et
958 2351 1089 2389 stupore
1104 2352 1196 2379 erant
1210 2350 1316 2388 plena.
1338 2350 1458 2381 Verum
1475 2351 1547 2380 illos
1562 2349 1641 2380 nihil
1659 2349 1776 2380 horum
1791 2351 1926 2380 omnino

288 2391 442 2422 deterruit
463 2400 470 2420 :
490 2387 543 2420 Sed
559 2389 652 2428 quasi
668 2388 806 2429 pueriles
823 2387 980 2426 quosdam
996 2388 1193 2426 frivolosque.
1211 2387 1351 2419 conatus
1367 2389 1501 2419 ridendo
1516 2390 1738 2429 despicerent,
1753 2391 1796 2420 ita
1812 2399 1926 2420 secure

291 2431 506 2461 fortitudinem
523 2429 622 2459 animi
642 2428 895 2465 modestiamquc
910 2429 1131 2458 monstrabant
1149 2439 1156 2457 :
1178 2431 1208 2458 et
1225 2430 1405 2459 emittentes
1425 2438 1533 2459 vocem
1555 2430 1706 2460 omnibus
1727 2430 1789 2460 illis
1814 2430 1927 2460 bucci—

291 2471 339 2500 nis
366 2471 554 2503 clariorem,
569 2472 633 2498 tota
650 2477 722 2498 cum
737 2468 883 2498 libertate
898 2467 1045 2508 dicebant
1062 2477 1069 2496 :
1087 2468 1204 2508 Notum
1219 2468 1275 2498 tibi
1289 2469 1340 2499 sit.
1358 2477 1426 2502 rex,
1445 2469 1592 2508 quoniam
1604 2469 1666 2499 diis
1678 2470 1739 2499 tuis
1754 2479 1819 2499 non
1830 2470 1928 2499 servio

289 2519 366 2542 mus.
387 2514 413 2539 et
432 2509 595 2547 imaginem
611 2516 736 2548 autem):
757 2507 1002 2548 qugamgstatut'srti
1027 2516 1091 2537 non
1107 2507 1294 2548 odoramus(
1319 2509 1401 2538 Dan.
1418 2507 1502 2538 3.718
1517 2508 1540 2548 ).
1562 2509 1599 2538 lit
1614 2509 1781 2539 considera
1799 2509 1831 2538 in
1856 2510 1927 2548 ipso

290 2550 370 2580 tanti
386 2546 510 2579 fervore.
530 2547 713 2578 certaminis
729 2546 917 2587 modestiam
940 2547 1134 2577 relucentem
1146 2569 1153 2581 ,
1171 2546 1361 2578 Notum‘tibi
1375 2549 1431 2581 sit,
1448 2546 1521 2577 rex.
1535 2549 1603 2578 Non
1619 2549 1705 2578 enim
1721 2549 1827 2579 verbis
1840 2546 1928 2587 quo—

293 2599 355 2627 que
367 2588 530 2628 despicere
546 2596 652 2626 regem
666 2589 763 2624 atque
780 2586 979 2628 inhonorare
995 2587 1167 2616 voluerunt
1186 2597 1193 2616 :
1211 2587 1264 2628 sed
1280 2596 1372 2618 suam
1392 2588 1613 2628 tantummodo
1627 2596 1704 2626 erga
1718 2588 1820 2618 Deum
1836 2586 1927 2618 nion-

294 2625 396 2658 strare
413 2625 576 2667 pietatem,
587 2625 729 2667 propter
743 2625 828 2667 quod
851 2635 910 2667 nec
923 2626 955 2667 in
967 2625 1103 2667 longum
1114 2627 1300 2667 extendere
1324 2636 1519 2662 sermonem,
1536 2627 1590 2658 sed
1604 2625 1716 2666 paucis
1738 2630 1856 2658 cuncta
1870 2627 1927 2658 de—

294 2665 428 2698 clarant.
448 2668 520 2700 Est,
538 2667 698 2704 inquiunt,
710 2666 791 2706 Deus
806 2665 839 2695 in
848 2666 925 2695 «clo
943 2665 1042 2704 (Ibid.
1060 2675 1089 2695 ν.
1107 2666 1144 2695 17
1161 2668 1190 2705 ),
1212 2667 1266 2705 qui
1292 2669 1396 2705 potest
1410 2667 1548 2697 liberare
1566 2665 1624 2696 nos
1640 2667 1678 2697 de
1692 2667 1823 2698 fornace
1843 2667 1926 2706 ignis

294 2707 446 2741 ardentis,
465 2710 496 2736 et
510 2707 547 2735 de
563 2706 711 2736 manibus
726 2705 788 2734 tuis
801 2727 808 2738 .
825 2714 899 2745 rex1
911 2706 1035 2743 eripere
1060 2714 1130 2735 nos.
1149 2706 1231 2743 Quid
1256 2706 1348 2735 nobis
1369 2706 1470 2745 igitur
1487 2706 1628 2737 ostendis
1644 2706 1777 2737 diffusas
1790 2705 1927 2737 militum

293 2747 400 2784 copias
411 2749 425 2776 ?
435 2746 511 2785 quid
531 2746 691 2775 fornacem
707 2745 866 2774 inusitatis
879 2743 1082 2785 flammarum
1096 2746 1259 2775 ardentem
1273 2743 1403 2784 globis?
1420 2746 1496 2783 quid
1518 2746 1672 2776 micantes
1687 2746 1812 2785 gladios
1822 2747 1836 2775 7
1851 2747 1926 2785 quid

296 2784 455 2816 terribiles
476 2786 675 2816 hastatorum
694 2785 862 2814 catervas?
876 2784 931 2813 His
949 2792 1088 2823 namque
1107 2785 1256 2815 omnibus
1273 2786 1366 2823 longe
1385 2785 1556 2815 sublimior
1576 2788 1623 2815 est
1637 2784 1722 2815 Deus
1741 2784 1870 2822 noster,
1891 2795 1927 2816 ac

294 2825 419 2855 fortior.
437 2825 557 2855 Deinde
577 2825 788 2863 intelligentes
812 2823 879 2853 ﬁeri
897 2832 1003 2863 posse,
1019 2828 1052 2853 ut
1068 2833 1122 2854 eos
1143 2825 1226 2855 Deus
1248 2825 1411 2873 pcrmjttat
1427 2825 1553 2855 interim
1569 2825 1712 2863 passioni
1728 2825 1845 2864 subjici
1863 2835 1872 2855 :
1890 2835 1927 2856 ne
