2055 3128
156 162 224 191 1010
754 156 869 186 ANIANI
892 159 967 186 INTE

962 159 1177 187 IRPllETATlO.
1705 157 1773 186 10ἷο

150 219 175 249 si
191 219 219 248 id
232 215 575 252 accideret,videantur
589 214 633 244 illi
647 214 832 254 temereDei
846 213 1110 254 omnipotentiam
1120 213 1318 252 praedicasse,
1333 216 1572 254 consequenter
1587 214 1777 254 adiungunt,

151 258 242 296 Quod
255 257 318 287 etsi
332 256 418 296 istud
431 265 496 285 non
508 255 572 294 ﬁat,
588 258 698 296 notum
712 253 770 283 tibi
782 253 834 286 sit,
851 261 920 286 rex,
933 253 1015 292 quod
1031 253 1092 283 diis
1104 253 1166 296 litis
1179 261 1242 296 non
1255 253 1416 296 servimus.

191 298 239 327 11.
256 298 287 327 Si
303 296 387 326 enim
403 292 582 329 dixissent,
599 294 732 331 Propter
750 296 861 323 nostra
878 295 1006 331 peccata
1033 301 1098 322 non
1115 293 1240 328 liberat,
1268 292 1393 322 etiamsi
1423 301 1487 322 non
1506 293 1703 329 liberaverit,
1715 294 1778 324 illis

151 338 263 376 utique
277 336 431 376 creditum
442 334 656 376 nonifuisset:
679 332 917 376 esistimassent
932 333 1051 376 quippe
1067 332 1154 376 impii
1171 340 1235 376 non
1256 332 1399 376 potuisse
1422 332 1524 362 Deum
1546 333 1660 372 magis,
1681 342 1779 376 quam

152 371 296 407 noluisse
313 375 491 405 defendere.
511 375 680 411 Propterea
699 372 751 402 hic
762 371 890 401 interim
905 371 987 401 istud
1001 374 1116 406 tacent,
1129 371 1214 409 quod
1230 375 1313 411 certe
1329 371 1361 400 in
1376 371 1505 402 fornace
1522 371 1780 411 Stepecongemi-

153 419 242 451 nant,
260 418 389 454 peccata
406 422 535 454 sursum
547 410 584 443 ac
593 412 742 454 deorsum
757 411 924 454 humiliter
938 411 1137 454 confitentes.
1153 410 1245 449 Apud
1259 419 1334 440 vero
1350 419 1458 449 regem
1474 411 1553 440 nihil
1563 411 1632 454 tale
1647 410 1781 454 prnrsus

152 450 424 489 commemorant,
442 453 495 482 sed
515 451 600 490 quod
622 451 718 481 etiam
738 451 765 480 si
787 450 947 480 donentur
968 450 1136 485 incendio,
1154 459 1361 488 nequaquam
1378 453 1484 480 tamen
1507 459 1526 480 a
1540 450 1657 488 pietate
1672 451 1770 482 disce-

152 495 239 524 dant.
254 495 323 524 Non
339 494 425 524 enim
445 493 496 522 hic
512 500 571 529 pro
586 490 796 521 retributione
818 493 915 528 atque
930 490 1074 519 mercede
1087 511 1094 525 ,
1111 490 1165 519 sed
1183 497 1240 528 pro
1254 490 1322 520 sola
1344 492 1443 519 totum
1461 490 1515 520 Dei
1538 491 1672 521 caritate
1688 491 1781 521 facie-

154 535 242 564 bant.
258 534 338 564 Nam
354 536 384 562 et
408 531 569 562 servitutis
586 531 814 569 premebantur
835 529 966 568 jugo,et
980 537 1140 569 aerumnas
1157 529 1349 567 captivitatis
1369 530 1557 567 gemebant,
1575 532 1606 559 et
1622 530 1712 560 nulla
1728 539 1781 560 re-

153 582 225 602 rum
240 574 451 612 prosperitate
467 570 666 612 fruebantur.
684 569 845 612 Siquidem
860 569 1063 612 et_patria,__et
1076 568 1232 612 libertate,
1248 571 1278 598 et
1294 569 1442 612 omnibus
1461 569 1577 612 quibus
1592 572 1666 599 ante
1681 569 1782 612 potin:

154 607 286 648 bantur,
310 607 506 642 exciderant.
523 610 592 639 Non
606 609 691 638 enim
709 609 786 638 mihi
804 608 875 638 illas
890 608 924 637 in
938 608 1039 646 regali
1064 608 1141 638 aula
1155 616 1385 648 commemores
1404 607 1573 647 dignitates
1588 618 1594 637 :
1615 609 1716 639 sancti
1734 609 1784 639 illi

155 647 362 690 quippe'cum
378 652 485 680 essent
499 652 596 687 atque
608 648 697 686 justi,
724 648 838 677 millies
866 648 898 677 in
913 648 1045 686 regione
1062 647 1192 690 propria
1205 648 1327 690 stipem
1352 649 1459 690 petere
1477 648 1677 690 maluissent.
1688 648 1784 678 modo

158 687 195 724 ut
209 687 388 723 consecrati
412 692 479 721 Deo
504 690 611 730 templi
636 690 838 730 jucunditate
868 692 1054 730 gauderent.
1080 687 1557 730 Eleg£,_inquit_,objectu§_esse
1576 689 1610 718 in
1631 690 1721 730 domo
1738 693 1795 722 Det

158 733 226 777 τηεί»
243 731 342 777 vagis
356 740 447 777 quam
460 727 599 777 habitae
614 727 649 777 ίτῑ
662 727 1086 777 ίςφςτηιεειειέέρεεςα.ε,ονιιτη
1108 727 1285 777 malae,-
1296 727 1382 777 4o:
1401 730 1447 777 9}:
1460 727 1580 777 aster
1652 729 1797 777 diem

159 773 192 803 in
206 766 306 802 atriis"
319 766 381 801 tuis
396 779 488 808 super
511 769 612 810 millia
628 769 638 810 (
654 769 806 810 Ibidem).
825 766 925 800 Multo
945 770 1043 809 igitur
1073 766 1174 808 magis
1204 766 1375 810 elegissent
1398 766 1511 810 objecti
1530 776 1600 798 esse
1619 769 1650 798 in
1666 770 1797 804 civitate

158 812 227 852 Dei,
251 819 349 849 quam
367 811 400 839 in
422 806 600 852 Babylonia
625 806 788 852 regnare;_'
806 810 901 852 idque
918 806 1079 852 praecipue
1095 806 1140 852 ei
1153 807 1284 852 vocibus
1299 806 1693 852 illiiappi'obatur,_qttas
1712 811 1796 852 inter

159 846 302 881 flammas
321 846 505 888 frequenter
530 846 697 885 emittunt,
715 846 1027 879 habitatione—illius—
1038 848 1178 887 regionis
1195 846 1331 886 gravati.
1356 846 1422 875 Etsi
1443 846 1528 876 enim
1546 847 1606 885 ipsi
1622 852 1696 879 ante
1713 850 1796 882 hanc

159 890 346 921 tentaliouis
360 889 535 928 procellam
550 888 690 927 plurimo
712 889 797 927 apud
818 889 888 919 illos
902 889 1025 918 honore
1048 888 1244 928 fruerentur,
1262 889 1428 928 cernentes
1445 890 1551 928 tamen
1565 889 1657 928 varia
1676 889 1796 920 civium

159 938 292 960 suorum
307 932 338 960 et
361 925 481 967 magna
505 925 708 964 discrimina,
728 925 905 958 vehementi
930 928 1081 958 nimirum
1098 927 1326 968 mordebantur
1342 925 1464 968 dolore.
1483 926 1574 962 Quod
1587 928 1699 967 utique
1718 939 1796 968 pro-

160 970 265 1008 prium
281 969 362 1011 solet
378 965 449 998 esse
468 971 680 1011 sanctorum,_
693 976 757 997 non
781 968 903 1011 scilicet
916 966 1251 1011 gloriampropriam,
1270 974 1334 995 non
1351 965 1519 1011 honorem,
1537 965 1793 1011 non_q_uidqnam

159 1005 246 1039 aliud
261 1008 394 1037 omnino
410 1007 569 1038 anteferre
587 1008 810 1046 proximorum
826 1005 935 1038 saluti.
952 1005 1128 1038 Considera
1144 1006 1242 1045 igitur
1256 1013 1355 1043 quam
1371 1005 1516 1036 diversus
1539 1007 1580 1036 ab
1595 1005 1658 1037 illis
1675 1005 1715 1038 sit
1729 1018 1795 1039 no—

159 1053 224 1079 ster
237 1047 381 1078 allectus.
397 1047 446 1076 Illi
463 1047 548 1088 enim
564 1045 596 1076 in
619 1047 730 1088 mediis
753 1056 883 1088 quoque
897 1047 1027 1088 ignibus
1046 1045 1212 1088 constituti
1228 1068 1235 1081 ,
1251 1053 1311 1084 pro
1332 1045 1487 1088 universo
1505 1047 1624 1088 populo
1641 1048 1697 1077 Dei
1716 1058 1793 1088 sup-

159 1089 296 1126 plicant:
313 1095 371 1117 nos
385 1095 460 1116 vero
474 1095 513 1116 ne
528 1087 558 1115 in
573 1087 746 1116 securitate
759 1085 888 1124 quidem
904 1085 1044 1117 maxima
1058 1086 1261 1116 meminimus
1273 1085 1507 1126 proximorum.
1521 1086 1579 1115 Sed
1592 1089 1621 1117 et
1633 1088 1672 1117 ad
1688 1085 1794 1119 inter—

159 1124 350 1166 pretandum
362 1126 447 1165 regis
464 1125 624 1156 somnium
641 1126 787 1164 requisiti
805 1135 868 1156 non
888 1127 1017 1165 propria
1033 1127 1143 1164 aliqua
1167 1124 1331 1155 commoda
1348 1125 1511 1166 proposita
1538 1126 1698 1157 habebant
1714 1151 1721 1164 ,
1738 1130 1793 1159 sed

158 1164 244 1205 quod
259 1166 298 1197 ad
314 1164 503 1196 cunctorum
519 1166 688 1196 utilitatem
708 1166 826 1196 civium
844 1164 1040 1204 pertineret:
1061 1169 1195 1196 mortem
1219 1173 1297 1194 vero
1313 1173 1411 1205 quam
1431 1164 1522 1195 facile
1538 1169 1792 1204 contemnerent,

159 1204 329 1236 clarissimi
346 1205 558 1246 experimenti
575 1205 763 1243 probatione
775 1206 974 1246 docuerunt.
994 1205 1117 1244 Ubique
1139 1207 1300 1246 autemse
1327 1204 1376 1242 pie
1392 1212 1451 1246 pro
1467 1205 1602 1240 cunctis,
1619 1210 1716 1245 atque
1730 1208 1795 1238 hu-

160 1246 280 1275 militer
298 1243 477 1284 opponunt,
500 1245 602 1275 Deum
624 1254 681 1284 per
694 1245 802 1276 omnia
818 1246 946 1284 placare
962 1245 1138 1283 cupientes.
1162 1243 1283 1274 Deinde
1300 1244 1454 1281 quoniam
1475 1243 1670 1284 semetipsos
1680 1247 1718 1277 ad
1735 1249 1794 1277 im-

160 1283 350 1324 petrandam
364 1285 483 1322 populo
500 1283 632 1314 veniam
645 1284 790 1315 sufficere
807 1283 870 1315 non
885 1285 1031 1320 credunt,
1047 1284 1087 1315 ad
1113 1286 1241 1323 patrum
1264 1283 1377 1314 merita
1393 1283 1612 1324 confugiunt:
1637 1286 1698 1324 ipsi
1717 1297 1793 1317 vero

161 1323 241 1354 nihil
254 1333 287 1354 se
301 1324 438 1362 amplius
454 1324 645 1362 proﬁtentur
659 1324 784 1359 afferre,
799 1333 897 1363 quam
924 1325 1132 1354 humiliatum'
1150 1323 1298 1362 spiritum
1310 1345 1318 1359 ,
1334 1332 1372 1353 ac
1386 1323 1496 1354 dolore
1520 1323 1705 1355 contritum.
1729 1327 1794 1357 Ho-

161 1373 233 1405 rum
249 1364 350 1402 igitur
363 1364 585 1405 virtutemnos
600 1373 730 1405 quoque
745 1364 897 1405 debemus
910 1365 1040 1405 imitarif
1053 1363 1216 1402 Siquidem
1231 1363 1327 1405 etiam
1341 1373 1426 1393 nunc
1439 1365 1662 1405 aureaimago
1678 1375 1794 1405 propo-

160 1403 222 1434 sita
245 1406 304 1443 est,
322 1403 457 1441 pecunia
473 1403 592 1432 scilicet
608 1425 615 1439 ,
634 1403 751 1443 iniqua
767 1404 934 1443 tyrannica
949 1404 1096 1442 quaedam
1110 1411 1268 1433 mamonae
1293 1402 1451 1433 formatur
1466 1403 1585 1443 efﬁgies
1598 1427 1605 1440 ,
1624 1402 1659 1435 et
1674 1402 1712 1436 ad
1727 1402 1794 1437 ser-

160 1442 310 1473 viendum
327 1443 387 1472 sibi
399 1442 589 1481 cupidorum
605 1442 701 1473 corda
718 1443 878 1473 sollicitat.
896 1443 955 1474 Sed
971 1451 1178 1481 nequaquam
1194 1451 1252 1472 nos
1268 1445 1325 1472 aut
1346 1442 1469 1472 sonitus
1493 1444 1644 1474 tubarum
1657 1467 1664 1480 ,
1683 1449 1740 1476 aut
1756 1448 1790 1476 ti-

162 1482 286 1524 biarum
297 1504 304 1518 ,
320 1482 514 1524 citharaeque
528 1485 714 1524 concentus,
732 1485 787 1524 aut
802 1483 927 1524 reliqua
944 1483 1126 1524 divitiarum
1142 1482 1303 1512 incentiva
1324 1487 1557 1518 commoveant,
1572 1487 1607 1513 ut
1622 1484 1792 1524 imaginem

161 1521 331 1552 adoremus
346 1522 491 1552 avaritia),
504 1531 510 1550 :
522 1521 575 1551 sed
586 1522 709 1552 etiamsi
728 1522 892 1552 ardentem
911 1522 1073 1553 fornacem
1086 1522 1206 1553 intrare
1217 1530 1382 1560 cogamur,
1394 1525 1615 1560 paupertatem
1626 1521 1707 1561 dico',
1723 1533 1794 1556 eam

161 1564 267 1591 tamen
287 1564 501 1600 prmoptemus
523 1561 628 1599 potius
644 1570 740 1600 quam
756 1562 844 1591 illam
859 1562 1002 1592 avaritiae
1017 1561 1188 1600 imaginem
1205 1561 1374 1591 adoremus
1392 1571 1398 1590 :
1414 1565 1490 1592 tunc
1503 1563 1587 1592 enim
1605 1572 1662 1593 nos
1682 1564 1714 1593 in
1729 1574 1794 1595 me-

160 1601 212 1631 dio
228 1600 427 1631 flammarum
444 1600 560 1631 blanda
582 1601 790 1631 circumdabit
804 1602 886 1631 roris
908 1601 1063 1640 aspersio.
1083 1602 1126 1631 Ne
1143 1601 1242 1640 igitdr
1257 1601 1421 1639 pauperiei
1439 1601 1600 1632 fornacem
1621 1604 1792 1634 horresca—

161 1649 243 1671 mus.
261 1641 338 1683 Nam
351 1643 417 1670 tum
432 1649 563 1678 quoque
577 1640 609 1670 in
627 1641 733 1683 ignem
753 1640 886 1683 conjecti
898 1663 905 1675 ,
920 1651 976 1683 per
989 1642 1092 1680 ipsum
1103 1640 1224 1670 ostensi
1239 1640 1394 1683 clariores
1409 1643 1484 1683 sunt
1499 1651 1505 1670 :
1523 1642 1579 1679 qui
1596 1651 1671 1683 vero
1683 1643 1794 1683 imagi-

162 1689 235 1720 nem
252 1680 469 1710 adoraverunt
492 1688 637 1715 auream,
662 1680 768 1720 subito
796 1680 878 1719 ignis
906 1679 1072 1719 perierunt.
1093 1682 1217 1710 voratu.
1236 1679 1294 1709 Sed
1314 1683 1390 1720 tunc
1405 1680 1534 1720 quidem
1549 1681 1661 1712 omnia
1674 1679 1795 1720 pariter

160 1719 291 1757 impleta
307 1722 382 1749 sunt
396 1729 402 1748 :
424 1728 510 1749 nunc
524 1721 631 1749 autem
646 1719 709 1749 alia
727 1719 855 1758 quidem
870 1720 902 1749 in
919 1720 979 1750 hoc
991 1720 1121 1755 saeculo,
1138 1719 1202 1749 alia
1220 1728 1296 1749 vero
1311 1722 1342 1750 et
1361 1719 1412 1749 hic
1427 1722 1458 1749 et
1475 1720 1507 1749 in
1521 1719 1628 1750 futuro
1642 1719 1717 1751 sunt
1731 1723 1794 1751 im-

160 1759 277 1797 plenda
289 1758 420 1798 judicio.
444 1758 483 1788 Hi
498 1758 616 1796 quippe
633 1759 687 1797 qui
712 1768 752 1788 ne
779 1767 963 1789 mamonam
981 1759 1132 1794 adorent,
1167 1759 1292 1797 eligunt
1315 1759 1435 1789 sentire
1465 1760 1671 1797 pauperiem;
1694 1765 1725 1791 et
1742 1762 1793 1793 hic

159 1798 288 1836 quidem
301 1807 429 1837 magna,
446 1798 500 1838 sed
517 1798 619 1838 multo
635 1798 747 1837 majori
765 1799 797 1828 in
813 1799 921 1828 futuro
937 1799 1081 1829 claritate
1097 1798 1276 1837 fulgebunt.
1293 1798 1354 1835 Qui
1372 1807 1447 1828 vero
1463 1799 1513 1828 hic
1531 1800 1700 1838 imaginem
1718 1801 1794 1831 ado-

160 1840 268 1868 rantes
291 1846 441 1872 auream,
457 1837 494 1867 de
514 1837 683 1876 iniquitate
699 1837 859 1873 ditantur,
877 1841 953 1868 tunc
966 1838 1107 1877 profecto
1127 1840 1271 1868 extrema
1288 1838 1447 1876 supplicia
1462 1837 1657 1876 persolvent.
1674 1840 1717 1870 De
1727 1841 1795 1871 hu-

158 1877 296 1917 jusmodi
312 1877 396 1907 enim
414 1877 542 1907 fornace
555 1877 698 1917 Lazarus
718 1886 782 1906 non
798 1877 903 1907 minus
917 1886 1016 1916 quam
1027 1878 1072 1907 illi
1087 1881 1150 1908 tres
1167 1878 1239 1914 viri,
1253 1878 1360 1907 clarus
1372 1887 1521 1917 egressus
1536 1883 1582 1907 est
1599 1888 1606 1907 :
1631 1882 1665 1909 at
1682 1883 1794 1911 contra

162 1916 215 1959 ille
229 1917 318 1947 dives
334 1920 532 1959 purpuratus
547 1925 585 1959 ac
600 1916 797 1959 splendidus,
810 1917 868 1959 qui
886 1917 917 1946 in
930 1921 1020 1959 parte
1038 1917 1241 1959 adorantium
1255 1916 1428 1959 imaginem
1441 1917 1513 1959 jure
1523 1922 1730 1959 numeratur,
1743 1929 1795 1959 ge-

160 1955 275 1996 hennae
293 1959 340 1986 est
355 1956 533 1996 deputatus
546 1955 704 1996 incendio.
718 1957 795 1996 Quae
808 1956 904 1994 igitur
915 1955 1062 1995 superius
1078 1957 1160 1986 dicta
1172 1959 1258 1990 sunt,
1275 1956 1412 1994 ﬁguram
1429 1956 1594 1987 manifeste
1608 1955 1795 1996 exprimunt

164 1994 357 2024 futurorum.
374 1995 462 2024 Sicut
484 1995 573 2034 enim
588 1994 630 2024 ibi
658 1994 689 2023 in
718 1995 822 2033 ignem
838 1996 937 2030 miSsi,
954 1996 1033 2025 nihil
1058 1995 1183 2025 adversi
1198 1996 1331 2024 omnino
1346 1998 1518 2025 senserunt
1533 2006 1540 2024 :
1555 1997 1610 2034 qui
1626 1994 1703 2027 vero
1719 1998 1796 2029 foris

163 2036 334 2070 steterunt,
352 2034 457 2063 subito
474 2041 511 2063 ac
529 2033 706 2062 vehementi
725 2034 871 2063 incendio
889 2034 1084 2064 concremati
1099 2037 1174 2064 sunt
1187 2044 1194 2063 :
1207 2034 1253 2063 sic
1270 2034 1365 2064 etiam
1381 2033 1617 2065 tuncvfuturum
1641 2041 1700 2066 est.
1716 2038 1796 2068 Nam

164 2075 195 2102 et
215 2073 318 2103 sancti
336 2073 461 2113 etiamsi
481 2071 599 2113 flumen
618 2073 748 2113 igneum
774 2075 951 2109 transeant,
969 2074 1049 2103 nihil
1071 2082 1203 2113 prorsus
1223 2073 1312 2113 triste
1328 2073 1499 2112 patientur,
1521 2074 1574 2104 sed
1595 2078 1797 2113 apparebunt

162 2113 284 2150 absque
300 2112 397 2142 dubio
415 2112 567 2152 clariones
588 2121 594 2140 :
613 2111 799 2152 adoratores
820 2121 897 2142 vero
919 2111 1241 2152 imaginis’videbunt
1256 2112 1364 2151 ignem
1382 2114 1468 2143 omni
1489 2123 1519 2142 In
1542 2123 1576 2144 se
1596 2111 1661 2145 fera
1682 2117 1796 2147 saevius

163 2149 351 2187 irruentem,
373 2160 472 2190 seque
496 2149 535 2181 ad
558 2159 724 2190 poenarum
748 2151 902 2181 interiora
919 2149 1107 2190 rapicntem.
1125 2152 1155 2181 Si
1174 2152 1247 2190 quis
1267 2149 1344 2191 ergo
1359 2161 1424 2182 non
1438 2153 1537 2182 credit
1551 2153 1742 2192 gehennam,
1757 2157 1796 2187 ad

170 2199 309 2229 fornacis
330 2197 414 2227 illius
433 2196 596 2226 ﬂammam
614 2197 719 2224 mente
748 2193 917 2232 respiciat,
938 2196 968 2221 et
983 2201 1024 2222 ex
1039 2192 1309 2230 contemplatiOnc
1328 2193 1533 2232 praesentium
1545 2193 1654 2223 credat
1668 2194 1776 2226 futura
1792 2218 1801 2230 ,

170 2247 229 2268 nec
240 2237 451 2277 paupertatis,
467 2235 518 2266 sed
533 2234 712 2277 iniquitatis
725 2231 888 2277 fornacem
907 2232 1287 2277 expavescat:.li_ie'enim
1301 2234 1334 2277 et
1344 2231 1425 2271 ignis
1441 2233 1572 2277 etdolor
1583 2235 1651 2277 est:
1666 2233 1708 2263 ibi
1727 2243 1802 2264 vero

169 2280 200 2307 ct
215 2270 267 2307 ros
283 2270 430 2312 sentitur,
444 2270 483 2305 ac
499 2270 638 2312 requies.
651 2273 689 2303 Et
699 2273 732 2302 in
745 2273 799 2303 illa
814 2271 943 2311 quidem
958 2271 1085 2304 ﬂamma
1096 2270 1242 2302 diabolus
1252 2270 1376 2301 medius
1387 2271 1517 2308 assistit,
1536 2272 1568 2301 in
1581 2272 1642 2302 hac
1657 2282 1731 2303 vero
1745 2282 1803 2304 an-

169 2317 230 2356 geli
247 2316 393 2346 incendia
408 2314 610 2356 repellentes.

209 2356 258 2385 12.
277 2355 416 2385 Audiant
428 2350 524 2393 igitur
540 2353 599 2383 ista
619 2352 731 2382 divites
748 2351 803 2390 qui
818 2351 979 2393 fornacem
997 2351 1175 2393 iniquitatis
1186 2350 1377 2393 accendunt,
1395 2354 1426 2380 et
1438 2352 1493 2389 qui
1507 2352 1706 2393 pauperibus
1722 2353 1800 2384 nihil

170 2398 296 2430 nocent,
312 2394 419 2424 divina
435 2389 498 2423 iiiis
518 2393 634 2422 virtute
652 2389 803 2421 rorante:
819 2400 853 2421 se
871 2399 945 2420 vero
958 2391 990 2431 in
1005 2391 1090 2420 illius
1105 2390 1267 2420 horribilis
1282 2389 1414 2431 flamma:
1431 2391 1567 2431 praedam
1577 2389 1701 2430 ’sponte
1717 2402 1801 2431 pra:-

169 2435 302 2473 cipitant
314 2457 322 2469 ,
336 2443 434 2472 quam
448 2432 587 2473 propriis
602 2435 686 2461 certe
697 2431 845 2473 manibus
855 2430 1043 2473 accendunt.
1059 2431 1151 2473 _'l‘nnc
1167 2431 1276 2469 itaque
1287 2430 1422 2468 angelus
1434 2430 1596 2473 descendit
1611 2431 1650 2473 ad
1668 2430 1798 2473 pueros.

169 2470 256 2504 nunc
271 2470 420 2503 vero—nos
441 2470 670 2503 desc'endamus
689 2471 726 2500 ad
743 2479 798 2500 eos
814 2470 869 2508 qui
889 2470 920 2510 in
933 2470 1083 2510 egestatis
1096 2470 1224 2500 fornace
1241 2472 1404 2510 torrentur
1419 2492 1426 2505 ,
1442 2470 1555 2509 eisque
1572 2470 1740 2510 refrigeria
1762 2472 1800 2502 de

169 2513 392 2544 misericordia)
413 2520 485 2542 rore
503 2514 689 2549 praastemus
715 2519 722 2539 :
754 2512 789 2540 ut
812 2511 852 2540 ab
877 2509 938 2539 illis
955 2509 1114 2540 flammam
1130 2510 1246 2548 inopia:
1263 2509 1469 2547 repellentes.
1488 2509 1800 2548 possimus’corona—

171 2563 242 2583 rum
269 2561 400 2591 quoque
427 2560 538 2581 eorum
558 2559 648 2591 esse
667 2549 837 2591 participes
862 2560 869 2578 :
899 2549 1057 2591 atqueita
1077 2549 1235 2591 ﬂammam
1264 2549 1420 2591 gehennte
1443 2549 1561 2580 Christi
1580 2558 1600 2580 a
1622 2550 1714 2591 nobis
1737 2561 1796 2582 vox

169 2593 223 2623 illa
245 2588 393 2630 depellat,
412 2600 484 2629 quas
504 2590 579 2620 dicit
595 2599 601 2618 :
620 2588 819 2630 Is’surieutem
831 2598 881 2630 me;
897 2589 1031 2630 uidistis,
1045 2589 1221 2630 etipaoislis
1235 2599 1244 2630 ς
1260 2588 1426 2630 sitientem,
1442 2593 1470 2619 et
1493 2590 1694 2630 potummmi/ti
1706 2590 1800 2621 dedi—

167 2633 225 2672 stis
242 2631 250 2672 (
269 2628 451 2672 Matth.23.
468 2629 507 2672 2ξὸ
521 2631 542 2668 ).
558 2629 634 2672 Habe
647 2629 732 2658 enim
748 2631 815 2672 tum
830 2628 922 2658 nobis
940 2638 1004 2659 vox
1023 2629 1105 2672 roris
1130 2629 1214 2672 loco,
1228 2628 1360 2672 fratres,
1377 2629 1521 2672 erit,_per
1533 2629 1669 2672 mediam
1683 2630 1723 2660 ad
1740 2639 1798 2661 nos

169 2667 329 2701 flammam
356 2671 468 2701 relata.
481 2667 732 2703 Descendamus,
749 2668 892 2706 inquam,
909 2677 981 2698 cum
994 2668 1214 2699 misericordia
1226 2669 1257 2698 in
1278 2667 1440 2698 fornacem
1454 2669 1568 2707 inopia;
1589 2679 1595 2697 :
1613 2669 1799 2700 intueamur

169 2712 241 2741 illos
268 2711 322 2749 qui
337 2710 441 2740 securi
465 2719 522 2748 per
540 2708 721 2749 hujusmodi
748 2708 1074 2749 gradiuntur__ignem
1088 2730 1096 2744 ,
1122 2706 1256 2749 ejusque
1277 2707 1410 2738 fidentes
1429 2707 1470 2748 (ιι)
1489 2709 1639 2749 verticem
1658 2710 1793 2740 calcant.

167 2747 413 2781 Consideremus
429 2747 547 2779 novum
560 2747 709 2788 quiddam
724 2747 991 2788 atqnermirabile,
1004 2748 1164 2778 hominem
1175 2749 1206 2777 in
1223 2748 1351 2778 fornace
1364 2749 1483 2786 gratias
1499 2748 1686 2786 suppliciter
1700 2757 1797 2788 agen-

169 2795 243 2824 tem,
262 2790 425 2820 hominem
439 2789 470 2818 in
483 2789 613 2818 fornace
628 2787 711 2817 dulci
729 2787 946 2818 modulatione
959 2790 1160 2822 cantantem,
1177 2788 1338 2817 hominem
1358 2787 1391 2816 in
1414 2790 1559 2817 extrema
1578 2787 1686 2826 inopia
1708 2787 1796 2819 colli-

168 2833 289 2869 gatum,
306 2832 337 2860 et
350 2829 522 2869 plurimam
540 2830 645 2859 tamen
664 2827 730 2857 Deo
745 2827 880 2867 gloriam
895 2827 1070 2866 laudesque
1092 2827 1292 2858 referentem.
1313 2826 1379 2858 Illis
1405 2826 1563 2866 siquidem
1582 2827 1690 2866 pueris
1707 2828 1795 2859 inve-

204 2916 238 2947 (ri;
258 2916 372 2941 latit'axo
381 2914 480 2947 legitur,
495 2921 534 2944 ηδε
546 2919 643 2945 ἆτῢραλλί,
655 2914 768 2940 carbones
780 2918 882 2941 rutrum.
