2055 3128
294 150 360 177 um
894 147 1011 176 nm:
1034 147 1321 177 leEltPttETA'I‘tO.
1841 155 1916 182 me;

285 209 420 237 niuntur
434 207 587 246 aequales,
603 209 762 245 quotquot
780 209 1002 245 paupertatem
1020 215 1092 236 cum
1103 203 1280 244 gratiarum
1295 207 1422 237 actione
1438 208 1615 245 patiuntur.
1632 208 1688 239 Est
1704 211 1790 240 enim
1815 211 1922 241 terri-

285 247 378 289 bilior
388 246 558 289 pauperi_es
574 247 658 289 igne,
670 250 701 276 et
714 246 855 289 amplius
872 255 965 289 urere
977 246 1154 289 consuevit.
1166 246 1286 276 Verum
1301 249 1334 276 ut
1349 247 1420 289 illos
1437 256 1500 289 non
1517 248 1640 289 adussit
1654 249 1748 288 ignis,
1764 250 1819 279 sed
1834 260 1920 289 quo-

284 287 368 317 niam
385 285 503 326 gratias
517 287 653 316 Domino
674 285 870 320 retulerunt,
892 285 988 326 etiam
1003 285 1132 316 vincula
1154 294 1267 315 eorum
1283 286 1437 316 continuo
1459 286 1615 317 dissoluta
1638 285 1713 318 sunt
1733 300 1740 318 :
1758 290 1805 320 sic
1817 285 1918 320 etiam

281 326 350 361 tibi,
365 327 391 356 si
408 328 626 367 paupertatem
642 326 906 367 cumgratiarum
921 325 1047 367 actione
1060 326 1401 367 sustinueristvin‘cula
1419 326 1637 362 resolvuntur,
1650 330 1681 358 et
1696 329 1777 367 ignis
1793 330 1919 359 exstin-

283 367 392 406 guitur
409 364 416 395 Ξ
431 366 457 396 si
477 374 552 396 vero
568 365 880 406 nonexstinguatur,
893 364 994 406 multo
1009 364 1130 403 majore
1147 365 1303 406 miraculo
1320 365 1586 406 fontisinaluram
1611 367 1692 406 ignis
1709 364 1889 399 imitabitur
1906 380 1915 398 :

279 405 365 444 quod
378 405 410 435 in
428 406 466 435 iis
480 409 564 436 certe
580 404 722 445 conspici
744 406 846 445 potest
867 404 922 445 qui
935 404 1036 445 juxta
1051 405 1253 445 evangelium
1275 405 1555 443 philosophantur,
1571 404 1692 445 quique
1713 408 1865 438 libentius
1881 409 1915 439 in

279 448 479 484 paupertate,
492 453 590 483 quam
605 444 637 473 in
657 443 724 473 suis
741 443 856 484 opibus
877 443 990 473 divites
1009 444 1200 483 gloriantur.
1220 445 1298 475 Nam
1315 447 1345 474 et
1361 448 1435 474 tunc
1451 445 1496 474 illi
1511 446 1564 482 qui
1583 443 1622 475 in
1638 443 1760 477 ardenti
1782 448 1917 478 fornace

278 483 489 515 constiterant
507 484 678 522 purissimo
693 491 766 512 rore
784 483 975 523 fruebantur
991 493 998 511 :
1015 486 1047 513 et
1070 483 1143 513 licet
1159 493 1222 513 non
1246 484 1341 514 fuerit
1366 484 1448 523 ignis
1467 486 1656 520 exstinctus,
1675 486 1708 515 in
1731 487 1836 517 medio
1860 490 1914 519 sui

277 527 384 555 tamen
403 527 523 554 stantes
546 522 678 552 omnino
689 531 753 552 non
766 522 879 561 attigit.
897 523 1109 561 Nequaquam
1126 523 1224 562 igitur
1240 527 1331 554 extra
1348 522 1510 554 fornacem
1523 524 1722 555 desideamus
1737 548 1745 561 ,
1768 529 1917 558 necessi—

277 567 356 594 tates
372 572 549 603 pauperum
567 561 859 603 immisericorditer
871 562 1071 602 negligendo,
1083 572 1123 593 ne
1140 561 1301 603 patiamur
1314 564 1400 602 quod
1415 564 1460 593 illi
1478 567 1554 594 tunc
1567 565 1650 603 regis
1667 566 1826 603 pertulere
1844 568 1915 597 mi—

277 601 381 644 nistri:
395 604 426 633 Si
440 601 535 644 enim
551 603 581 631 in
606 601 769 644 fornacem
794 601 972 644 pauperum
999 605 1114 644 sponte
1131 602 1410 644 descendas,cum
1426 604 1528 633 tribus
1553 601 1618 634 illis
1640 601 1747 643 pueris
1764 607 1913 644 profecto

275 643 444 684 consistas,
457 641 653 684 nihilquein
670 643 707 684 te_
715 641 840 684 adversi
859 642 942 680 ignis
957 642 1156 684 operabitur.
1172 642 1224 672 Sin
1239 651 1314 672 vero
1329 643 1361 672 in
1379 643 1529 681 egestatis
1539 641 1654 674 ardore
1666 641 1797 682 positos.
1811 648 1910 684 quasi

273 682 312 724 de
327 690 481 712 consessu
504 680 679 724 superiore
691 681 866 724 despicias,
884 681 1037 724 continuo
1061 684 1090 711 te
1107 681 1233 712 flamma
1253 691 1354 724 vorax
1374 680 1551 724 consumet.
1574 680 1735 713 Descende
1755 680 1853 724 igitur
1876 687 1910 716 in

273 721 396 760 ignem,
414 729 454 750 ne
481 724 518 761 ter
533 719 720 761 horribilior
735 720 817 759 ignis
838 720 982 751 involvat
999 731 1007 750 :
1025 729 1129 761 neque
1144 724 1235 751 extra
1262 722 1367 761 ignem
1383 722 1516 757 sederis,
1531 732 1570 752 ne
1582 727 1610 753 te
1630 724 1755 753 subitus
1767 719 1912 756 llammw

273 759 403 790 voratus
422 760 566 800 arripiat.
581 759 611 789 Si
628 759 713 789 enim
729 762 757 789 te
772 768 843 800 cum
857 761 1054 800 pauperibus
1068 760 1190 797 viderit,
1201 770 1220 791 a
1242 759 1372 791 liesione
1388 762 1432 791 tui
1446 771 1576 800 prorsus
1589 763 1742 798 absistet;
1759 764 1807 793 sin
1828 773 1910 794 vero

271 807 290 830 a
304 799 501 838 pauperibus
517 801 720 837 separatum,
739 799 900 842 advolabit
915 802 1057 837 repente,
1084 801 1177 838 teque
1201 801 1303 839 rapiet
1325 802 1364 831 ad
1392 799 1528 839 poenam.
1553 802 1621 831 Noli
1646 811 1723 842 ergo
1746 804 1787 833 ab
1805 804 1850 834 eis
1866 812 1909 834 eo

271 844 422 889 conjectis
438 852 578 889 usquam
593 842 726 889 omnino
744 841 917 889 discedere,
933 842 988 889 sed
1002 850 1074 871 cum
1094 841 1240 889 diabolus
1261 842 1467 889 imperaverit
1482 851 1536 872 eos
1553 843 1587 889 in
1607 841 1771 889 fornacem
1795 846 1914 884 inopizn

271 880 430 924 contrudi,
443 880 499 922 qui
511 891 626 913 aurum
640 881 892 924 contempserint
906 880 1041 924 adorare
1059 891 1068 924 Δε
1088 881 1151 924 no_li
1170 884 1203 910 tu
1221 890 1260 924 ea
1278 881 1408 910 illorum
1426 886 1517 924 parte
1532 883 1626 924 effici,
1643 884 1698 922 qui
1719 880 1912 924 conjiciunt,

270 923 324 954 sed
343 919 507 962 potiUS'ex
521 931 633 963 eorum
651 944 658 957 ,
678 921 734 963 qui
751 921 783 950 in
799 920 866 963 tale
889 919 1108 963 conjiciuntur
1124 920 1308 950 incendium
1325 930 1331 950 :
1350 926 1384 950 ut
1410 921 1559 952 cliiciaris
1586 919 1718 961 quoque
1739 919 1833 954 ex'iis
1853 927 1912 963 qui

269 959 449 998 salvantur,
466 971 530 992 non
546 971 587 992 ex
603 961 642 991 iis
653 961 710 999 qui
725 960 976 1000 comburuntur.
993 959 1118 988 Etenim
1138 968 1190 989 ros
1212 963 1418 1000 magnusest,
1437 959 1642 1000 nequaquam
1657 959 1768 993 amore
1782 959 1912 994 divitia-

269 1012 341 1034 rum
364 1003 404 1033 ab
423 1003 555 1040 inopum
577 998 946 1042 miserationerevocari
965 1002 1131 1042 {suntque
1157 999 1307 1029 omnibus
1329 999 1460 1042 ditiores
1476 998 1571 1042 μέιυί
1585 1001 1703 1031 divitiis
1720 1005 1912 1042 contemptis

269 1043 387 1073 virtute
405 1038 602 1071 claruerunt.
619 1040 697 1069 Nam
713 1042 743 1068 et
758 1038 803 1067 illi
821 1041 897 1067 tunc
913 1038 1146 1078 contemnendo
1160 1047 1278 1077 regem,
1296 1048 1370 1078 rege
1388 1039 1458 1077 ipso
1472 1040 1574 1070 effecti
1598 1045 1673 1070 sunt
1685 1038 1857 1073 clariores:
1874 1044 1910 1073 Et

269 1086 303 1112 tu
328 1083 436 1120 itaque
453 1081 478 1110 si
506 1079 614 1109 mundi
644 1087 720 1117 opes
740 1077 823 1108 fideli
840 1080 947 1120 mente
961 1077 1133 1120 despicias,
1148 1077 1428 1120 tot‘errismundo
1444 1079 1616 1120 pretiosior
1633 1091 1640 1110 :
1657 1081 1846 1112 sit-utetiam
1865 1083 1908 1112 illi

267 1121 368 1152 sancti
384 1116 393 1156 ξ
413 1119 533 1158 Quibus
548 1119 662 1158 dignus
673 1127 737 1147 non
752 1121 815 1158 erat
832 1117 966 1158 vitandus
981 1117 989 1155 (
1005 1116 1103 1158 llebr.
1122 1117 1169 1146 11.
1186 1117 1230 1158 38
1246 1118 1273 1158 ).7
1293 1118 1331 1148 Ut
1354 1116 1451 1156 igitur
1464 1119 1579 1157 dignus
1595 1121 1774 1151 caelestibus
1789 1122 1909 1152 cmcia-

268 1161 311 1190 ris
328 1156 438 1191 bonis.
455 1156 759 1199 derideprwsentia.
776 1156 844 1199 Hoc
858 1156 1017 1199 siquidem
1032 1156 1125 1199 modo
1138 1159 1175 1199 et?
1186 1157 1397 1199 hic_cl_arilale
1407 1156 1582 1199 virtutum,
1598 1163 1629 1189 et
1645 1160 1677 1189 in
1698 1160 1807 1190 futuro
1824 1171 1910 1199 [πω-

267 1201 406 1230 miorum
421 1199 547 1239 honore
563 1195 717 1236 fulgebis,
733 1196 848 1239 gratia~
857 1198 888 1239 et
907 1195 1129 1239 misericordia
1156 1196 1284 1239 Domini
1312 1198 1413 1226 nostri
1432 1198 1510 1227 Jesu
1525 1198 1662 1235 Christi,
1678 1201 1729 1230 cui
1749 1195 1853 1239 gloria
1873 1205 1903 1231 et

266 1240 437 1278 imperium
456 1247 527 1268 cum
543 1235 636 1267 Patre
651 1239 682 1266 et
704 1235 816 1266 sancto
831 1235 950 1274 Spiritu
973 1235 1005 1264 in
1021 1235 1137 1265 szecula
1153 1236 1355 1266 saeculorum.
1371 1239 1483 1266 Amen.

435 1305 1903 1318 F—M

270 1312 432 1319 —_

863 1405 866 1411 ‘
904 1411 1076 1441 nemus
1099 1409 1260 1447 QUlN’l‘A.

266 1472 340 1512 Hoc
366 1476 467 1502 autem
493 1476 590 1512 totum
611 1474 727 1512 factum
747 1477 810 1505 est,
836 1477 870 1501 ut
898 1473 1120 1511 adimplerelur
1145 1469 1366 1512 (numidicae):
1389 1472 1432 1497 est
1454 1477 1471 1496 (ι
1488 1467 1622 1512 Domilm
1644 1477 1700 1507 per
1722 1470 1908 1512 prophetam

306 1511 479 1542 dicentem:
510 1511 593 1541 Ecce
611 1507 716 1575 'l'irpo
744 1512 777 1542 in
805 1519 890 1541 utero
919 1507 1094 1551 concipiet.
1114 1507 1271 1550 ct'purict
1300 1508 1415 1548 ﬁlium.
1451 1511 1478 1537 ct
1513 1507 1667 1537 uocabunt
1696 1507 1806 1539 nonan
1841 1511 1910 1550 ejus

311 1551 490 1575 mennupl
506 1551 598 1575 (Is/11'.
612 1552 641 1575 '7.
661 1551 727 1575 11ΛΔ

308 1551 490 1581 Emmanuel
506 1551 599 1589 (lsai.
612 1552 642 1580 7.
661 1551 728 1591 ili).

306 1613 335 1641 1.
351 1611 468 1641 Multos
485 1611 581 1641 audio
603 1612 658 1650 qui
674 1611 794 1647 dicunt,
813 1612 897 1650 quod
917 1615 1088 1651 praesentes
1104 1611 1233 1650 quidem
1251 1613 1281 1651 et
1297 1609 1490 1648 evangelicze
1507 1609 1649 1651 veritatis
1670 1611 1808 1649 eloquiis
1827 1621 1907 1650 per—

265 1652 419 1685 fruentes,
441 1651 572 1689 dignum
590 1651 685 1680 tantis
707 1653 803 1681 rebus
821 1649 1024 1682 commodam
1047 1649 1204 1686 auditum,
1220 1650 1394 1686 animoque
1410 1649 1668 1679 contrahuntur:
1690 1652 1811 1689 egressi
1828 1649 1906 1682 vero

265 1691 432 1720 ecclesiam
447 1712 454 1725 ,
471 1699 544 1719 cum
561 1690 631 1720 loco
651 1693 683 1720 et
700 1691 843 1720 animum
859 1695 988 1729 repente
1010 1694 1144 1726 mutent,
1161 1690 1402 1729 exstinguenteS
1425 1697 1558 1729 prorsus
1578 1692 1677 1718 totum
1697 1691 1785 1719 illum
1807 1691 1906 1721 devo-

264 1730 360 1770 tionis
375 1730 491 1767 ignem,
503 1738 601 1770 quem
615 1739 720 1759 sermo
736 1730 767 1759 in
782 1731 826 1760 eis
842 1727 1074 1768 prtedicationis
1093 1729 1292 1770 accenderat.
1304 1727 1575 1770 Quidnamigitur
1585 1729 1728 1758 adhiberi
1741 1731 1898 1770 congruitv

265 1778 305 1799 ne
322 1769 404 1798 istud
419 1769 567 1798 eveniat?
578 1769 607 1798 Si
620 1769 739 1799 scilicet
753 1767 991 1800 consideremus
1004 1771 1034 1799 in
1050 1770 1160 1808 primis
1172 1769 1256 1798 unde
1269 1767 1444 1808 contingat.
1455 1767 1540 1797 Unde
1555 1767 1662 1808 itaque
1680 1770 1768 1799 vobis
1787 1767 1904 1800 accidit

264 1811 352 1838 tanta
370 1807 528 1837 mutatio?
546 1809 591 1837 De
610 1809 856 1839 conversatione
876 1810 1024 1838 nimirum
1043 1807 1157 1847 parum
1171 1810 1303 1841 attenta,
1321 1809 1352 1836 et.
1374 1807 1562 1847 vitiosarum
1586 1807 1752 1837 hominum
1769 1810 1902 1839 assiduo

265 1847 483 1886 pestiferoque
505 1847 679 1886 colloquio.
692 1848 761 1877 Non
777 1848 863 1878 enim
881 1846 1053 1886 oportebat
1065 1848 1197 1877 omnino
1215 1856 1234 1877 ει
1249 1849 1331 1876 coetu
1349 1846 1492 1876 ecclesiae
1515 1846 1710 1882 recedentes,
1728 1850 1900 1879 contrariis

263 1887 339 1916 huic
354 1886 458 1916 studio
475 1887 610 1925 negotiis
634 1887 803 1925 implicari,
819 1888 872 1917 sed
895 1889 1025 1917 domum
1040 1888 1193 1918 continuo
1214 1888 1412 1916 revertentes
1434 1893 1542 1915 sacros
1566 1887 1723 1924 replicare
1741 1888 1851 1923 libros,
1873 1893 1903 1918 et

263 1926 433 1965 conjugem
454 1927 575 1965 pariter
594 1927 780 1965 liberosque
802 1927 840 1956 ad
860 1936 971 1957 eorum
996 1936 1068 1965 qua:
1089 1927 1171 1956 dicta
1191 1928 1266 1956 sunt
1289 1925 1493 1954 collationem
1515 1934 1640 1959 vocare,
1665 1926 1780 1964 hisque
1803 1928 1900 1958 altius

262 1964 375 1996 animo
388 1974 425 1996 ac
446 1964 570 2004 penitus
587 1966 728 2000 insertis,
744 1969 814 1995 tum
827 1966 954 1996 demum
970 1964 1013 1997 ad
1025 1975 1062 1996 ea
1076 1975 1148 2005 qua:
1166 1966 1239 1995 huic
1255 1964 1326 2005 vitae
1343 1968 1417 1994 sunt
1432 1965 1612 2005 necessaria
1627 1967 1769 1996 curanda
1785 1976 1900 2005 proce—

262 2006 348 2035 dere.
364 2005 393 2034 Si
408 2007 493 2034 enim
515 2006 664 2035 balneum
679 2014 839 2043 egressus,
856 2006 984 2044 publica
999 2004 1223 2036 conventicula
1245 2004 1359 2039 cvitas,
1375 2013 1414 2033 ne
1428 2004 1619 2044 beneficium
1636 2005 1740 2035 balnei
1758 2004 1898 2036 fomento

263 2047 389 2083 partum
406 2045 534 2083 negotia
546 2045 730 2074 molestiora
745 2043 970 2083 corrumpant:
981 2048 1103 2084 quanto
1114 2045 1214 2084 magis
1230 2053 1303 2074 cum
1315 2044 1355 2073 ab
1371 2043 1777 2084 ecclesiarzrcongregatione
1791 2055 1899 2083 regre-

261 2085 358 2120 deris,
379 2083 438 2113 hoc
457 2090 486 2113 te
502 2087 628 2122 oportet
649 2084 798 2114 efﬁcere?
813 2085 903 2114 Nunc
923 2083 999 2115 vero
1014 2083 1178 2115 contraria
1197 2086 1340 2122 agentes,
1360 2085 1474 2112 cuncta
1493 2083 1728 2121 disperdimus:
1755 2086 1898 2115 nondum

260 2124 380 2162 quippe
400 2124 536 2153 utilitate
551 2123 707 2153 sermonis
726 2123 860 2153 firmiter
880 2124 912 2153 in
936 2128 1041 2154 mente
1059 2125 1183 2158 delixa,
1201 2123 1358 2162 plurimus
1383 2122 1510 2152 irruens
1532 2123 1735 2152 saecularium
1760 2124 1897 2162 impetus

261 2163 555 2193 aetionummmnia
572 2162 692 2198 pariter
707 2163 823 2191 eveliit.
838 2164 928 2198 QUod
947 2174 984 2192 ne
1002 2165 1138 2195 accidat.
1154 2163 1279 2199 quoties
1295 2171 1313 2191 a
1331 2163 1439 2191 sancta
1459 2163 1707 2199 congregatione
1723 2163 1895 2197 disceditis.

267 2203 346 2234 nihil
363 2202 464 2241 magis
488 2201 706 2231 necessarium
719 2201 872 2240 judicate.
891 2209 988 2239 quam
1009 2210 1047 2232 ea
1060 2211 1132 2240 qua:
1147 2201 1306 2231 audiendo
1325 2202 1478 2232 didicistis
1495 2211 1689 2232 conservare
1714 2204 1910 2232 meditando.

267 2243 369 2273 Nimia
391 2243 476 2272 enim
495 2241 627 2270 omnino
644 2241 824 2275 indevotio,
844 2244 875 2270 et
894 2249 1027 2279 prorsus
1045 2244 1188 2271 extrema
1212 2244 1275 2277 est,
1292 2244 1326 2271 ut
1346 2242 1490 2280 quinque
1511 2245 1542 2272 et
1563 2251 1620 2271 sex
1637 2243 1703 2272 dies
1727 2243 1856 2280 quidem
1881 2243 1913 2273 in

266 2283 363 2313 rebus
388 2281 572 2312 carnalibus
597 2284 835 2314 consumentes,
855 2289 956 2309 unmn
974 2281 1171 2318 spiritalibus
1188 2280 1282 2315 diem,
1303 2281 1367 2310 imo
1392 2282 1543 2320 exiguam
1569 2282 1630 2310 diei
1656 2286 1778 2320 partem
1802 2283 1912 2312 nolitis

267 2321 464 2360 impendere.
481 2321 593 2350 Nonne
607 2320 749 2358 quotidie
765 2320 894 2360 cernitis
911 2320 991 2349 lilios
1008 2324 1142 2355 vestros,
1156 2329 1191 2350 ea
1207 2329 1278 2358 quze
1292 2320 1424 2350 (licenda
1438 2321 1630 2359 suscipiunt,
1651 2323 1747 2351 totius
1766 2322 1832 2351 fere
1848 2322 1911 2351 diei

266 2359 508 2392 continuatione
526 2359 671 2389 meditari
684 2361 698 2389 ἱ)
711 2360 838 2395 Quanto
857 2359 886 2388 id
902 2360 1000 2397 magis
1017 2369 1074 2389 nos
1091 2360 1122 2389 in
1134 2360 1333 2398 spiritalibus
1348 2361 1459 2390 studiis
1474 2363 1627 2398 priestare
1642 2361 1814 2391 debemus:
1833 2362 1913 2390 alio-

267 2402 322 2440 qui
340 2401 418 2430 nihil
433 2400 494 2429 huc
517 2407 575 2429 nos
593 2399 733 2438 proderit
749 2399 934 2440 convenire,
953 2400 1137 2440 haurientes
1158 2409 1231 2429 vase
1247 2400 1389 2440 undique
1407 2401 1516 2430 hiante
1533 2401 1635 2434 rimis,
1652 2404 1749 2439 atque
1766 2402 1912 2440 undique

268 2438 444 2481 pertinente
464 2450 470 2469 :
497 2443 528 2469 et
551 2448 590 2468 ne
609 2442 732 2468 tantum
756 2438 885 2476 quidem
905 2439 1000 2481 studii
1023 2439 1054 2468 in
1077 2440 1192 2481 horum
1211 2448 1282 2481 qua:
1300 2439 1438 2481 diximus
1460 2438 1708 2481 conservatione
1731 2438 1908 2479 ponentes.

267 2479 424 2520 quantum
439 2488 515 2518 erga
531 2487 648 2520 aurum
657 2482 898 2520 Aargenlmnque
907 2479 1047 2520 solemus
1065 2479 1357 2520 adbibere.Paucos
1370 2479 1454 2520 enim
1468 2480 1657 2520 plerumque
1675 2489 1823 2510 nummos
1839 2490 1912 2510 cum

268 2518 385 2559 aliquis
402 2520 528 2558 accipit,
545 2520 575 2548 et
591 2518 726 2548 sollicite
744 2519 870 2556 reponit
884 2518 923 2559 in
935 2519 1081 2559 sacculo,
1099 2521 1128 2548 et
1143 2519 1312 2557 diligenter
1330 2519 1480 2559 obsignat
1502 2519 1608 2558 sugillo
1624 2530 1631 2554 ;
1648 2529 1705 2549 nos
1724 2529 1800 2550 vero
1817 2525 1914 2558 p0st—

267 2558 364 2599 quam
377 2561 470 2598 longe.
488 2567 581 2594 auro,
597 2558 795 2597 gemmisque
810 2558 1001 2599 pretiosiora
1017 2558 1216 2597 suscepimus
1232 2558 1372 2599 eloquia,
1388 2562 1418 2588 et
1436 2559 1674 2590 inaestimabiles
1691 2560 1913 2597 spiritualium

267 2598 344 2639 opes
357 2599 531 2631 bonorum.
548 2606 754 2636 nequaquam
767 2598 849 2639 eain
867 2598 1020 2639 thesauro
1036 2598 1150 2639 animae
1166 2598 1366 2639 recondimus
1382 2599 1587 2639 continenda,
1604 2598 1658 2628 sed
1678 2599 1798 2639 passim
1812 2604 1913 2638 atque

270 2637 469 2679 negligenter
483 2642 605 2668 mentes
621 2641 747 2667 nostras
762 2637 891 2679 efﬂuere
905 2638 1129 2679 permittimus.
1143 2638 1299 2679 Quisnam
1316 2638 1413 2679 igitur
1432 2639 1532 2668 nostri
1547 2638 1724 2679 aliquando
1738 2637 1912 2674 miserebi—

269 2677 331 2713 tur,
352 2677 424 2709 cum
441 2679 500 2717 ipsi
517 2678 608 2708 nobis
625 2681 688 2707 tam
710 2680 820 2715 aperte
842 2677 1047 2707 inveniamur
1061 2677 1191 2711 inimici,
1212 2681 1308 2715 atque
1327 2678 1358 2707 in
1374 2680 1495 2707 tantam
1512 2687 1570 2708 nos
1591 2678 1779 2717 pauperiem
1795 2682 1911 2717 sponte

268 2720 444 2757 cogamus?
466 2719 509 2748 Ne
535 2718 633 2757 igitur
655 2717 715 2747 ista
738 2717 936 2756 contingant,
957 2717 1058 2756 legem
1078 2717 1161 2747 hanc
1183 2718 1275 2747 nobis
1298 2717 1476 2747 scribamus
1498 2718 1710 2753 immobilem,
1732 2727 1791 2748 nec
1817 2718 1910 2748 nobis

268 2756 375 2792 modo,
395 2758 448 2788 sed
467 2756 657 2797 conjugibus
676 2757 772 2786 etiam
788 2756 961 2797 liberisque
977 2758 1104 2791 nostris,
1121 2760 1156 2786 ut
1171 2765 1270 2786 unum
1287 2757 1372 2786 hunc
1395 2758 1491 2787 totius
1508 2757 1715 2787 hebdomadis
1731 2757 1829 2792 diem,
1843 2766 1909 2796 quo

267 2797 307 2828 ad
322 2797 515 2827 audiendum
533 2796 748 2831 concurritur,
763 2799 864 2826 totum
880 2796 912 2825 in
929 2805 1041 2826 eorum
1056 2805 1127 2835 quae
1140 2796 1290 2827 dicuntur
1305 2796 1510 2827 meditatione
1525 2805 1695 2835 ponamus.
1713 2797 1764 2827 Sic
1779 2798 1864 2826 enim
1881 2801 1911 2827 et

269 2837 370 2867 multo
385 2838 485 2876 magis
504 2837 621 2866 dociles
640 2845 695 2867 vos
709 2836 747 2866 ad
766 2845 803 2866 ea
819 2845 890 2874 quze
906 2839 980 2866 sunt
996 2836 1129 2866 dicenda
1146 2836 1291 2872 venietis,
1306 2840 1337 2866 et
1350 2837 1409 2874 ipsi
1434 2837 1540 2866 minus
1552 2837 1760 2874 experiemur
1775 2837 1908 2868 laboris.

268 2877 326 2906 Sed
346 2876 442 2907 etiam
455 2877 594 2907 scientiae
611 2876 699 2906 vobis
717 2876 842 2906 lucrum
856 2876 997 2914 profecto
1011 2876 1112 2914 majus
1128 2876 1264 2911 eveniet,
1279 2876 1409 2914 quando
1423 2876 1608 2906 memoriter
1619 2876 1708 2914 prius
1724 2876 1834 2907 audita
1849 2885 1910 2906 re—

272 2920 418 2954 umentes,
439 2917 582 2957 paratius
597 2919 693 2957 atque
715 2916 900 2947 instructius
917 2915 954 2946 ad
967 2916 1107 2947 recentia
1122 2916 1309 2948 convolutis.
1326 2916 1394 2946 Non
1411 2915 1496 2946 enim
1515 2924 1630 2955 parum
1649 2916 1686 2946 ad
1706 2925 1820 2946 corum
1837 2925 1909 2955 qum
