  <div class='ocr_page' id='page_1' title='image "/cluster/home/n/w/nwhite01/storage/ocr_20150623/57-58/njp.32101077772653/842.png"; bbox 0 0 2055 3128; ppageno 0'>
   <div class='ocr_carea' id='block_1_1' title="bbox 191 143 1812 181">
    <p class='ocr_par' dir='ltr' id='par_1_1' title="bbox 191 143 1812 181">
     <span class='ocr_line' id='line_1_1' title="bbox 191 143 1812 181; baseline 0.007 -10"><span class='ocrx_word' id='word_1_1' title='bbox 191 144 258 172; x_wconf 67' lang='lat'><strong>10:5</strong></span> <span class='ocrx_word' id='word_1_2' title='bbox 782 149 897 179; x_wconf 70' lang='lat' dir='ltr'><strong>Amm</strong></span> <span class='ocrx_word' id='word_1_3' title='bbox 929 151 1169 181; x_wconf 69' lang='lat' dir='ltr'><strong>th‘ERPRETAT</strong></span> <span class='ocrx_word' id='word_1_4' title='bbox 1182 151 1212 179; x_wconf 89' lang='lat'><strong>0.</strong></span> <span class='ocrx_word' id='word_1_5' title='bbox 1743 143 1812 171; x_wconf 61' lang='grc' dir='ltr'><strong>ΐθῖι</strong></span> 
     </span>
    </p>
   </div>
   <div class='ocr_carea' id='block_1_2' title="bbox 178 205 1812 250">
    <p class='ocr_par' dir='ltr' id='par_1_2' title="bbox 178 205 1812 250">
     <span class='ocr_line' id='line_1_2' title="bbox 178 205 1812 250; baseline 0.001 -11"><span class='ocrx_word' id='word_1_6' title='bbox 178 209 329 250; x_wconf 79' lang='lat' dir='ltr'><strong>dicuntur</strong></span> <span class='ocrx_word' id='word_1_7' title='bbox 344 207 467 247; x_wconf 77' lang='lat' dir='ltr'><strong>prolicit</strong></span> <span class='ocrx_word' id='word_1_8' title='bbox 482 205 874 250; x_wconf 51' lang='lat' dir='ltr'><strong>intelle_ctum,di_lig_epter</strong></span> <span class='ocrx_word' id='word_1_9' title='bbox 892 216 986 250; x_wconf 82' lang='lat' dir='ltr'><strong>posse</strong></span> <span class='ocrx_word' id='word_1_10' title='bbox 1009 217 1161 250; x_wconf 81' lang='lat' dir='ltr'><strong>sensuum</strong></span> <span class='ocrx_word' id='word_1_11' title='bbox 1178 209 1460 250; x_wconf 78' lang='lat' dir='ltr'><strong>consequentiam,</strong></span> <span class='ocrx_word' id='word_1_12' title='bbox 1474 219 1545 248; x_wconf 67' lang='lat' dir='ltr'><strong>quae</strong></span> <span class='ocrx_word' id='word_1_13' title='bbox 1561 218 1581 241; x_wconf 85' lang='lat' dir='ltr'><strong>a</strong></span> <span class='ocrx_word' id='word_1_14' title='bbox 1596 211 1688 241; x_wconf 90' lang='lat' dir='ltr'><strong>nobis</strong></span> <span class='ocrx_word' id='word_1_15' title='bbox 1699 210 1812 250; x_wconf 88' lang='lat' dir='ltr'><strong>juncto</strong></span> 
     </span>
    </p>
   </div>
   <div class='ocr_carea' id='block_1_3' title="bbox 179 246 1812 286">
    <p class='ocr_par' dir='ltr' id='par_1_3' title="bbox 179 246 1812 286">
     <span class='ocr_line' id='line_1_3' title="bbox 179 246 1812 286; baseline 0.002 -8"><span class='ocrx_word' id='word_1_16' title='bbox 179 249 323 278; x_wconf 76' lang='lat' dir='ltr'><strong>lectionis</strong></span> <span class='ocrx_word' id='word_1_17' title='bbox 343 246 454 278; x_wconf 89' lang='lat' dir='ltr'><strong>tenore</strong></span> <span class='ocrx_word' id='word_1_18' title='bbox 467 247 660 277; x_wconf 74' lang='lat' dir='ltr'><strong>contexitur.</strong></span> <span class='ocrx_word' id='word_1_19' title='bbox 676 246 757 283; x_wconf 84' lang='lat' dir='ltr'><strong>Quia</strong></span> <span class='ocrx_word' id='word_1_20' title='bbox 777 247 875 285; x_wconf 81' lang='lat' dir='ltr'><strong>igitur</strong></span> <span class='ocrx_word' id='word_1_21' title='bbox 890 247 1087 285; x_wconf 80' lang='lat' dir='ltr'><strong>impossibile</strong></span> <span class='ocrx_word' id='word_1_22' title='bbox 1103 250 1151 278; x_wconf 90' lang='lat' dir='ltr'><strong>est</strong></span> <span class='ocrx_word' id='word_1_23' title='bbox 1165 256 1230 277; x_wconf 93' lang='lat' dir='ltr'><strong>uno</strong></span> <span class='ocrx_word' id='word_1_24' title='bbox 1245 246 1296 278; x_wconf 84' lang='lat' dir='ltr'><strong>die</strong></span> <span class='ocrx_word' id='word_1_25' title='bbox 1309 251 1424 278; x_wconf 88' lang='lat' dir='ltr'><strong>cuncta</strong></span> <span class='ocrx_word' id='word_1_26' title='bbox 1442 246 1676 286; x_wconf 78' lang='lat' dir='ltr'><strong>transcurrere,</strong></span> <span class='ocrx_word' id='word_1_27' title='bbox 1695 246 1812 281; x_wconf 74' lang='lat' dir='ltr'><strong>idcirco</strong></span> 
     </span>
    </p>
   </div>
   <div class='ocr_carea' id='block_1_4' title="bbox 177 286 1811 330">
    <p class='ocr_par' dir='ltr' id='par_1_4' title="bbox 177 286 1811 330">
     <span class='ocr_line' id='line_1_4' title="bbox 177 286 1811 330; baseline 0.001 -12"><span class='ocrx_word' id='word_1_28' title='bbox 177 289 285 330; x_wconf 83' lang='lat' dir='ltr'><strong>multis</strong></span> <span class='ocrx_word' id='word_1_29' title='bbox 305 296 343 318; x_wconf 88' lang='lat' dir='ltr'><strong>ea</strong></span> <span class='ocrx_word' id='word_1_30' title='bbox 364 288 455 317; x_wconf 84' lang='lat' dir='ltr'><strong>vobis</strong></span> <span class='ocrx_word' id='word_1_31' title='bbox 474 286 733 330; x_wconf 80' lang='lat' dir='ltr'><strong>commendamus</strong></span> <span class='ocrx_word' id='word_1_32' title='bbox 749 286 873 330; x_wconf 81' lang='lat' dir='ltr'><strong>diebus,</strong></span> <span class='ocrx_word' id='word_1_33' title='bbox 891 290 1043 317; x_wconf 81' lang='lat' dir='ltr'><strong>contextu</strong></span> <span class='ocrx_word' id='word_1_34' title='bbox 1054 287 1220 330; x_wconf 6' lang='lat' dir='ltr'><strong>gmemorize</strong></span> <span class='ocrx_word' id='word_1_35' title='bbox 1236 288 1416 330; x_wconf 82' lang='lat' dir='ltr'><strong>interrupta</strong></span> <span class='ocrx_word' id='word_1_36' title='bbox 1430 288 1614 330; x_wconf 84' lang='lat' dir='ltr'><strong>jungentes,</strong></span> <span class='ocrx_word' id='word_1_37' title='bbox 1631 293 1661 319; x_wconf 90' lang='lat' dir='ltr'><strong>et</strong></span> <span class='ocrx_word' id='word_1_38' title='bbox 1681 290 1811 330; x_wconf 84' lang='lat' dir='ltr'><strong>longam</strong></span> 
     </span>
    </p>
   </div>
   <div class='ocr_carea' id='block_1_5' title="bbox 177 325 1813 369">
    <p class='ocr_par' dir='ltr' id='par_1_5' title="bbox 177 325 1813 369">
     <span class='ocr_line' id='line_1_5' title="bbox 177 325 1813 369; baseline 0.002 -12"><span class='ocrx_word' id='word_1_39' title='bbox 177 328 294 358; x_wconf 88' lang='lat' dir='ltr'><strong>seriem</strong></span> <span class='ocrx_word' id='word_1_40' title='bbox 317 336 436 363; x_wconf 88' lang='lat' dir='ltr'><strong>rerum,</strong></span> <span class='ocrx_word' id='word_1_41' title='bbox 453 326 545 365; x_wconf 90' lang='lat' dir='ltr'><strong>quasi</strong></span> <span class='ocrx_word' id='word_1_42' title='bbox 561 329 705 369; x_wconf 73' lang='lat' dir='ltr'><strong>catepam</strong></span> <span class='ocrx_word' id='word_1_43' title='bbox 719 325 890 369; x_wconf 81' lang='lat' dir='ltr'><strong>quamdam</strong></span> <span class='ocrx_word' id='word_1_44' title='bbox 900 327 1289 369; x_wconf 25' lang='lat' dir='ltr'><strong>Anostrzecircumligantes</strong></span> <span class='ocrx_word' id='word_1_45' title='bbox 1306 325 1652 369; x_wconf 31' lang='lat' dir='ltr'><strong>an_imze,’ut_i&#39;ntegrum</strong></span> <span class='ocrx_word' id='word_1_46' title='bbox 1667 325 1813 369; x_wconf 74' lang='lat' dir='ltr'><strong>Scriptu—</strong></span> 
     </span>
    </p>
   </div>
   <div class='ocr_carea' id='block_1_6' title="bbox 178 365 1812 406">
    <p class='ocr_par' dir='ltr' id='par_1_6' title="bbox 178 365 1812 406">
     <span class='ocr_line' id='line_1_6' title="bbox 178 365 1812 406; baseline 0.002 -9"><span class='ocrx_word' id='word_1_47' title='bbox 178 376 289 398; x_wconf 89' lang='lat' dir='ltr'><strong>rarum</strong></span> <span class='ocrx_word' id='word_1_48' title='bbox 310 376 426 406; x_wconf 87' lang='lat' dir='ltr'><strong>corpus</strong></span> <span class='ocrx_word' id='word_1_49' title='bbox 449 368 613 405; x_wconf 74' lang='lat' dir='ltr'><strong>appareat.</strong></span> <span class='ocrx_word' id='word_1_50' title='bbox 631 365 844 396; x_wconf 81' lang='lat' dir='ltr'><strong>Recordantcs</strong></span> <span class='ocrx_word' id='word_1_51' title='bbox 865 365 962 405; x_wconf 84' lang='lat' dir='ltr'><strong>igitur</strong></span> <span class='ocrx_word' id='word_1_52' title='bbox 980 366 1149 405; x_wconf 82' lang='lat' dir='ltr'><strong>diligenter</strong></span> <span class='ocrx_word' id='word_1_53' title='bbox 1169 365 1241 405; x_wconf 63' lang='lat' dir='ltr'><strong>quae</strong></span> <span class='ocrx_word' id='word_1_54' title='bbox 1262 375 1280 397; x_wconf 90' lang='lat' dir='ltr'><strong>a</strong></span> <span class='ocrx_word' id='word_1_55' title='bbox 1302 367 1393 397; x_wconf 90' lang='lat' dir='ltr'><strong>nobis</strong></span> <span class='ocrx_word' id='word_1_56' title='bbox 1419 367 1516 406; x_wconf 89' lang='lat' dir='ltr'><strong>paulo</strong></span> <span class='ocrx_word' id='word_1_57' title='bbox 1537 365 1611 398; x_wconf 76' lang='lat' dir='ltr'><strong>ante</strong></span> <span class='ocrx_word' id='word_1_58' title='bbox 1634 365 1812 400; x_wconf 70' lang='lat' dir='ltr'><strong>memorata</strong></span> 
     </span>
    </p>
   </div>
   <div class='ocr_carea' id='block_1_7' title="bbox 177 406 656 446">
    <p class='ocr_par' dir='ltr' id='par_1_7' title="bbox 177 406 656 446">
     <span class='ocr_line' id='line_1_7' title="bbox 177 406 656 446; baseline -0.006 -9"><span class='ocrx_word' id='word_1_59' title='bbox 177 411 265 442; x_wconf 88' lang='lat' dir='ltr'><strong>sunt,</strong></span> <span class='ocrx_word' id='word_1_60' title='bbox 282 415 453 446; x_wconf 85' lang='lat' dir='ltr'><strong>pergamus</strong></span> <span class='ocrx_word' id='word_1_61' title='bbox 466 406 505 436; x_wconf 90' lang='lat' dir='ltr'><strong>ad</strong></span> <span class='ocrx_word' id='word_1_62' title='bbox 520 406 656 446; x_wconf 87' lang='lat' dir='ltr'><strong>reliqua.</strong></span> 
     </span>
    </p>
   </div>
   <div class='ocr_carea' id='block_1_8' title="bbox 218 444 1812 485">
    <p class='ocr_par' dir='ltr' id='par_1_8' title="bbox 218 444 1812 485">
     <span class='ocr_line' id='line_1_8' title="bbox 218 444 1812 485; baseline 0.002 -9"><span class='ocrx_word' id='word_1_63' title='bbox 218 447 248 476; x_wconf 77' lang='lat'><strong>2.</strong></span> <span class='ocrx_word' id='word_1_64' title='bbox 267 444 420 483; x_wconf 62' lang='lat' dir='ltr'><strong>Quaenam</strong></span> <span class='ocrx_word' id='word_1_65' title='bbox 436 454 512 476; x_wconf 82' lang='lat' dir='ltr'><strong>vero</strong></span> <span class='ocrx_word' id='word_1_66' title='bbox 528 445 582 475; x_wconf 92' lang='lat' dir='ltr'><strong>illa</strong></span> <span class='ocrx_word' id='word_1_67' title='bbox 601 447 687 479; x_wconf 86' lang='lat' dir='ltr'><strong>sunt,</strong></span> <span class='ocrx_word' id='word_1_68' title='bbox 709 444 747 485; x_wconf 86' lang='lat' dir='ltr'><strong>de</strong></span> <span class='ocrx_word' id='word_1_69' title='bbox 762 445 880 485; x_wconf 89' lang='lat' dir='ltr'><strong>quibus</strong></span> <span class='ocrx_word' id='word_1_70' title='bbox 898 445 992 476; x_wconf 85' lang='lat' dir='ltr'><strong>hodie</strong></span> <span class='ocrx_word' id='word_1_71' title='bbox 1015 446 1236 476; x_wconf 86' lang='lat' dir='ltr'><strong>disserendum</strong></span> <span class='ocrx_word' id='word_1_72' title='bbox 1257 447 1324 476; x_wconf 87' lang='lat' dir='ltr'><strong>est?</strong></span> <span class='ocrx_word' id='word_1_73' title='bbox 1345 446 1417 476; x_wconf 84' lang='lat' dir='ltr'><strong>Hoc</strong></span> <span class='ocrx_word' id='word_1_74' title='bbox 1439 450 1557 481; x_wconf 81' lang='lat' dir='ltr'><strong>autem,</strong></span> <span class='ocrx_word' id='word_1_75' title='bbox 1574 446 1690 485; x_wconf 92' lang='lat' dir='ltr'><strong>inquit,</strong></span> <span class='ocrx_word' id='word_1_76' title='bbox 1713 452 1812 478; x_wconf 83' lang='lat' dir='ltr'><strong>totum</strong></span> 
     </span>
    </p>
   </div>
   <div class='ocr_carea' id='block_1_9' title="bbox 177 484 1812 525">
    <p class='ocr_par' dir='ltr' id='par_1_9' title="bbox 177 484 1812 525">
     <span class='ocr_line' id='line_1_9' title="bbox 177 484 1812 525; baseline 0.001 -9"><span class='ocrx_word' id='word_1_77' title='bbox 177 487 293 523; x_wconf 81' lang='lat' dir='ltr'><strong>factum</strong></span> <span class='ocrx_word' id='word_1_78' title='bbox 307 491 359 520; x_wconf 84' lang='lat' dir='ltr'><strong>est,</strong></span> <span class='ocrx_word' id='word_1_79' title='bbox 370 490 404 516; x_wconf 82' lang='lat' dir='ltr'><strong>ut</strong></span> <span class='ocrx_word' id='word_1_80' title='bbox 421 486 640 524; x_wconf 76' lang='lat' dir='ltr'><strong>adimplerctui&#39;</strong></span> <span class='ocrx_word' id='word_1_81' title='bbox 653 484 737 525; x_wconf 66' lang='lat' dir='ltr'><strong>quod</strong></span> <span class='ocrx_word' id='word_1_82' title='bbox 749 484 865 525; x_wconf 73' lang='lat' dir='ltr'><strong>dictum</strong></span> <span class='ocrx_word' id='word_1_83' title='bbox 879 489 922 525; x_wconf 72' lang='lat' dir='ltr'><strong>est</strong></span> <span class='ocrx_word' id='word_1_84' title='bbox 935 495 954 515; x_wconf 87' lang='grc' dir='ltr'><em>α</em></span> <span class='ocrx_word' id='word_1_85' title='bbox 968 486 1102 515; x_wconf 78' lang='lat' dir='ltr'><strong>Domino</strong></span> <span class='ocrx_word' id='word_1_86' title='bbox 1112 495 1168 525; x_wconf 81' lang='lat' dir='ltr'><strong>per</strong></span> <span class='ocrx_word' id='word_1_87' title='bbox 1176 485 1369 525; x_wconf 79' lang='lat' dir='ltr'><strong>prophetam.</strong></span> <span class='ocrx_word' id='word_1_88' title='bbox 1389 486 1546 515; x_wconf 78' lang='lat' dir='ltr'><strong>dicentem.</strong></span> <span class='ocrx_word' id='word_1_89' title='bbox 1559 484 1662 525; x_wconf 87' lang='lat' dir='ltr'><strong>Digna</strong></span> <span class='ocrx_word' id='word_1_90' title='bbox 1678 496 1812 525; x_wconf 83' lang='lat' dir='ltr'><strong>prorsus</strong></span> 
     </span>
    </p>
   </div>
   <div class='ocr_carea' id='block_1_10' title="bbox 179 524 1812 565">
    <p class='ocr_par' dir='ltr' id='par_1_10' title="bbox 179 524 1812 565">
     <span class='ocr_line' id='line_1_10' title="bbox 179 524 1812 565; baseline 0.001 -9"><span class='ocrx_word' id='word_1_91' title='bbox 179 535 254 556; x_wconf 92' lang='lat' dir='ltr'><strong>voce</strong></span> <span class='ocrx_word' id='word_1_92' title='bbox 270 528 394 556; x_wconf 91' lang='lat' dir='ltr'><strong>tantum</strong></span> <span class='ocrx_word' id='word_1_93' title='bbox 408 525 547 564; x_wconf 80' lang='lat' dir='ltr'><strong>signavit</strong></span> <span class='ocrx_word' id='word_1_94' title='bbox 560 524 907 565; x_wconf 68' lang='lat' dir='ltr'><strong>miraculum,dicendo</strong></span> <span class='ocrx_word' id='word_1_95' title='bbox 923 534 929 553; x_wconf 90' lang='lat'><strong>:</strong></span> <span class='ocrx_word' id='word_1_96' title='bbox 947 525 1019 555; x_wconf 83' lang='lat' dir='ltr'><strong>Hoc</strong></span> <span class='ocrx_word' id='word_1_97' title='bbox 1032 524 1132 555; x_wconf 74' lang='lat' dir='ltr'><strong>autem</strong></span> <span class='ocrx_word' id='word_1_98' title='bbox 1144 524 1243 554; x_wconf 80' lang='lat' dir='ltr'><strong>totum</strong></span> <span class='ocrx_word' id='word_1_99' title='bbox 1257 526 1373 564; x_wconf 84' lang='lat' dir='ltr'><strong>factum</strong></span> <span class='ocrx_word' id='word_1_100' title='bbox 1388 530 1441 554; x_wconf 79' lang='lat' dir='ltr'><strong>est.</strong></span> <span class='ocrx_word' id='word_1_101' title='bbox 1456 526 1538 562; x_wconf 88' lang='lat' dir='ltr'><strong>Quia</strong></span> <span class='ocrx_word' id='word_1_102' title='bbox 1552 524 1636 556; x_wconf 78' lang='lat' dir='ltr'><strong>enim</strong></span> <span class='ocrx_word' id='word_1_103' title='bbox 1651 524 1812 565; x_wconf 81' lang='lat' dir='ltr'><strong>quoddam</strong></span> 
     </span>
    </p>
   </div>
   <div class='ocr_carea' id='block_1_11' title="bbox 177 564 1812 604">
    <p class='ocr_par' dir='ltr' id='par_1_11' title="bbox 177 564 1812 604">
     <span class='ocr_line' id='line_1_11' title="bbox 177 564 1812 604; baseline 0.001 -9"><span class='ocrx_word' id='word_1_104' title='bbox 177 566 310 604; x_wconf 83' lang='lat' dir='ltr'><strong>pelagus</strong></span> <span class='ocrx_word' id='word_1_105' title='bbox 326 566 530 599; x_wconf 88' lang='lat' dir='ltr'><strong>immensum,</strong></span> <span class='ocrx_word' id='word_1_106' title='bbox 547 567 578 594; x_wconf 92' lang='lat' dir='ltr'><strong>et</strong></span> <span class='ocrx_word' id='word_1_107' title='bbox 593 564 815 604; x_wconf 66' lang='lat' dir='ltr'><strong>inaestimabile</strong></span> <span class='ocrx_word' id='word_1_108' title='bbox 834 564 1060 595; x_wconf 68' lang='lat' dir='ltr'><strong>misericordiae</strong></span> <span class='ocrx_word' id='word_1_109' title='bbox 1074 565 1131 594; x_wconf 89' lang='lat' dir='ltr'><strong>Dei</strong></span> <span class='ocrx_word' id='word_1_110' title='bbox 1143 565 1219 595; x_wconf 87' lang='lat' dir='ltr'><strong>vidit</strong></span> <span class='ocrx_word' id='word_1_111' title='bbox 1233 565 1427 603; x_wconf 90' lang='lat' dir='ltr'><strong>profundum</strong></span> <span class='ocrx_word' id='word_1_112' title='bbox 1438 587 1445 601; x_wconf 96' lang='lat'><strong>,</strong></span> <span class='ocrx_word' id='word_1_113' title='bbox 1461 567 1556 602; x_wconf 87' lang='lat' dir='ltr'><strong>atque</strong></span> <span class='ocrx_word' id='word_1_114' title='bbox 1572 566 1603 595; x_wconf 92' lang='lat' dir='ltr'><strong>in</strong></span> <span class='ocrx_word' id='word_1_115' title='bbox 1621 575 1689 595; x_wconf 89' lang='lat' dir='ltr'><strong>rem</strong></span> <span class='ocrx_word' id='word_1_116' title='bbox 1704 567 1812 596; x_wconf 87' lang='lat' dir='ltr'><strong>subito</strong></span> 
     </span>
    </p>
   </div>
   <div class='ocr_carea' id='block_1_12' title="bbox 178 603 1812 644">
    <p class='ocr_par' dir='ltr' id='par_1_12' title="bbox 178 603 1812 644">
     <span class='ocr_line' id='line_1_12' title="bbox 178 603 1812 644; baseline 0.001 -10"><span class='ocrx_word' id='word_1_117' title='bbox 178 603 333 644; x_wconf 80' lang='lat' dir='ltr'><strong>prodiisse</strong></span> <span class='ocrx_word' id='word_1_118' title='bbox 349 605 434 643; x_wconf 91' lang='lat' dir='ltr'><strong>quod</strong></span> <span class='ocrx_word' id='word_1_119' title='bbox 447 608 521 634; x_wconf 88' lang='lat' dir='ltr'><strong>anle</strong></span> <span class='ocrx_word' id='word_1_120' title='bbox 533 604 564 633; x_wconf 90' lang='lat' dir='ltr'><strong>in</strong></span> <span class='ocrx_word' id='word_1_121' title='bbox 581 613 636 642; x_wconf 87' lang='lat' dir='ltr'><strong>spe</strong></span> <span class='ocrx_word' id='word_1_122' title='bbox 651 612 714 644; x_wconf 85' lang='lat' dir='ltr'><strong>non</strong></span> <span class='ocrx_word' id='word_1_123' title='bbox 730 603 844 638; x_wconf 78' lang='lat' dir='ltr'><strong>fuerat,</strong></span> <span class='ocrx_word' id='word_1_124' title='bbox 860 612 897 634; x_wconf 90' lang='lat' dir='ltr'><strong>ac</strong></span> <span class='ocrx_word' id='word_1_125' title='bbox 910 607 1039 642; x_wconf 87' lang='lat' dir='ltr'><strong>repente</strong></span> <span class='ocrx_word' id='word_1_126' title='bbox 1055 608 1177 635; x_wconf 61' lang='lat' dir='ltr'><strong>natura:</strong></span> <span class='ocrx_word' id='word_1_127' title='bbox 1193 605 1278 643; x_wconf 85' lang='lat' dir='ltr'><strong>leges</strong></span> <span class='ocrx_word' id='word_1_128' title='bbox 1294 604 1429 640; x_wconf 89' lang='lat' dir='ltr'><strong>solutas,</strong></span> <span class='ocrx_word' id='word_1_129' title='bbox 1446 605 1740 635; x_wconf 79' lang='lat' dir='ltr'><strong>reconciliationem</strong></span> <span class='ocrx_word' id='word_1_130' title='bbox 1753 606 1812 636; x_wconf 86' lang='lat' dir='ltr'><strong>Dei</strong></span> 
     </span>
    </p>
   </div>
   <div class='ocr_carea' id='block_1_13' title="bbox 178 643 1812 682">
    <p class='ocr_par' dir='ltr' id='par_1_13' title="bbox 178 643 1812 682">
     <span class='ocr_line' id='line_1_13' title="bbox 178 643 1812 682; baseline 0.001 -8"><span class='ocrx_word' id='word_1_131' title='bbox 178 643 409 682; x_wconf 74' lang='lat' dir='ltr'><strong>hominumque</strong></span> <span class='ocrx_word' id='word_1_132' title='bbox 427 644 551 676; x_wconf 83' lang='lat' dir='ltr'><strong>factum,</strong></span> <span class='ocrx_word' id='word_1_133' title='bbox 572 643 772 681; x_wconf 85' lang='lat' dir='ltr'><strong>superiorem</strong></span> <span class='ocrx_word' id='word_1_134' title='bbox 789 643 911 673; x_wconf 89' lang='lat' dir='ltr'><strong>cunctis</strong></span> <span class='ocrx_word' id='word_1_135' title='bbox 927 644 966 673; x_wconf 90' lang='lat' dir='ltr'><strong>ad</strong></span> <span class='ocrx_word' id='word_1_136' title='bbox 980 643 1164 674; x_wconf 89' lang='lat' dir='ltr'><strong>inferiorem</strong></span> <span class='ocrx_word' id='word_1_137' title='bbox 1185 645 1307 674; x_wconf 89' lang='lat' dir='ltr'><strong>cunctis</strong></span> <span class='ocrx_word' id='word_1_138' title='bbox 1323 643 1524 674; x_wconf 86' lang='lat' dir='ltr'><strong>descendisse</strong></span> <span class='ocrx_word' id='word_1_139' title='bbox 1539 645 1763 680; x_wconf 82' lang='lat' dir='ltr'><strong>substantiam,</strong></span> <span class='ocrx_word' id='word_1_140' title='bbox 1782 650 1812 675; x_wconf 90' lang='lat' dir='ltr'><strong>et</strong></span> 
     </span>
    </p>
   </div>
   <div class='ocr_carea' id='block_1_14' title="bbox 176 682 1812 722">
    <p class='ocr_par' dir='ltr' id='par_1_14' title="bbox 176 682 1812 722">
     <span class='ocr_line' id='line_1_14' title="bbox 176 682 1812 722; baseline 0 -8"><span class='ocrx_word' id='word_1_141' title='bbox 176 685 373 714; x_wconf 82' lang='lat' dir='ltr'><strong>destructum</strong></span> <span class='ocrx_word' id='word_1_142' title='bbox 390 683 536 713; x_wconf 60' lang='lat' dir='ltr'><strong>maceriae</strong></span> <span class='ocrx_word' id='word_1_143' title='bbox 555 682 773 722; x_wconf 75' lang='lat' dir='ltr'><strong>interstitium,</strong></span> <span class='ocrx_word' id='word_1_144' title='bbox 789 686 821 712; x_wconf 91' lang='lat' dir='ltr'><strong>et</strong></span> <span class='ocrx_word' id='word_1_145' title='bbox 842 683 1067 721; x_wconf 87' lang='lat' dir='ltr'><strong>impedimenta</strong></span> <span class='ocrx_word' id='word_1_146' title='bbox 1090 685 1249 718; x_wconf 88' lang='lat' dir='ltr'><strong>submota,</strong></span> <span class='ocrx_word' id='word_1_147' title='bbox 1266 684 1432 722; x_wconf 90' lang='lat' dir='ltr'><strong>multoque</strong></span> <span class='ocrx_word' id='word_1_148' title='bbox 1452 683 1500 713; x_wconf 90' lang='lat' dir='ltr'><strong>his</strong></span> <span class='ocrx_word' id='word_1_149' title='bbox 1520 684 1614 722; x_wconf 90' lang='lat' dir='ltr'><strong>plura</strong></span> <span class='ocrx_word' id='word_1_150' title='bbox 1637 694 1705 714; x_wconf 87' lang='lat' dir='ltr'><strong>esse</strong></span> <span class='ocrx_word' id='word_1_151' title='bbox 1721 693 1812 714; x_wconf 91' lang='lat' dir='ltr'><strong>com-</strong></span> 
     </span>
    </p>
   </div>
   <div class='ocr_carea' id='block_1_15' title="bbox 178 721 1811 763">
    <p class='ocr_par' dir='ltr' id='par_1_15' title="bbox 178 721 1811 763">
     <span class='ocr_line' id='line_1_15' title="bbox 178 721 1811 763; baseline 0 -10"><span class='ocrx_word' id='word_1_152' title='bbox 178 724 274 762; x_wconf 83' lang='lat' dir='ltr'><strong>plcta,</strong></span> <span class='ocrx_word' id='word_1_153' title='bbox 286 732 352 753; x_wconf 91' lang='lat' dir='ltr'><strong>uno</strong></span> <span class='ocrx_word' id='word_1_154' title='bbox 364 723 428 753; x_wconf 87' lang='lat' dir='ltr'><strong>fere</strong></span> <span class='ocrx_word' id='word_1_155' title='bbox 439 721 798 763; x_wconf 19' lang='lat' dir='ltr'><strong>verbormagnitudinem</strong></span> <span class='ocrx_word' id='word_1_156' title='bbox 812 722 1021 763; x_wconf 81' lang='lat' dir='ltr'><strong>exprimendo</strong></span> <span class='ocrx_word' id='word_1_157' title='bbox 1037 723 1195 758; x_wconf 82' lang='lat' dir='ltr'><strong>miraculi,</strong></span> <span class='ocrx_word' id='word_1_158' title='bbox 1206 723 1265 753; x_wconf 86' lang='lat' dir='ltr'><strong>ait:</strong></span> <span class='ocrx_word' id='word_1_159' title='bbox 1278 724 1349 753; x_wconf 86' lang='lat' dir='ltr'><strong>Hoc</strong></span> <span class='ocrx_word' id='word_1_160' title='bbox 1359 721 1460 763; x_wconf 64' lang='lat' dir='ltr'><strong>autem</strong></span> <span class='ocrx_word' id='word_1_161' title='bbox 1470 727 1569 752; x_wconf 86' lang='lat' dir='ltr'><strong>totum</strong></span> <span class='ocrx_word' id='word_1_162' title='bbox 1579 724 1696 763; x_wconf 84' lang='lat' dir='ltr'><strong>factum</strong></span> <span class='ocrx_word' id='word_1_163' title='bbox 1708 728 1760 758; x_wconf 80' lang='lat' dir='ltr'><strong>cst,</strong></span> <span class='ocrx_word' id='word_1_164' title='bbox 1779 730 1811 754; x_wconf 80' lang='lat' dir='ltr'><strong>ut</strong></span> 
     </span>
    </p>
   </div>
   <div class='ocr_carea' id='block_1_16' title="bbox 178 761 1812 802">
    <p class='ocr_par' dir='ltr' id='par_1_16' title="bbox 178 761 1812 802">
     <span class='ocr_line' id='line_1_16' title="bbox 178 761 1812 802; baseline 0.001 -10"><span class='ocrx_word' id='word_1_165' title='bbox 178 761 401 802; x_wconf 65' lang='lat' dir='ltr'><strong>hdimpleretur</strong></span> <span class='ocrx_word' id='word_1_166' title='bbox 414 762 496 802; x_wconf 83' lang='lat' dir='ltr'><strong>quod</strong></span> <span class='ocrx_word' id='word_1_167' title='bbox 513 762 631 802; x_wconf 74' lang='lat' dir='ltr'><strong>dictum</strong></span> <span class='ocrx_word' id='word_1_168' title='bbox 651 766 694 791; x_wconf 78' lang='lat' dir='ltr'><strong>est</strong></span> <span class='ocrx_word' id='word_1_169' title='bbox 708 771 727 791; x_wconf 84' lang='grc' dir='ltr'><em>α</em></span> <span class='ocrx_word' id='word_1_170' title='bbox 745 761 892 802; x_wconf 60' lang='lat' dir='ltr'><strong>Domino.</strong></span> <span class='ocrx_word' id='word_1_171' title='bbox 906 762 962 798; x_wconf 85' lang='lat' dir='ltr'><strong>Ne,</strong></span> <span class='ocrx_word' id='word_1_172' title='bbox 982 763 1098 801; x_wconf 87' lang='lat' dir='ltr'><strong>inquit,</strong></span> <span class='ocrx_word' id='word_1_173' title='bbox 1111 763 1259 799; x_wconf 60' lang='lat' dir='ltr'><strong>aestimes,</strong></span> <span class='ocrx_word' id='word_1_174' title='bbox 1274 762 1360 801; x_wconf 91' lang='lat' dir='ltr'><strong>quod</strong></span> <span class='ocrx_word' id='word_1_175' title='bbox 1382 762 1466 792; x_wconf 90' lang='lat' dir='ltr'><strong>istud</strong></span> <span class='ocrx_word' id='word_1_176' title='bbox 1489 761 1584 792; x_wconf 83' lang='lat' dir='ltr'><strong>modo</strong></span> <span class='ocrx_word' id='word_1_177' title='bbox 1604 763 1742 801; x_wconf 86' lang='lat' dir='ltr'><strong>primum</strong></span> <span class='ocrx_word' id='word_1_178' title='bbox 1760 764 1812 794; x_wconf 89' lang='lat' dir='ltr'><strong>de-</strong></span> 
     </span>
    </p>
   </div>
   <div class='ocr_carea' id='block_1_17' title="bbox 179 800 1813 841">
    <p class='ocr_par' dir='ltr' id='par_1_17' title="bbox 179 800 1813 841">
     <span class='ocr_line' id='line_1_17' title="bbox 179 800 1813 841; baseline 0 -9"><span class='ocrx_word' id='word_1_179' title='bbox 179 800 302 833; x_wconf 80' lang='lat' dir='ltr'><strong>cretum</strong></span> <span class='ocrx_word' id='word_1_180' title='bbox 315 803 356 833; x_wconf 90' lang='lat' dir='ltr'><strong>sit</strong></span> <span class='ocrx_word' id='word_1_181' title='bbox 372 812 378 832; x_wconf 91' lang='lat'><strong>:</strong></span> <span class='ocrx_word' id='word_1_182' title='bbox 396 800 471 832; x_wconf 90' lang='lat' dir='ltr'><strong>oIim</strong></span> <span class='ocrx_word' id='word_1_183' title='bbox 486 802 545 832; x_wconf 89' lang='lat' dir='ltr'><strong>hoc</strong></span> <span class='ocrx_word' id='word_1_184' title='bbox 561 801 743 841; x_wconf 86' lang='lat' dir='ltr'><strong>ordinatum</strong></span> <span class='ocrx_word' id='word_1_185' title='bbox 758 809 777 830; x_wconf 87' lang='lat' dir='ltr'><strong>a</strong></span> <span class='ocrx_word' id='word_1_186' title='bbox 799 800 865 830; x_wconf 88' lang='lat' dir='ltr'><strong>Deo</strong></span> <span class='ocrx_word' id='word_1_187' title='bbox 883 804 980 840; x_wconf 89' lang='lat' dir='ltr'><strong>atque</strong></span> <span class='ocrx_word' id='word_1_188' title='bbox 996 800 1186 840; x_wconf 85' lang='lat' dir='ltr'><strong>dispositum</strong></span> <span class='ocrx_word' id='word_1_189' title='bbox 1200 804 1257 833; x_wconf 87' lang='lat' dir='ltr'><strong>est.</strong></span> <span class='ocrx_word' id='word_1_190' title='bbox 1272 800 1363 839; x_wconf 87' lang='lat' dir='ltr'><strong>Quod</strong></span> <span class='ocrx_word' id='word_1_191' title='bbox 1379 805 1409 832; x_wconf 87' lang='lat' dir='ltr'><strong>et</strong></span> <span class='ocrx_word' id='word_1_192' title='bbox 1423 803 1542 833; x_wconf 87' lang='lat' dir='ltr'><strong>Paulus</strong></span> <span class='ocrx_word' id='word_1_193' title='bbox 1557 800 1677 841; x_wconf 82' lang='lat' dir='ltr'><strong>ubique</strong></span> <span class='ocrx_word' id='word_1_194' title='bbox 1691 803 1813 833; x_wconf 86' lang='lat' dir='ltr'><strong>studuit</strong></span> 
     </span>
    </p>
   </div>
   <div class='ocr_carea' id='block_1_18' title="bbox 180 840 1813 880">
    <p class='ocr_par' dir='ltr' id='par_1_18' title="bbox 180 840 1813 880">
     <span class='ocr_line' id='line_1_18' title="bbox 180 840 1813 880; baseline 0 -8"><span class='ocrx_word' id='word_1_195' title='bbox 180 843 360 873; x_wconf 86' lang='lat' dir='ltr'><strong>ostendere.</strong></span> <span class='ocrx_word' id='word_1_196' title='bbox 374 843 444 872; x_wconf 90' lang='lat' dir='ltr'><strong>Jam</strong></span> <span class='ocrx_word' id='word_1_197' title='bbox 460 844 535 871; x_wconf 74' lang='lat' dir='ltr'><strong>vero</strong></span> <span class='ocrx_word' id='word_1_198' title='bbox 551 842 655 880; x_wconf 92' lang='lat' dir='ltr'><strong>ipsum</strong></span> <span class='ocrx_word' id='word_1_199' title='bbox 667 840 785 878; x_wconf 86' lang='lat' dir='ltr'><strong>Joseph</strong></span> <span class='ocrx_word' id='word_1_200' title='bbox 801 841 838 871; x_wconf 89' lang='lat' dir='ltr'><strong>ad</strong></span> <span class='ocrx_word' id='word_1_201' title='bbox 853 841 970 871; x_wconf 86' lang='lat' dir='ltr'><strong>Isaiam</strong></span> <span class='ocrx_word' id='word_1_202' title='bbox 985 841 1128 878; x_wconf 85' lang='lat' dir='ltr'><strong>remittit,</strong></span> <span class='ocrx_word' id='word_1_203' title='bbox 1145 844 1181 871; x_wconf 90' lang='lat' dir='ltr'><strong>ut</strong></span> <span class='ocrx_word' id='word_1_204' title='bbox 1193 841 1220 871; x_wconf 89' lang='lat' dir='ltr'><strong>si</strong></span> <span class='ocrx_word' id='word_1_205' title='bbox 1235 850 1254 872; x_wconf 92' lang='lat' dir='ltr'><strong>a</strong></span> <span class='ocrx_word' id='word_1_206' title='bbox 1267 851 1390 872; x_wconf 90' lang='lat' dir='ltr'><strong>sommo</strong></span> <span class='ocrx_word' id='word_1_207' title='bbox 1408 840 1813 880; x_wconf 66' lang='lat' dir='ltr'><strong>experrectus,v&#39;erboruni</strong></span> 
     </span>
    </p>
   </div>
   <div class='ocr_carea' id='block_1_19' title="bbox 178 881 1812 920">
    <p class='ocr_par' dir='ltr' id='par_1_19' title="bbox 178 881 1812 920">
     <span class='ocr_line' id='line_1_19' title="bbox 178 881 1812 920; baseline 0.001 -9"><span class='ocrx_word' id='word_1_208' title='bbox 178 882 264 912; x_wconf 75' lang='lat' dir='ltr'><strong>illius</strong></span> <span class='ocrx_word' id='word_1_209' title='bbox 281 885 365 913; x_wconf 87' lang='lat' dir='ltr'><strong>esset</strong></span> <span class='ocrx_word' id='word_1_210' title='bbox 379 882 509 917; x_wconf 89' lang='lat' dir='ltr'><strong>oblitus,</strong></span> <span class='ocrx_word' id='word_1_211' title='bbox 526 884 689 919; x_wconf 78' lang='lat' dir='ltr'><strong>tamquam</strong></span> <span class='ocrx_word' id='word_1_212' title='bbox 705 889 777 919; x_wconf 78' lang='lat' dir='ltr'><strong>quae</strong></span> <span class='ocrx_word' id='word_1_213' title='bbox 790 889 900 911; x_wconf 89' lang='lat' dir='ltr'><strong>recens</strong></span> <span class='ocrx_word' id='word_1_214' title='bbox 913 881 996 911; x_wconf 90' lang='lat' dir='ltr'><strong>dicta</strong></span> <span class='ocrx_word' id='word_1_215' title='bbox 1007 884 1126 918; x_wconf 85' lang='lat' dir='ltr'><strong>essent,</strong></span> <span class='ocrx_word' id='word_1_216' title='bbox 1143 881 1403 920; x_wconf 84' lang='lat' dir='ltr'><strong>propheticorum</strong></span> <span class='ocrx_word' id='word_1_217' title='bbox 1421 882 1603 915; x_wconf 84' lang='lat' dir='ltr'><strong>verborum,</strong></span> <span class='ocrx_word' id='word_1_218' title='bbox 1621 882 1654 912; x_wconf 88' lang='lat' dir='ltr'><strong>in</strong></span> <span class='ocrx_word' id='word_1_219' title='bbox 1673 891 1812 920; x_wconf 90' lang='lat' dir='ltr'><strong>quorum</strong></span> 
     </span>
    </p>
   </div>
   <div class='ocr_carea' id='block_1_20' title="bbox 181 920 1813 960">
    <p class='ocr_par' dir='ltr' id='par_1_20' title="bbox 181 920 1813 960">
     <span class='ocr_line' id='line_1_20' title="bbox 181 920 1813 960; baseline 0.001 -10"><span class='ocrx_word' id='word_1_220' title='bbox 181 921 386 952; x_wconf 83' lang='lat' dir='ltr'><strong>meditatione</strong></span> <span class='ocrx_word' id='word_1_221' title='bbox 403 922 541 951; x_wconf 88' lang='lat' dir='ltr'><strong>nutritus</strong></span> <span class='ocrx_word' id='word_1_222' title='bbox 558 920 672 955; x_wconf 80' lang='lat' dir='ltr'><strong>fuerat,</strong></span> <span class='ocrx_word' id='word_1_223' title='bbox 687 920 971 960; x_wconf 74' lang='lat' dir='ltr'><strong>commonefactus,</strong></span> <span class='ocrx_word' id='word_1_224' title='bbox 988 929 1026 951; x_wconf 89' lang='lat' dir='ltr'><strong>ea</strong></span> <span class='ocrx_word' id='word_1_225' title='bbox 1041 921 1137 950; x_wconf 88' lang='lat' dir='ltr'><strong>etiam</strong></span> <span class='ocrx_word' id='word_1_226' title='bbox 1151 929 1223 959; x_wconf 64' lang='lat' dir='ltr'><strong>quae</strong></span> <span class='ocrx_word' id='word_1_227' title='bbox 1241 922 1282 951; x_wconf 90' lang='lat' dir='ltr'><strong>ab</strong></span> <span class='ocrx_word' id='word_1_228' title='bbox 1299 921 1370 960; x_wconf 90' lang='lat' dir='ltr'><strong>ipso</strong></span> <span class='ocrx_word' id='word_1_229' title='bbox 1383 921 1465 951; x_wconf 90' lang='lat' dir='ltr'><strong>dicta</strong></span> <span class='ocrx_word' id='word_1_230' title='bbox 1483 924 1601 958; x_wconf 81' lang='lat' dir='ltr'><strong>essent,</strong></span> <span class='ocrx_word' id='word_1_231' title='bbox 1615 924 1720 952; x_wconf 82' lang='lat' dir='ltr'><strong>mente</strong></span> <span class='ocrx_word' id='word_1_232' title='bbox 1736 930 1813 952; x_wconf 91' lang='lat' dir='ltr'><strong>con-</strong></span> 
     </span>
    </p>
   </div>
   <div class='ocr_carea' id='block_1_21' title="bbox 179 959 1813 1000">
    <p class='ocr_par' dir='ltr' id='par_1_21' title="bbox 179 959 1813 1000">
     <span class='ocr_line' id='line_1_21' title="bbox 179 959 1813 1000; baseline -0.001 -9"><span class='ocrx_word' id='word_1_233' title='bbox 179 962 289 991; x_wconf 89' lang='lat' dir='ltr'><strong>tineat.</strong></span> <span class='ocrx_word' id='word_1_234' title='bbox 304 962 343 991; x_wconf 89' lang='lat' dir='ltr'><strong>Et</strong></span> <span class='ocrx_word' id='word_1_235' title='bbox 356 961 480 1000; x_wconf 87' lang='lat' dir='ltr'><strong>Virgini</strong></span> <span class='ocrx_word' id='word_1_236' title='bbox 499 960 626 998; x_wconf 86' lang='lat' dir='ltr'><strong>quidem</strong></span> <span class='ocrx_word' id='word_1_237' title='bbox 650 959 731 1000; x_wconf 84' lang='lat' dir='ltr'><strong>nihil</strong></span> <span class='ocrx_word' id='word_1_238' title='bbox 747 959 808 990; x_wconf 88' lang='lat' dir='ltr'><strong>tale</strong></span> <span class='ocrx_word' id='word_1_239' title='bbox 826 962 874 1000; x_wconf 82' lang='lat' dir='ltr'><strong>est</strong></span> <span class='ocrx_word' id='word_1_240' title='bbox 892 969 1025 998; x_wconf 85' lang='lat' dir='ltr'><strong>prorsus</strong></span> <span class='ocrx_word' id='word_1_241' title='bbox 1044 960 1208 998; x_wconf 88' lang='lat' dir='ltr'><strong>loquutus,</strong></span> <span class='ocrx_word' id='word_1_242' title='bbox 1226 959 1377 990; x_wconf 81' lang='lat' dir='ltr'><strong>nimirum</strong></span> <span class='ocrx_word' id='word_1_243' title='bbox 1390 970 1462 999; x_wconf 64' lang='lat' dir='ltr'><strong>qua:</strong></span> <span class='ocrx_word' id='word_1_244' title='bbox 1482 961 1585 990; x_wconf 89' lang='lat' dir='ltr'><strong>adhuc</strong></span> <span class='ocrx_word' id='word_1_245' title='bbox 1609 961 1717 999; x_wconf 90' lang='lat' dir='ltr'><strong>puella</strong></span> <span class='ocrx_word' id='word_1_246' title='bbox 1740 969 1813 990; x_wconf 87' lang='lat' dir='ltr'><strong>cum</strong></span> 
     </span>
    </p>
   </div>
   <div class='ocr_carea' id='block_1_22' title="bbox 179 999 1813 1039">
    <p class='ocr_par' dir='ltr' id='par_1_22' title="bbox 179 999 1813 1039">
     <span class='ocr_line' id='line_1_22' title="bbox 179 999 1813 1039; baseline 0 -9"><span class='ocrx_word' id='word_1_247' title='bbox 179 1004 282 1036; x_wconf 85' lang='lat' dir='ltr'><strong>esset,</strong></span> <span class='ocrx_word' id='word_1_248' title='bbox 299 999 576 1030; x_wconf 36' lang='lat' dir='ltr'><strong>horum’notitiam</strong></span> <span class='ocrx_word' id='word_1_249' title='bbox 591 1008 655 1029; x_wconf 88' lang='lat' dir='ltr'><strong>non</strong></span> <span class='ocrx_word' id='word_1_250' title='bbox 672 999 803 1039; x_wconf 78' lang='lat' dir='ltr'><strong>haberet</strong></span> <span class='ocrx_word' id='word_1_251' title='bbox 818 999 911 1039; x_wconf 19' lang='lat' dir='ltr'><strong>:7viro</strong></span> <span class='ocrx_word' id='word_1_252' title='bbox 926 1003 1050 1034; x_wconf 88' lang='lat' dir='ltr'><strong>autem,</strong></span> <span class='ocrx_word' id='word_1_253' title='bbox 1067 1008 1105 1030; x_wconf 90' lang='lat' dir='ltr'><strong>ac</strong></span> <span class='ocrx_word' id='word_1_254' title='bbox 1127 1000 1303 1038; x_wconf 52' lang='lat' dir='ltr'><strong>praesertim</strong></span> <span class='ocrx_word' id='word_1_255' title='bbox 1318 1000 1416 1039; x_wconf 83' lang='lat' dir='ltr'><strong>justo,</strong></span> <span class='ocrx_word' id='word_1_256' title='bbox 1438 1003 1468 1030; x_wconf 87' lang='lat' dir='ltr'><strong>et</strong></span> <span class='ocrx_word' id='word_1_257' title='bbox 1482 1000 1668 1039; x_wconf 85' lang='lat' dir='ltr'><strong>prophetica</strong></span> <span class='ocrx_word' id='word_1_258' title='bbox 1684 1000 1813 1030; x_wconf 85' lang='lat' dir='ltr'><strong>assidue</strong></span> 
     </span>
    </p>
   </div>
   <div class='ocr_carea' id='block_1_23' title="bbox 180 1038 1812 1079">
    <p class='ocr_par' dir='ltr' id='par_1_23' title="bbox 180 1038 1812 1079">
     <span class='ocr_line' id='line_1_23' title="bbox 180 1038 1812 1079; baseline -0.001 -9"><span class='ocrx_word' id='word_1_259' title='bbox 180 1040 299 1079; x_wconf 85' lang='lat' dir='ltr'><strong>scripta</strong></span> <span class='ocrx_word' id='word_1_260' title='bbox 310 1040 485 1076; x_wconf 88' lang='lat' dir='ltr'><strong>meditanti,</strong></span> <span class='ocrx_word' id='word_1_261' title='bbox 493 1048 610 1077; x_wconf 88' lang='lat' dir='ltr'><strong>conseq</strong></span> <span class='ocrx_word' id='word_1_262' title='bbox 617 1041 728 1069; x_wconf 86' lang='lat' dir='ltr'><strong>uenter</strong></span> <span class='ocrx_word' id='word_1_263' title='bbox 737 1038 813 1079; x_wconf 79' lang='lat' dir='ltr'><strong>hinc</strong></span> <span class='ocrx_word' id='word_1_264' title='bbox 822 1038 959 1079; x_wconf 83' lang='lat' dir='ltr'><strong>disserit.</strong></span> <span class='ocrx_word' id='word_1_265' title='bbox 973 1039 1012 1079; x_wconf 84' lang='lat' dir='ltr'><strong>Et</strong></span> <span class='ocrx_word' id='word_1_266' title='bbox 1025 1039 1173 1078; x_wconf 80' lang='lat' dir='ltr'><strong>superius</strong></span> <span class='ocrx_word' id='word_1_267' title='bbox 1183 1039 1311 1077; x_wconf 87' lang='lat' dir='ltr'><strong>quidem</strong></span> <span class='ocrx_word' id='word_1_268' title='bbox 1320 1038 1381 1076; x_wconf 85' lang='lat' dir='ltr'><strong>ait,</strong></span> <span class='ocrx_word' id='word_1_269' title='bbox 1392 1040 1527 1070; x_wconf 79' lang='lat' dir='ltr'><strong>Mar-iam</strong></span> <span class='ocrx_word' id='word_1_270' title='bbox 1540 1040 1611 1079; x_wconf 79' lang='lat' dir='ltr'><strong>conj</strong></span> <span class='ocrx_word' id='word_1_271' title='bbox 1614 1049 1700 1078; x_wconf 67' lang='grc' dir='ltr'><strong>τιθείη</strong></span> <span class='ocrx_word' id='word_1_272' title='bbox 1710 1044 1792 1069; x_wconf 76' lang='lat' dir='ltr'><strong>tuam</strong></span> <span class='ocrx_word' id='word_1_273' title='bbox 1801 1050 1812 1069; x_wconf 91' lang='lat'><strong>:</strong></span> 
     </span>
    </p>
   </div>
   <div class='ocr_carea' id='block_1_24' title="bbox 180 1077 1811 1118">
    <p class='ocr_par' dir='ltr' id='par_1_24' title="bbox 180 1077 1811 1118">
     <span class='ocr_line' id='line_1_24' title="bbox 180 1077 1811 1118; baseline -0.001 -9"><span class='ocrx_word' id='word_1_274' title='bbox 180 1079 232 1110; x_wconf 89' lang='lat' dir='ltr'><strong>hic</strong></span> <span class='ocrx_word' id='word_1_275' title='bbox 246 1077 322 1109; x_wconf 75' lang='lat' dir='ltr'><strong>vero</strong></span> <span class='ocrx_word' id='word_1_276' title='bbox 334 1082 504 1118; x_wconf 86' lang='lat' dir='ltr'><strong>postquam</strong></span> <span class='ocrx_word' id='word_1_277' title='bbox 522 1079 711 1117; x_wconf 89' lang='lat' dir='ltr'><strong>prophetam</strong></span> <span class='ocrx_word' id='word_1_278' title='bbox 726 1077 867 1118; x_wconf 74' lang='lat' dir='ltr'><strong>adduxit</strong></span> <span class='ocrx_word' id='word_1_279' title='bbox 881 1078 914 1108; x_wconf 92' lang='lat' dir='ltr'><strong>in</strong></span> <span class='ocrx_word' id='word_1_280' title='bbox 928 1078 1079 1118; x_wconf 87' lang='lat' dir='ltr'><strong>medium,</strong></span> <span class='ocrx_word' id='word_1_281' title='bbox 1096 1081 1163 1108; x_wconf 88' lang='lat' dir='ltr'><strong>tum</strong></span> <span class='ocrx_word' id='word_1_282' title='bbox 1175 1078 1306 1118; x_wconf 75' lang='lat' dir='ltr'><strong>demum</strong></span> <span class='ocrx_word' id='word_1_283' title='bbox 1319 1080 1347 1110; x_wconf 89' lang='lat' dir='ltr'><strong>ei</strong></span> <span class='ocrx_word' id='word_1_284' title='bbox 1364 1078 1495 1108; x_wconf 83' lang='lat' dir='ltr'><strong>credidit</strong></span> <span class='ocrx_word' id='word_1_285' title='bbox 1511 1077 1626 1108; x_wconf 80' lang='lat' dir='ltr'><strong>nomen</strong></span> <span class='ocrx_word' id='word_1_286' title='bbox 1636 1077 1811 1118; x_wconf 31' lang='lat' dir='ltr'><strong>’virgiuita-</strong></span> 
     </span>
    </p>
   </div>
   <div class='ocr_carea' id='block_1_25' title="bbox 181 1116 1811 1157">
    <p class='ocr_par' dir='ltr' id='par_1_25' title="bbox 181 1116 1811 1157">
     <span class='ocr_line' id='line_1_25' title="bbox 181 1116 1811 1157; baseline 0 -10"><span class='ocrx_word' id='word_1_287' title='bbox 181 1119 231 1149; x_wconf 86' lang='lat' dir='ltr'><strong>tis.</strong></span> <span class='ocrx_word' id='word_1_288' title='bbox 247 1116 355 1157; x_wconf 76' lang='lat' dir='ltr'><strong>Neque</strong></span> <span class='ocrx_word' id='word_1_289' title='bbox 370 1116 455 1148; x_wconf 81' lang='lat' dir='ltr'><strong>enim</strong></span> <span class='ocrx_word' id='word_1_290' title='bbox 470 1116 543 1148; x_wconf 76' lang='lat' dir='ltr'><strong>ante</strong></span> <span class='ocrx_word' id='word_1_291' title='bbox 564 1116 796 1155; x_wconf 84' lang='lat' dir='ltr'><strong>imperturbato</strong></span> <span class='ocrx_word' id='word_1_292' title='bbox 813 1116 988 1155; x_wconf 88' lang='lat' dir='ltr'><strong>quietoque</strong></span> <span class='ocrx_word' id='word_1_293' title='bbox 1003 1117 1112 1147; x_wconf 90' lang='lat' dir='ltr'><strong>animo</strong></span> <span class='ocrx_word' id='word_1_294' title='bbox 1130 1121 1159 1147; x_wconf 93' lang='lat' dir='ltr'><strong>et</strong></span> <span class='ocrx_word' id='word_1_295' title='bbox 1174 1117 1344 1157; x_wconf 74' lang='lat' dir='ltr'><strong>Virginem</strong></span> <span class='ocrx_word' id='word_1_296' title='bbox 1357 1118 1448 1157; x_wconf 77' lang='lat' dir='ltr'><strong>illam</strong></span> <span class='ocrx_word' id='word_1_297' title='bbox 1461 1118 1603 1148; x_wconf 85' lang='lat' dir='ltr'><strong>audisset</strong></span> <span class='ocrx_word' id='word_1_298' title='bbox 1623 1121 1655 1147; x_wconf 86' lang='lat' dir='ltr'><strong>et</strong></span> <span class='ocrx_word' id='word_1_299' title='bbox 1678 1116 1811 1149; x_wconf 70' lang='lat' dir='ltr'><strong>niatrem</strong></span> 
     </span>
    </p>
   </div>
   <div class='ocr_carea' id='block_1_26' title="bbox 181 1156 1818 1196">
    <p class='ocr_par' dir='ltr' id='par_1_26' title="bbox 181 1156 1818 1196">
     <span class='ocr_line' id='line_1_26' title="bbox 181 1156 1818 1196; baseline -0.001 -9"><span class='ocrx_word' id='word_1_300' title='bbox 181 1167 252 1188; x_wconf 88' lang='lat' dir='ltr'><strong>esse</strong></span> <span class='ocrx_word' id='word_1_301' title='bbox 267 1168 274 1186; x_wconf 91' lang='lat'><strong>:</strong></span> <span class='ocrx_word' id='word_1_302' title='bbox 294 1156 312 1188; x_wconf 85' lang='lat' dir='ltr'><strong>a</strong></span> <span class='ocrx_word' id='word_1_303' title='bbox 327 1157 482 1195; x_wconf 82' lang='lat' dir='ltr'><strong>propheta</strong></span> <span class='ocrx_word' id='word_1_304' title='bbox 498 1165 574 1187; x_wconf 86' lang='lat' dir='ltr'><strong>vero</strong></span> <span class='ocrx_word' id='word_1_305' title='bbox 588 1157 667 1189; x_wconf 86' lang='lat' dir='ltr'><strong>nihil</strong></span> <span class='ocrx_word' id='word_1_306' title='bbox 681 1161 751 1187; x_wconf 87' lang='lat' dir='ltr'><strong>erat</strong></span> <span class='ocrx_word' id='word_1_307' title='bbox 763 1157 933 1188; x_wconf 89' lang='lat' dir='ltr'><strong>auditurus</strong></span> <span class='ocrx_word' id='word_1_308' title='bbox 945 1157 1032 1193; x_wconf 90' lang='lat' dir='ltr'><strong>novi,</strong></span> <span class='ocrx_word' id='word_1_309' title='bbox 1047 1157 1100 1188; x_wconf 91' lang='lat' dir='ltr'><strong>sed</strong></span> <span class='ocrx_word' id='word_1_310' title='bbox 1117 1158 1202 1187; x_wconf 84' lang='lat' dir='ltr'><strong>certe</strong></span> <span class='ocrx_word' id='word_1_311' title='bbox 1217 1156 1247 1186; x_wconf 94' lang='lat' dir='ltr'><strong>id</strong></span> <span class='ocrx_word' id='word_1_312' title='bbox 1263 1156 1347 1194; x_wconf 91' lang='lat' dir='ltr'><strong>quod</strong></span> <span class='ocrx_word' id='word_1_313' title='bbox 1363 1156 1450 1196; x_wconf 81' lang='lat' dir='ltr'><strong>longi</strong></span> <span class='ocrx_word' id='word_1_314' title='bbox 1465 1161 1533 1186; x_wconf 89' lang='lat' dir='ltr'><strong>erat</strong></span> <span class='ocrx_word' id='word_1_315' title='bbox 1551 1156 1701 1193; x_wconf 89' lang='lat' dir='ltr'><strong>temporis</strong></span> <span class='ocrx_word' id='word_1_316' title='bbox 1717 1157 1818 1187; x_wconf 88' lang='lat' dir='ltr'><strong>medi-</strong></span> 
     </span>
    </p>
   </div>
   <div class='ocr_carea' id='block_1_27' title="bbox 182 1196 1817 1235">
    <p class='ocr_par' dir='ltr' id='par_1_27' title="bbox 182 1196 1817 1235">
     <span class='ocr_line' id='line_1_27' title="bbox 182 1196 1817 1235; baseline -0.001 -8"><span class='ocrx_word' id='word_1_317' title='bbox 182 1198 303 1227; x_wconf 88' lang='lat' dir='ltr'><strong>tatione</strong></span> <span class='ocrx_word' id='word_1_318' title='bbox 318 1196 478 1226; x_wconf 78' lang='lat' dir='ltr'><strong>detritum.</strong></span> <span class='ocrx_word' id='word_1_319' title='bbox 499 1196 637 1235; x_wconf 91' lang='lat' dir='ltr'><strong>Ideoque</strong></span> <span class='ocrx_word' id='word_1_320' title='bbox 654 1199 690 1226; x_wconf 91' lang='lat' dir='ltr'><strong>ut</strong></span> <span class='ocrx_word' id='word_1_321' title='bbox 705 1197 791 1235; x_wconf 90' lang='lat' dir='ltr'><strong>quod</strong></span> <span class='ocrx_word' id='word_1_322' title='bbox 812 1196 928 1227; x_wconf 89' lang='lat' dir='ltr'><strong>dicitur</strong></span> <span class='ocrx_word' id='word_1_323' title='bbox 941 1197 1034 1227; x_wconf 85' lang='lat' dir='ltr'><strong>facile</strong></span> <span class='ocrx_word' id='word_1_324' title='bbox 1055 1196 1216 1231; x_wconf 86' lang='lat' dir='ltr'><strong>credatur,</strong></span> <span class='ocrx_word' id='word_1_325' title='bbox 1230 1196 1262 1225; x_wconf 87' lang='lat' dir='ltr'><strong>in</strong></span> <span class='ocrx_word' id='word_1_326' title='bbox 1278 1196 1417 1226; x_wconf 91' lang='lat' dir='ltr'><strong>medium</strong></span> <span class='ocrx_word' id='word_1_327' title='bbox 1435 1196 1570 1235; x_wconf 83' lang='lat' dir='ltr'><strong>angelus</strong></span> <span class='ocrx_word' id='word_1_328' title='bbox 1585 1196 1712 1225; x_wconf 87' lang='lat' dir='ltr'><strong>adducit</strong></span> <span class='ocrx_word' id='word_1_329' title='bbox 1734 1204 1817 1234; x_wconf 80' lang='lat' dir='ltr'><strong>pro~</strong></span> 
     </span>
    </p>
   </div>
   <div class='ocr_carea' id='block_1_28' title="bbox 182 1235 1815 1275">
    <p class='ocr_par' dir='ltr' id='par_1_28' title="bbox 182 1235 1815 1275">
     <span class='ocr_line' id='line_1_28' title="bbox 182 1235 1815 1275; baseline -0.001 -9"><span class='ocrx_word' id='word_1_330' title='bbox 182 1237 322 1275; x_wconf 81' lang='lat' dir='ltr'><strong>pliclam.</strong></span> <span class='ocrx_word' id='word_1_331' title='bbox 340 1236 398 1265; x_wconf 87' lang='lat' dir='ltr'><strong>Sed</strong></span> <span class='ocrx_word' id='word_1_332' title='bbox 419 1246 476 1266; x_wconf 85' lang='lat' dir='ltr'><strong>nec</strong></span> <span class='ocrx_word' id='word_1_333' title='bbox 498 1238 576 1266; x_wconf 84' lang='lat' dir='ltr'><strong>teste</strong></span> <span class='ocrx_word' id='word_1_334' title='bbox 593 1236 721 1274; x_wconf 80' lang='lat' dir='ltr'><strong>quidem</strong></span> <span class='ocrx_word' id='word_1_335' title='bbox 746 1238 810 1267; x_wconf 81' lang='lat' dir='ltr'><strong>tam</strong></span> <span class='ocrx_word' id='word_1_336' title='bbox 835 1237 922 1266; x_wconf 87' lang='lat' dir='ltr'><strong>claro</strong></span> <span class='ocrx_word' id='word_1_337' title='bbox 938 1239 1119 1272; x_wconf 89' lang='lat' dir='ltr'><strong>contentus,</strong></span> <span class='ocrx_word' id='word_1_338' title='bbox 1142 1236 1247 1274; x_wconf 87' lang='lat' dir='ltr'><strong>ipsum</strong></span> <span class='ocrx_word' id='word_1_339' title='bbox 1263 1243 1443 1265; x_wconf 86' lang='lat' dir='ltr'><strong>sermonem</strong></span> <span class='ocrx_word' id='word_1_340' title='bbox 1465 1235 1503 1265; x_wconf 91' lang='lat' dir='ltr'><strong>ad</strong></span> <span class='ocrx_word' id='word_1_341' title='bbox 1520 1235 1575 1265; x_wconf 90' lang='lat' dir='ltr'><strong>Dei</strong></span> <span class='ocrx_word' id='word_1_342' title='bbox 1592 1235 1815 1265; x_wconf 88' lang='lat' dir='ltr'><strong>auctoritatem</strong></span> 
     </span>
    </p>
   </div>
   <div class='ocr_carea' id='block_1_29' title="bbox 181 1274 1819 1315">
    <p class='ocr_par' dir='ltr' id='par_1_29' title="bbox 181 1274 1819 1315">
     <span class='ocr_line' id='line_1_29' title="bbox 181 1274 1819 1315; baseline -0.001 -10"><span class='ocrx_word' id='word_1_343' title='bbox 181 1274 315 1306; x_wconf 79' lang='lat' dir='ltr'><strong>reducit.</strong></span> <span class='ocrx_word' id='word_1_344' title='bbox 334 1276 401 1305; x_wconf 90' lang='lat' dir='ltr'><strong>Non</strong></span> <span class='ocrx_word' id='word_1_345' title='bbox 415 1276 498 1306; x_wconf 88' lang='lat' dir='ltr'><strong>enim</strong></span> <span class='ocrx_word' id='word_1_346' title='bbox 514 1275 617 1310; x_wconf 66' lang='lat' dir='ltr'><strong>Isaiae,</strong></span> <span class='ocrx_word' id='word_1_347' title='bbox 635 1275 688 1305; x_wconf 89' lang='lat' dir='ltr'><strong>sed</strong></span> <span class='ocrx_word' id='word_1_348' title='bbox 709 1275 765 1305; x_wconf 93' lang='lat' dir='ltr'><strong>Dei</strong></span> <span class='ocrx_word' id='word_1_349' title='bbox 781 1277 926 1306; x_wconf 89' lang='lat' dir='ltr'><strong>omnium</strong></span> <span class='ocrx_word' id='word_1_350' title='bbox 943 1276 1168 1315; x_wconf 83' lang='lat' dir='ltr'><strong>gubernatoris</strong></span> <span class='ocrx_word' id='word_1_351' title='bbox 1184 1275 1261 1305; x_wconf 90' lang='lat' dir='ltr'><strong>illud</strong></span> <span class='ocrx_word' id='word_1_352' title='bbox 1275 1275 1393 1304; x_wconf 86' lang='lat' dir='ltr'><strong>dictum</strong></span> <span class='ocrx_word' id='word_1_353' title='bbox 1406 1283 1488 1315; x_wconf 73' lang='lat' dir='ltr'><strong>esse</strong></span> <span class='ocrx_word' id='word_1_354' title='bbox 1504 1274 1682 1315; x_wconf 82' lang='lat' dir='ltr'><strong>conﬁrmat.</strong></span> <span class='ocrx_word' id='word_1_355' title='bbox 1695 1275 1819 1315; x_wconf 80' lang='lat' dir='ltr'><strong>Idcirco</strong></span> 
     </span>
    </p>
   </div>
   <div class='ocr_carea' id='block_1_30' title="bbox 181 1314 1820 1354">
    <p class='ocr_par' dir='ltr' id='par_1_30' title="bbox 181 1314 1820 1354">
     <span class='ocr_line' id='line_1_30' title="bbox 181 1314 1820 1354; baseline 0.001 -10"><span class='ocrx_word' id='word_1_356' title='bbox 181 1324 246 1345; x_wconf 91' lang='lat' dir='ltr'><strong>non</strong></span> <span class='ocrx_word' id='word_1_357' title='bbox 263 1316 317 1350; x_wconf 85' lang='lat' dir='ltr'><strong>ait,</strong></span> <span class='ocrx_word' id='word_1_358' title='bbox 335 1316 419 1354; x_wconf 90' lang='lat' dir='ltr'><strong>quod</strong></span> <span class='ocrx_word' id='word_1_359' title='bbox 441 1315 559 1345; x_wconf 89' lang='lat' dir='ltr'><strong>dictum</strong></span> <span class='ocrx_word' id='word_1_360' title='bbox 576 1318 624 1345; x_wconf 87' lang='lat' dir='ltr'><strong>est</strong></span> <span class='ocrx_word' id='word_1_361' title='bbox 639 1316 679 1345; x_wconf 90' lang='lat' dir='ltr'><strong>ab</strong></span> <span class='ocrx_word' id='word_1_362' title='bbox 692 1315 795 1345; x_wconf 86' lang='lat' dir='ltr'><strong>Isaia:</strong></span> <span class='ocrx_word' id='word_1_363' title='bbox 812 1316 878 1352; x_wconf 88' lang='lat' dir='ltr'><strong>sed,</strong></span> <span class='ocrx_word' id='word_1_364' title='bbox 896 1314 988 1353; x_wconf 80' lang='lat' dir='ltr'><strong>Quod</strong></span> <span class='ocrx_word' id='word_1_365' title='bbox 1002 1316 1119 1346; x_wconf 72' lang='lat' dir='ltr'><strong>dictum</strong></span> <span class='ocrx_word' id='word_1_366' title='bbox 1144 1320 1186 1345; x_wconf 84' lang='lat' dir='ltr'><strong>cst</strong></span> <span class='ocrx_word' id='word_1_367' title='bbox 1202 1325 1219 1344; x_wconf 83' lang='grc' dir='ltr'>α</span> <span class='ocrx_word' id='word_1_368' title='bbox 1236 1315 1378 1344; x_wconf 76' lang='lat' dir='ltr'><strong>Domino.</strong></span> <span class='ocrx_word' id='word_1_369' title='bbox 1395 1314 1437 1344; x_wconf 91' lang='lat' dir='ltr'><strong>Os</strong></span> <span class='ocrx_word' id='word_1_370' title='bbox 1454 1315 1574 1353; x_wconf 86' lang='lat' dir='ltr'><strong>quippe</strong></span> <span class='ocrx_word' id='word_1_371' title='bbox 1588 1314 1692 1344; x_wconf 86' lang='lat' dir='ltr'><strong>fuerat</strong></span> <span class='ocrx_word' id='word_1_372' title='bbox 1707 1314 1820 1347; x_wconf 69' lang='lat' dir='ltr'><strong>Isaiae,</strong></span> 
     </span>
    </p>
   </div>
   <div class='ocr_carea' id='block_1_31' title="bbox 180 1354 1815 1394">
    <p class='ocr_par' dir='ltr' id='par_1_31' title="bbox 180 1354 1815 1394">
     <span class='ocr_line' id='line_1_31' title="bbox 180 1354 1815 1394; baseline -0.002 -9"><span class='ocrx_word' id='word_1_373' title='bbox 180 1365 238 1393; x_wconf 91' lang='lat' dir='ltr'><strong>per</strong></span> <span class='ocrx_word' id='word_1_374' title='bbox 252 1355 338 1393; x_wconf 92' lang='lat' dir='ltr'><strong>quod</strong></span> <span class='ocrx_word' id='word_1_375' title='bbox 364 1363 470 1385; x_wconf 88' lang='lat' dir='ltr'><strong>sermo</strong></span> <span class='ocrx_word' id='word_1_376' title='bbox 486 1355 553 1393; x_wconf 89' lang='lat' dir='ltr'><strong>ipse</strong></span> <span class='ocrx_word' id='word_1_377' title='bbox 571 1357 639 1384; x_wconf 88' lang='lat' dir='ltr'><strong>erat</strong></span> <span class='ocrx_word' id='word_1_378' title='bbox 659 1364 807 1393; x_wconf 87' lang='lat' dir='ltr'><strong>egressus</strong></span> <span class='ocrx_word' id='word_1_379' title='bbox 820 1378 827 1389; x_wconf 87' lang='lat'><strong>,</strong></span> <span class='ocrx_word' id='word_1_380' title='bbox 842 1365 1034 1394; x_wconf 87' lang='lat' dir='ltr'><strong>responsum</strong></span> <span class='ocrx_word' id='word_1_381' title='bbox 1052 1364 1128 1389; x_wconf 58' lang='lat' dir='ltr'><strong>vero</strong></span> <span class='ocrx_word' id='word_1_382' title='bbox 1143 1355 1297 1384; x_wconf 86' lang='lat' dir='ltr'><strong>divinum.</strong></span> <span class='ocrx_word' id='word_1_383' title='bbox 1313 1354 1395 1394; x_wconf 81' lang='lat' dir='ltr'><strong>Quid</strong></span> <span class='ocrx_word' id='word_1_384' title='bbox 1411 1363 1487 1393; x_wconf 86' lang='lat' dir='ltr'><strong>ergo</strong></span> <span class='ocrx_word' id='word_1_385' title='bbox 1501 1354 1561 1384; x_wconf 89' lang='lat' dir='ltr'><strong>hoc</strong></span> <span class='ocrx_word' id='word_1_386' title='bbox 1585 1354 1717 1384; x_wconf 88' lang='lat' dir='ltr'><strong>oraculo</strong></span> <span class='ocrx_word' id='word_1_387' title='bbox 1738 1362 1815 1394; x_wconf 40' lang='lat' dir='ltr'><strong>praef</strong></span> 
     </span>
    </p>
   </div>
   <div class='ocr_carea' id='block_1_32' title="bbox 179 1393 1816 1435">
    <p class='ocr_par' dir='ltr' id='par_1_32' title="bbox 179 1393 1816 1435">
     <span class='ocr_line' id='line_1_32' title="bbox 179 1393 1816 1435; baseline -0.001 -11"><span class='ocrx_word' id='word_1_388' title='bbox 179 1395 297 1435; x_wconf 75' lang='lat' dir='ltr'><strong>dictum</strong></span> <span class='ocrx_word' id='word_1_389' title='bbox 310 1396 383 1435; x_wconf 70' lang='lat' dir='ltr'><strong>est?</strong></span> <span class='ocrx_word' id='word_1_390' title='bbox 398 1395 479 1424; x_wconf 76' lang='lat' dir='ltr'><strong>Ecce</strong></span> <span class='ocrx_word' id='word_1_391' title='bbox 501 1395 596 1432; x_wconf 82' lang='lat' dir='ltr'><strong>Virgo</strong></span> <span class='ocrx_word' id='word_1_392' title='bbox 614 1394 648 1423; x_wconf 82' lang='lat' dir='ltr'><strong>in</strong></span> <span class='ocrx_word' id='word_1_393' title='bbox 662 1399 750 1424; x_wconf 80' lang='lat' dir='ltr'><strong>utero</strong></span> <span class='ocrx_word' id='word_1_394' title='bbox 765 1393 905 1428; x_wconf 57' lang='lat' dir='ltr'><strong>habebit,</strong></span> <span class='ocrx_word' id='word_1_395' title='bbox 924 1399 951 1424; x_wconf 78' lang='lat' dir='ltr'><strong>et</strong></span> <span class='ocrx_word' id='word_1_396' title='bbox 961 1397 1065 1435; x_wconf 78' lang='lat' dir='ltr'><strong>pariet</strong></span> <span class='ocrx_word' id='word_1_397' title='bbox 1080 1395 1195 1435; x_wconf 77' lang='lat' dir='ltr'><strong>filium,</strong></span> <span class='ocrx_word' id='word_1_398' title='bbox 1213 1399 1240 1423; x_wconf 78' lang='lat' dir='ltr'><strong>et</strong></span> <span class='ocrx_word' id='word_1_399' title='bbox 1256 1393 1411 1435; x_wconf 62' lang='lat' dir='ltr'><strong>uocabunt</strong></span> <span class='ocrx_word' id='word_1_400' title='bbox 1426 1403 1536 1435; x_wconf 58' lang='lat' dir='ltr'><strong>nomen</strong></span> <span class='ocrx_word' id='word_1_401' title='bbox 1552 1393 1617 1435; x_wconf 64' lang='lat' dir='ltr'><strong>ejus</strong></span> <span class='ocrx_word' id='word_1_402' title='bbox 1632 1393 1816 1435; x_wconf 61' lang='lat' dir='ltr'><strong>Enpnqnucl</strong></span> 
     </span>
    </p>
   </div>
   <div class='ocr_carea' id='block_1_33' title="bbox 181 1433 1814 1473">
    <p class='ocr_par' dir='ltr' id='par_1_33' title="bbox 181 1433 1814 1473">
     <span class='ocr_line' id='line_1_33' title="bbox 181 1433 1814 1473; baseline -0.001 -10"><span class='ocrx_word' id='word_1_403' title='bbox 181 1434 280 1472; x_wconf 79' lang='lat' dir='ltr'><strong>(Isai.</strong></span> <span class='ocrx_word' id='word_1_404' title='bbox 294 1434 324 1463; x_wconf 85' lang='lat'><strong>7.</strong></span> <span class='ocrx_word' id='word_1_405' title='bbox 341 1433 411 1473; x_wconf 67' lang='lat' dir='ltr'><strong>1b.).</strong></span> <span class='ocrx_word' id='word_1_406' title='bbox 434 1434 472 1463; x_wconf 86' lang='lat' dir='ltr'><strong>Et</strong></span> <span class='ocrx_word' id='word_1_407' title='bbox 493 1443 561 1469; x_wconf 89' lang='lat' dir='ltr'><strong>cur,</strong></span> <span class='ocrx_word' id='word_1_408' title='bbox 582 1434 720 1472; x_wconf 78' lang='lat' dir='ltr'><strong>inquies,</strong></span> <span class='ocrx_word' id='word_1_409' title='bbox 738 1443 801 1464; x_wconf 87' lang='lat' dir='ltr'><strong>non</strong></span> <span class='ocrx_word' id='word_1_410' title='bbox 821 1437 868 1464; x_wconf 90' lang='lat' dir='ltr'><strong>est</strong></span> <span class='ocrx_word' id='word_1_411' title='bbox 886 1435 946 1465; x_wconf 91' lang='lat' dir='ltr'><strong>hoc</strong></span> <span class='ocrx_word' id='word_1_412' title='bbox 965 1433 1117 1469; x_wconf 68' lang='lat' dir='ltr'><strong>nomine,</strong></span> <span class='ocrx_word' id='word_1_413' title='bbox 1134 1434 1163 1463; x_wconf 92' lang='lat' dir='ltr'><strong>id</strong></span> <span class='ocrx_word' id='word_1_414' title='bbox 1181 1437 1240 1469; x_wconf 88' lang='lat' dir='ltr'><strong>est,</strong></span> <span class='ocrx_word' id='word_1_415' title='bbox 1257 1434 1459 1469; x_wconf 82' lang='lat' dir='ltr'><strong>Emmanuel,</strong></span> <span class='ocrx_word' id='word_1_416' title='bbox 1474 1434 1528 1463; x_wconf 85' lang='lat' dir='ltr'><strong>sed</strong></span> <span class='ocrx_word' id='word_1_417' title='bbox 1552 1434 1643 1463; x_wconf 84' lang='lat' dir='ltr'><strong>Jesus</strong></span> <span class='ocrx_word' id='word_1_418' title='bbox 1669 1433 1814 1463; x_wconf 82' lang='lat' dir='ltr'><strong>Christus</strong></span> 
     </span>
    </p>
   </div>
   <div class='ocr_carea' id='block_1_34' title="bbox 181 1473 1814 1512">
    <p class='ocr_par' dir='ltr' id='par_1_34' title="bbox 181 1473 1814 1512">
     <span class='ocr_line' id='line_1_34' title="bbox 181 1473 1814 1512; baseline -0.001 -9"><span class='ocrx_word' id='word_1_419' title='bbox 181 1474 338 1503; x_wconf 84' lang='lat' dir='ltr'><strong>vocatus?</strong></span> <span class='ocrx_word' id='word_1_420' title='bbox 352 1474 433 1510; x_wconf 88' lang='lat' dir='ltr'><strong>Quia</strong></span> <span class='ocrx_word' id='word_1_421' title='bbox 450 1473 570 1503; x_wconf 88' lang='lat' dir='ltr'><strong>scilicet</strong></span> <span class='ocrx_word' id='word_1_422' title='bbox 593 1482 657 1502; x_wconf 89' lang='lat' dir='ltr'><strong>non</strong></span> <span class='ocrx_word' id='word_1_423' title='bbox 679 1473 770 1508; x_wconf 85' lang='lat' dir='ltr'><strong>dixit,</strong></span> <span class='ocrx_word' id='word_1_424' title='bbox 789 1474 925 1504; x_wconf 82' lang='lat' dir='ltr'><strong>Vecabis</strong></span> <span class='ocrx_word' id='word_1_425' title='bbox 941 1485 947 1503; x_wconf 90' lang='lat'><strong>:</strong></span> <span class='ocrx_word' id='word_1_426' title='bbox 966 1474 1032 1508; x_wconf 87' lang='lat' dir='ltr'><strong>sed,</strong></span> <span class='ocrx_word' id='word_1_427' title='bbox 1053 1473 1224 1509; x_wconf 79' lang='lat' dir='ltr'><strong>l’ocabzmt,</strong></span> <span class='ocrx_word' id='word_1_428' title='bbox 1240 1473 1350 1512; x_wconf 87' lang='lat' dir='ltr'><strong>populi</strong></span> <span class='ocrx_word' id='word_1_429' title='bbox 1370 1473 1438 1503; x_wconf 91' lang='lat' dir='ltr'><strong>sine</strong></span> <span class='ocrx_word' id='word_1_430' title='bbox 1456 1473 1564 1508; x_wconf 86' lang='lat' dir='ltr'><strong>dubio,</strong></span> <span class='ocrx_word' id='word_1_431' title='bbox 1580 1475 1609 1503; x_wconf 92' lang='lat' dir='ltr'><strong>et</strong></span> <span class='ocrx_word' id='word_1_432' title='bbox 1628 1473 1693 1511; x_wconf 88' lang='lat' dir='ltr'><strong>ipse</strong></span> <span class='ocrx_word' id='word_1_433' title='bbox 1709 1473 1814 1502; x_wconf 76' lang='lat' dir='ltr'><strong>exitus</strong></span> 
     </span>
    </p>
   </div>
   <div class='ocr_carea' id='block_1_35' title="bbox 180 1512 1816 1552">
    <p class='ocr_par' dir='ltr' id='par_1_35' title="bbox 180 1512 1816 1552">
     <span class='ocr_line' id='line_1_35' title="bbox 180 1512 1816 1552; baseline -0.001 -10"><span class='ocrx_word' id='word_1_434' title='bbox 180 1522 299 1543; x_wconf 89' lang='lat' dir='ltr'><strong>rerum.</strong></span> <span class='ocrx_word' id='word_1_435' title='bbox 318 1513 376 1543; x_wconf 87' lang='lat' dir='ltr'><strong>Hic</strong></span> <span class='ocrx_word' id='word_1_436' title='bbox 393 1513 478 1543; x_wconf 88' lang='lat' dir='ltr'><strong>enim</strong></span> <span class='ocrx_word' id='word_1_437' title='bbox 494 1514 535 1543; x_wconf 87' lang='lat' dir='ltr'><strong>ab</strong></span> <span class='ocrx_word' id='word_1_438' title='bbox 550 1512 663 1543; x_wconf 72' lang='lat' dir='ltr'><strong>effectu</strong></span> <span class='ocrx_word' id='word_1_439' title='bbox 686 1522 801 1543; x_wconf 90' lang='lat' dir='ltr'><strong>nomen</strong></span> <span class='ocrx_word' id='word_1_440' title='bbox 820 1514 1005 1552; x_wconf 86' lang='lat' dir='ltr'><strong>imponitur.</strong></span> <span class='ocrx_word' id='word_1_441' title='bbox 1017 1514 1073 1544; x_wconf 89' lang='lat' dir='ltr'><strong>Est</strong></span> <span class='ocrx_word' id='word_1_442' title='bbox 1088 1514 1172 1544; x_wconf 91' lang='lat' dir='ltr'><strong>enim</strong></span> <span class='ocrx_word' id='word_1_443' title='bbox 1185 1523 1253 1543; x_wconf 90' lang='lat' dir='ltr'><strong>mos</strong></span> <span class='ocrx_word' id='word_1_444' title='bbox 1269 1513 1451 1551; x_wconf 79' lang='lat' dir='ltr'><strong>Scripturte,</strong></span> <span class='ocrx_word' id='word_1_445' title='bbox 1466 1516 1599 1542; x_wconf 77' lang='lat' dir='ltr'><strong>eventus</strong></span> <span class='ocrx_word' id='word_1_446' title='bbox 1621 1522 1730 1542; x_wconf 84' lang='lat' dir='ltr'><strong>rerum</strong></span> <span class='ocrx_word' id='word_1_447' title='bbox 1750 1521 1816 1551; x_wconf 73' lang='lat' dir='ltr'><strong>po—</strong></span> 
     </span>
    </p>
   </div>
   <div class='ocr_carea' id='block_1_36' title="bbox 179 1552 1816 1592">
    <p class='ocr_par' dir='ltr' id='par_1_36' title="bbox 179 1552 1816 1592">
     <span class='ocr_line' id='line_1_36' title="bbox 179 1552 1816 1592; baseline -0.001 -10"><span class='ocrx_word' id='word_1_448' title='bbox 179 1562 255 1582; x_wconf 88' lang='lat' dir='ltr'><strong>nere</strong></span> <span class='ocrx_word' id='word_1_449' title='bbox 275 1553 441 1582; x_wconf 89' lang='lat' dir='ltr'><strong>nominum</strong></span> <span class='ocrx_word' id='word_1_450' title='bbox 462 1553 545 1582; x_wconf 88' lang='lat' dir='ltr'><strong>loco.</strong></span> <span class='ocrx_word' id='word_1_451' title='bbox 563 1552 644 1589; x_wconf 91' lang='lat' dir='ltr'><strong>Quid</strong></span> <span class='ocrx_word' id='word_1_452' title='bbox 660 1553 745 1582; x_wconf 90' lang='lat' dir='ltr'><strong>enim</strong></span> <span class='ocrx_word' id='word_1_453' title='bbox 767 1555 814 1582; x_wconf 83' lang='lat' dir='ltr'><strong>est</strong></span> <span class='ocrx_word' id='word_1_454' title='bbox 828 1553 927 1589; x_wconf 87' lang='lat' dir='ltr'><strong>aliud,</strong></span> <span class='ocrx_word' id='word_1_455' title='bbox 948 1553 1109 1584; x_wconf 77' lang='lat' dir='ltr'><strong>l’ocabunt</strong></span> <span class='ocrx_word' id='word_1_456' title='bbox 1131 1562 1242 1583; x_wconf 77' lang='lat' dir='ltr'><strong>nomen</strong></span> <span class='ocrx_word' id='word_1_457' title='bbox 1265 1552 1329 1592; x_wconf 81' lang='lat' dir='ltr'><strong>ejus</strong></span> <span class='ocrx_word' id='word_1_458' title='bbox 1350 1553 1545 1588; x_wconf 82' lang='lat' dir='ltr'><strong>Emmanuel,</strong></span> <span class='ocrx_word' id='word_1_459' title='bbox 1563 1552 1635 1586; x_wconf 87' lang='lat' dir='ltr'><strong>nisi,</strong></span> <span class='ocrx_word' id='word_1_460' title='bbox 1655 1552 1816 1581; x_wconf 85' lang='lat' dir='ltr'><strong>Videbunt</strong></span> 
     </span>
    </p>
   </div>
   <div class='ocr_carea' id='block_1_37' title="bbox 179 1591 1816 1631">
    <p class='ocr_par' dir='ltr' id='par_1_37' title="bbox 179 1591 1816 1631">
     <span class='ocr_line' id='line_1_37' title="bbox 179 1591 1816 1631; baseline -0.001 -10"><span class='ocrx_word' id='word_1_461' title='bbox 179 1593 262 1622; x_wconf 84' lang='lat' dir='ltr'><strong>oculi</strong></span> <span class='ocrx_word' id='word_1_462' title='bbox 279 1593 461 1622; x_wconf 89' lang='lat' dir='ltr'><strong>mortalium</strong></span> <span class='ocrx_word' id='word_1_463' title='bbox 475 1593 574 1622; x_wconf 83' lang='lat' dir='ltr'><strong>Deum</strong></span> <span class='ocrx_word' id='word_1_464' title='bbox 594 1593 678 1621; x_wconf 90' lang='lat' dir='ltr'><strong>inter</strong></span> <span class='ocrx_word' id='word_1_465' title='bbox 692 1593 838 1622; x_wconf 75' lang='lat' dir='ltr'><strong>homines</strong></span> <span class='ocrx_word' id='word_1_466' title='bbox 861 1596 1061 1623; x_wconf 71' lang='lat' dir='ltr'><strong>versantem:</strong></span> <span class='ocrx_word' id='word_1_467' title='bbox 1078 1594 1132 1631; x_wconf 92' lang='lat' dir='ltr'><strong>qui</strong></span> <span class='ocrx_word' id='word_1_468' title='bbox 1147 1593 1205 1623; x_wconf 90' lang='lat' dir='ltr'><strong>etsi</strong></span> <span class='ocrx_word' id='word_1_469' title='bbox 1221 1591 1295 1622; x_wconf 86' lang='lat' dir='ltr'><strong>ante</strong></span> <span class='ocrx_word' id='word_1_470' title='bbox 1314 1601 1386 1623; x_wconf 89' lang='lat' dir='ltr'><strong>cum</strong></span> <span class='ocrx_word' id='word_1_471' title='bbox 1403 1592 1586 1622; x_wconf 89' lang='lat' dir='ltr'><strong>hominibus</strong></span> <span class='ocrx_word' id='word_1_472' title='bbox 1606 1591 1674 1627; x_wconf 89' lang='lat' dir='ltr'><strong>fuit,</strong></span> <span class='ocrx_word' id='word_1_473' title='bbox 1689 1601 1751 1621; x_wconf 90' lang='lat' dir='ltr'><strong>non</strong></span> <span class='ocrx_word' id='word_1_474' title='bbox 1769 1594 1816 1621; x_wconf 81' lang='lat' dir='ltr'><strong>ta—</strong></span> 
     </span>
    </p>
   </div>
   <div class='ocr_carea' id='block_1_38' title="bbox 179 1632 1814 1670">
    <p class='ocr_par' dir='ltr' id='par_1_38' title="bbox 179 1632 1814 1670">
     <span class='ocr_line' id='line_1_38' title="bbox 179 1632 1814 1670; baseline -0.001 -9"><span class='ocrx_word' id='word_1_475' title='bbox 179 1641 250 1661; x_wconf 90' lang='lat' dir='ltr'><strong>men</strong></span> <span class='ocrx_word' id='word_1_476' title='bbox 273 1636 336 1661; x_wconf 88' lang='lat' dir='ltr'><strong>tam</strong></span> <span class='ocrx_word' id='word_1_477' title='bbox 352 1635 462 1670; x_wconf 86' lang='lat' dir='ltr'><strong>aperte</strong></span> <span class='ocrx_word' id='word_1_478' title='bbox 478 1634 606 1670; x_wconf 84' lang='lat' dir='ltr'><strong>tamque</strong></span> <span class='ocrx_word' id='word_1_479' title='bbox 629 1632 816 1662; x_wconf 85' lang='lat' dir='ltr'><strong>manifeste?</strong></span> <span class='ocrx_word' id='word_1_480' title='bbox 830 1633 919 1669; x_wconf 87' lang='lat' dir='ltr'><strong>Quod</strong></span> <span class='ocrx_word' id='word_1_481' title='bbox 937 1633 963 1662; x_wconf 93' lang='lat' dir='ltr'><strong>si</strong></span> <span class='ocrx_word' id='word_1_482' title='bbox 980 1633 1040 1662; x_wconf 91' lang='lat' dir='ltr'><strong>hoc</strong></span> <span class='ocrx_word' id='word_1_483' title='bbox 1055 1633 1125 1662; x_wconf 87' lang='lat' dir='ltr'><strong>loco</strong></span> <span class='ocrx_word' id='word_1_484' title='bbox 1140 1633 1239 1663; x_wconf 76' lang='lat' dir='ltr'><strong>Judzei</strong></span> <span class='ocrx_word' id='word_1_485' title='bbox 1254 1632 1455 1670; x_wconf 86' lang='lat' dir='ltr'><strong>impudenter</strong></span> <span class='ocrx_word' id='word_1_486' title='bbox 1474 1635 1671 1670; x_wconf 75' lang='lat' dir='ltr'><strong>repugnent,</strong></span> <span class='ocrx_word' id='word_1_487' title='bbox 1687 1632 1814 1670; x_wconf 83' lang='lat' dir='ltr'><strong>rogabi-</strong></span> 
     </span>
    </p>
   </div>
   <div class='ocr_carea' id='block_1_39' title="bbox 180 1671 1812 1711">
    <p class='ocr_par' dir='ltr' id='par_1_39' title="bbox 180 1671 1812 1711">
     <span class='ocr_line' id='line_1_39' title="bbox 180 1671 1812 1711; baseline -0.001 -10"><span class='ocrx_word' id='word_1_488' title='bbox 180 1681 248 1701; x_wconf 91' lang='lat' dir='ltr'><strong>mus</strong></span> <span class='ocrx_word' id='word_1_489' title='bbox 267 1680 334 1707; x_wconf 91' lang='lat' dir='ltr'><strong>eos,</strong></span> <span class='ocrx_word' id='word_1_490' title='bbox 348 1671 482 1708; x_wconf 88' lang='lat' dir='ltr'><strong>Quando</strong></span> <span class='ocrx_word' id='word_1_491' title='bbox 496 1672 593 1710; x_wconf 77' lang='lat' dir='ltr'><strong>igitur</strong></span> <span class='ocrx_word' id='word_1_492' title='bbox 608 1680 688 1710; x_wconf 87' lang='lat' dir='ltr'><strong>puer</strong></span> <span class='ocrx_word' id='word_1_493' title='bbox 698 1675 828 1701; x_wconf 86' lang='lat' dir='ltr'><strong>vocatus</strong></span> <span class='ocrx_word' id='word_1_494' title='bbox 844 1675 901 1707; x_wconf 84' lang='lat' dir='ltr'><strong>est,</strong></span> <span class='ocrx_word' id='word_1_495' title='bbox 922 1672 1074 1702; x_wconf 71' lang='lat' dir='ltr'><strong>Vetat-iter</strong></span> <span class='ocrx_word' id='word_1_496' title='bbox 1089 1672 1191 1711; x_wconf 77' lang='lat' dir='ltr'><strong>spolia</strong></span> <span class='ocrx_word' id='word_1_497' title='bbox 1205 1672 1339 1705; x_wconf 78' lang='lat' dir='ltr'><strong>detrahe,</strong></span> <span class='ocrx_word' id='word_1_498' title='bbox 1352 1671 1415 1702; x_wconf 78' lang='lat' dir='ltr'><strong>cito</strong></span> <span class='ocrx_word' id='word_1_499' title='bbox 1424 1672 1564 1710; x_wconf 79' lang='lat' dir='ltr'><strong>prwdare</strong></span> <span class='ocrx_word' id='word_1_500' title='bbox 1577 1672 1590 1700; x_wconf 85' lang='lat'><em>?</em></span> <span class='ocrx_word' id='word_1_501' title='bbox 1604 1671 1812 1711; x_wconf 81' lang='lat' dir='ltr'><strong>Nequaquam</strong></span> 
     </span>
    </p>
   </div>
   <div class='ocr_carea' id='block_1_40' title="bbox 178 1710 1817 1751">
    <p class='ocr_par' dir='ltr' id='par_1_40' title="bbox 178 1710 1817 1751">
     <span class='ocr_line' id='line_1_40' title="bbox 178 1710 1817 1751; baseline 0.001 -10"><span class='ocrx_word' id='word_1_502' title='bbox 178 1711 263 1741; x_wconf 83' lang='lat' dir='ltr'><strong>enim</strong></span> <span class='ocrx_word' id='word_1_503' title='bbox 281 1711 332 1751; x_wconf 86' lang='lat' dir='ltr'><strong>hic</strong></span> <span class='ocrx_word' id='word_1_504' title='bbox 353 1711 472 1742; x_wconf 88' lang='lat' dir='ltr'><strong>habent</strong></span> <span class='ocrx_word' id='word_1_505' title='bbox 493 1711 579 1751; x_wconf 84' lang='lat' dir='ltr'><strong>quod</strong></span> <span class='ocrx_word' id='word_1_506' title='bbox 594 1711 789 1749; x_wconf 89' lang='lat' dir='ltr'><strong>respondere</strong></span> <span class='ocrx_word' id='word_1_507' title='bbox 810 1712 945 1750; x_wconf 88' lang='lat' dir='ltr'><strong>possint.</strong></span> <span class='ocrx_word' id='word_1_508' title='bbox 963 1712 1027 1742; x_wconf 87' lang='lat' dir='ltr'><strong>Cur</strong></span> <span class='ocrx_word' id='word_1_509' title='bbox 1041 1712 1138 1751; x_wconf 82' lang='lat' dir='ltr'><strong>igitur</strong></span> <span class='ocrx_word' id='word_1_510' title='bbox 1155 1712 1310 1751; x_wconf 85' lang='lat' dir='ltr'><strong>propheta</strong></span> <span class='ocrx_word' id='word_1_511' title='bbox 1331 1712 1466 1746; x_wconf 87' lang='lat' dir='ltr'><strong>dicebat,</strong></span> <span class='ocrx_word' id='word_1_512' title='bbox 1487 1712 1578 1751; x_wconf 70' lang='lat' dir='ltr'><strong>Voce</strong></span> <span class='ocrx_word' id='word_1_513' title='bbox 1593 1719 1703 1751; x_wconf 68' lang='lat' dir='ltr'><strong>nomen</strong></span> <span class='ocrx_word' id='word_1_514' title='bbox 1725 1710 1791 1749; x_wconf 74' lang='lat' dir='ltr'><strong>ejus</strong></span> <span class='ocrx_word' id='word_1_515' title='bbox 1805 1733 1817 1742; x_wconf 45' lang='grc' dir='ltr'><strong>,λ</strong></span> 
     </span>
    </p>
   </div>
   <div class='ocr_carea' id='block_1_41' title="bbox 175 1750 1814 1790">
    <p class='ocr_par' dir='ltr' id='par_1_41' title="bbox 175 1750 1814 1790">
     <span class='ocr_line' id='line_1_41' title="bbox 175 1750 1814 1790; baseline -0.001 -11"><span class='ocrx_word' id='word_1_516' title='bbox 175 1750 336 1790; x_wconf 78' lang='lat' dir='ltr'><strong>‘Velociter</strong></span> <span class='ocrx_word' id='word_1_517' title='bbox 345 1751 446 1789; x_wconf 74' lang='lat' dir='ltr'><strong>spolia</strong></span> <span class='ocrx_word' id='word_1_518' title='bbox 461 1750 594 1785; x_wconf 83' lang='lat' dir='ltr'><strong>detrahe,</strong></span> <span class='ocrx_word' id='word_1_519' title='bbox 613 1751 673 1781; x_wconf 80' lang='lat' dir='ltr'><strong>cito</strong></span> <span class='ocrx_word' id='word_1_520' title='bbox 688 1751 828 1789; x_wconf 65' lang='lat' dir='ltr'><strong>prcedere</strong></span> <span class='ocrx_word' id='word_1_521' title='bbox 853 1750 944 1789; x_wconf 81' lang='lat' dir='ltr'><strong>(Isai.</strong></span> <span class='ocrx_word' id='word_1_522' title='bbox 961 1751 991 1781; x_wconf 85' lang='lat'><strong>8.</strong></span> <span class='ocrx_word' id='word_1_523' title='bbox 1008 1750 1065 1790; x_wconf 72' lang='lat'><strong>3)?</strong></span> <span class='ocrx_word' id='word_1_524' title='bbox 1085 1750 1243 1788; x_wconf 81' lang='lat' dir='ltr'><strong>Quoniam</strong></span> <span class='ocrx_word' id='word_1_525' title='bbox 1263 1751 1318 1781; x_wconf 91' lang='lat' dir='ltr'><strong>illo</strong></span> <span class='ocrx_word' id='word_1_526' title='bbox 1334 1751 1446 1789; x_wconf 89' lang='lat' dir='ltr'><strong>utique</strong></span> <span class='ocrx_word' id='word_1_527' title='bbox 1462 1753 1548 1786; x_wconf 88' lang='lat' dir='ltr'><strong>nato,</strong></span> <span class='ocrx_word' id='word_1_528' title='bbox 1563 1750 1716 1790; x_wconf 86' lang='lat' dir='ltr'><strong>detractio</strong></span> <span class='ocrx_word' id='word_1_529' title='bbox 1732 1758 1814 1787; x_wconf 85' lang='lat' dir='ltr'><strong>spo-</strong></span> 
     </span>
    </p>
   </div>
   <div class='ocr_carea' id='block_1_42' title="bbox 178 1789 1815 1830">
    <p class='ocr_par' dir='ltr' id='par_1_42' title="bbox 178 1789 1815 1830">
     <span class='ocr_line' id='line_1_42' title="bbox 178 1789 1815 1830; baseline -0.002 -10"><span class='ocrx_word' id='word_1_530' title='bbox 178 1790 295 1820; x_wconf 86' lang='lat' dir='ltr'><strong>liorum</strong></span> <span class='ocrx_word' id='word_1_531' title='bbox 313 1789 395 1821; x_wconf 84' lang='lat' dir='ltr'><strong>facta</strong></span> <span class='ocrx_word' id='word_1_532' title='bbox 410 1793 468 1825; x_wconf 90' lang='lat' dir='ltr'><strong>est,</strong></span> <span class='ocrx_word' id='word_1_533' title='bbox 485 1792 582 1828; x_wconf 90' lang='lat' dir='ltr'><strong>atque</strong></span> <span class='ocrx_word' id='word_1_534' title='bbox 601 1791 776 1828; x_wconf 85' lang='lat' dir='ltr'><strong>populatio.</strong></span> <span class='ocrx_word' id='word_1_535' title='bbox 794 1791 905 1821; x_wconf 84' lang='lat' dir='ltr'><strong>Merito</strong></span> <span class='ocrx_word' id='word_1_536' title='bbox 920 1792 1017 1830; x_wconf 79' lang='lat' dir='ltr'><strong>igitur</strong></span> <span class='ocrx_word' id='word_1_537' title='bbox 1035 1789 1086 1821; x_wconf 85' lang='lat' dir='ltr'><strong>res</strong></span> <span class='ocrx_word' id='word_1_538' title='bbox 1098 1800 1170 1830; x_wconf 64' lang='lat' dir='ltr'><strong>qua;</strong></span> <span class='ocrx_word' id='word_1_539' title='bbox 1184 1792 1243 1821; x_wconf 93' lang='lat' dir='ltr'><strong>sub</strong></span> <span class='ocrx_word' id='word_1_540' title='bbox 1257 1799 1295 1820; x_wconf 91' lang='lat' dir='ltr'><strong>eo</strong></span> <span class='ocrx_word' id='word_1_541' title='bbox 1309 1793 1372 1820; x_wconf 89' lang='lat' dir='ltr'><strong>tam</strong></span> <span class='ocrx_word' id='word_1_542' title='bbox 1388 1790 1474 1820; x_wconf 84' lang='lat' dir='ltr'><strong>clara</strong></span> <span class='ocrx_word' id='word_1_543' title='bbox 1490 1790 1633 1828; x_wconf 77' lang='lat' dir='ltr'><strong>contigit,</strong></span> <span class='ocrx_word' id='word_1_544' title='bbox 1653 1789 1712 1827; x_wconf 90' lang='lat' dir='ltr'><strong>ipsi</strong></span> <span class='ocrx_word' id='word_1_545' title='bbox 1734 1791 1815 1830; x_wconf 81' lang='lat' dir='ltr'><strong>tam-</strong></span> 
     </span>
    </p>
   </div>
   <div class='ocr_carea' id='block_1_43' title="bbox 177 1827 1812 1873">
    <p class='ocr_par' dir='ltr' id='par_1_43' title="bbox 177 1827 1812 1873">
     <span class='ocr_line' id='line_1_43' title="bbox 177 1827 1812 1873; baseline -0.001 -14"><span class='ocrx_word' id='word_1_546' title='bbox 177 1839 278 1873; x_wconf 40' lang='lat' dir='ltr'><strong>quam.</strong></span> <span class='ocrx_word' id='word_1_547' title='bbox 292 1839 409 1873; x_wconf 77' lang='lat' dir='ltr'><strong>nomen</strong></span> <span class='ocrx_word' id='word_1_548' title='bbox 425 1827 587 1873; x_wconf 27' lang='lat' dir='ltr'><strong>im‘posqit.</strong></span> <span class='ocrx_word' id='word_1_549' title='bbox 601 1827 651 1859; x_wconf 71' lang='lat' dir='ltr'><strong>Et</strong></span> <span class='ocrx_word' id='word_1_550' title='bbox 663 1830 783 1873; x_wconf 64' lang='lat' dir='ltr'><strong>civitas,</strong></span> <span class='ocrx_word' id='word_1_551' title='bbox 802 1831 916 1873; x_wconf 86' lang='lat' dir='ltr'><strong>inquit,</strong></span> <span class='ocrx_word' id='word_1_552' title='bbox 933 1827 1097 1873; x_wconf 47' lang='lat' dir='ltr'><strong>iocabitur</strong></span> <span class='ocrx_word' id='word_1_553' title='bbox 1109 1827 1226 1873; x_wconf 52' lang='lat' dir='ltr'><strong>&#39;civitas</strong></span> <span class='ocrx_word' id='word_1_554' title='bbox 1238 1830 1392 1873; x_wconf 64' lang='lat' dir='ltr'><strong>justitite,</strong></span> <span class='ocrx_word' id='word_1_555' title='bbox 1408 1834 1504 1873; x_wconf 61' lang='lat' dir='ltr'><strong>mater</strong></span> <span class='ocrx_word' id='word_1_556' title='bbox 1525 1827 1698 1873; x_wconf 48' lang='lat' dir='ltr'><strong>civitatum,</strong></span> <span class='ocrx_word' id='word_1_557' title='bbox 1709 1827 1812 1873; x_wconf 63' lang='lat' dir='ltr'><strong>ﬁdelis</strong></span> 
     </span>
    </p>
   </div>
   <div class='ocr_carea' id='block_1_44' title="bbox 180 1868 1810 1909">
    <p class='ocr_par' dir='ltr' id='par_1_44' title="bbox 180 1868 1810 1909">
     <span class='ocr_line' id='line_1_44' title="bbox 180 1868 1810 1909; baseline -0.001 -10"><span class='ocrx_word' id='word_1_558' title='bbox 180 1870 255 1899; x_wconf 79' lang='lat' dir='ltr'><strong>Sion</strong></span> <span class='ocrx_word' id='word_1_559' title='bbox 270 1869 368 1907; x_wconf 82' lang='grc' dir='ltr'><strong>(1εαί.</strong></span> <span class='ocrx_word' id='word_1_560' title='bbox 393 1870 421 1899; x_wconf 88' lang='grc'><strong>1.</strong></span> <span class='ocrx_word' id='word_1_561' title='bbox 440 1869 478 1899; x_wconf 77' lang='lat'><strong>&#39;26</strong></span> <span class='ocrx_word' id='word_1_562' title='bbox 493 1870 515 1908; x_wconf 83' lang='lat'><strong>).</strong></span> <span class='ocrx_word' id='word_1_563' title='bbox 530 1869 594 1900; x_wconf 88' lang='lat' dir='ltr'><strong>Nec</strong></span> <span class='ocrx_word' id='word_1_564' title='bbox 610 1872 715 1899; x_wconf 87' lang='lat' dir='ltr'><strong>tamen</strong></span> <span class='ocrx_word' id='word_1_565' title='bbox 739 1868 919 1900; x_wconf 82' lang='lat' dir='ltr'><strong>invenimus</strong></span> <span class='ocrx_word' id='word_1_566' title='bbox 934 1871 1018 1909; x_wconf 91' lang='lat' dir='ltr'><strong>quod</strong></span> <span class='ocrx_word' id='word_1_567' title='bbox 1035 1871 1208 1909; x_wconf 89' lang='lat' dir='ltr'><strong>aliquando</strong></span> <span class='ocrx_word' id='word_1_568' title='bbox 1229 1868 1340 1900; x_wconf 81' lang='lat' dir='ltr'><strong>civitas</strong></span> <span class='ocrx_word' id='word_1_569' title='bbox 1357 1869 1488 1908; x_wconf 66' lang='lat' dir='ltr'><strong>justitim</strong></span> <span class='ocrx_word' id='word_1_570' title='bbox 1503 1869 1670 1898; x_wconf 88' lang='lat' dir='ltr'><strong>nominata</strong></span> <span class='ocrx_word' id='word_1_571' title='bbox 1690 1868 1741 1909; x_wconf 79' lang='lat' dir='ltr'><strong>sit,</strong></span> <span class='ocrx_word' id='word_1_572' title='bbox 1756 1868 1810 1898; x_wconf 85' lang='lat' dir='ltr'><strong>sed</strong></span> 
     </span>
    </p>
   </div>
   <div class='ocr_carea' id='block_1_45' title="bbox 181 1908 1813 1948">
    <p class='ocr_par' dir='ltr' id='par_1_45' title="bbox 181 1908 1813 1948">
     <span class='ocr_line' id='line_1_45' title="bbox 181 1908 1813 1948; baseline -0.001 -10"><span class='ocrx_word' id='word_1_573' title='bbox 181 1910 208 1938; x_wconf 81' lang='lat' dir='ltr'><strong>in</strong></span> <span class='ocrx_word' id='word_1_574' title='bbox 225 1909 402 1939; x_wconf 87' lang='lat' dir='ltr'><strong>Jerusalem</strong></span> <span class='ocrx_word' id='word_1_575' title='bbox 419 1918 545 1947; x_wconf 90' lang='lat' dir='ltr'><strong>semper</strong></span> <span class='ocrx_word' id='word_1_576' title='bbox 564 1909 778 1948; x_wconf 85' lang='lat' dir='ltr'><strong>appellatione</strong></span> <span class='ocrx_word' id='word_1_577' title='bbox 792 1911 979 1948; x_wconf 87' lang='lat' dir='ltr'><strong>permansit.</strong></span> <span class='ocrx_word' id='word_1_578' title='bbox 996 1908 1115 1940; x_wconf 84' lang='lat' dir='ltr'><strong>Verum</strong></span> <span class='ocrx_word' id='word_1_579' title='bbox 1127 1910 1203 1948; x_wconf 88' lang='lat' dir='ltr'><strong>quia</strong></span> <span class='ocrx_word' id='word_1_580' title='bbox 1220 1909 1303 1939; x_wconf 91' lang='lat' dir='ltr'><strong>istud</strong></span> <span class='ocrx_word' id='word_1_581' title='bbox 1320 1909 1425 1939; x_wconf 88' lang='lat' dir='ltr'><strong>evenit</strong></span> <span class='ocrx_word' id='word_1_582' title='bbox 1438 1909 1470 1938; x_wconf 89' lang='lat' dir='ltr'><strong>in</strong></span> <span class='ocrx_word' id='word_1_583' title='bbox 1488 1909 1607 1948; x_wconf 78' lang='lat' dir='ltr'><strong>melius</strong></span> <span class='ocrx_word' id='word_1_584' title='bbox 1619 1908 1727 1948; x_wconf 83' lang='lat' dir='ltr'><strong>populi</strong></span> <span class='ocrx_word' id='word_1_585' title='bbox 1746 1917 1813 1937; x_wconf 89' lang='lat' dir='ltr'><strong>mo—</strong></span> 
     </span>
    </p>
   </div>
   <div class='ocr_carea' id='block_1_46' title="bbox 179 1947 1812 1987">
    <p class='ocr_par' dir='ltr' id='par_1_46' title="bbox 179 1947 1812 1987">
     <span class='ocr_line' id='line_1_46' title="bbox 179 1947 1812 1987; baseline -0.001 -10"><span class='ocrx_word' id='word_1_586' title='bbox 179 1949 265 1978; x_wconf 89' lang='lat' dir='ltr'><strong>ribus</strong></span> <span class='ocrx_word' id='word_1_587' title='bbox 280 1949 457 1983; x_wconf 73' lang='lat' dir='ltr'><strong>conversis,</strong></span> <span class='ocrx_word' id='word_1_588' title='bbox 475 1947 634 1978; x_wconf 81' lang='lat' dir='ltr'><strong>civitatem</strong></span> <span class='ocrx_word' id='word_1_589' title='bbox 648 1949 691 1978; x_wconf 92' lang='lat' dir='ltr'><strong>ita</strong></span> <span class='ocrx_word' id='word_1_590' title='bbox 707 1949 855 1987; x_wconf 66' lang='lat' dir='ltr'><strong>praedixit</strong></span> <span class='ocrx_word' id='word_1_591' title='bbox 871 1949 1058 1980; x_wconf 85' lang='lat' dir='ltr'><strong>vocandam.</strong></span> <span class='ocrx_word' id='word_1_592' title='bbox 1074 1947 1152 1979; x_wconf 83' lang='lat' dir='ltr'><strong>Cum</strong></span> <span class='ocrx_word' id='word_1_593' title='bbox 1165 1950 1249 1979; x_wconf 87' lang='lat' dir='ltr'><strong>enim</strong></span> <span class='ocrx_word' id='word_1_594' title='bbox 1264 1949 1326 1978; x_wconf 87' lang='lat' dir='ltr'><strong>tale</strong></span> <span class='ocrx_word' id='word_1_595' title='bbox 1340 1948 1460 1986; x_wconf 87' lang='lat' dir='ltr'><strong>aliquid</strong></span> <span class='ocrx_word' id='word_1_596' title='bbox 1475 1947 1634 1982; x_wconf 85' lang='lat' dir='ltr'><strong>acciderit,</strong></span> <span class='ocrx_word' id='word_1_597' title='bbox 1650 1951 1685 1987; x_wconf 84' lang='lat' dir='ltr'><strong>ut</strong></span> <span class='ocrx_word' id='word_1_598' title='bbox 1701 1947 1730 1987; x_wconf 86' lang='lat' dir='ltr'><strong>is</strong></span> <span class='ocrx_word' id='word_1_599' title='bbox 1756 1956 1812 1987; x_wconf 84' lang='lat' dir='ltr'><strong>per</strong></span> 
     </span>
    </p>
   </div>
   <div class='ocr_carea' id='block_1_47' title="bbox 179 1986 1810 2027">
    <p class='ocr_par' dir='ltr' id='par_1_47' title="bbox 179 1986 1810 2027">
     <span class='ocr_line' id='line_1_47' title="bbox 179 1986 1810 2027; baseline -0.001 -11"><span class='ocrx_word' id='word_1_600' title='bbox 179 1996 272 2024; x_wconf 84' lang='lat' dir='ltr'><strong>quem</strong></span> <span class='ocrx_word' id='word_1_601' title='bbox 292 1988 321 2016; x_wconf 93' lang='lat' dir='ltr'><strong>id</strong></span> <span class='ocrx_word' id='word_1_602' title='bbox 336 1988 483 2018; x_wconf 85' lang='lat' dir='ltr'><strong>effectum</strong></span> <span class='ocrx_word' id='word_1_603' title='bbox 500 1989 550 2023; x_wconf 85' lang='lat' dir='ltr'><strong>sit,</strong></span> <span class='ocrx_word' id='word_1_604' title='bbox 564 1990 620 2017; x_wconf 90' lang='lat' dir='ltr'><strong>aut</strong></span> <span class='ocrx_word' id='word_1_605' title='bbox 636 1989 691 2025; x_wconf 89' lang='lat' dir='ltr'><strong>qui</strong></span> <span class='ocrx_word' id='word_1_606' title='bbox 710 1986 783 2026; x_wconf 80' lang='lat' dir='ltr'><strong>ejus</strong></span> <span class='ocrx_word' id='word_1_607' title='bbox 801 1988 938 2018; x_wconf 89' lang='lat' dir='ltr'><strong>fructum</strong></span> <span class='ocrx_word' id='word_1_608' title='bbox 957 1989 1146 2027; x_wconf 90' lang='lat' dir='ltr'><strong>perceperit,</strong></span> <span class='ocrx_word' id='word_1_609' title='bbox 1165 1998 1206 2018; x_wconf 85' lang='lat' dir='ltr'><strong>ex</strong></span> <span class='ocrx_word' id='word_1_610' title='bbox 1222 1988 1304 2018; x_wconf 84' lang='lat' dir='ltr'><strong>facto</strong></span> <span class='ocrx_word' id='word_1_611' title='bbox 1320 1996 1416 2025; x_wconf 89' lang='lat' dir='ltr'><strong>quam</strong></span> <span class='ocrx_word' id='word_1_612' title='bbox 1432 1996 1471 2017; x_wconf 77' lang='lat' dir='ltr'><strong>ex</strong></span> <span class='ocrx_word' id='word_1_613' title='bbox 1482 1986 1747 2027; x_wconf 67' lang='lat' dir='ltr'><strong>lminiiie_elarius</strong></span> <span class='ocrx_word' id='word_1_614' title='bbox 1763 1986 1810 2015; x_wconf 87' lang='lat' dir='ltr'><strong>in-</strong></span> 
     </span>
    </p>
   </div>
   <div class='ocr_carea' id='block_1_48' title="bbox 177 2025 1810 2066">
    <p class='ocr_par' dir='ltr' id='par_1_48' title="bbox 177 2025 1810 2066">
     <span class='ocr_line' id='line_1_48' title="bbox 177 2025 1810 2066; baseline 0.001 -12"><span class='ocrx_word' id='word_1_615' title='bbox 177 2027 311 2060; x_wconf 81' lang='lat' dir='ltr'><strong>dicetur,</strong></span> <span class='ocrx_word' id='word_1_616' title='bbox 327 2036 441 2057; x_wconf 92' lang='lat' dir='ltr'><strong>nomen</strong></span> <span class='ocrx_word' id='word_1_617' title='bbox 457 2027 526 2066; x_wconf 82' lang='lat' dir='ltr'><strong>ejus</strong></span> <span class='ocrx_word' id='word_1_618' title='bbox 544 2027 685 2064; x_wconf 88' lang='lat' dir='ltr'><strong>appellat</strong></span> <span class='ocrx_word' id='word_1_619' title='bbox 700 2025 802 2065; x_wconf 87' lang='lat' dir='ltr'><strong>ipsam</strong></span> <span class='ocrx_word' id='word_1_620' title='bbox 818 2028 862 2057; x_wconf 91' lang='lat' dir='ltr'><strong>rei</strong></span> <span class='ocrx_word' id='word_1_621' title='bbox 878 2036 950 2065; x_wconf 63' lang='lat' dir='ltr'><strong>quae</strong></span> <span class='ocrx_word' id='word_1_622' title='bbox 959 2025 1044 2057; x_wconf 76' lang='lat' dir='ltr'><strong>facta</strong></span> <span class='ocrx_word' id='word_1_623' title='bbox 1055 2025 1109 2057; x_wconf 76' lang='lat' dir='ltr'><strong>est</strong></span> <span class='ocrx_word' id='word_1_624' title='bbox 1125 2028 1301 2057; x_wconf 88' lang='lat' dir='ltr'><strong>veritatem.</strong></span> <span class='ocrx_word' id='word_1_625' title='bbox 1318 2026 1349 2055; x_wconf 87' lang='lat' dir='ltr'><strong>Si</strong></span> <span class='ocrx_word' id='word_1_626' title='bbox 1366 2035 1441 2066; x_wconf 86' lang='lat' dir='ltr'><strong>vero</strong></span> <span class='ocrx_word' id='word_1_627' title='bbox 1453 2026 1530 2066; x_wconf 84' lang='lat' dir='ltr'><strong>hinc</strong></span> <span class='ocrx_word' id='word_1_628' title='bbox 1543 2025 1699 2066; x_wconf 83' lang='lat' dir='ltr'><strong>confutati</strong></span> <span class='ocrx_word' id='word_1_629' title='bbox 1714 2027 1810 2063; x_wconf 86' lang='lat' dir='ltr'><strong>atque</strong></span> 
     </span>
    </p>
   </div>
   <div class='ocr_carea' id='block_1_49' title="bbox 178 2065 1809 2105">
    <p class='ocr_par' dir='ltr' id='par_1_49' title="bbox 178 2065 1809 2105">
     <span class='ocr_line' id='line_1_49' title="bbox 178 2065 1809 2105; baseline -0.001 -11"><span class='ocrx_word' id='word_1_630' title='bbox 178 2067 313 2095; x_wconf 81' lang='lat' dir='ltr'><strong>convicti</strong></span> <span class='ocrx_word' id='word_1_631' title='bbox 328 2067 424 2096; x_wconf 86' lang='lat' dir='ltr'><strong>aliam</strong></span> <span class='ocrx_word' id='word_1_632' title='bbox 437 2066 825 2105; x_wconf 71' lang='lat' dir='ltr'><strong>moverintquzestionem,</strong></span> <span class='ocrx_word' id='word_1_633' title='bbox 836 2069 931 2104; x_wconf 83' lang='lat' dir='ltr'><strong>atque</strong></span> <span class='ocrx_word' id='word_1_634' title='bbox 943 2067 1036 2096; x_wconf 87' lang='lat' dir='ltr'><strong>aliter</strong></span> <span class='ocrx_word' id='word_1_635' title='bbox 1044 2067 1291 2105; x_wconf 86' lang='lat' dir='ltr'><strong>appellationem</strong></span> <span class='ocrx_word' id='word_1_636' title='bbox 1298 2065 1440 2104; x_wconf 83' lang='lat' dir='ltr'><strong>Virginis</strong></span> <span class='ocrx_word' id='word_1_637' title='bbox 1450 2065 1809 2105; x_wconf 17' lang='lat' dir='ltr'><strong>intelligere’iconeutur,</strong></span> 
     </span>
    </p>
   </div>
   <div class='ocr_carea' id='block_1_50' title="bbox 178 2103 1809 2144">
    <p class='ocr_par' dir='ltr' id='par_1_50' title="bbox 178 2103 1809 2144">
     <span class='ocr_line' id='line_1_50' title="bbox 178 2103 1809 2144; baseline -0.001 -10"><span class='ocrx_word' id='word_1_638' title='bbox 178 2105 323 2144; x_wconf 86' lang='lat' dir='ltr'><strong>aliosque</strong></span> <span class='ocrx_word' id='word_1_639' title='bbox 336 2106 426 2135; x_wconf 87' lang='lat' dir='ltr'><strong>nobis</strong></span> <span class='ocrx_word' id='word_1_640' title='bbox 442 2103 632 2143; x_wconf 86' lang='lat' dir='ltr'><strong>interpretes</strong></span> <span class='ocrx_word' id='word_1_641' title='bbox 646 2105 844 2144; x_wconf 88' lang='lat' dir='ltr'><strong>proferentes</strong></span> <span class='ocrx_word' id='word_1_642' title='bbox 860 2103 957 2144; x_wconf 78' lang='lat' dir='ltr'><strong>atque</strong></span> <span class='ocrx_word' id='word_1_643' title='bbox 969 2103 1122 2141; x_wconf 81' lang='lat' dir='ltr'><strong>dicentes,</strong></span> <span class='ocrx_word' id='word_1_644' title='bbox 1137 2106 1208 2135; x_wconf 89' lang='lat' dir='ltr'><strong>Non</strong></span> <span class='ocrx_word' id='word_1_645' title='bbox 1225 2103 1378 2134; x_wconf 78' lang='lat' dir='ltr'><strong>dixerunt</strong></span> <span class='ocrx_word' id='word_1_646' title='bbox 1392 2103 1569 2143; x_wconf 76' lang='lat' dir='ltr'><strong>Virginem,</strong></span> <span class='ocrx_word' id='word_1_647' title='bbox 1584 2104 1638 2134; x_wconf 91' lang='lat' dir='ltr'><strong>sed</strong></span> <span class='ocrx_word' id='word_1_648' title='bbox 1653 2103 1809 2144; x_wconf 79' lang='lat' dir='ltr'><strong>puellam:</strong></span> 
     </span>
    </p>
   </div>
   <div class='ocr_carea' id='block_1_51' title="bbox 179 2143 1809 2183">
    <p class='ocr_par' dir='ltr' id='par_1_51' title="bbox 179 2143 1809 2183">
     <span class='ocr_line' id='line_1_51' title="bbox 179 2143 1809 2183; baseline -0.001 -9"><span class='ocrx_word' id='word_1_649' title='bbox 179 2143 280 2183; x_wconf 85' lang='lat' dir='ltr'><strong>primo</strong></span> <span class='ocrx_word' id='word_1_650' title='bbox 299 2145 426 2183; x_wconf 88' lang='lat' dir='ltr'><strong>quidem</strong></span> <span class='ocrx_word' id='word_1_651' title='bbox 440 2145 581 2175; x_wconf 87' lang='lat' dir='ltr'><strong>dicemus</strong></span> <span class='ocrx_word' id='word_1_652' title='bbox 598 2143 687 2181; x_wconf 87' lang='lat' dir='ltr'><strong>illud,</strong></span> <span class='ocrx_word' id='word_1_653' title='bbox 704 2145 859 2183; x_wconf 90' lang='lat' dir='ltr'><strong>quoniam</strong></span> <span class='ocrx_word' id='word_1_654' title='bbox 874 2143 913 2175; x_wconf 86' lang='lat' dir='ltr'><strong>ad</strong></span> <span class='ocrx_word' id='word_1_655' title='bbox 933 2145 1109 2176; x_wconf 90' lang='lat' dir='ltr'><strong>faciendam</strong></span> <span class='ocrx_word' id='word_1_656' title='bbox 1130 2154 1202 2175; x_wconf 84' lang='lat' dir='ltr'><strong>vere</strong></span> <span class='ocrx_word' id='word_1_657' title='bbox 1219 2144 1437 2175; x_wconf 89' lang='lat' dir='ltr'><strong>translationis</strong></span> <span class='ocrx_word' id='word_1_658' title='bbox 1453 2144 1557 2178; x_wconf 82' lang='lat' dir='ltr'><strong>fidem,</strong></span> <span class='ocrx_word' id='word_1_659' title='bbox 1573 2143 1721 2172; x_wconf 89' lang='lat' dir='ltr'><strong>omnibus</strong></span> <span class='ocrx_word' id='word_1_660' title='bbox 1738 2143 1809 2173; x_wconf 87' lang='lat' dir='ltr'><strong>aliis</strong></span> 
     </span>
    </p>
   </div>
   <div class='ocr_carea' id='block_1_52' title="bbox 175 2183 1810 2224">
    <p class='ocr_par' dir='ltr' id='par_1_52' title="bbox 175 2183 1810 2224">
     <span class='ocr_line' id='line_1_52' title="bbox 175 2183 1810 2224; baseline -0.001 -11"><span class='ocrx_word' id='word_1_661' title='bbox 175 2184 247 2223; x_wconf 90' lang='lat' dir='ltr'><strong>jure</strong></span> <span class='ocrx_word' id='word_1_662' title='bbox 262 2184 470 2224; x_wconf 83' lang='lat' dir='ltr'><strong>Septuaginta</strong></span> <span class='ocrx_word' id='word_1_663' title='bbox 483 2185 671 2222; x_wconf 87' lang='lat' dir='ltr'><strong>interpretes</strong></span> <span class='ocrx_word' id='word_1_664' title='bbox 685 2185 751 2214; x_wconf 88' lang='lat' dir='ltr'><strong>sint</strong></span> <span class='ocrx_word' id='word_1_665' title='bbox 767 2185 939 2224; x_wconf 85' lang='lat' dir='ltr'><strong>digniores.</strong></span> <span class='ocrx_word' id='word_1_666' title='bbox 951 2185 1112 2224; x_wconf 86' lang='lat' dir='ltr'><strong>Siquidem</strong></span> <span class='ocrx_word' id='word_1_667' title='bbox 1132 2185 1186 2215; x_wconf 87' lang='lat' dir='ltr'><strong>alii</strong></span> <span class='ocrx_word' id='word_1_668' title='bbox 1200 2186 1270 2223; x_wconf 91' lang='lat' dir='ltr'><strong>post</strong></span> <span class='ocrx_word' id='word_1_669' title='bbox 1283 2183 1810 2224; x_wconf 16' lang='lat' dir='ltr'><strong>adventumVDominiinterpretali</strong></span> 
     </span>
    </p>
   </div>
   <div class='ocr_carea' id='block_1_53' title="bbox 177 2222 1811 2263">
    <p class='ocr_par' dir='ltr' id='par_1_53' title="bbox 177 2222 1811 2263">
     <span class='ocr_line' id='line_1_53' title="bbox 177 2222 1811 2263; baseline 0 -11"><span class='ocrx_word' id='word_1_670' title='bbox 177 2222 263 2259; x_wconf 79' lang='lat' dir='ltr'><strong>sunt,</strong></span> <span class='ocrx_word' id='word_1_671' title='bbox 280 2222 552 2263; x_wconf 34' lang='lat' dir='ltr'><strong>Judzei‘siquidem</strong></span> <span class='ocrx_word' id='word_1_672' title='bbox 562 2222 1143 2263; x_wconf 41' lang='lat' dir='ltr'><strong>permanentesfmeritoque‘suspecti</strong></span> <span class='ocrx_word' id='word_1_673' title='bbox 1159 2222 1298 2263; x_wconf 79' lang='lat' dir='ltr'><strong>:quippe</strong></span> <span class='ocrx_word' id='word_1_674' title='bbox 1312 2224 1367 2262; x_wconf 90' lang='lat' dir='ltr'><strong>qui</strong></span> <span class='ocrx_word' id='word_1_675' title='bbox 1379 2223 1508 2253; x_wconf 90' lang='lat' dir='ltr'><strong>inimice</strong></span> <span class='ocrx_word' id='word_1_676' title='bbox 1523 2225 1553 2252; x_wconf 89' lang='lat' dir='ltr'><strong>et</strong></span> <span class='ocrx_word' id='word_1_677' title='bbox 1564 2222 1697 2263; x_wconf 76' lang='lat' dir='ltr'><strong>subdole</strong></span> <span class='ocrx_word' id='word_1_678' title='bbox 1711 2222 1811 2263; x_wconf 82' lang='lat' dir='ltr'><strong>multa</strong></span> 
     </span>
    </p>
   </div>
   <div class='ocr_carea' id='block_1_54' title="bbox 178 2261 1809 2309">
    <p class='ocr_par' dir='ltr' id='par_1_54' title="bbox 178 2261 1809 2309">
     <span class='ocr_line' id='line_1_54' title="bbox 178 2261 1809 2309; baseline -0.001 -17"><span class='ocrx_word' id='word_1_679' title='bbox 178 2264 392 2309; x_wconf 81' lang='lat' dir='ltr'><strong>corruperint,</strong></span> <span class='ocrx_word' id='word_1_680' title='bbox 408 2261 442 2309; x_wconf 67' lang='lat' dir='ltr'><strong>et</strong></span> <span class='ocrx_word' id='word_1_681' title='bbox 459 2264 533 2294; x_wconf 85' lang='lat' dir='ltr'><strong>data</strong></span> <span class='ocrx_word' id='word_1_682' title='bbox 551 2261 684 2309; x_wconf 76' lang='lat' dir='ltr'><strong>prorsus</strong></span> <span class='ocrx_word' id='word_1_683' title='bbox 705 2273 803 2309; x_wconf 83' lang='lat' dir='ltr'><strong>opera</strong></span> <span class='ocrx_word' id='word_1_684' title='bbox 818 2261 1020 2309; x_wconf 66' lang='lat' dir='ltr'><strong>api-ophetis</strong></span> <span class='ocrx_word' id='word_1_685' title='bbox 1040 2261 1198 2309; x_wconf 61' lang='lat' dir='ltr'><strong>mysteria</strong></span> <span class='ocrx_word' id='word_1_686' title='bbox 1217 2261 1365 2302; x_wconf 64' lang='lat' dir='ltr'><strong>praedicta</strong></span> <span class='ocrx_word' id='word_1_687' title='bbox 1390 2262 1575 2309; x_wconf 73' lang='lat' dir='ltr'><strong>celaverint.</strong></span> <span class='ocrx_word' id='word_1_688' title='bbox 1601 2261 1809 2309; x_wconf 53' lang='lat' dir='ltr'><strong>Septuaginta</strong></span> 
     </span>
    </p>
   </div>
   <div class='ocr_carea' id='block_1_55' title="bbox 178 2301 1809 2343">
    <p class='ocr_par' dir='ltr' id='par_1_55' title="bbox 178 2301 1809 2343">
     <span class='ocr_line' id='line_1_55' title="bbox 178 2301 1809 2343; baseline -0.001 -10"><span class='ocrx_word' id='word_1_689' title='bbox 178 2310 255 2333; x_wconf 84' lang='lat' dir='ltr'><strong>vero</strong></span> <span class='ocrx_word' id='word_1_690' title='bbox 275 2301 349 2333; x_wconf 79' lang='lat' dir='ltr'><strong>ante</strong></span> <span class='ocrx_word' id='word_1_691' title='bbox 367 2306 506 2338; x_wconf 89' lang='lat' dir='ltr'><strong>centum,</strong></span> <span class='ocrx_word' id='word_1_692' title='bbox 524 2301 559 2333; x_wconf 80' lang='lat' dir='ltr'><strong>et</strong></span> <span class='ocrx_word' id='word_1_693' title='bbox 576 2301 751 2341; x_wconf 84' lang='lat' dir='ltr'><strong>aliquando</strong></span> <span class='ocrx_word' id='word_1_694' title='bbox 773 2301 1082 2341; x_wconf 86' lang='lat' dir='ltr'><strong>ampliusDominici</strong></span> <span class='ocrx_word' id='word_1_695' title='bbox 1100 2301 1255 2343; x_wconf 84' lang='lat' dir='ltr'><strong>adventus</strong></span> <span class='ocrx_word' id='word_1_696' title='bbox 1274 2312 1388 2337; x_wconf 87' lang='lat' dir='ltr'><strong>annos,</strong></span> <span class='ocrx_word' id='word_1_697' title='bbox 1408 2302 1447 2332; x_wconf 90' lang='lat' dir='ltr'><strong>ad</strong></span> <span class='ocrx_word' id='word_1_698' title='bbox 1469 2301 1745 2343; x_wconf 80' lang='lat' dir='ltr'><strong>interpretandum</strong></span> <span class='ocrx_word' id='word_1_699' title='bbox 1765 2304 1809 2343; x_wconf 79' lang='lat' dir='ltr'><strong>tot</strong></span> 
     </span>
    </p>
   </div>
   <div class='ocr_carea' id='block_1_56' title="bbox 180 2340 1808 2380">
    <p class='ocr_par' dir='ltr' id='par_1_56' title="bbox 180 2340 1808 2380">
     <span class='ocr_line' id='line_1_56' title="bbox 180 2340 1808 2380; baseline -0.002 -9"><span class='ocrx_word' id='word_1_700' title='bbox 180 2350 216 2372; x_wconf 88' lang='lat' dir='ltr'><strong>ac</strong></span> <span class='ocrx_word' id='word_1_701' title='bbox 227 2344 350 2380; x_wconf 85' lang='lat' dir='ltr'><strong>pariter</strong></span> <span class='ocrx_word' id='word_1_702' title='bbox 363 2343 562 2378; x_wconf 85' lang='lat' dir='ltr'><strong>accedentes,</strong></span> <span class='ocrx_word' id='word_1_703' title='bbox 579 2343 620 2373; x_wconf 89' lang='lat' dir='ltr'><strong>ab</strong></span> <span class='ocrx_word' id='word_1_704' title='bbox 632 2340 719 2372; x_wconf 85' lang='lat' dir='ltr'><strong>omni</strong></span> <span class='ocrx_word' id='word_1_705' title='bbox 738 2340 921 2380; x_wconf 78' lang='lat' dir='ltr'><strong>suspicione</strong></span> <span class='ocrx_word' id='word_1_706' title='bbox 937 2342 1119 2380; x_wconf 87' lang='lat' dir='ltr'><strong>hujusmodi</strong></span> <span class='ocrx_word' id='word_1_707' title='bbox 1138 2342 1348 2373; x_wconf 85' lang='lat' dir='ltr'><strong>vindicantur.</strong></span> <span class='ocrx_word' id='word_1_708' title='bbox 1367 2343 1470 2380; x_wconf 82' lang='lat' dir='ltr'><strong>Atque</strong></span> <span class='ocrx_word' id='word_1_709' title='bbox 1486 2342 1526 2371; x_wconf 87' lang='lat' dir='ltr'><strong>ob</strong></span> <span class='ocrx_word' id='word_1_710' title='bbox 1540 2341 1645 2379; x_wconf 87' lang='lat' dir='ltr'><strong>ipsum</strong></span> <span class='ocrx_word' id='word_1_711' title='bbox 1658 2340 1808 2375; x_wconf 81' lang='lat' dir='ltr'><strong>lempOris</strong></span> 
     </span>
    </p>
   </div>
   <div class='ocr_carea' id='block_1_57' title="bbox 180 2384 1625 2424">
    <p class='ocr_par' dir='ltr' id='par_1_57' title="bbox 180 2384 1625 2424">
     <span class='ocr_line' id='line_1_57' title="bbox 180 2384 1625 2424; baseline 0.003 -10"><span class='ocrx_word' id='word_1_712' title='bbox 180 2384 394 2419; x_wconf 83' lang='lat' dir='ltr'><strong>intervallum,</strong></span> <span class='ocrx_word' id='word_1_713' title='bbox 411 2389 441 2414; x_wconf 87' lang='lat' dir='ltr'><strong>et</strong></span> <span class='ocrx_word' id='word_1_714' title='bbox 458 2384 587 2424; x_wconf 79' lang='lat' dir='ltr'><strong>illorum</strong></span> <span class='ocrx_word' id='word_1_715' title='bbox 603 2392 785 2424; x_wconf 83' lang='lat' dir='ltr'><strong>numerum,</strong></span> <span class='ocrx_word' id='word_1_716' title='bbox 803 2391 841 2424; x_wconf 79' lang='lat' dir='ltr'><strong>ac</strong></span> <span class='ocrx_word' id='word_1_717' title='bbox 853 2391 1060 2424; x_wconf 85' lang='lat' dir='ltr'><strong>consensum,</strong></span> <span class='ocrx_word' id='word_1_718' title='bbox 1077 2385 1178 2423; x_wconf 84' lang='lat' dir='ltr'><strong>magis</strong></span> <span class='ocrx_word' id='word_1_719' title='bbox 1197 2384 1256 2415; x_wconf 86' lang='lat' dir='ltr'><strong>ﬁde</strong></span> <span class='ocrx_word' id='word_1_720' title='bbox 1271 2385 1358 2423; x_wconf 84' lang='lat' dir='ltr'><strong>digni</strong></span> <span class='ocrx_word' id='word_1_721' title='bbox 1373 2386 1484 2424; x_wconf 87' lang='lat' dir='ltr'><strong>utique</strong></span> <span class='ocrx_word' id='word_1_722' title='bbox 1498 2388 1625 2418; x_wconf 88' lang='lat' dir='ltr'><strong>fuerint.</strong></span> 
     </span>
    </p>
   </div>
   <div class='ocr_carea' id='block_1_58' title="bbox 219 2421 1819 2463">
    <p class='ocr_par' dir='ltr' id='par_1_58' title="bbox 219 2421 1819 2463">
     <span class='ocr_line' id='line_1_58' title="bbox 219 2421 1819 2463; baseline 0.003 -9"><span class='ocrx_word' id='word_1_723' title='bbox 219 2424 249 2454; x_wconf 91' lang='lat'><strong>3.</strong></span> <span class='ocrx_word' id='word_1_724' title='bbox 272 2424 326 2454; x_wconf 90' lang='lat' dir='ltr'><strong>Sin</strong></span> <span class='ocrx_word' id='word_1_725' title='bbox 346 2426 452 2454; x_wconf 90' lang='lat' dir='ltr'><strong>autem</strong></span> <span class='ocrx_word' id='word_1_726' title='bbox 467 2423 597 2452; x_wconf 90' lang='lat' dir='ltr'><strong>illorum</strong></span> <span class='ocrx_word' id='word_1_727' title='bbox 611 2422 668 2463; x_wconf 89' lang='lat' dir='ltr'><strong>qui</strong></span> <span class='ocrx_word' id='word_1_728' title='bbox 684 2424 802 2463; x_wconf 77' lang='lat' dir='ltr'><strong>postea</strong></span> <span class='ocrx_word' id='word_1_729' title='bbox 820 2421 1022 2463; x_wconf 76' lang='lat' dir='ltr'><strong>interpretati</strong></span> <span class='ocrx_word' id='word_1_730' title='bbox 1038 2421 1144 2463; x_wconf 46' lang='lat' dir='ltr'><strong>sunt;</strong></span> <span class='ocrx_word' id='word_1_731' title='bbox 1154 2421 1372 2454; x_wconf 78' lang='lat' dir='ltr'><strong>testimonium</strong></span> <span class='ocrx_word' id='word_1_732' title='bbox 1398 2421 1541 2463; x_wconf 65' lang='lat' dir='ltr'><strong>proferre</strong></span> <span class='ocrx_word' id='word_1_733' title='bbox 1567 2428 1757 2463; x_wconf 82' lang='lat' dir='ltr'><strong>maluerint,</strong></span> <span class='ocrx_word' id='word_1_734' title='bbox 1774 2430 1819 2460; x_wconf 84' lang='lat' dir='ltr'><strong>sic</strong></span> 
     </span>
    </p>
   </div>
   <div class='ocr_carea' id='block_1_59' title="bbox 179 2461 1823 2506">
    <p class='ocr_par' dir='ltr' id='par_1_59' title="bbox 179 2461 1823 2506">
     <span class='ocr_line' id='line_1_59' title="bbox 179 2461 1823 2506; baseline 0.002 -14"><span class='ocrx_word' id='word_1_735' title='bbox 179 2473 313 2506; x_wconf 77' lang='lat' dir='ltr'><strong>quoque</strong></span> <span class='ocrx_word' id='word_1_736' title='bbox 325 2472 343 2494; x_wconf 73' lang='grc' dir='ltr'><strong>ει</strong></span> <span class='ocrx_word' id='word_1_737' title='bbox 359 2465 469 2506; x_wconf 86' lang='lat' dir='ltr'><strong>nostra</strong></span> <span class='ocrx_word' id='word_1_738' title='bbox 483 2461 651 2506; x_wconf 64' lang='lat' dir='ltr'><strong>proveniet</strong></span> <span class='ocrx_word' id='word_1_739' title='bbox 666 2463 756 2499; x_wconf 90' lang='lat' dir='ltr'><strong>parte</strong></span> <span class='ocrx_word' id='word_1_740' title='bbox 774 2461 923 2506; x_wconf 66' lang='lat' dir='ltr'><strong>victoria:</strong></span> <span class='ocrx_word' id='word_1_741' title='bbox 940 2461 1097 2506; x_wconf 79' lang='lat' dir='ltr'><strong>siquidem</strong></span> <span class='ocrx_word' id='word_1_742' title='bbox 1113 2462 1275 2506; x_wconf 75' lang='lat' dir='ltr'><strong>Scriptura</strong></span> <span class='ocrx_word' id='word_1_743' title='bbox 1299 2461 1545 2496; x_wconf 79' lang='lat' dir='ltr'><strong>adolescentqu</strong></span> <span class='ocrx_word' id='word_1_744' title='bbox 1566 2467 1614 2496; x_wconf 76' lang='lat' dir='ltr'><strong>vel</strong></span> <span class='ocrx_word' id='word_1_745' title='bbox 1633 2461 1823 2506; x_wconf 55' lang='grc' dir='ltr'>ρυρὶῐωίιίις</span> 
     </span>
    </p>
   </div>
   <div class='ocr_carea' id='block_1_60' title="bbox 181 2500 1818 2546">
    <p class='ocr_par' dir='ltr' id='par_1_60' title="bbox 181 2500 1818 2546">
     <span class='ocr_line' id='line_1_60' title="bbox 181 2500 1818 2546; baseline 0.004 -14"><span class='ocrx_word' id='word_1_746' title='bbox 181 2500 265 2546; x_wconf 78' lang='lat' dir='ltr'><strong>mine</strong></span> <span class='ocrx_word' id='word_1_747' title='bbox 286 2501 620 2546; x_wconf 75' lang='lat' dir='ltr'><strong>virginem_appellare</strong></span> <span class='ocrx_word' id='word_1_748' title='bbox 636 2501 815 2546; x_wconf 66' lang='lat' dir='ltr'><strong>consuevit.</strong></span> <span class='ocrx_word' id='word_1_749' title='bbox 830 2500 929 2545; x_wconf 79' lang='lat' dir='ltr'><strong>quue</strong></span> <span class='ocrx_word' id='word_1_750' title='bbox 948 2510 1012 2530; x_wconf 89' lang='lat' dir='ltr'><strong>non</strong></span> <span class='ocrx_word' id='word_1_751' title='bbox 1030 2501 1062 2530; x_wconf 94' lang='lat' dir='ltr'><strong>in</strong></span> <span class='ocrx_word' id='word_1_752' title='bbox 1077 2500 1201 2546; x_wconf 82' lang='lat' dir='ltr'><strong>feminis</strong></span> <span class='ocrx_word' id='word_1_753' title='bbox 1214 2503 1462 2546; x_wconf 66' lang='lat' dir='ltr'><strong>soluni,_vcrum_</strong></span> <span class='ocrx_word' id='word_1_754' title='bbox 1477 2506 1574 2546; x_wconf 73' lang='lat' dir='ltr'><strong>etiam</strong></span> <span class='ocrx_word' id='word_1_755' title='bbox 1595 2500 1717 2537; x_wconf 57' lang='lat' dir='ltr'><strong>in&#39;viris</strong></span> <span class='ocrx_word' id='word_1_756' title='bbox 1735 2518 1818 2546; x_wconf 66' lang='lat' dir='ltr'><strong>saepe</strong></span> 
     </span>
    </p>
   </div>
   <div class='ocr_carea' id='block_1_61' title="bbox 181 2540 1818 2584">
    <p class='ocr_par' dir='ltr' id='par_1_61' title="bbox 181 2540 1818 2584">
     <span class='ocr_line' id='line_1_61' title="bbox 181 2540 1818 2584; baseline 0.004 -12"><span class='ocrx_word' id='word_1_757' title='bbox 181 2540 415 2584; x_wconf 55' lang='lat' dir='ltr'><strong>signatum&#39;est.</strong></span> <span class='ocrx_word' id='word_1_758' title='bbox 433 2541 577 2584; x_wconf 65' lang='lat' dir='ltr'><strong>Juvencs,</strong></span> <span class='ocrx_word' id='word_1_759' title='bbox 593 2540 713 2584; x_wconf 77' lang='lat' dir='ltr'><strong>inquit,</strong></span> <span class='ocrx_word' id='word_1_760' title='bbox 731 2545 758 2569; x_wconf 82' lang='lat' dir='ltr'><strong>et</strong></span> <span class='ocrx_word' id='word_1_761' title='bbox 772 2540 920 2584; x_wconf 65' lang='lat' dir='ltr'><strong>virgines,</strong></span> <span class='ocrx_word' id='word_1_762' title='bbox 937 2549 1020 2584; x_wconf 65' lang='lat' dir='ltr'><strong>senes</strong></span> <span class='ocrx_word' id='word_1_763' title='bbox 1035 2550 1102 2570; x_wconf 79' lang='lat' dir='ltr'><strong>cum</strong></span> <span class='ocrx_word' id='word_1_764' title='bbox 1110 2541 1295 2581; x_wconf 73' lang='lat' dir='ltr'><strong>junioribus</strong></span> <span class='ocrx_word' id='word_1_765' title='bbox 1310 2542 1415 2584; x_wconf 71' lang='lat' dir='ltr'><strong>(Psal.</strong></span> <span class='ocrx_word' id='word_1_766' title='bbox 1436 2543 1502 2573; x_wconf 55' lang='lat'><strong>1&amp;8.</strong></span> <span class='ocrx_word' id='word_1_767' title='bbox 1519 2546 1582 2584; x_wconf 74' lang='lat'><strong>12).</strong></span> <span class='ocrx_word' id='word_1_768' title='bbox 1597 2547 1640 2576; x_wconf 80' lang='lat' dir='ltr'><strong>Ae</strong></span> <span class='ocrx_word' id='word_1_769' title='bbox 1655 2556 1768 2577; x_wconf 89' lang='lat' dir='ltr'><strong>rursus</strong></span> <span class='ocrx_word' id='word_1_770' title='bbox 1780 2540 1818 2578; x_wconf 72' lang='lat' dir='ltr'><strong>de</strong></span> 
     </span>
    </p>
   </div>
   <div class='ocr_carea' id='block_1_62' title="bbox 182 2580 1819 2626">
    <p class='ocr_par' dir='ltr' id='par_1_62' title="bbox 182 2580 1819 2626">
     <span class='ocr_line' id='line_1_62' title="bbox 182 2580 1819 2626; baseline 0.003 -15"><span class='ocrx_word' id='word_1_771' title='bbox 182 2580 437 2626; x_wconf 75' lang='lat' dir='ltr'><strong>puellaloquens</strong></span> <span class='ocrx_word' id='word_1_772' title='bbox 452 2580 757 2626; x_wconf 54' lang='lat' dir='ltr'><strong>quievirgjnitatern</strong></span> <span class='ocrx_word' id='word_1_773' title='bbox 768 2580 915 2626; x_wconf 61' lang='lat' dir='ltr'><strong>ggrpo_ris</strong></span> <span class='ocrx_word' id='word_1_774' title='bbox 934 2580 1270 2626; x_wconf 68' lang='lat' dir='ltr'><strong>violenter_oppressa_</strong></span> <span class='ocrx_word' id='word_1_775' title='bbox 1280 2580 1472 2626; x_wconf 85' lang='lat' dir='ltr'><strong>perdiderit:</strong></span> <span class='ocrx_word' id='word_1_776' title='bbox 1490 2584 1535 2617; x_wconf 76' lang='lat' dir='ltr'><strong>Si,</strong></span> <span class='ocrx_word' id='word_1_777' title='bbox 1553 2580 1671 2626; x_wconf 74' lang='lat' dir='ltr'><strong>inquit,</strong></span> <span class='ocrx_word' id='word_1_778' title='bbox 1687 2587 1819 2626; x_wconf 81' lang='lat' dir='ltr'><strong>procla—</strong></span> 
     </span>
    </p>
   </div>
   <div class='ocr_carea' id='block_1_63' title="bbox 180 2619 1816 2662">
    <p class='ocr_par' dir='ltr' id='par_1_63' title="bbox 180 2619 1816 2662">
     <span class='ocr_line' id='line_1_63' title="bbox 180 2619 1816 2662; baseline 0.004 -12"><span class='ocrx_word' id='word_1_779' title='bbox 180 2619 308 2662; x_wconf 63' lang='lat' dir='ltr'><strong>maverit</strong></span> <span class='ocrx_word' id='word_1_780' title='bbox 325 2619 555 2662; x_wconf 56' lang='lat' dir='ltr'><strong>adolesoentula</strong></span> <span class='ocrx_word' id='word_1_781' title='bbox 573 2619 688 2662; x_wconf 51' lang='lat' dir='ltr'><strong>(Dfut.</strong></span> <span class='ocrx_word' id='word_1_782' title='bbox 764 2619 824 2662; x_wconf 74' lang='lat'><strong>_‘.’_&#39;7)</strong></span> <span class='ocrx_word' id='word_1_783' title='bbox 842 2629 848 2648; x_wconf 93' lang='lat'><strong>:</strong></span> <span class='ocrx_word' id='word_1_784' title='bbox 866 2619 901 2662; x_wconf 84' lang='lat' dir='ltr'><strong>id_</strong></span> <span class='ocrx_word' id='word_1_785' title='bbox 916 2620 1134 2662; x_wconf 70' lang='lat' dir='ltr'><strong>est_virgo._Et</strong></span> <span class='ocrx_word' id='word_1_786' title='bbox 1157 2619 1194 2651; x_wconf 87' lang='lat' dir='ltr'><strong>ea</strong></span> <span class='ocrx_word' id='word_1_787' title='bbox 1217 2619 1344 2659; x_wconf 88' lang='lat' dir='ltr'><strong>quidem</strong></span> <span class='ocrx_word' id='word_1_788' title='bbox 1363 2632 1435 2661; x_wconf 66' lang='lat' dir='ltr'><strong>quae</strong></span> <span class='ocrx_word' id='word_1_789' title='bbox 1452 2619 1700 2662; x_wconf 52' lang='lat' dir='ltr'><strong>superius-dicta</strong></span> <span class='ocrx_word' id='word_1_790' title='bbox 1723 2631 1816 2662; x_wconf 87' lang='lat' dir='ltr'><strong>sunt,</strong></span> 
     </span>
    </p>
   </div>
   <div class='ocr_carea' id='block_1_64' title="bbox 182 2658 1818 2701">
    <p class='ocr_par' dir='ltr' id='par_1_64' title="bbox 182 2658 1818 2701">
     <span class='ocr_line' id='line_1_64' title="bbox 182 2658 1818 2701; baseline 0.002 -10"><span class='ocrx_word' id='word_1_791' title='bbox 182 2660 267 2701; x_wconf 88' lang='lat' dir='ltr'><strong>hunc</strong></span> <span class='ocrx_word' id='word_1_792' title='bbox 284 2670 416 2691; x_wconf 85' lang='lat' dir='ltr'><strong>sensum</strong></span> <span class='ocrx_word' id='word_1_793' title='bbox 435 2659 528 2701; x_wconf 72' lang='lat' dir='ltr'><strong>facile</strong></span> <span class='ocrx_word' id='word_1_794' title='bbox 547 2658 936 2701; x_wconf 51' lang='lat' dir='ltr'><strong>copﬁrm_ant.Non_enim</strong></span> <span class='ocrx_word' id='word_1_795' title='bbox 952 2658 1137 2701; x_wconf 78' lang='lat' dir='ltr'><strong>simpliciter</strong></span> <span class='ocrx_word' id='word_1_796' title='bbox 1154 2658 1260 2698; x_wconf 79' lang='lat' dir='ltr'><strong>posuit</strong></span> <span class='ocrx_word' id='word_1_797' title='bbox 1274 2684 1281 2697; x_wconf 94' lang='lat'><strong>,</strong></span> <span class='ocrx_word' id='word_1_798' title='bbox 1300 2658 1384 2691; x_wconf 67' lang='lat' dir='ltr'><strong>Ecce</strong></span> <span class='ocrx_word' id='word_1_799' title='bbox 1403 2658 1500 2701; x_wconf 72' lang='lat' dir='ltr'><strong>virgo</strong></span> <span class='ocrx_word' id='word_1_800' title='bbox 1518 2664 1553 2693; x_wconf 84' lang='lat' dir='ltr'><strong>in</strong></span> <span class='ocrx_word' id='word_1_801' title='bbox 1574 2669 1662 2694; x_wconf 80' lang='lat' dir='ltr'><strong>utero</strong></span> <span class='ocrx_word' id='word_1_802' title='bbox 1680 2658 1818 2699; x_wconf 59' lang='lat' dir='ltr'><strong>habebit}</strong></span> 
     </span>
    </p>
   </div>
   <div class='ocr_carea' id='block_1_65' title="bbox 181 2697 1816 2743">
    <p class='ocr_par' dir='ltr' id='par_1_65' title="bbox 181 2697 1816 2743">
     <span class='ocr_line' id='line_1_65' title="bbox 181 2697 1816 2743; baseline 0.003 -13"><span class='ocrx_word' id='word_1_803' title='bbox 181 2700 235 2743; x_wconf 77' lang='lat' dir='ltr'><strong>sed</strong></span> <span class='ocrx_word' id='word_1_804' title='bbox 251 2703 411 2743; x_wconf 49' lang='lat' dir='ltr'><strong>(fumante</strong></span> <span class='ocrx_word' id='word_1_805' title='bbox 426 2699 653 2743; x_wconf 44' lang='lat' dir='ltr'><strong>dix_issetLIpse</strong></span> <span class='ocrx_word' id='word_1_806' title='bbox 663 2698 814 2743; x_wconf 63' lang='lat' dir='ltr'><strong>Domihus</strong></span> <span class='ocrx_word' id='word_1_807' title='bbox 825 2697 910 2729; x_wconf 83' lang='lat' dir='ltr'><strong>dabit</strong></span> <span class='ocrx_word' id='word_1_808' title='bbox 922 2698 1008 2728; x_wconf 68' lang='lat' dir='ltr'><strong>vobis</strong></span> <span class='ocrx_word' id='word_1_809' title='bbox 1019 2697 1316 2743; x_wconf 20' lang='lat' dir='ltr'><strong>signum,icontinuo</strong></span> <span class='ocrx_word' id='word_1_810' title='bbox 1333 2697 1477 2743; x_wconf 69' lang='lat' dir='ltr'><strong>subjecit,</strong></span> <span class='ocrx_word' id='word_1_811' title='bbox 1487 2703 1568 2732; x_wconf 82' lang='lat' dir='ltr'><strong>Ecce</strong></span> <span class='ocrx_word' id='word_1_812' title='bbox 1581 2704 1670 2743; x_wconf 74' lang='lat' dir='ltr'><strong>virgo</strong></span> <span class='ocrx_word' id='word_1_813' title='bbox 1685 2705 1718 2735; x_wconf 79' lang='lat'><strong>2&#39;1:</strong></span> <span class='ocrx_word' id='word_1_814' title='bbox 1730 2697 1816 2735; x_wconf 75' lang='lat' dir='ltr'><strong>utero</strong></span> 
     </span>
    </p>
   </div>
   <div class='ocr_carea' id='block_1_66' title="bbox 181 2738 1817 2778">
    <p class='ocr_par' dir='ltr' id='par_1_66' title="bbox 181 2738 1817 2778">
     <span class='ocr_line' id='line_1_66' title="bbox 181 2738 1817 2778; baseline 0.004 -9"><span class='ocrx_word' id='word_1_815' title='bbox 181 2739 300 2769; x_wconf 77' lang='lat' dir='ltr'><strong>habebit</strong></span> <span class='ocrx_word' id='word_1_816' title='bbox 318 2740 412 2778; x_wconf 78' lang='lat' dir='ltr'><strong>(Isai.</strong></span> <span class='ocrx_word' id='word_1_817' title='bbox 427 2738 456 2768; x_wconf 87' lang='lat'><strong>8.</strong></span> <span class='ocrx_word' id='word_1_818' title='bbox 473 2738 540 2777; x_wconf 76' lang='grc' dir='ltr'><strong>1ἵι),</strong></span> <span class='ocrx_word' id='word_1_819' title='bbox 554 2738 593 2767; x_wconf 86' lang='grc' dir='ltr'><strong>Ει</strong></span> <span class='ocrx_word' id='word_1_820' title='bbox 606 2741 690 2768; x_wconf 88' lang='lat' dir='ltr'><strong>certe</strong></span> <span class='ocrx_word' id='word_1_821' title='bbox 707 2738 767 2767; x_wconf 89' lang='lat' dir='ltr'><strong>nisi</strong></span> <span class='ocrx_word' id='word_1_822' title='bbox 785 2739 874 2778; x_wconf 84' lang='lat' dir='ltr'><strong>virgo</strong></span> <span class='ocrx_word' id='word_1_823' title='bbox 891 2742 1034 2768; x_wconf 88' lang='lat' dir='ltr'><strong>maneret</strong></span> <span class='ocrx_word' id='word_1_824' title='bbox 1055 2748 1127 2777; x_wconf 66' lang='lat' dir='ltr'><strong>quae.</strong></span> <span class='ocrx_word' id='word_1_825' title='bbox 1146 2740 1179 2768; x_wconf 88' lang='lat' dir='ltr'><strong>in</strong></span> <span class='ocrx_word' id='word_1_826' title='bbox 1190 2743 1281 2769; x_wconf 88' lang='lat' dir='ltr'><strong>utero</strong></span> <span class='ocrx_word' id='word_1_827' title='bbox 1297 2745 1381 2770; x_wconf 85' lang='lat' dir='ltr'><strong>esset</strong></span> <span class='ocrx_word' id='word_1_828' title='bbox 1392 2738 1564 2778; x_wconf 29' lang='lat' dir='ltr'><strong>Vhabitura,</strong></span> <span class='ocrx_word' id='word_1_829' title='bbox 1580 2738 1644 2773; x_wconf 63' lang='lat' dir='ltr'><strong>sed~</strong></span> <span class='ocrx_word' id='word_1_830' title='bbox 1658 2744 1717 2774; x_wconf 91' lang='lat' dir='ltr'><strong>hoc</strong></span> <span class='ocrx_word' id='word_1_831' title='bbox 1732 2754 1817 2774; x_wconf 91' lang='lat' dir='ltr'><strong>com-</strong></span> 
     </span>
    </p>
   </div>
   <div class='ocr_carea' id='block_1_67' title="bbox 182 2777 1817 2822">
    <p class='ocr_par' dir='ltr' id='par_1_67' title="bbox 182 2777 1817 2822">
     <span class='ocr_line' id='line_1_67' title="bbox 182 2777 1817 2822; baseline 0.003 -14"><span class='ocrx_word' id='word_1_832' title='bbox 182 2779 271 2809; x_wconf 92' lang='lat' dir='ltr'><strong>muni</strong></span> <span class='ocrx_word' id='word_1_833' title='bbox 287 2779 376 2809; x_wconf 84' lang='lat' dir='ltr'><strong>fieret</strong></span> <span class='ocrx_word' id='word_1_834' title='bbox 391 2779 461 2817; x_wconf 81' lang='lat' dir='ltr'><strong>lege</strong></span> <span class='ocrx_word' id='word_1_835' title='bbox 474 2777 740 2822; x_wconf 37' lang='lat' dir='ltr'><strong>connubii,.quod</strong></span> <span class='ocrx_word' id='word_1_836' title='bbox 755 2777 881 2822; x_wconf 74' lang='lat' dir='ltr'><strong>tandem</strong></span> <span class='ocrx_word' id='word_1_837' title='bbox 896 2778 926 2807; x_wconf 96' lang='lat' dir='ltr'><strong>id</strong></span> <span class='ocrx_word' id='word_1_838' title='bbox 944 2778 1028 2816; x_wconf 89' lang='lat' dir='ltr'><strong>quod</strong></span> <span class='ocrx_word' id='word_1_839' title='bbox 1048 2778 1155 2822; x_wconf 75' lang='lat' dir='ltr'><strong>fiebat,</strong></span> <span class='ocrx_word' id='word_1_840' title='bbox 1172 2780 1300 2822; x_wconf 80' lang='lat' dir='ltr'><strong>signum</strong></span> <span class='ocrx_word' id='word_1_841' title='bbox 1316 2780 1451 2810; x_wconf 89' lang='lat' dir='ltr'><strong>fuisset?</strong></span> <span class='ocrx_word' id='word_1_842' title='bbox 1465 2777 1596 2819; x_wconf 85' lang='lat' dir='ltr'><strong>Signum</strong></span> <span class='ocrx_word' id='word_1_843' title='bbox 1612 2783 1731 2822; x_wconf 88' lang='lat' dir='ltr'><strong>quippe</strong></span> <span class='ocrx_word' id='word_1_844' title='bbox 1749 2793 1817 2814; x_wconf 91' lang='lat' dir='ltr'><strong>om-</strong></span> 
     </span>
    </p>
   </div>
   <div class='ocr_carea' id='block_1_68' title="bbox 183 2817 1815 2857">
    <p class='ocr_par' dir='ltr' id='par_1_68' title="bbox 183 2817 1815 2857">
     <span class='ocr_line' id='line_1_68' title="bbox 183 2817 1815 2857; baseline 0.003 -9"><span class='ocrx_word' id='word_1_845' title='bbox 183 2828 256 2848; x_wconf 89' lang='lat' dir='ltr'><strong>ncm</strong></span> <span class='ocrx_word' id='word_1_846' title='bbox 282 2827 414 2857; x_wconf 89' lang='lat' dir='ltr'><strong>prorsus</strong></span> <span class='ocrx_word' id='word_1_847' title='bbox 440 2817 714 2856; x_wconf 84' lang='lat' dir='ltr'><strong>consequentiam.</strong></span> <span class='ocrx_word' id='word_1_848' title='bbox 738 2820 770 2847; x_wconf 88' lang='lat' dir='ltr'><strong>et</strong></span> <span class='ocrx_word' id='word_1_849' title='bbox 793 2817 936 2847; x_wconf 88' lang='lat' dir='ltr'><strong>ordinem</strong></span> <span class='ocrx_word' id='word_1_850' title='bbox 960 2827 1066 2847; x_wconf 89' lang='lat' dir='ltr'><strong>rerum</strong></span> <span class='ocrx_word' id='word_1_851' title='bbox 1087 2818 1180 2848; x_wconf 91' lang='lat' dir='ltr'><strong>debet</strong></span> <span class='ocrx_word' id='word_1_852' title='bbox 1197 2817 1362 2853; x_wconf 82' lang='lat' dir='ltr'><strong>excedere,</strong></span> <span class='ocrx_word' id='word_1_853' title='bbox 1385 2822 1415 2849; x_wconf 92' lang='lat' dir='ltr'><strong>et</strong></span> <span class='ocrx_word' id='word_1_854' title='bbox 1438 2817 1558 2850; x_wconf 71' lang='lat' dir='ltr'><strong>novum</strong></span> <span class='ocrx_word' id='word_1_855' title='bbox 1578 2817 1761 2853; x_wconf 46' lang='lat' dir='ltr'><strong>debet-esse</strong></span> <span class='ocrx_word' id='word_1_856' title='bbox 1783 2824 1815 2853; x_wconf 85' lang='lat' dir='ltr'><strong>in</strong></span> 
     </span>
    </p>
   </div>
   <div class='ocr_carea' id='block_1_69' title="bbox 182 2857 1815 2899">
    <p class='ocr_par' dir='ltr' id='par_1_69' title="bbox 182 2857 1815 2899">
     <span class='ocr_line' id='line_1_69' title="bbox 182 2857 1815 2899; baseline 0.002 -12"><span class='ocrx_word' id='word_1_857' title='bbox 182 2858 331 2888; x_wconf 87' lang='lat' dir='ltr'><strong>omnibus</strong></span> <span class='ocrx_word' id='word_1_858' title='bbox 350 2880 357 2893; x_wconf 91' lang='lat'><strong>,</strong></span> <span class='ocrx_word' id='word_1_859' title='bbox 388 2860 520 2899; x_wconf 70' lang='lat' dir='ltr'><strong>atquea</strong></span> <span class='ocrx_word' id='word_1_860' title='bbox 545 2857 680 2887; x_wconf 84' lang='lat' dir='ltr'><strong>solemni</strong></span> <span class='ocrx_word' id='word_1_861' title='bbox 696 2866 801 2899; x_wconf 28' lang='lat' dir='ltr'><strong>Amore</strong></span> <span class='ocrx_word' id='word_1_862' title='bbox 829 2857 1013 2899; x_wconf 76' lang='lat' dir='ltr'><strong>diversum:</strong></span> <span class='ocrx_word' id='word_1_863' title='bbox 1035 2858 1129 2899; x_wconf 81' lang='lat' dir='ltr'><strong>aliter</strong></span> <span class='ocrx_word' id='word_1_864' title='bbox 1151 2867 1225 2899; x_wconf 73' lang='lat' dir='ltr'><strong>vero</strong></span> <span class='ocrx_word' id='word_1_865' title='bbox 1254 2858 1380 2899; x_wconf 81' lang='lat' dir='ltr'><strong>signum</strong></span> <span class='ocrx_word' id='word_1_866' title='bbox 1402 2869 1471 2889; x_wconf 87' lang='lat' dir='ltr'><strong>esse</strong></span> <span class='ocrx_word' id='word_1_867' title='bbox 1497 2869 1560 2889; x_wconf 88' lang='lat' dir='ltr'><strong>non</strong></span> <span class='ocrx_word' id='word_1_868' title='bbox 1586 2863 1713 2899; x_wconf 85' lang='lat' dir='ltr'><strong>poterit.</strong></span> <span class='ocrx_word' id='word_1_869' title='bbox 1730 2864 1815 2891; x_wconf 74' lang='lat' dir='ltr'><strong>Sur—</strong></span> 
     </span>
    </p>
   </div>
   <div class='ocr_carea' id='block_1_70' title="bbox 181 2896 1812 2936">
    <p class='ocr_par' dir='ltr' id='par_1_70' title="bbox 181 2896 1812 2936">
     <span class='ocr_line' id='line_1_70' title="bbox 181 2896 1812 2936; baseline -0.002 -8"><span class='ocrx_word' id='word_1_870' title='bbox 181 2907 253 2936; x_wconf 81' lang='lat' dir='ltr'><strong>gms</strong></span> <span class='ocrx_word' id='word_1_871' title='bbox 269 2902 368 2928; x_wconf 81' lang='lat' dir='ltr'><strong>autem</strong></span> <span class='ocrx_word' id='word_1_872' title='bbox 385 2897 498 2936; x_wconf 81' lang='lat' dir='ltr'><strong>Joscph</strong></span> <span class='ocrx_word' id='word_1_873' title='bbox 514 2908 531 2927; x_wconf 90' lang='grc' dir='ltr'><em>α</em></span> <span class='ocrx_word' id='word_1_874' title='bbox 553 2906 671 2930; x_wconf 87' lang='lat' dir='ltr'><strong>somno,</strong></span> <span class='ocrx_word' id='word_1_875' title='bbox 686 2896 759 2936; x_wconf 73' lang='lat' dir='ltr'><strong>fecit</strong></span> <span class='ocrx_word' id='word_1_876' title='bbox 774 2897 855 2927; x_wconf 75' lang='lat' dir='ltr'><strong>sicut</strong></span> <span class='ocrx_word' id='word_1_877' title='bbox 868 2897 1014 2936; x_wconf 74' lang='lat' dir='ltr'><strong>prwt‘cpit</strong></span> <span class='ocrx_word' id='word_1_878' title='bbox 1029 2897 1054 2927; x_wconf 70' lang='lat' dir='ltr'><strong>ei</strong></span> <span class='ocrx_word' id='word_1_879' title='bbox 1069 2897 1196 2936; x_wconf 73' lang='lat' dir='ltr'><strong>angelus</strong></span> <span class='ocrx_word' id='word_1_880' title='bbox 1210 2896 1346 2928; x_wconf 66' lang='lat' dir='ltr'><strong>Domini.</strong></span> <span class='ocrx_word' id='word_1_881' title='bbox 1364 2899 1475 2930; x_wconf 76' lang='lat' dir='ltr'><strong>Vidisti</strong></span> <span class='ocrx_word' id='word_1_882' title='bbox 1491 2902 1574 2930; x_wconf 82' lang='lat' dir='ltr'><strong>certe</strong></span> <span class='ocrx_word' id='word_1_883' title='bbox 1588 2896 1812 2932; x_wconf 68' lang='lat' dir='ltr'><strong>Dllt‘tiit&#39;tllltllll,</strong></span> 
     </span>
    </p>
   </div>
  </div>
