2055 3128
237 105 308 134 ωεὸ
833 111 948 140 ANIANI
977 111 1268 140 INTEltPltETATIO.
1799 107 1877 134 meo

235 164 341 195 vidisti
353 165 500 195 animum
514 162 606 194 facile
615 163 716 193 sacris
732 162 824 192 ﬁdem
839 163 1041 203 sermonibus
1055 163 1359 203 accommodantem,
1374 162 1476 203 vidisti
1490 165 1627 203 mentem
1641 164 1775 194 omnino
1791 158 1882 203 vigi-

236 205 368 239 lantem,
388 212 426 234 ac
447 202 535 233 nulla
558 211 690 241 prorsus
712 202 918 240 corruptione
937 202 1102 232 violatam.
1122 202 1233 240 Neque
1251 202 1336 231 enim
1359 202 1470 231 saltem
1496 202 1566 240 ipso
1589 203 1782 241 suscipionis
1806 202 1879 234 sua:

235 247 380 282 tempore
399 243 489 272 triste
502 242 623 280 aliquid
646 245 677 271 et
694 242 869 272 absurdum
892 244 939 282 est
952 241 1080 282 molitus
1103 241 1134 270 in
1148 241 1335 280 Virginem:
1353 245 1383 282 et
1407 251 1492 271 nunc
1506 251 1640 282 quoque
1662 251 1734 272 cum
1761 243 1878 273 eadem

235 283 288 312 illa
303 280 488 321 suspicione
505 282 665 312 relevatus
682 285 741 316 est,
755 290 819 321 non
837 280 930 310 modo
945 281 1033 311 illam
1048 289 1112 310 non
1123 284 1259 310 conatur
1269 281 1443 319 expellere,
1459 281 1513 310 sed
1529 285 1559 311 et
1575 291 1683 312 secum
1698 282 1826 318 retinet,
1844 285 1880 312 et

237 323 332 353 totius
349 320 597 360 dispensationis
609 321 755 351 minister
766 320 912 350 efficitur.
928 321 973 350 Et
989 321 1106 358 accepit
1118 321 1256 350 Marium
1268 321 1429 359 cunjugem
1443 330 1540 349 suam.
1552 321 1671 359 Nempe
1685 322 1877 352 consideras

236 371 334 400 quam
350 359 534 400 frequenter
549 361 744 398 evangelista
765 360 826 400 hoc
841 359 964 398 Virgini
982 368 1097 389 nomen
1114 361 1268 398 imponat.
1283 361 1394 389 nolens
1413 360 1540 389 interim
1558 361 1703 390 mirabile
1719 361 1797 390 illud
1815 371 1879 391 re—

237 399 345 432 velare
361 399 559 440 mysterium,
574 400 628 430 sed
643 403 747 430 tamen
759 399 825 440 jam
837 400 1046 440 exstingucns
1060 400 1275 440 suspicionem
1287 400 1472 440 malignam.
1490 400 1564 430 Cum
1579 404 1678 429 autem
1689 401 1857 439 accepisse!
1867 423 1876 433 ,

234 450 299 471 non
316 438 462 479 cognovit
481 449 545 469 eum
564 440 659 479 donec
671 438 791 479 peperit
809 439 908 478 ﬁlium
928 448 1018 468 suum
1031 439 1284 478 primogenitum.
1301 440 1417 479 Donec,
1434 439 1484 468 hic
1506 440 1613 477 posuit
1637 448 1701 469 non
1717 438 1878 477 ut'suspi-

235 481 315 510 ceris
332 477 417 518 quod
434 480 484 510 vel
500 477 1004 518 postearaliquandocognoverit
1021 477 1038 507 :7
1053 478 1107 508 sed
1125 481 1157 507 ut
1172 479 1275 509 discas
1291 478 1377 516 quod
1391 479 1486 508 etiam
1506 481 1581 508 ante
1598 483 1723 516 partum
1740 479 1877 508 omnino

235 517 353 551 intacta
369 519 593 559 permanserit.
610 517 707 559 cujus
722 517 829 555 igitur,
845 518 987 559 inquies,
996 518 1045 559 rei
1065 518 1167 559 gratia
1185 519 1290 548 Donec
1304 518 1511 559 liicqpositum
1526 519 1593 559 est?
1604 519 1692 559 Saepe
1707 519 1877 557 Scriptura

235 560 344 590 divina
360 557 420 589 hac
433 559 478 589 uti
497 557 709 595 eloquutione
728 558 908 592 consuevit,
926 561 960 586 ut
973 557 1116 593 dicendo,
1138 558 1252 593 Donec,
1271 567 1333 587 non
1349 557 1514 587 deﬁnitum
1526 558 1657 596 aliquod
1679 561 1803 596 tempus
1824 559 1877 587 in-

236 599 354 629 cludat.
372 599 450 628 Nam
465 600 496 626 et
511 606 584 627 cum
599 605 617 626 a
637 597 702 626 Noe
719 606 834 626 corvus
849 606 888 626 ex
906 605 980 626 arca
997 601 1080 626 esset
1101 598 1238 627 emissus
1254 607 1260 626 :
1286 597 1360 628 Non
1383 602 1424 626 est
1436 620 1443 630 ,
1471 598 1591 635 inquit,
1615 606 1755 627 reversus
1776 598 1875 627 donec

233 639 406 668 siccantur
424 641 508 666 terra
524 636 619 675 (Gen.
638 635 668 665 8.
685 635 737 674 7).
754 636 792 666 Et
811 640 896 666 certe
916 645 973 666 nec
989 640 1098 674 postea
1126 637 1288 666 invenitur
1306 637 1439 666 redisse.
1461 637 1505 666 De
1530 637 1599 674 ipso
1619 642 1714 666 etiam
1735 637 1874 675 loquens

234 679 319 708 Deo:
332 677 358 707 Α
372 676 482 706 swculo
494 700 500 709 ,
521 675 635 714 inquit,
653 679 681 704 et
696 685 789 714 usque
806 676 837 706 ἰη
850 676 994 706 arculum
1010 681 1044 705 tu
1065 686 1094 705 es
1113 676 1215 714 (Psul.
1234 676 1284 705 89.
1301 676 1352 715 ‘2).
1370 676 1428 706 Sed
1446 676 1570 706 nullum
1582 676 1631 705 hic
1648 675 1789 714 profecto
1806 680 1876 706 ter-

234 717 356 748 minum
371 716 488 754 posuit.
509 715 631 745 Rursus
648 715 847 755 altitudinem
863 716 950 754 pacis
966 715 1163 746 annuntians
1179 726 1186 744 :
1204 715 1344 748 Orietur,
1361 715 1616 754 inquit,justitiu
1637 716 1713 755 ejus,
1728 721 1755 745 et
1771 715 1873 745 abun—

233 755 453 794 dantiapaeis,
472 755 567 785 donec
581 755 743 794 auferatur
757 754 831 784 [una
847 755 855 792 ί
869 755 953 785 Psal.
970 755 1019 784 71.
1032 755 1070 794 7)
1085 765 1091 784 :
1113 764 1175 784 non
1193 759 1297 784 tamen
1317 755 1411 784 tinem
1428 755 1563 794 pulchro
1582 754 1656 785 huic
1675 756 1786 785 statuit
1801 755 1876 784 ele—

234 797 354 825 mento.
371 795 417 825 lta
433 795 528 825 etiam
543 795 601 824 hoc
615 795 697 829 loco,
710 795 813 823 Donec
829 795 946 832 pesuit,
958 797 991 824 ut
1004 803 1023 825 a
1038 795 1220 833 suspicione.
1235 794 1312 824 illud
1326 795 1411 832 quod
1427 799 1502 824 ante
1517 798 1644 833 partum
1661 797 1785 833 tempus
1800 795 1872 826 fuit.

235 834 426 865 absolveret.
443 835 554 864 l’Ostca
576 843 651 864 vero
666 834 751 871 quod
767 834 924 872 sequitur,
944 835 999 863 tibi
1017 834 1083 872 jam
1099 834 1319 864 aestimandum
1336 835 1476 872 reliquit.
1490 834 1581 871 Quod
1600 835 1685 864 enim
1701 836 1741 864 ab
1762 844 1800 864 eo
1815 835 1874 864 tibi

235 844 426 865 ansowcret.
443 844 554 864 restca
576 844 651 864 vero
666 844 751 871 quon
767 844 924 872 sequitur,
944 844 999 863 um
1033 844 1083 864 am
1099 844 1319 864 aestimandum
1336 844 1476 872 renquu.
1490 844 1581 871 Quou
1600 844 1685 864 enim
1701 844 1741 864 an
1762 844 1800 864 eo
1815 844 1874 864 um

232 873 403 907 dicendum
418 876 497 910 erat,
516 874 575 903 hoc
590 874 656 912 ipse
672 873 763 908 dixit,
778 873 863 911 quod
880 874 999 903 intacta
1016 844 1072 903 fuit
1086 883 1188 912 usque
1203 874 1242 903 ad
1258 876 1385 912 partum
1398 874 1518 912 Virgo:
1537 873 1621 912 quod
1639 883 1715 903 vero
1731 883 1772 904 ex
1789 883 1876 912 pr(c«

234 913 419 943 cedentibus
434 922 634 951 consequens
648 916 716 943 erat
733 916 829 950 atque
845 913 1061 948 manifestum,
1082 916 1136 943 tuo
1158 913 1332 943 intellectui
1346 913 1533 951 dereliquit;
1551 916 1585 942 ut
1597 917 1644 943 est
1663 917 1748 944 certe
1764 913 1846 943 istud
1864 922 1872 941 :

233 953 393 989 Quoniam
417 962 475 983 nec
490 956 599 991 postea
617 952 745 991 quidem
762 961 831 983 eam
848 961 920 990 qua:
936 952 989 982 tali
1007 953 1100 982 modo
1113 956 1214 983 mater
1229 952 1340 983 effecta
1351 956 1410 985 est,
1430 957 1460 982 et
1477 962 1561 982 novo
1579 953 1738 983 illustrata
1763 956 1872 991 partu.

235 1001 381 1030 novoque
398 992 581 1030 puerperio,
598 992 649 1022 ille
663 992 769 1031 justus
784 992 959 1030 aliquando
972 992 1066 1021 fuerit
1077 1001 1177 1022 ausus
1194 993 1361 1031 attingere.
1377 993 1407 1022 Si
1423 993 1507 1022 enim
1522 993 1725 1031 cognovisset
1741 1001 1825 1024 eam.
1842 995 1874 1022 et

203 1035 206 1037 ’
234 1032 305 1063 loco
324 1032 490 1062 habuisset
507 1032 630 1066 uxoris,
644 1031 806 1070 quomodo
829 1031 915 1061 illam
932 1031 1087 1061 Dominus
1102 1034 1196 1070 quasi
1215 1033 1337 1070 absque
1359 1032 1486 1066 solatio,
1507 1035 1538 1061 et
1563 1032 1724 1062 neminem
1743 1031 1872 1070 penitus

236 1070 404 1101 habentem
416 1093 424 1105 ,
442 1071 597 1109 discipulo
614 1071 836 1101 eonmiendare
852 1074 1005 1104 curasset,
1020 1071 1137 1110 jubens
1151 1072 1178 1101 ei
1196 1074 1231 1102 ut
1245 1080 1316 1102 eam
1332 1072 1489 1110 reciperet
1504 1071 1536 1101 in
1550 1073 1630 1102 sua?
1646 1072 1732 1102 Unde
1754 1072 1871 1110 igitur,

237 1110 383 1147 inquies,
402 1110 515 1140 fratres
533 1111 601 1147 ejus
631 1110 781 1140 dicuntur
804 1110 943 1140 Jacobus
969 1115 1000 1140 et
1022 1111 1185 1141 Joannes?
1206 1111 1275 1141 Non
1304 1111 1398 1142 aliter
1413 1111 1559 1148 omnino,
1581 1120 1679 1149 quam
1706 1120 1772 1149 quo
1802 1111 1870 1148 ipse

236 1152 354 1192 Joseph
370 1152 480 1192 Marias
494 1153 668 1190 putabatur
686 1152 832 1192 maritus.
845 1151 949 1192 Multa
961 1152 1080 1190 quippe
1097 1154 1173 1182 sunt
1189 1152 1229 1182 ad
1243 1152 1446 1190 opacandum
1460 1153 1546 1182 illius
1565 1156 1676 1190 partus
1691 1154 1878 1192 mysterium

237 1191 376 1221 obducta
388 1191 570 1231 velamina,
587 1193 716 1229 propter
734 1191 999 1231 quoditaﬁetiam
1022 1200 1076 1221 eos
1090 1192 1231 1221 Joannes
1249 1193 1386 1222 vocabat
1398 1192 1527 1222 dicens:
1545 1192 1651 1231 Neque
1667 1191 1748 1222 enim
1761 1193 1876 1231 fratre:

237 1231 302 1269 ejus
321 1230 484 1260 credebant
508 1231 541 1260 in
559 1240 625 1260 eum
641 1231 756 1269 (Juan.
770 1231 800 1260 7.
821 1229 868 1269 5).
881 1230 939 1260 Sed
957 1234 1062 1261 tamen
1080 1231 1109 1260 hi
1130 1231 1190 1269 ipsi
1205 1231 1260 1269 qui
1277 1240 1390 1269 parum
1405 1234 1479 1261 ante
1496 1229 1708 1266 crediderant,
1727 1229 1806 1262 clari
1822 1240 1879 1269 po—

237 1274 304 1300 stea
325 1270 357 1299 in
376 1269 435 1300 fide
451 1279 488 1300 ac
505 1270 667 1300 mirabiles
688 1270 891 1300 exstiterunt.
907 1270 1041 1306 Quando
1062 1271 1147 1300 enim
1165 1271 1400 1310 Jerosolymam
1424 1271 1544 1300 Paulus
1564 1270 1723 1304 ascendit,
1749 1274 1785 1300 ut
1802 1280 1877 1300 cum

237 1309 359 1340 caateris
375 1310 529 1348 apostolis
545 1309 582 1339 de
598 1310 783 1348 dogmatum
796 1309 948 1339 varietate
964 1310 1136 1345 conferret,
1151 1309 1304 1340 continuo
1319 1310 1450 1340 intravit
1463 1310 1502 1340 ad
1516 1310 1682 1340 Jacobum.
1699 1311 1776 1340 ’l‘am
1790 1311 1879 1340 enim

237 1349 297 1379 fuit
319 1349 372 1379 ille
395 1349 562 1384 mirabilis,
580 1352 616 1379 ut
638 1349 857 1387 episcopatum
874 1349 997 1387 primus
1019 1350 1187 1387 acciperet.
1210 1350 1306 1379 Aiunt
1330 1353 1437 1379 autem
1463 1358 1569 1388 genua
1592 1349 1660 1388 ejus
1685 1349 1877 1380 obduruisse

237 1389 331 1423 callo,
344 1391 530 1426 tantamque
547 1390 578 1418 in
601 1398 639 1419 eo
662 1389 760 1418 fuisse
776 1390 882 1418 carnis
896 1389 1065 1423 incuriam,
1079 1389 1226 1419 utadhuc
1244 1389 1377 1419 viventis
1395 1390 1503 1419 omnia
1526 1389 1591 1419 fere
1611 1390 1753 1419 membra
1771 1398 1880 1419 more-

237 1431 349 1458 rentur
366 1439 373 1457 :
392 1430 490 1466 atque
506 1428 693 1458 assiduitate
711 1428 1024 1467 orationis,jugique
1040 1428 1078 1458 ad
1096 1429 1312 1466 pavimentum
1327 1429 1543 1466 prestratione
1560 1429 1717 1466 corporis,
1740 1429 1879 1458 frontem

237 1476 366 1506 quoque
384 1467 454 1506 ejus
476 1468 559 1497 callo
579 1468 726 1497 similiter
740 1467 922 1502 obductam,
940 1471 974 1497 ut
995 1468 1073 1497 nihil
1096 1467 1160 1498 fere.
1185 1477 1202 1497 a
1223 1468 1336 1498 cameli
1352 1468 1500 1506 genibus.
1522 1468 1548 1498 si
1567 1468 1716 1498 duritiem
1740 1471 1877 1505 spectes,

236 1507 443 1546 discreparet.
461 1507 519 1536 Hic
543 1507 637 1537 etiam
656 1507 800 1542 Paulum,
815 1516 887 1536 cum
905 1511 1014 1545 postea
1032 1508 1148 1537 iterum
1162 1508 1395 1546 Jewsolymam
1422 1508 1574 1538 veniSset.
1591 1508 1784 1537 maturitatis
1810 1517 1879 1538 suae

237 1555 384 1592 sei-inope
407 1546 588 1592 moderatus
608 1550 680 1592 est,
693 1546 801 1576 dicens
817 1556 823 1575 :
850 1547 1081 1592 Υίίιεεηηαιοζ,
1097 1551 1172 1592 quat
1189 1547 1289 1592 millia.
1302 1550 1377 1592 sunt
1397 1546 1588 1576 credentium
1609 1556 1648 1576 ex
1664 1546 1795 1592 ιζιιάίξίδ,
1811 1550 1875 1592 etc.

239 1586 393 1623 (Act.21.
409 1586 448 1616 20
461 1586 481 1625 ).
499 1587 620 1616 Tantus
639 1586 723 1616 illius
745 1589 815 1616 erat
839 1595 897 1624 pro
922 1586 1131 1616 zediticatione
1148 1587 1298 1616 Ecclesize
1316 1587 1417 1621 zelus,
1431 1589 1585 1624 tantaque
1602 1586 1772 1624 prudentia
1785 1608 1792 1622 ,
1812 1587 1878 1616 imo

236 1626 292 1655 Dei
305 1626 336 1655 in
353 1626 407 1655 illo
422 1626 521 1664 gratia
535 1625 572 1655 de
584 1625 699 1656 Christi
716 1625 832 1655 virtute
841 1625 1128 1664 resplendens.Qui
1144 1626 1228 1655 enim
1244 1626 1466 1655 obtrectabant
1480 1626 1616 1655 Domino
1633 1626 1665 1655 in
1683 1635 1780 1656 carne
1797 1635 1880 1655 con-

236 1665 347 1695 stituto
361 1688 368 1700 ,
387 1665 492 1696 adhuc
511 1665 542 1694 in
559 1673 656 1694 carne
671 1665 829 1704 passibili,
844 1665 887 1695 ita
902 1674 974 1694 eum
991 1668 1022 1695 et
1041 1665 1188 1695 admirati
1204 1668 1292 1699 sunt,
1309 1669 1340 1695 et
1355 1665 1483 1694 coluere
1500 1668 1571 1703 pust
1589 1667 1736 1699 mortem,
1753 1669 1787 1694 ut
1803 1674 1878 1694 cum

238 1705 337 1734 multa
352 1714 409 1743 pro
426 1705 480 1734 illo
497 1705 669 1742 cupiditate
685 1707 905 1734 morerentur:
923 1713 995 1742 qua)
1008 1709 1093 1734 certe
1109 1705 1248 1734 maxime
1264 1704 1410 1734 effectum
1431 1705 1674 1734 resurrectionis
1691 1705 1877 1734 ostendunt.

238 1745 408 1782 Propterea
422 1744 541 1782 quippe
559 1744 599 1774 ad
623 1744 771 1773 ultimum
794 1744 931 1774 clariora
955 1745 1106 1779 servavit,
1123 1748 1158 1774 ut
1175 1745 1297 1782 absque
1313 1744 1380 1773 ullo
1396 1748 1480 1774 esset
1493 1745 1644 1781 ambiguo
1663 1744 1789 1774 virtutis
1811 1748 1877 1774 tam

236 1783 356 1821 grande
369 1783 605 1812 documentmn.
617 1783 646 1812 Si
660 1783 745 1813 enini
758 1792 815 1813 nos
828 1792 881 1813 eos
896 1792 1025 1822 quoque
1036 1793 1119 1822 quos
1132 1784 1331 1814 admiramur
1344 1784 1432 1813 vivos
1446 1788 1550 1813 tamen
1563 1783 1782 1813 ohliviscimur
1792 1793 1880 1813 mor-

237 1827 308 1853 tuos
326 1833 332 1850 :
357 1822 517 1860 quomodo
533 1823 578 1852 illi
597 1832 692 1861 quem
711 1823 873 1852 audebant
888 1823 1020 1852 irridere
1038 1824 1208 1858 viventem,
1224 1823 1326 1852 Deum
1341 1832 1411 1853 esse.
1433 1826 1503 1861 post
1519 1827 1653 1853 mortem
1669 1826 1831 1861 putarent,
1850 1823 1879 1852 si

236 1871 309 1892 eum
325 1862 403 1891 nihil
417 1862 503 1892 aliud
523 1872 592 1892 esse
608 1871 705 1900 quam
723 1862 883 1892 hominem
902 1862 1129 1892 credidissent?
1145 1862 1311 1899 Quomodo
1329 1866 1436 1892 autem
1452 1871 1510 1900 pro
1525 1862 1580 1892 illo
1599 1862 1770 1901 elegissent
1783 1871 1879 1892 mor—

239 1907 299 1941 tem
316 1902 412 1931 etiam
432 1901 552 1935 subire,
570 1902 629 1930 nisi
649 1901 852 1931 manifestum
871 1902 901 1931 in
919 1902 987 1940 ipso
1001 1902 1227 1941 cognovissent
1244 1902 1490 1932 resurrectionis
1506 1902 1689 1939 exemplum
1701 1903 1715 1931 Ἰ

275 1940 300 1969 [ι.
321 1941 395 1970 llaec
409 1950 484 1970 vero
500 1941 644 1975 dicimus,
663 1950 727 1970 non
745 1944 777 1970 ut
793 1941 929 1971 audiatis
944 1940 1157 1976 solummodo,
1179 1951 1291 1971 verum
1313 1941 1409 1971 etiam
1426 1945 1458 1970 ut
1475 1950 1546 1979 qua:
1562 1941 1677 1971 auditis
1697 1941 1879 1975 imitemini,

236 1981 453 2010 fortitudinem
471 1981 602 2014 scilicet,
619 1981 841 2014 constantiam,
867 1990 1058 2019 omnemque
1082 1981 1262 2020 justitiam:
1279 1983 1314 2010 ut
1331 1989 1422 2010 nemo
1445 1980 1482 2010 de
1509 1989 1544 2010 se
1567 1981 1724 2019 desperet,
1752 1980 1880 2011 etiamsi

235 2023 328 2050 antea
346 2020 473 2049 desidizc
486 2023 614 2058 torpore
629 2020 812 2058 languebat,
829 2023 863 2049 ut
879 2021 1103 2059 unusquisque
1127 2024 1270 2050 nostrum
1287 2020 1376 2058 nulla
1391 2020 1422 2049 in
1445 2029 1478 2049 re
1500 2020 1564 2049 alia
1582 2029 1671 2058 spem
1695 2029 1798 2055 suam,
1816 2020 1878 2049 nisi

236 2064 307 2097 post
321 2059 376 2089 Dei
394 2059 646 2089 misericordiam
671 2060 702 2088 in
725 2068 850 2088 morum
868 2060 1035 2090 sanctitate
1057 2061 1242 2090 constituat.
1264 2060 1342 2090 Nam
1369 2060 1395 2089 si
1421 2060 1489 2089 istis
1510 2060 1642 2088 omnino
1664 2059 1742 2089 nihil
1759 2059 1882 2096 profuit

237 2099 286 2129 vel
302 2099 415 2137 patria,
437 2099 484 2128 vel
502 2099 608 2134 domo,
625 2099 673 2128 vel
691 2099 929 2137 propinquitate
942 2099 1069 2129 Christo
1086 2100 1182 2130 fuisse
1203 2099 1402 2138 conjunctos,
1419 2103 1592 2137 antequam
1610 2100 1647 2129 de
1668 2099 1797 2137 propria
1816 2099 1882 2127 ful-

236 2142 346 2176 gerent
363 2139 479 2168 virtute
495 2149 501 2167 :
519 2147 582 2176 qua
599 2147 656 2168 nos
669 2138 780 2177 dignos
797 2139 890 2168 venia
907 2142 1070 2177 putamus,
1087 2139 1141 2176 qui
1157 2139 1194 2169 de
1207 2139 1301 2178 justis
1317 2138 1506 2177 propinquis
1525 2148 1563 2168 ac
1583 2139 1734 2168 fratribus
1757 2138 1880 2177 gioria-

236 2187 319 2212 inor,
337 2177 398 2208 nisi
413 2187 466 2207 eos
482 2178 566 2216 ipsos
586 2178 740 2207 fuerimus
757 2178 892 2217 imitati?
908 2179 986 2208 Nam
1003 2183 1033 2208 et
1052 2177 1215 2217 propheta
1229 2179 1366 2217 idipsum
1386 2178 1569 2216 signiﬁcans
1594 2178 1639 2208 ait
1655 2188 1662 2206 :
1680 2178 1794 2207 Frater
1818 2186 1881 2207 non

235 2217 372 2250 redimit,
391 2217 518 2247 redimet
534 2217 622 2246 homo
641 2217 738 2257 (Psul.
760 2216 810 2246 148.
829 2216 859 2257 7)
878 2228 884 2246 :
901 2219 994 2248 etiam
1011 2218 1036 2247 si
1053 2216 1156 2248 Moses
1179 2218 1284 2254 fuerit,
1304 2218 1399 2247 etiam
1420 2218 1445 2246 si
1467 2218 1606 2253 Samuel,
1629 2218 1724 2247 etiam
1748 2217 1773 2246 si
1792 2217 1883 2246 Jere-

237 2257 317 2286 mias
335 2267 342 2286 :
357 2257 432 2288 audi
451 2260 555 2286 tamen
570 2256 645 2295 quid
667 2256 704 2286 ad
725 2257 815 2286 illum
829 2256 982 2296 quuatur
1001 2258 1085 2287 Deus
1103 2267 1109 2286 :
1125 2257 1215 2291 Noli,
1235 2257 1350 2295 inquit,
1374 2265 1463 2286 orare
1481 2266 1540 2295 pro
1565 2257 1682 2296 populo
1702 2256 1761 2286 ista
1779 2266 1788 2286 :
1803 2265 1884 2295 quo-

235 2296 320 2326 niam
334 2306 398 2326 non
413 2295 576 2326 exaudiam
591 2300 619 2324 te
643 2300 649 2314 ¹
673 2297 751 2335 (Jer.
769 2297 817 2325 11.
839 2295 900 2336 lli).
924 2297 1005 2333 Quid
1027 2297 1123 2336 igitur
1145 2297 1284 2331 miraris,
1318 2297 1343 2326 si
1370 2305 1433 2325 non
1457 2296 1609 2326 exaudiat
1627 2297 1882 2334 supplicantem?

235 2340 338 2370 Etiam
352 2340 378 2369 si
396 2340 476 2377 ipse,
493 2338 606 2376 inquit,
624 2338 729 2368 MOses
745 2338 881 2372 adesset,
903 2343 1000 2377 atque
1016 2339 1155 2375 Samuel,
1172 2348 1222 2368 me
1244 2341 1350 2367 tamen
1365 2346 1477 2367 eorum
1494 2346 1551 2375 pro
1568 2337 1683 2367 talibus
1702 2337 1882 2375 deprecan—

236 2385 316 2410 tium
330 2388 394 2408 non
409 2379 548 2417 placeret
563 2378 677 2407 oratio.
693 2377 750 2407 Sed
767 2378 912 2407 Ezechiel
927 2379 1039 2408 saltem
1053 2380 1078 2409 si
1094 2378 1261 2416 supplicet,
1277 2377 1434 2417 audietur.
1452 2377 1571 2417 Verum
1587 2377 1646 2417 ipsi
1659 2385 1790 2417 quoque.
1805 2377 1882 2408 dicit

235 2415 574 2455 Dominus—Quoniam
586 2417 613 2448 si
627 2417 750 2447 assistat
766 2417 834 2447 Noe
849 2422 876 2446 et
890 2417 962 2449 Job.
981 2423 1008 2448 et
1024 2415 1144 2451 Daniel,
1158 2415 1244 2457 iﬁlios
1260 2426 1331 2446 suos
1346 2421 1375 2446 et
1386 2416 1467 2454 ﬁlias
1481 2425 1546 2446 non
1561 2415 1735 2457 liberabant
1747 2416 1880 2455 (Ezech.

236 2459 286 2489 η.
304 2458 353 2488 1Ζι.
372 2457 433 2497 16).
451 2457 554 2486 Etiam
569 2456 594 2486 si
623 2457 790 2497 Abraham
809 2457 992 2495 patriarcha
1013 2467 1070 2496 pro
1094 2458 1131 2487 iis
1148 2457 1316 2495 supplicet,
1338 2457 1393 2494 qui
1412 2457 1444 2485 in
1463 2456 1530 2486 suis
1552 2456 1635 2485 vitiis
1662 2457 1882 2497 permanendo

237 2496 513 2528 immedicabiliter
526 2499 691 2534 mgrotant.
709 2496 807 2526 ahiiiit
822 2497 906 2526 Deus
929 2498 1114 2535 relinquens
1138 2499 1315 2535 rogantem,
1335 2505 1374 2525 ne
1397 2504 1505 2526 vocem
1523 2504 1581 2533 pro
1598 2496 1715 2526 taiibus
1737 2496 1883 2526 interm-—

238 2538 354 2569 nientis
371 2537 532 2567 exaudiat.
551 2537 588 2565 Et
603 2538 628 2566 si
645 2536 772 2566 Samuel
789 2545 917 2566 rursum
934 2546 1072 2567 exorans
1093 2547 1149 2574 pro
1166 2537 1275 2574 aliquo
1291 2535 1421 2574 indigno
1439 2535 1638 2573 deprecetur,
1664 2536 1820 2565 continuo
1839 2537 1880 2566 ad

238 2578 342 2616 ipsum
359 2577 508 2607 clamabit
524 2577 608 2605 Deus
623 2585 629 2604 :
647 2576 808 2616 Usi/aequo
825 2581 858 2605 tu
877 2575 962 2612 luges
983 2577 1055 2607 Sail!
1070 2577 1109 2614 (ι.
1128 2578 1200 2613 [ἔρῃ.
1221 2576 1269 2604 16.
1287 2576 1314 2615 1)
1327 2576 1339 2604 ‘2
1354 2575 1456 2605 Etiam
1474 2576 1499 2604 si
1515 2584 1572 2614 pro
1589 2585 1699 2605 sorore
1719 2576 1883 2616 quispiam

239 2615 489 2655 incompetenter
510 2616 661 2650 oraverit,
676 2615 782 2645 audiet
802 2616 885 2654 quod
911 2616 1015 2646 Moses
1032 2625 1040 2645 :
1057 2617 1092 2646 Si
1118 2625 1287 2654 conspucns
1308 2615 1500 2653 conspuisset
1525 2620 1614 2654 pater
1633 2615 1699 2654 ejus
1714 2615 1749 2644 in
1770 2616 1884 2654 [aciem

239 2657 349 2695 ipsius,
367 2665 468 2686 nonne
487 2660 559 2685 esset
577 2655 733 2695 imi/tunde
750 2655 857 2693 (Num.
876 2655 924 2685 12.
941 2656 1018 2695 1h)?
1033 2656 1100 2686 Non
1119 2657 1215 2694 igitur
1229 2655 1513 2695 quasiroscitantes
1533 2657 1563 2685 et
1586 2655 1724 2690 desides,
1739 2663 1778 2684 ex
1798 2655 1884 2686 alio-

240 2694 311 2726 rum
328 2696 446 2725 meritis
465 2695 672 2733 pendeamus.
686 2694 813 2725 Habent
829 2695 914 2725 enim
930 2696 991 2725 vim
1007 2705 1064 2734 pro
1081 2696 1185 2730 nobis,
1209 2699 1239 2725 et
1260 2694 1389 2732 quidem
1410 2694 1594 2728 maximam,
1613 2695 1778 2724 orationes
1801 2703 1885 2732 sup—

241 2735 493 2773 plicationesque
512 2738 720 2763 sanctorum:
738 2734 792 2763 sed
820 2737 894 2764 tunc
918 2733 1056 2772 profecto
1081 2745 1153 2765 cum
1181 2743 1239 2764 nos
1263 2742 1393 2772 quoque
1418 2734 1556 2772 idipsum
1579 2743 1636 2772 per
1658 2733 1882 2772 panitentiam

241 2774 455 2813 postulamus,
475 2777 507 2804 et
522 2774 562 2804 ad
586 2774 691 2805 studia
707 2774 840 2805 metiora
864 2775 1078 2815 confugimus.
1096 2775 1248 2814 Alioquin
1264 2774 1359 2804 etiam
1385 2774 1490 2804 Moses
1514 2773 1593 2812 ipse,
1619 2782 1675 2813 qun
1695 2776 1726 2804 et
1749 2773 1883 2804 fratrem

277 2876 285 2894 ί
304 2874 332 2901 Ill
344 2878 434 2905 Gt'tcco,
447 2880 476 2901 διδ
491 2880 522 2900 viui
539 2879 666 2904 ιἰσωιοῦκμί
682 2886 729 2904 σου,
777 2876 824 2903 est,
870 2875 892 2897 ft.’
903 2878 949 2897 ltuit
962 2871 1042 2897 (milia.
