2055 3128
233 137 306 165 1027
831 141 947 170 ANIANI
971 140 1255 170 INTERPRETATIO.
1793 138 1862 167 mea

230 204 336 228 suum,
348 196 378 224 et
391 198 542 224 sexcenta
557 193 611 224 illa
625 193 725 223 millia
740 197 936 224 armatorum
949 195 990 224 ab
1004 193 1180 223 imminenti
1191 193 1248 223 Dei
1263 193 1412 223 liberavit
1427 193 1487 230 ira,
1501 202 1643 224 sororem
1660 197 1764 224 tamen
1777 203 1868 224 suam

230 234 374 273 nequivit
388 242 513 264 eruere.
529 233 569 262 Et
582 236 667 263 certe
682 241 745 262 non
759 236 828 273 erat
839 234 963 271 aequale
975 237 1151 271 peccatum.
1165 233 1222 263 llla
1238 233 1427 271 iujuriosius
1442 233 1480 262 de
1494 233 1583 264 Mnse
1602 234 1705 264 fuerat
1718 233 1868 272 quiddam

213 272 364 313 .loq’uuta
381 283 387 302 :
406 277 438 302 at
453 282 529 303 vero
554 273 658 302 omnis
681 273 737 302 illa
760 272 941 308 multitudo,
971 282 1069 312 quam
1097 273 1258 313 diximus,
1275 274 1393 313 rectam
1418 273 1450 301 in
1474 273 1644 303 Dominum
1673 273 1868 311 impietatem

229 314 444 344 commiserat.
459 313 517 343 Sed
533 313 615 343 hanc
629 315 736 342 tamen
754 313 844 343 vobis
859 314 1068 352 quaestionem
1083 313 1187 351 potius
1204 312 1363 350 relinquo,
1380 312 1447 350 ipse
1463 321 1539 341 vero
1556 313 1586 341 id
1603 313 1688 350 quod
1705 314 1805 343 multo
1823 318 1870 344 est

229 354 401 387 difficilius,
421 354 563 382 conabor
577 352 756 382 absolvere.
775 352 856 389 Quid
872 353 957 382 enim
972 353 1039 391 jam
1051 353 1089 383 de
1111 361 1222 382 sorore
1237 352 1391 392 dicamus,
1406 352 1537 392 quando
1553 353 1631 382 tanti
1648 353 1700 382 ille
1719 353 1785 382 dux
1808 362 1869 392 po—

229 394 297 433 puli
312 392 458 423 sufficere
476 392 598 430 sibiipsi
615 400 746 430 quoque
770 392 971 433 deprecando
988 401 1052 422 non
1075 392 1185 426 valuit,
1206 391 1270 433 sed
1286 394 1354 429 post
1371 391 1456 421 mille
1475 400 1635 433 aerumnas
1659 391 1822 433 laborum,
1839 397 1869 422 ct

229 431 443 471 quadraginta
458 440 617 462 annorum
631 432 885 461 con‘uuendatum
901 433 962 461 sibi
978 441 997 462 a
1011 432 1149 462 Domino
1171 431 1396 470 principatum,
1421 431 1598 468 prohibitus
1623 435 1670 461 est
1690 440 1707 461 a
1733 432 1870 461 Domino

230 477 348 502 terram
362 471 621 510 repromissionis
637 471 770 504 intrare,
787 481 884 509 quam
900 472 992 501 toties
1009 472 1055 502 eis
1069 471 1196 501 divinus
1220 471 1322 500 fuerat
1344 479 1448 500 sermo
1471 471 1654 508 pollicitus?
1671 471 1750 507 Quid
1774 472 1871 510 igitur

230 513 262 542 in
278 512 460 542 causaest?
474 511 685 549 Nequaquam
699 511 785 541 utilis
800 512 832 540 in
849 511 936 541 illam
953 514 1071 541 terram
1087 511 1188 541 sancti
1206 510 1303 540 Mosis
1319 510 1430 539 fuisset
1445 510 1622 549 ingressus,
1640 510 1691 541 sed
1712 520 1783 541 cum
1800 520 1871 542 ma—

230 561 294 590 gno
308 551 425 581 damno
436 550 639 589 eoujuuctus,
655 554 685 580 et
698 551 753 588 qui
770 552 902 580 omnino
915 551 1069 589 plurimOs
1087 551 1270 580 Judaeorum
1284 550 1315 590 in
1331 550 1504 590 maximam
1519 550 1636 579 erroris
1652 552 1781 580 ruinam
1795 560 1870 589 sup-

230 589 378 630 plantare
391 590 558 629 potuisset.
574 590 604 620 Si
620 591 704 620 enim
720 590 798 628 quia
814 600 871 629 per
888 591 980 620 illum
994 591 1121 620 fuerant
1135 590 1173 620 de
1189 590 1256 620 sola
1271 589 1407 630 .‘ljlgypto
1422 589 1560 630 liberati,
1576 590 1686 630 relicto
1702 591 1779 620 Deo.
1795 594 1870 621 tan—

230 628 399 660 tummodo,
414 630 525 660 Mosen
547 630 766 668 requirebant,
784 628 885 669 ipsius
902 640 972 660 esse
995 639 1127 668 prorsus
1150 632 1264 660 cuncta
1282 629 1337 659 illa
1361 628 1514 658 beneficia
1536 629 1700 659 credentes
1716 640 1723 658 :
1739 630 1823 659 hunc
1841 639 1867 659 ει

231 670 480 700 introductorem
499 678 629 707 quoque
646 669 676 698 in
694 673 810 700 terram
826 670 1086 708 repromiSsionis
1102 670 1302 703 habuissent,
1326 669 1357 698 in
1375 677 1447 706 quae
1461 677 1524 698 non
1546 669 1591 698 illi
1606 669 1775 707 impietatis
1790 679 1870 708 prae

231 712 325 748 rupta
341 709 551 740 cecidissent?
566 709 602 739 Ut
618 709 716 747 igitur
729 710 833 739 omnis
851 709 1033 746 huiusmodi
1054 712 1277 747 amputaretur
1300 709 1438 740 occasio.
1461 708 1564 746 ipsum
1587 718 1716 746 quoque
1740 709 1807 747 ejus
1824 713 1871 738 est

231 749 426 779 occultatum
441 749 624 786 sepulcrum
639 748 745 787 (Deut.
761 748 810 778 3!».
825 749 869 789 6).
886 750 924 778 Et
938 749 1066 779 Samuel
1083 749 1212 787 quidem
1229 748 1357 789 Saiilem
1374 749 1414 777 ab
1427 749 1474 789 ira
1494 748 1549 777 Dei
1571 748 1789 789 liberaregiion
1808 757 1872 786 po--

232 789 302 823 tuit,
319 789 530 818 lsraehticum
546 797 621 818 vero
638 797 722 826 saepe
737 787 890 827 populum
906 789 1042 818 salvavit
1059 789 1099 828 (1.
1113 789 1189 827 Reg.
1205 788 1253 817 16.
1271 788 1313 828 1).
1339 787 1493 828 Jereinias
1517 787 1786 828 quoquerJudaeos
1807 796 1870 817 non

231 829 348 866 eripuit
363 828 496 861 ultioni;
513 828 612 857 alium
628 831 734 857 tamen
752 828 922 866 quemdam
939 828 1082 858 salvasse
1102 830 1309 858 memoratur.
1332 827 1447 857 Daniel
1469 828 1564 856 etiam
1591 827 1749 865 sapientes
1766 828 1872 866 Baby-

231 868 325 898 loniae
341 868 381 898 ab
393 868 523 897 interitu
539 867 698 902 liberavit,
715 877 772 898 nec
788 870 893 898 tamen
906 868 1031 898 Judmos
1043 868 1122 907 jugo
1138 867 1330 906 captivitatis
1348 867 1486 907 absolvit
1503 866 1596 906 (Dan.
1609 867 1651 906 2).
1668 867 1705 896 ln
1719 867 1873 905 Evange—

231 908 275 937 lio
291 916 365 937 vero
382 907 553 941 cernimus,
569 915 631 935 non
646 907 677 936 in
692 907 763 937 aliis
780 910 876 945 atque
889 906 1116 943 diversis,’sed
1138 907 1169 936 in
1186 907 1306 937 eisdem
1329 906 1407 945 ipsis
1428 906 1495 936 ﬁeri
1519 910 1693 945 utrumque
1710 907 1871 945 personis,

232 950 262 976 et
278 956 378 976 unum
401 946 612 984 eumdemque
628 946 800 981 hominem,
826 956 912 977 nunc
930 947 1059 985 quidem
1076 947 1287 977 sufficientem
1309 947 1347 976 ad
1368 946 1591 976 liberationem
1616 947 1678 978 sui,
1695 956 1782 976 nunc
1796 955 1872 976 vero

232 986 337 1025 ipsum
352 985 489 1024 propriae
504 985 616 1015 salutis
631 985 711 1015 effici
728 986 933 1024 proditorem.
955 987 1034 1016 Nam
1051 987 1104 1016 ille
1125 986 1254 1025 quidem
1276 986 1361 1016 mille
1389 986 1582 1015 talentorum
1608 985 1742 1021 debitor,
1762 986 1871 1016 multis

232 1026 379 1064 precibus
394 1025 604 1063 supplicando
617 1026 823 1064 semetipsum
839 1026 982 1064 periculo
999 1026 1157 1062 liberavit,
1176 1029 1285 1064 postea
1302 1034 1377 1055 vero
1395 1025 1533 1063 idipsum
1550 1026 1721 1063 impetrare
1736 1034 1800 1055 non
1819 1034 1872 1055 va-

231 1066 308 1094 luit:
322 1065 403 1095 alter
418 1073 494 1104 vero
505 1073 521 1094 e
530 1064 703 1100 contrario,
714 1074 786 1095 cum
799 1066 887 1104 prius
900 1065 1068 1104 perditioni
1081 1066 1287 1104 semetipsum
1300 1068 1400 1094 totum
1414 1065 1682 1103 dedisset._postea
1695 1069 1801 1095 tamen
1810 1065 1870 1094 sibi

230 1104 405 1142 plurimum
415 1103 545 1142 profuit.
554 1103 630 1140 Quis
642 1113 719 1134 vero
732 1105 790 1134 iste
801 1103 938 1141 est?Qui
951 1106 1071 1136 scilicet
1083 1107 1165 1136 bona
1177 1103 1275 1143 patris
1285 1106 1510 1143 absumpserat
1521 1104 1728 1143 (Luc.15.30).
1741 1104 1788 1134 Ex
1800 1104 1872 1142 qni-

232 1145 289 1174 bus
297 1143 440 1182 profecto
454 1143 584 1179 redolet,
596 1143 682 1182 quod
691 1144 717 1174 si
731 1144 929 1182 negligentes
945 1145 1099 1175 fuerimus
1116 1154 1153 1176 ac
1164 1145 1298 1179 desides,
1313 1154 1370 1174 nec
1385 1154 1440 1182 per
1450 1144 1588 1174 aliorum
1604 1144 1731 1182 quidem
1748 1153 1869 1182 possu-

233 1196 304 1218 mus
315 1187 427 1217 merita
438 1187 567 1217 salvari.
581 1186 696 1215 Sivero
708 1188 811 1226 mente
827 1185 1005 1226 vigilemus,
1020 1185 1116 1226 etiam
1127 1196 1185 1226 per
1196 1187 1410 1225 nosmetipsos
1421 1187 1505 1217 istud
1521 1188 1684 1218 valeamus
1696 1187 1832 1223 efficere,
1846 1191 1876 1218 et

234 1228 335 1272 multo
348 1226 587 1272 inagis‘nostro,
602 1233 699 1272 quam
718 1225 824 1272 alieno
839 1225 899 1254 tuti
913 1234 983 1255 esse
999 1225 1164 1272 sutl'ragi'o.
1181 1227 1260 1272 Nam
1271 1230 1302 1272 et
1314 1227 1399 1257 Deus
1411 1227 1719 1272 sal-utem'nostram,
1733 1235 1797 1272 non
1811 1231 1875 1256 tam

233 1267 306 1297 aliis
322 1266 509 1305 rogantibus
525 1274 583 1302 pro
598 1265 689 1305 nobis
707 1265 773 1294 vult
784 1265 916 1300 donare,
930 1274 1028 1303 quam
1043 1265 1135 1296 nobis
1150 1276 1157 1295 :
1173 1270 1208 1296 ut
1220 1266 1279 1296 hoc
1292 1267 1362 1305 ipso
1376 1275 1441 1305 quo
1456 1268 1536 1297 iram
1549 1267 1581 1296 in
1593 1275 1651 1296 nos
1668 1266 1736 1305 ejus
1748 1267 1876 1305 placare

235 1304 394 1344 cupimus,
411 1306 448 1335 ad
468 1305 572 1335 studia
586 1304 724 1345 meliora
746 1305 931 1343 migremus,
946 1308 976 1334 et
990 1305 1138 1335 fiduciam
1161 1307 1252 1336 bonae
1273 1304 1476 1337 conscientiae.
1498 1304 1700 1345 colligamus.
1726 1305 1775 1335 Sic
1792 1305 1876 1335 enim

235 1346 449 1376 Chananaeam
464 1345 552 1374 illam
566 1344 741 1382 aliquando
759 1345 928 1374 miseratus
948 1348 1013 1378 est;
1038 1345 1083 1374 sic
1096 1346 1192 1375 etiam
1208 1346 1366 1375 meretrici
1387 1346 1519 1376 donavit
1540 1344 1696 1381 salutem;
1714 1346 1759 1375 sic
1776 1346 1876 1375 latro—

235 1395 308 1415 nem
323 1394 341 1415 a
356 1394 450 1415 cruce
465 1385 497 1414 in
514 1383 696 1423 paradisum
712 1384 885 1419 transtulit,
902 1385 1022 1414 nullius
1039 1385 1177 1423 patroni,
1194 1386 1315 1415 nullius
1338 1386 1486 1424 precibus
1509 1385 1693 1416 mediatoris
1720 1385 1871 1415 inflexus.

274 1424 303 1454 5.
319 1425 357 1454 Et
369 1425 435 1454 haec
446 1424 592 1464 dicimus,
607 1432 671 1452 non
685 1426 719 1452 ut
731 1424 977 1464 supplicandum
989 1433 1058 1454 esse
1072 1425 1191 1454 sanctis
1208 1434 1374 1464 negemus,
1388 1425 1441 1455 sed
1454 1434 1492 1455 ne
1503 1425 1715 1463 nosmetipsos
1730 1425 1762 1454 in
1777 1425 1877 1455 otium

235 1473 272 1494 ac
288 1464 441 1494 desidiam
461 1463 672 1498 resolvamus,
696 1466 727 1493 et
749 1463 942 1493 dormientes
963 1464 1023 1502 ipsi
1042 1465 1113 1494 aliis
1137 1463 1357 1494 tantummodo
1379 1468 1489 1495 nostra
1513 1465 1656 1495 curanda
1676 1465 1876 1494 mandemus.

236 1504 315 1534 Nam
339 1513 411 1534 cum
434 1503 591 1544 dixisset,_
608 1503 717 1532 Facite
731 1502 818 1544 valgis
834 1503 959 1538 anticos,
984 1503 1122 1544 nonrhic
1141 1504 1268 1540 restitit,
1293 1504 1347 1534 sed
1374 1505 1506 1544 adjecit,
1528 1505 1586 1534 Ex
1607 1504 1714 1543 iniquo
1738 1514 1878 1534 mammm

238 1544 327 1583 (Luc.
341 1544 388 1573 16.
403 1543 433 1582 9)
453 1553 459 1572 :
475 1545 511 1572 ut
524 1542 645 1583 scilicet
656 1545 746 1583 tuum
762 1543 793 1572 id
806 1546 891 1583 esset
902 1552 938 1572 ac
951 1543 1128 1581 proprium.
1141 1543 1225 1573 Nihil
1237 1544 1356 1582 quippe
1373 1542 1425 1574 hic
1442 1544 1528 1574 aliud
1540 1553 1638 1583 quam
1653 1542 1878 1574 misericordias

236 1592 335 1621 opera
357 1583 496 1622 signavit
515 1592 522 1611 :
539 1582 689 1622 quodque
706 1582 959 1622 mirandumest,
979 1592 1043 1612 non
1061 1586 1207 1613 exactam
1232 1584 1399 1613 nobiscum
1418 1584 1574 1614 rationem
1600 1583 1760 1619 subducit,
1779 1583 1879 1613 dum—

237 1623 330 1653 modo
345 1621 571 1661 ab’iniquitate
586 1621 791 1662 desistamus.
806 1621 896 1658 Quod
913 1623 998 1652 enim
1013 1622 1100 1659 dicit,
1117 1622 1300 1662 hujusmodi
1317 1626 1364 1653 est
1382 1633 1389 1652 :
1405 1624 1577 1661 Acquisisti
1595 1626 1687 1653 antea
1706 1624 1800 1658 male,
1816 1624 1878 1652 im-

237 1662 339 1702 pende
349 1662 415 1702 jam
432 1663 513 1692 bene
531 1672 537 1690 :
553 1661 708 1702 collegisti
727 1662 881 1702 hactenus
904 1662 1026 1700 inique,
1051 1662 1198 1701 disperge
1220 1663 1413 1701 nunejuste.
1443 1663 1539 1702 Atqui
1564 1672 1636 1701 quae
1663 1662 1790 1693 tandem
1817 1663 1879 1693 ista

237 1700 337 1732 virtus
350 1700 398 1732 est
410 1702 530 1731 donare
546 1700 584 1730 de
602 1701 742 1731 talibus?
756 1701 813 1731 Sed
831 1704 936 1731 tamen
951 1710 1064 1732 amans
1081 1700 1243 1732 hominem
1267 1703 1352 1732 Deus
1373 1700 1517 1740 cousque
1532 1700 1705 1736 descendit,
1727 1701 1800 1732 utsi
1818 1702 1880 1733 ista

238 1742 404 1775 faciamus,
422 1742 506 1771 bona
522 1741 613 1770 nobis
628 1749 743 1780 magna
759 1740 933 1779 promittat.
948 1741 1068 1771 Verum
1090 1750 1147 1771 nos
1163 1742 1194 1771 in
1219 1745 1341 1772 tantum
1364 1742 1505 1772 stultitiae
1518 1743 1730 1780 amentiaeque
1746 1750 1880 1780 proces—

238 1782 350 1816 simus,
368 1784 476 1811 utnec
491 1789 531 1810 ex
547 1780 659 1818 iniqua
675 1780 795 1819 aliquid
812 1781 1017 1819 possessione
1033 1781 1211 1811 tribuamus
1228 1791 1234 1810 :
1252 1781 1305 1811 sed
1329 1784 1446 1811 etcum
1468 1782 1591 1820 rapinis
1608 1782 1693 1811 mille
1717 1781 1807 1811 ditati
1830 1781 1879 1811 vel

239 1821 403 1850 minimam
422 1822 544 1859 partem
563 1820 643 1849 forte
659 1819 852 1855 dederimus,
867 1821 976 1851 omnia
993 1821 1127 1859 nosjam
1152 1821 1301 1859 implesse
1316 1822 1486 1851 credimus.
1503 1819 1550 1850 An
1574 1830 1637 1850 non
1663 1821 1743 1850 forte
1763 1821 1879 1850 audisti

238 1861 419 1899 apostolum
435 1859 712 1900 pronuntiantem,
729 1859 882 1898 quoniam
899 1860 962 1897 Qui
984 1869 1077 1899 parce
1094 1860 1233 1893 sem-inut,
1255 1870 1347 1899 parce
1363 1865 1389 1890 et
1412 1865 1498 1890 metet
1522 1861 1562 1898 (ἓ.
1590 1861 1660 1891 Cor.
1677 1861 1706 1889 9.
1726 1860 1782 1900 6)?
1797 1861 1878 1896 Qua,

238 1908 348 1938 quaeso
366 1900 463 1934 enim,
478 1899 603 1929 ratione
618 1899 720 1937 parcis
737 1908 774 1929 ac
794 1899 939 1929 relines?
962 1900 1031 1929 Non
1055 1903 1102 1930 est
1126 1900 1209 1929 istud
1226 1900 1421 1939 impendere,
1444 1900 1499 1930 sed
1518 1909 1659 1939 augere:
1679 1899 1785 1938 neque
1805 1899 1880 1928 fru-

240 1944 309 1969 ctus
323 1948 361 1969 ac
383 1939 556 1977 negotiatio
581 1939 725 1976 impensa
741 1939 874 1968 dicenda
892 1942 950 1968 est.
975 1939 1032 1969 Ubi
1056 1939 1141 1969 enim
1166 1949 1275 1969 semen
1305 1943 1363 1973 est,
1391 1940 1435 1968 ibi
1452 1939 1549 1969 etiam
1572 1939 1796 1977 multiplicatio
1815 1940 1881 1968 fru—

240 1982 349 2008 clnum
364 1978 584 2016 consequitur.
610 1978 658 2007 Tu
676 1986 752 2007 vero
770 1979 796 2007 si
813 1981 931 2007 terram
954 1978 1083 2016 quidem
1108 1978 1260 2017 pinguem
1276 1987 1313 2008 ac
1332 1978 1466 2008 fertilem
1485 1979 1618 2013 coleres,
1636 1982 1753 2017 etquae
1776 1979 1881 2017 pluri-

241 2027 329 2047 mum
350 2019 432 2047 esset
452 2019 634 2055 opportuna
654 2017 842 2051 seminibus,
867 2025 931 2046 non
953 2020 1078 2047 tantum
1097 2017 1186 2046 illam
1210 2018 1341 2056 propria
1362 2018 1479 2048 horrea
1503 2017 1690 2047 seminando
1714 2027 1880 2054 vacuares,

243 2066 351 2086 verum
366 2057 459 2086 etiam
474 2056 672 2086 mutuaveris
690 2056 819 2086 aliunde
835 2056 919 2095 quod
936 2065 1070 2086 screres.
1088 2056 1266 2086 Maximum
1282 2065 1422 2094 namque
1442 2056 1669 2086 detrimentum
1686 2061 1830 2095 putares,
1849 2057 1880 2087 in

242 2106 275 2126 re
286 2097 340 2126 tali
356 2096 487 2133 diligere
501 2095 688 2134 parcitatem
705 2105 711 2124 :
730 2096 841 2125 caelum
860 2104 935 2125 vero
951 2105 1022 2125 cum
1039 2095 1183 2124 culturus
1200 2095 1255 2130 sis,
1270 2095 1322 2125 ubi
1341 2096 1429 2126 nulla
1453 2097 1536 2126 aeris
1564 2097 1779 2135 inaequalitas,
1806 2106 1880 2127 cor-

241 2136 348 2174 ruptio
360 2136 448 2166 nulla
465 2138 631 2165 ventorum
646 2139 704 2170 est,
724 2135 777 2164 sed
795 2135 933 2173 plurimo
949 2135 1069 2173 ubique
1085 2144 1158 2164 cum
1175 2135 1294 2165 femore
1312 2135 1435 2165 semina
1448 2135 1535 2174 jacta
1559 2136 1764 2174 proveniunt,
1795 2145 1882 2166 cun--

242 2177 337 2206 claris
364 2179 461 2213 atque
491 2174 686 2209 dissimulas,
703 2184 762 2204 nec
776 2175 928 2215 intelligis
956 2175 1034 2212 quia
1061 2174 1223 2215 possimus
1245 2178 1276 2204 et
1303 2174 1462 2213 parcendo
1485 2175 1628 2214 perdere,
1650 2179 1681 2205 et
1700 2175 1881 2215 spargendo

241 2215 413 2254 colligere?
427 2215 547 2253 Sparge
557 2223 644 2253 ergo,
656 2224 695 2244 ne
710 2214 822 2252 perdas
836 2224 842 2243 :
856 2214 920 2243 noli
934 2214 1083 2247 retinere,
1095 2217 1129 2243 ut
1144 2214 1244 2253 magis
1258 2223 1444 2253 congreges,
1457 2215 1511 2244 sed
1533 2214 1791 2245 fructuosissimo
1805 2224 1880 2245 ero-

241 2253 345 2293 gaudia
359 2263 475 2294 genere
491 2259 526 2284 ut
541 2254 689 2294 lucreris,
706 2253 862 2294 impende.
880 2254 918 2282 lit
933 2254 959 2283 si
980 2261 1111 2283 servare
1134 2253 1188 2284 illa
1205 2257 1342 2292 oportet,
1363 2254 1428 2284 uoli
1447 2263 1485 2285 ea
1504 2257 1538 2284 tu
1556 2263 1702 2290 servare;
1719 2255 1779 2285 hoc
1793 2254 1879 2284 enim

242 2295 334 2323 modo
353 2294 503 2324 universa
529 2293 713 2332 dispereunt
733 2303 739 2322 :
757 2293 811 2322 sed
838 2294 902 2323 Deo
929 2294 1034 2332 potius
1060 2296 1173 2323 cuneta
1193 2294 1366 2330 committe,
1391 2296 1421 2323 et
1440 2303 1534 2324 nemo
1562 2294 1737 2332 quidquam
1765 2294 1878 2333 poterit

243 2334 313 2363 inde
327 2333 474 2372 diripere.
491 2334 559 2363 Noli
575 2333 672 2370 igitur
688 2336 720 2363 tu
738 2333 788 2362 hic.
804 2333 884 2362 velle
901 2333 1057 2371 negotiari
1075 2342 1082 2361 :
1100 2341 1204 2370 neque
1228 2334 1313 2362 enim
1337 2333 1419 2362 nosti
1437 2333 1527 2364 lucra
1541 2334 1691 2372 colligere
1709 2344 1715 2362 :
1734 2334 1788 2364 sed
1804 2342 1878 2364 eum

244 2373 348 2411 potius
364 2371 531 2413 fmiierare,
548 2373 602 2411 qui
620 2373 714 2411 longe
734 2371 888 2413 majorem
908 2371 1149 2413 fmuorerreddit
1169 2381 1300 2403 usuram
1317 2382 1324 2413 ς
1343 2372 1386 2402 ibi
1404 2371 1562 2413 (inquam)
1581 2371 1685 2411 potius
1708 2373 1877 2408 faenerare,

245 2413 298 2442 ubi
316 2412 402 2441 nulla
420 2412 539 2441 invidia
560 2421 704 2449 prorsus,
725 2411 831 2441 nullus
849 2413 955 2445 timor,
973 2412 1061 2441 nulla
1078 2412 1251 2444 accusatio,
1269 2412 1364 2441 nullae
1376 2411 1684 2442 versantur'insidis:
1698 2422 1705 2441 :
1720 2413 1878 2443 faenerare

243 2451 362 2482 nullius
378 2453 423 2482 rei
440 2454 565 2491 penitus
580 2453 786 2493 indigentem,
805 2452 859 2493 sed
880 2454 1009 2493 propter
1022 2454 1055 2493 te
1074 2454 1179 2481 tamen
1195 2453 1359 2493 tamquam
1378 2450 1559 2493 necessaria
1582 2451 1808 2493 postulantem.
1831 2450 1877 2480 Da

243 2493 382 2531 pascenti
398 2489 520 2525 omnes.
537 2496 567 2522 et
581 2489 711 2531 propter
727 2495 756 2522 te
776 2489 947 2526 esurienti,
962 2500 1002 2521 ne
1020 2491 1088 2531 ipse
1109 2492 1249 2531 egestate
1264 2490 1424 2520 moriaris.
1437 2491 1490 2531 Da
1501 2490 1528 2520 ei
1545 2489 1600 2531 qui
1617 2490 1735 2520 idcirco
1746 2499 1879 2531 pauper

244 2530 372 2560 clla-ctus
389 2534 448 2564 est,
465 2536 500 2561 ut
511 2534 540 2561 te
551 2529 679 2562 divitem
690 2531 808 2562 faceret
823 2541 829 2560 :
845 2531 1002 2561 faenerare
1016 2530 1100 2560 unde
1120 2529 1224 2567 possis
1240 2538 1305 2559 non
1321 2533 1455 2560 mortem
1479 2529 1681 2564 fructificare,
1698 2529 1751 2559 sed
1768 2530 1877 2559 vitam.

245 2571 313 2599 Istae
328 2579 465 2608 namque
476 2579 583 2601 usurae
599 2580 745 2609 regnum,
763 2571 824 2601 illae
836 2573 940 2601 autem
957 2571 1131 2608 acquirunt
1145 2569 1341 2608 gehennam;
1357 2569 1418 2599 illae
1437 2571 1523 2599 enim
1539 2569 1686 2609 avaritiae,
1702 2571 1788 2609 sunt,
1812 2569 1880 2599 istae

246 2618 322 2638 vero
337 2609 564 2648 philosophiae;
583 2614 612 2641 et
629 2608 690 2640 illae
704 2609 832 2648 quidem
847 2610 1055 2642 crudelitatis,
1073 2609 1140 2639 istae
1156 2618 1232 2639 vero
1248 2609 1385 2647 pictatis.
1405 2609 1507 2645 Quam
1529 2617 1606 2648 ergo
1629 2608 1878 2638 satisfactionem

245 2653 360 2686 parare
374 2650 562 2687 poterimus,
582 2650 636 2688 qui
653 2659 725 2679 cum
741 2653 771 2679 ct
784 2650 933 2688 amplius,
949 2653 981 2679 et
999 2649 1110 2683 tutius,
1129 2652 1160 2679 et
1179 2649 1391 2687 opportunius
1407 2649 1566 2687 possimus
1585 2648 1740 2686 accipere,
1759 2652 1789 2678 et
1807 2658 1879 2677 cum

246 2688 389 2719 libertate
404 2689 503 2723 omni,
520 2693 548 2719 ct
564 2687 686 2727 absque
702 2687 880 2723 formidine,
893 2690 1016 2727 absque
1030 2688 1315 2719 obtrectationibus
1329 2696 1366 2718 ac
1378 2689 1526 2726 periculis
1541 2688 1716 2726 possidere,
1732 2696 1749 2717 a
1766 2687 1876 2718 talium

247 2727 408 2757 lucrorum
424 2728 529 2758 studio
544 2729 738 2763 recedentes,
755 2728 832 2759 vilia
857 2729 917 2759 ista
934 2731 1095 2759 sectamur
1109 2737 1147 2758 ac
1161 2729 1278 2766 turpia,
1300 2729 1453 2758 continuo
1468 2728 1623 2766 peritura,
1642 2736 1679 2758 ac
1701 2728 1878 2757 maximum

247 2767 337 2796 nobis
354 2768 497 2805 paritura
513 2769 705 2806 supplicium
718 2769 732 2797 ?
745 2768 830 2798 Nihil
844 2769 928 2798 enim
940 2768 1086 2806 praesenti
1104 2776 1204 2797 usura
1218 2767 1355 2805 turpius,
1368 2768 1512 2806 nihilque
1528 2767 1701 2797 crudelius.
1717 2767 1877 2805 Siquidem

246 2806 428 2844 huiusmodi
445 2807 617 2838 faenerator
632 2808 814 2846 negotiatur
827 2808 933 2838 aliena
945 2807 1140 2843 discrimina,
1160 2811 1190 2836 et
1211 2807 1389 2843 uberiores,
1405 2811 1441 2838 ut
1459 2810 1560 2846 putat,
1578 2809 1720 2846 quaestus
1745 2807 1783 2836 de
1797 2806 1879 2835 alte-

245 2847 314 2876 rius
330 2845 514 2877 infelicitate
529 2845 747 2886 consequitur,
766 2850 862 2886 atque
876 2848 1009 2885 insuper
1023 2847 1116 2885 quasi
1132 2846 1258 2884 pictatis
1274 2845 1614 2886 mercedcm’reposcit,
1633 2846 1719 2886 velut
1734 2849 1877 2886 metuens

247 2894 286 2916 ne
301 2886 526 2918 immisericors
539 2887 619 2918 forte
635 2885 798 2918 videatur:
811 2885 887 2918 cum
904 2886 1045 2926 profecto
1060 2889 1215 2926 praetextu
1231 2885 1413 2924 misercndi,
1435 2885 1532 2926 atque
1550 2895 1642 2926 opem
1659 2885 1791 2921 ferendi,
1811 2891 1876 2913 ma-
