2055 3128
248 147 314 175 103i
841 146 958 175 ANlANl
970 145 1280 182 __|.\'TERPRETATIO.
1808 146 1877 173 {03!

245 205 426 235 intimorum
454 208 548 244 gente
570 205 786 240 consortium,
812 205 906 235 vellet
925 214 944 235 a
967 205 1060 234 domo
1088 212 1146 235 sua
1175 204 1343 242 patriaque
1372 203 1550 241 discedere,
1583 205 1765 244 relinquere
1789 207 1884 237 etiam

246 245 380 275 famulos
394 267 402 280 ,
420 245 551 279 amicos,
569 245 780 283 propinquos,
797 254 961 283 regnoque
977 254 1010 274 se
1026 244 1157 274 alterius
1173 244 1359 282 subjugare.

283 285 313 314 2.
334 284 365 314 Si
387 293 462 314 vero
488 285 517 314 id
541 285 672 314 stultum
695 285 823 319 fuisset,
849 284 949 314 multo
972 284 1001 313 id
1028 283 1112 322 quod
1132 283 1278 321 sequitur
1300 292 1370 313 esse
1391 283 1520 313 stultius
1544 286 1781 322 comprobatur.
1804 286 1884 322 Quid

247 333 321 354 vero
344 324 427 354 istud
450 326 513 359 est,
537 325 623 362 quod
650 325 768 354 scilicet
789 328 854 354 tam
875 324 964 362 longi
988 324 1093 362 spatia
1113 323 1236 352 itineris
1263 323 1399 356 emensi,
1427 332 1498 352 cum
1520 323 1708 354 adorassent
1732 334 1884 363 puerum,

246 365 428 402 multosque.
455 363 626 394 adversum
653 374 687 394 se.
710 364 905 394 excitassent
935 364 1110 397 tumultus,
1133 363 1286 392 continuo
1310 365 1385 392 sunt
1410 363 1553 392 reversi?
1580 363 1657 399 Quae
1688 374 1762 393 vero
1789 366 1884 394 etiam

247 404 336 443 regni
359 403 477 433 vidisse
508 403 656 433 feruntur
679 404 842 443 insignia?
869 403 995 433 Humile
1021 403 1162 441 profecto
1190 402 1370 443 tugurium,
1398 402 1647 443 squalidumque
1675 405 1883 442 praesepium,

246 447 273 473 ct
289 442 466 482 parvulum
486 443 601 481 pannis
629 442 754 473 vilibus
773 442 971 476 involutum,
991 446 1022 472 et
1041 446 1174 472 matrem
1196 442 1436 481 pauperculam.
1459 442 1524 472 Cur
1547 451 1623 471 vero
1647 443 1715 481 ipsa
1741 444 1885 473 obtulere

247 484 403 513 munera?
423 491 529 521 quave
544 482 582 513 de
601 484 720 513 causa?
740 484 879 513 Putasne
894 483 947 512 lex
962 486 1044 515 erat,
1068 485 1124 511 aut
1139 491 1207 511 mos
1224 482 1360 520 aliquis,
1385 485 1418 511 ut
1437 482 1631 520 ubicumque
1653 487 1812 513 terrarum
1832 493 1883 512 re—

247 523 338 561 gibus
363 523 446 553 natis
468 522 563 561 hujus
592 523 787 552 tribueretur
804 522 981 552 devotionis
1006 522 1196 560 obsequium
1219 532 1225 551 :
1251 525 1280 551 et
1300 521 1351 551 isti
1375 524 1475 561 totum
1498 531 1630 560 prorsus
1649 523 1884 552 circumeuntes

246 560 373 598 orbem,
397 570 450 592 eos
472 560 553 600 quos
577 563 695 592 scirent
718 571 759 592 ex
788 562 904 592 vilibus
933 565 1029 600 atque
1052 562 1246 600 pauperibus
1272 570 1362 599 reges
1389 560 1530 595 futuros,
1553 562 1738 600 suppliciter
1763 562 1884 592 adora—

247 604 328 637 rent,
345 605 376 631 et
392 602 451 631 hoc
464 605 638 640 antequam
656 602 699 631 illi
715 602 832 631 solium
850 602 955 639 regale.
969 601 1243 631 conseenderent?
1255 601 1312 631 Sed
1329 601 1459 630 omnino
1476 601 1582 630 nullus
1597 601 1626 630 id
1640 602 1766 631 dixerit.
1785 601 1884 640 Cujus

246 650 323 680 ergo
342 642 431 671 illum
461 641 678 671 adoraverunt
709 642 842 671 rationis
864 641 1004 671 intuitu?
1027 641 1085 670 Sed
1103 644 1133 670 et
1153 641 1179 670 si
1200 640 1237 670 de
1261 641 1471 679 praesentibus
1497 640 1617 678 aliquid
1639 641 1799 671 beneficiis
1827 651 1883 671 co—

247 681 408 720 gitabant,
436 680 511 719 quid
538 681 664 711 tandem
690 681 960 711 remunerationis
980 689 998 710 a
1025 681 1160 719 parvulo
1183 684 1213 710 et
1234 683 1334 710 matre
1354 680 1440 718 inopi
1468 689 1598 717 sperare.
1620 682 1814 718 potuerunt?
1835 682 1883 710 Au

249 729 322 750 vero
335 724 370 750 ut
389 722 421 750 in
444 723 607 759 posterum
625 721 684 750 sibi
703 721 786 760 apud
804 730 909 759 regem
930 721 1065 759 gratiam
1084 721 1300 750 collocarent?
1321 720 1359 749 Et
1377 720 1460 749 unde
1478 720 1559 749 scire
1577 720 1621 749 illi
1638 724 1778 758 poterant
1797 721 1883 758 quod

248 761 300 790 ille
321 770 384 790 non
402 761 647 790 oblivisceretur
668 764 729 791 tam
754 765 931 799 properata:
961 760 1157 790 adorationis
1183 760 1249 799 jam
1277 763 1422 789 maturus
1455 759 1487 788 in
1520 768 1638 797 regno,
1666 761 1719 797 qui
1747 760 1777 788 in
1806 759 1884 798 ipsis

247 801 351 830 adhuc
373 800 484 830 fuisset
504 799 709 830 incunabulis
735 800 910 830 adoratus?
932 800 1021 836 Quod
1044 800 1070 829 si
1098 800 1188 829 illum
1209 799 1374 829 crederent
1396 808 1414 829 a
1433 802 1534 829 matre
1559 799 1793 829 admonendum
1807 821 1814 833 ,
1839 800 1883 829 illi

248 843 352 870 tamen
379 839 537 878 supplicio
561 843 668 869 essent
688 848 785 878 quam
812 840 943 878 praemio
967 839 1146 878 digniores,
1175 840 1230 877 qui
1259 848 1331 868 eum
1366 839 1397 868 in
1427 843 1490 869 tam
1513 843 1659 876 apertum
1687 839 1883 877 periculum,

248 889 312 909 non
340 882 404 910 tam
427 879 611 915 adorando,
639 888 737 917 quam
764 879 926 918 prodendo
951 879 1158 909 tradiderant.
1187 879 1268 908 Hine
1291 879 1447 916 siquidem
1476 879 1618 907 Herodes
1646 879 1786 917 profecto
1810 882 1884 908 tur-

250 920 358 955 batus,
378 919 465 949 omni
483 928 618 957 puerum
640 928 717 949 cura
739 920 921 957 quaerebat,
946 919 1101 957 omnique
1125 927 1199 948 eum
1221 919 1403 948 interimere
1428 918 1599 956 cupiditate
1615 919 1820 956 properabat.
1837 918 1883 950 Ita

249 960 333 988 enim
350 968 383 989 se
401 968 451 988 res
468 958 582 994 habet,
599 961 634 988 ut
651 959 704 988 ubi
722 959 882 997 quispiam
906 962 1060 998 regnante
1074 958 1138 988 alio
1154 958 1289 988 alterum
1311 967 1416 996 regem
1433 957 1549 987 dixerit
1574 958 1728 993 futurum,
1744 966 1883 996 eumque

249 999 352 1028 adhuc
375 1007 510 1036 puerum
532 1001 563 1028 et
581 999 744 1036 privatum
767 1002 876 1028 notum
901 998 1028 1033 fecerit,
1054 998 1139 1028 mille
1162 1007 1234 1027 eum
1256 997 1405 1036 periculis
1428 1000 1584 1035 exponat,
1609 1000 1704 1035 atque
1730 998 1761 1026 iu
1782 1006 1884 1035 aper-

249 1042 314 1068 tum
338 1038 441 1068 tradat
465 1038 640 1067 interitum.
663 1038 801 1068 Videsne
823 1041 944 1076 quanta
965 1038 1016 1068 hic
1031 1037 1172 1068 absurda
1194 1040 1384 1070 nascantur,
1403 1037 1428 1066 si
1450 1037 1543 1075 juxta
1568 1037 1741 1066 humanam
1763 1046 1879 1067 conse—

247 1078 428 1116 quentiam,
449 1086 635 1115 moremque
650 1086 850 1107 communem
876 1078 943 1108 haec
958 1087 1028 1108 esse
1052 1077 1257 1116 intelligenda
1279 1076 1469 1106 credamus?
1483 1077 1546 1107 Nec
1562 1079 1666 1106 tamen
1684 1077 1741 1106 ista
1761 1077 1882 1112 solum,

247 1118 300 1146 sed
324 1117 415 1156 plura
436 1117 531 1146 etiam
552 1117 615 1147 alia
638 1117 780 1155 proferre
798 1126 986 1155 possumus,
1010 1117 1164 1156 majorem
1184 1117 1334 1147 habentia
1354 1117 1583 1154 quaestionem,
1609 1125 1706 1156 quam
1728 1117 1787 1146 ista
1812 1125 1883 1154 qua)

247 1157 398 1186 diximus.
425 1156 483 1185 Sed
509 1165 548 1186 ne
572 1156 716 1186 obscuris
739 1157 878 1187 obscura
898 1155 1076 1193 nectentes’,
1103 1157 1264 1186 fastidium
1286 1156 1373 1185 vobis
1402 1156 1608 1193 laboremque
1630 1155 1802 1191 faciamus,
1823 1164 1883 1194 age

245 1196 309 1234 jam
337 1196 375 1225 ad
397 1204 434 1226 ea
459 1204 530 1234 quae
558 1196 722 1234 proposita
748 1200 823 1226 sunt
847 1196 1051 1234 explananda
1076 1196 1259 1231 veniamus,
1285 1197 1326 1225 ab
1352 1195 1421 1233 ipsa
1442 1199 1603 1225 sumentes
1628 1195 1719 1225 stella
1749 1195 1884 1224 absolu—

248 1236 343 1265 tionis
366 1235 546 1265 exordium.
570 1235 649 1265 Cum
677 1236 762 1265 enim
788 1235 991 1266 didicerimus
1020 1245 1169 1274 quamam
1196 1236 1236 1265 sit
1263 1235 1316 1265 illa
1347 1235 1456 1270 stella,
1482 1235 1532 1264 vel
1561 1235 1665 1273 qualis
1688 1245 1694 1263 :
1721 1238 1751 1264 et
1775 1237 1882 1264 utrum

248 1283 312 1305 una
339 1275 376 1304 de
410 1275 536 1309 multis,
565 1283 606 1305 an
633 1284 764 1313 prorsus
788 1284 888 1310 nova,
915 1279 945 1305 et
971 1277 1012 1306 ab
1036 1276 1108 1306 aliis
1135 1275 1273 1305 discreta
1298 1274 1475 1309 sideribus,
1506 1277 1537 1304 et
1561 1277 1668 1304 utrum
1693 1275 1883 1304 naturaliter

247 1314 339 1344 stella
367 1315 425 1349 sit,
449 1323 489 1344 an
520 1317 644 1344 tantum
667 1315 767 1344 stella:
798 1315 937 1352 speciem
967 1324 1032 1353 prae
1062 1324 1095 1345 se
1125 1315 1204 1344 ferat
1234 1324 1240 1343 :
1270 1324 1360 1348 cum,
1385 1314 1535 1352 inquam,
1568 1313 1771 1343 didicerimus
1802 1314 1881 1346 ista.

248 1354 339 1384 facile
360 1355 497 1384 sciemus
518 1357 548 1383 et
574 1354 711 1391 reliqua.
735 1354 824 1384 Unde
850 1363 926 1393 ergo
954 1354 1153 1385 manifestius
1179 1357 1331 1393 poterunt
1353 1353 1415 1393 ista
1438 1354 1619 1393 cognosci?
1645 1354 1689 1393 De
1714 1354 1781 1391 ipsa
1805 1362 1881 1391 pro-

247 1394 326 1423 ferto
347 1393 538 1428 evangeliea:
561 1393 706 1423 lectionis
734 1392 993 1430 historiaﬁQnod
1020 1395 1104 1424 enim
1135 1402 1199 1422 non
1224 1401 1290 1423 una
1315 1392 1411 1422 fuerit
1436 1392 1504 1422 hate
1527 1392 1618 1422 stella
1649 1392 1685 1422 de
1715 1393 1879 1430 pluribus,

245 1436 326 1469 imo,
351 1435 388 1461 nt
415 1440 473 1470 ego
498 1431 655 1466 arbitror,
677 1439 736 1460 nec
757 1431 850 1460 stella
873 1431 1028 1466 omnino,
1056 1432 1110 1461 scd
1139 1431 1285 1470 quaedam
1319 1431 1490 1461 invisibilis
1521 1431 1620 1460 virtus
1643 1431 1675 1459 in
1703 1432 1808 1469 specie
1834 1433 1879 1462 si-

245 1473 328 1503 deris
350 1471 504 1510 ﬁgurata,
529 1471 569 1500 ab
595 1470 666 1510 ipso
689 1470 828 1508 primum
850 1470 964 1500 itinere
994 1473 1204 1501 monstratur.
1234 1471 1304 1500 Non
1331 1473 1379 1499 est
1397 1471 1486 1510 enim
1515 1470 1626 1510 stella,
1657 1470 1789 1500 omnino
1818 1481 1882 1500 non

245 1517 311 1548 est,
334 1509 406 1549 qua:
432 1519 488 1549 per
510 1510 593 1539 hanc
615 1509 682 1539 caeli
709 1510 834 1547 plagam
857 1519 989 1539 cursum
1011 1513 1120 1540 tenere
1145 1510 1298 1540 doceatur
1320 1519 1326 1538 :
1353 1509 1405 1539 sed
1433 1510 1499 1539 sive
1523 1509 1642 1549 dixeris
1664 1510 1785 1545 solem,
1818 1511 1885 1542 sive

246 1548 365 1582 dixeris
384 1548 494 1580 lunam
516 1552 667 1587 astraque
686 1552 811 1583 cmtera,
827 1549 868 1579 ab
887 1549 1011 1579 oriente
1031 1550 1106 1579 ferri
1128 1550 1238 1579 omnia
1262 1550 1294 1579 in
1319 1549 1514 1578 occidentem
1540 1548 1693 1578 videmus.
1715 1549 1787 1579 Hzec
1808 1559 1884 1580 vero

247 1601 266 1622 a
287 1590 503 1629 septentrione
518 1589 550 1618 in
566 1588 731 1629 meridiem
753 1589 846 1629 stella
871 1589 1029 1619 veniebat.
1053 1589 1104 1618 Sic
1122 1590 1207 1619 enim
1227 1589 1402 1619 secundum
1429 1589 1573 1618 locorum
1601 1588 1695 1629 situm
1715 1589 1886 1622 Palaestina

248 1628 412 1670 spectabat
431 1629 470 1659 ad
494 1628 664 1658 Persidem.
688 1628 832 1670 Secundo
856 1637 932 1670 vero
953 1629 1048 1658 etiam
1071 1629 1109 1658 de
1135 1632 1276 1670 tempore
1301 1628 1382 1657 istud
1397 1629 1535 1670 probari
1566 1628 1716 1670 possibile.
1744 1631 1802 1670 est.
1823 1630 1886 1660 Ne-

248 1667 311 1710 q'ue
337 1670 422 1700 enim
445 1669 492 1710 in»
507 1671 603 1710 nocte
624 1668 784 1710 cernitur,
808 1668 862 1710 sed
888 1668 1015 1710 lucente
1043 1677 1176 1710 prorsus
1207 1668 1275 1703 die,
1297 1669 1424 1710 ac_sole
1447 1667 1732 1710 fulgeiitc.“0uam
1754 1669 1886 1710 lueendi

250 1707 313 1740 vim
335 1718 399 1739 non
422 1708 515 1738 modo
534 1707 626 1737 stella
645 1707 733 1737 nulla
748 1730 755 1742 ,
777 1707 831 1737 sed
853 1717 911 1737 nec
932 1708 1001 1746 ipsa
1020 1708 1150 1746 quidem
1167 1708 1246 1738 luna
1269 1708 1382 1737 sortita
1404 1711 1451 1736 est
1476 1717 1482 1736 :
1508 1717 1578 1745 quae
1597 1707 1670 1737 licet
1696 1708 1797 1738 multo
1818 1710 1887 1740 cla—

250 1750 317 1780 rius
342 1749 490 1779 omnibus
521 1749 666 1777 coruscet
694 1747 808 1782 astris,
831 1747 985 1777 continuo
1011 1750 1118 1778 tamen
1145 1751 1219 1777 ortu
1252 1747 1329 1777 solis
1362 1747 1569 1777 absconditur
1594 1757 1602 1778 :
1633 1750 1664 1776 et
1693 1756 1764 1785 quae
1797 1749 1887 1786 prius

250 1789 429 1819 illustrabat
455 1788 580 1822 omnia,
608 1787 667 1816 sub
686 1787 787 1816 multo
810 1787 946 1817 clariore
967 1787 1069 1817 sidere
1092 1788 1145 1817 vix
1171 1788 1240 1826 ipsa
1266 1787 1473 1825 conspicitur.
1496 1787 1571 1816 Haze
1592 1795 1666 1816 vero
1687 1788 1779 1818 stella
1801 1789 1887 1826 ipsos

250 1830 345 1859 etiam
378 1828 454 1858 solis
478 1827 586 1857 radios
620 1827 752 1865 proprio
781 1827 920 1864 quodam
949 1827 1175 1866 prtﬁcipuoque
1201 1826 1324 1865 fulgore
1352 1827 1537 1864 superabat,
1570 1826 1689 1856 clarius
1719 1827 1782 1857 illis
1806 1837 1887 1866 pro—

250 1869 331 1899 fecto
356 1875 536 1906 apparens,
561 1869 658 1904 atque
684 1867 715 1895 in
741 1869 831 1895 tanto
863 1874 975 1896 eorum
1006 1867 1126 1897 lumine
1157 1867 1257 1905 magis
1288 1866 1356 1904 ipsa
1390 1866 1608 1904 rcsplendens.
1645 1866 1752 1896 Tertio
1780 1871 1889 1898 autem

249 1909 290 1939 ab
327 1905 675 1946 ipsa’interpolatione
707 1906 833 1936 lucendi
860 1907 960 1936 stellae
991 1906 1087 1945 hujus
1115 1907 1240 1936 novitas
1275 1905 1449 1946 indicatur.
1484 1906 1575 1946 Nunc
1619 1906 1703 1946 enim
1742 1908 1889 1937 occulta-

251 1945 348 1978 batur
380 1947 529 1981 omnino,
566 1954 650 1975 nunc
685 1947 749 1974 toto
771 1954 904 1983 prorsus
937 1945 1060 1984 fulgore
1091 1946 1246 1976 radiabat.
1275 1945 1354 1974 Nam
1388 1954 1490 1982 usque
1520 1945 1557 1975 ad
1593 1945 1793 1975 Palmstinam
1828 1956 1890 1977 ve—

252 1987 414 2016 nientibus
448 1985 571 2023 magis,
606 1984 699 2022 quasi
729 1984 796 2013 dux
831 1985 954 2014 itineris
984 1994 1110 2022 semper
1141 1984 1292 2022 apparuit
1327 1994 1333 2012 :
1367 1993 1440 2013 cum
1472 1993 1547 2013 vero
1560 1984 1793 2023 Jerosolymam
1832 1987 1889 2016 in-

251 2027 420 2058 troissent,
446 2033 516 2054 sese
534 2032 648 2053 rursus
674 2023 849 2064 abscondit.
872 2024 992 2064 Deinde
1015 2033 1087 2053 cum
1107 2023 1225 2053 Herodi
1251 2023 1761 2064 causam_itineris_iudicassent,
1786 2033 1890 2064 eoque

252 2065 365 2096 relicto
388 2064 428 2094 ad
450 2072 588 2102 puerum
615 2065 785 2102 pergerent
811 2063 1030 2102 adorandum,
1059 2064 1174 2093 iterum
1199 2072 1232 2092 se
1256 2062 1317 2091 illis
1341 2061 1452 2091 eadem
1473 2062 1564 2092 stella
1595 2065 1798 2094 monstravit.
1823 2061 1890 2096 Hoc

253 2109 361 2135 autem
382 2101 535 2141 non’agit
555 2104 660 2131 motus
677 2101 801 2136 sideris,
824 2101 877 2131 sed
900 2102 1000 2131 virtus
1021 2102 1167 2140 quaadam
1194 2102 1288 2140 plena
1312 2102 1459 2131 rationis.
1486 2102 1595 2140 Neque
1617 2103 1702 2132 enim
1716 2106 1889 2142 proprium

253 2143 438 2183 quempiam
461 2142 516 2172 illa
540 2145 616 2172 tunc
635 2141 728 2172 stella
748 2151 880 2183 cursum
901 2142 1047 2183 tenebat,
1077 2141 1130 2172 sed
1157 2151 1229 2171 cum
1255 2150 1309 2171 eos
1334 2143 1497 2183 oporteret
1516 2151 1668 2180 pergere,
1687 2141 1790 2183 etiam
1820 2144 1891 2182 ipsa

253 2181 407 2223 pergebat
428 2193 435 2211 :
459 2191 532 2223 cum
560 2190 635 2211 vero
652 2181 813 2223 standum
840 2184 940 2217 esset,
971 2182 1284 2223 stabat_opportunc
1312 2190 1349 2211 ac
1374 2181 1523 2223 decenter
1543 2185 1657 2212 cuncta
1677 2181 1889 2221 dispensans.

253 2220 336 2254 sicut
358 2223 453 2253 etiam
477 2222 532 2252 illa
551 2220 714 2260 quondam
741 2221 771 2250 in
797 2229 905 2251 eremo
931 2222 1025 2251 nubis
1050 2221 1199 2251 columna
1223 2230 1280 2259 pro
1302 2221 1541 2259 opportunitate
1556 2230 1663 2250 rerum
1683 2220 1768 2252 nunc
1787 2224 1892 2253 stabat

255 2264 345 2298 loco,
371 2263 413 2292 ibi
440 2264 546 2292 castra
572 2261 697 2299 figenda
721 2261 907 2295 declarans,
937 2270 1022 2290 nunc
1050 2261 1256 2300 progrediens
1290 2261 1444 2300 movebat
1482 2261 1659 2290 exercitum
1687 2262 1816 2300 (Exod.
1844 2263 1890 2292 13.

255 2303 350 2333 Num.
378 2301 433 2343 9
456 2301 697 2343 Quarto_ctiam
718 2302 758 2343 ab
773 2301 844 2339 ipso
864 2299 1147 2343 demonstrationis
1169 2300 1263 2343 modo
1284 2299 1374 2343 facile
1395 2300 1488 2343 istud_
1503 2300 1671 2343 lucideqne
1687 2302 1890 2343 perspicitur.

255 2343 324 2372 Non
345 2340 430 2372 enim
454 2341 487 2370 in
509 2341 638 2370 excelso
657 2341 829 2370 constituta
853 2340 919 2370 ezeli
943 2350 1016 2370 eum
1044 2340 1098 2378 qui
1124 2340 1349 2378 inquirebatur
1367 2348 1386 2370 a
1406 2340 1507 2378 magis
1532 2341 1671 2369 Ostendit
1695 2342 1816 2377 locum,
1840 2351 1893 2372 ne-

255 2392 318 2420 que
342 2381 427 2411 enim
457 2381 502 2410 sic
524 2380 646 2410 discere
675 2380 720 2420 illi
752 2380 927 2418 aliquando
960 2381 1173 2420 potuissent:
1196 2379 1250 2409 sed
1281 2379 1493 2414 descendens,
1519 2382 1551 2420 et
1587 2380 1771 2410 inferiorem
1807 2382 1891 2412 aeris

257 2419 380 2460 partem
402 2425 534 2456 tenens,
560 2420 654 2460 istud
674 2419 788 2450 etfccit.
815 2420 925 2460 Nostis
946 2420 1043 2456 enim,
1070 2419 1169 2460 quod
1186 2420 1433 2460 tamwexiguum
1450 2422 1492 2460 ret
1518 2419 1670 2449 humilem
1700 2420 1824 2456 locum,
1856 2430 1894 2451 ac

257 2459 354 2492 breve
370 2460 550 2500 tugurium,
571 2459 675 2498 quod,
700 2462 736 2489 ut
754 2460 804 2500 ita
825 2459 977 2500 dixerim,
1002 2459 1228 2500 corpusculum
1254 2459 1330 2500 illuc
1340 2459 1475 2500 parvuli
1494 2460 1696 2500 continebat,
1713 2461 1895 2498 nequiverit

257 2501 295 2531 dc
319 2498 511 2530 cazlo'stella
535 2502 726 2528 monstrare.
754 2499 864 2537 Neque
890 2499 974 2528 enim
999 2501 1121 2529 tantam
1144 2498 1229 2528 illius
1257 2499 1447 2528 brevitatem
1469 2498 1546 2534 loci,
1573 2501 1637 2529 tam
1666 2499 1896 2531 intestimabilis

257 2540 392 2571 altitudo
413 2539 450 2568 iis
469 2538 525 2577 qui
549 2538 657 2568 videre
681 2539 869 2576 cupiebant,
891 2538 990 2569 veluti
1014 2541 1100 2569 certa
1123 2541 1199 2568 nota
1218 2537 1387 2576 designare
1409 2539 1585 2577 potuisset,
1608 2539 1693 2576 quod
1721 2543 1806 2569 certe
1824 2550 1896 2578 per-

258 2580 350 2610 facile
371 2588 389 2609 a
415 2578 520 2608 lunari
544 2580 647 2616 potest
664 2579 741 2608 orbe
763 2578 924 2617 cognosci.
941 2579 1033 2609 Luna
1053 2579 1138 2608 enim
1159 2587 1231 2608 cum
1255 2578 1412 2608 sideribus
1437 2580 1561 2607 tantum
1581 2579 1757 2616 praecellat,
1780 2581 1811 2609 in
1832 2584 1896 2610 tam

259 2619 388 2659 grandis
404 2617 605 2659 latitudinem
621 2617 736 2659 diffusa
753 2621 856 2659 terrae,
875 2619 997 2659 cunctis
1016 2618 1126 2647 mundi
1147 2617 1381 2659 habitatoribus
1397 2618 1537 2648 creditur
1552 2627 1622 2648 esse
1645 2618 1761 2649 vicina.
1779 2619 1897 2656 Quem-

259 2657 430 2690 admodum
465 2657 562 2696 igitur
586 2658 677 2687 stella
703 2659 767 2687 tam
797 2658 950 2696 exiguum
976 2658 1100 2694 locum,
1122 2657 1242 2696 tugurii
1273 2657 1395 2687 scilicet
1422 2661 1520 2696 atque
1544 2659 1714 2696 praesepis,
1743 2660 1894 2693 ostendit,

261 2699 322 2729 nisi
352 2698 488 2729 sublime
521 2696 599 2737 illud
625 2697 811 2735 relinquens
841 2697 880 2727 ad
905 2697 1056 2728 inferiora
1087 2697 1242 2732 venisset,
1272 2706 1433 2735 superque
1458 2699 1563 2736 ipsum
1596 2697 1659 2727 fere
1682 2702 1778 2736 caput
1804 2701 1895 2737 pueri

260 2738 456 2769 constitisset
478 2747 486 2766 :
510 2736 595 2776 quod
623 2737 718 2767 etiam
748 2737 945 2775 evangelista
971 2737 1175 2775 significans,
1197 2737 1291 2770 Ecce,
1315 2737 1436 2774 inquit,
1463 2737 1552 2767 stella
1582 2746 1673 2776 quam
1697 2736 1839 2768 videram
1865 2739 1897 2768 in

261 2779 390 2812 oriente,
398 2775 588 2816 prwcedebat
598 2785 647 2806 eos
668 2785 763 2816 usque
772 2777 845 2807 dum
854 2777 977 2807 veniens
987 2782 1083 2806 staret
1094 2785 1190 2816 supra
1201 2776 1254 2806 ubi
1268 2782 1427 2816 cratpuer.
1443 2777 1561 2815 Nempe
1572 2775 1756 2808 consideras
1766 2780 1896 2816 quantis

261 2827 300 2848 ex
329 2818 426 2848 rebus
445 2816 643 2856 evangelista
662 2816 790 2852 doceat,
811 2816 896 2855 quod
920 2826 983 2846 non
1007 2818 1048 2846 sit
1076 2817 1142 2847 haec
1164 2816 1258 2848 stella
1280 2825 1345 2847 una
1367 2816 1405 2847 de
1428 2817 1566 2853 czeteris,
1590 2825 1695 2856 neque
1720 2818 1896 2848 secundum

261 2856 526 2895 consequentiam
540 2855 723 2894 astrologia;
737 2865 872 2894 puerum
887 2856 1033 2886 ostendat
1049 2856 1232 2894 astrologis.

301 2898 331 2927 3.
352 2897 416 2928 Cur
432 2897 528 2936 igitur
543 2896 711 2935 apparuit?
728 2896 763 2927 Ut
781 2896 924 2927 videlicet
942 2896 1158 2927 inﬁdelitatem
1175 2895 1359 2926 Judecorum
1377 2896 1479 2935 magis
1500 2895 1665 2936 magisan
1682 2896 1895 2931 convinceret,
