2055 3128
249 139 316 168 10595
847 141 962 169 ANIANI
983 142 1060 170 ΙΝΤΕ

1065 143 1269 172 RPRETATlO.
1805 147 1871 175 ιυπα

244 207 327 226 num
345 197 470 232 venire,
490 201 520 228 et
539 198 611 236 quis
633 207 686 228 eos
707 198 738 228 in
756 197 816 228 hoc
838 198 1010 227 suseitasse
1025 197 1184 226 credatur.
1200 198 1270 228 Non
1289 196 1375 226 enim
1392 197 1468 227 milii
1492 198 1592 228 solius
1614 198 1673 228 hoc
1690 207 1761 229 esse
1776 205 1875 230 steti..-

245 236 379 276 videtur,
401 246 511 267 verum
528 239 622 268 etiam
640 239 709 268 Dei.
724 247 781 276 per
793 246 888 276 quem
905 237 1032 266 illorum
1045 237 1082 266 ad
1101 236 1159 266 hoc
1174 238 1280 266 anima
1298 241 1454 267 commota
1474 242 1531 267 est.
1551 238 1609 274 Qui
1625 239 1686 268 tale
1700 239 1795 267 etiam
1811 240 1872 269 ali--

244 275 320 314 quid
335 276 368 306 in
381 275 464 316 Cyro
478 277 593 316 legitur
608 287 683 316 rege
700 275 822 311 fecisse,
838 285 1023 315 praeparans
1039 285 1112 305 eun.
1131 278 1164 306 ut
1187 276 1368 306 Judmorum
1385 277 1538 315 populum
1553 286 1569 307 a
1589 277 1667 315 jugo
1683 277 1875 315 captivitatis

244 321 425 351 absolveret
438 321 466 359 (2
477 320 579 352 Paral.
590 318 654 356 36):
674 328 736 349 non
754 322 860 348 tamen
874 318 922 359 sic
939 318 1021 348 istud
1037 321 1188 356 operatus
1203 320 1266 353 est,
1278 320 1314 347 ut
1327 318 1417 348 liberi
1434 319 1557 359 arbitrii
1569 319 1642 358 jura
1660 320 1883 359 perfringeret.

245 361 407 400 Siquidem
423 357 519 390 etiam
535 370 606 390 cum
620 360 754 400 Paulum
769 357 1020 400 vo-cavitaeazlo
1031 380 1039 394 ,
1058 367 1121 400 non
1138 367 1230 400 suam
1246 357 1466 400 tantummodo
1483 359 1639 400 gratiam,
1661 357 1714 389 sed
1731 357 1827 390 etiam
1844 361 1876 391 il~

245 397 307 431 lius
328 401 399 431 fecit
415 401 627 430 obedientiam
644 399 787 428 relucere
803 398 890 437 (Act.
902 397 953 437 9).
971 398 1007 426 Et
1023 407 1092 431 cur,
1110 398 1249 436 inquies,
1267 406 1331 427 non
1348 397 1406 426 hoc
1423 398 1524 436 magis
1539 399 1688 428 omnibus
1704 400 1857 430 revelavit
1870 402 1884 430 ?

245 441 327 477 Quia
343 441 463 470 scilicet
483 449 546 469 non
565 448 675 468 omnes
692 439 818 468 fuerant
833 437 996 467 credituri.
1012 437 1113 467 Erant
1127 438 1246 475 quippe
1267 437 1318 466 isti
1339 437 1460 467 cunctis
1476 437 1530 476 qui
1547 438 1576 466 in
1598 438 1650 468 illa
1674 440 1886 470 versabantur

246 483 332 515 arte,
349 480 387 510 ad
404 480 494 510 fidem
510 480 698 517 paratiores.
720 478 798 507 Nam
816 480 934 507 etcum
948 477 1094 515 plurimm
1115 477 1185 507 alite
1199 480 1309 516 gentes
1330 477 1486 514 perirent.
1504 477 1544 506 ad
1564 478 1650 506 soles
1667 480 1772 507 tamen
1789 479 1886 509 Nini-

247 522 328 550 vitas
347 520 503 558 propheta
511 516 656 549 directus
672 520 719 558 est
734 527 740 546 :
756 519 789 558 et
805 517 868 558 duo
885 517 1024 558 latrones
1038 516 1132 556 juxta
1147 517 1318 558 Dominum
1339 516 1574 558 pependerunt,
1591 517 1644 546 sed
1659 526 1743 558 unus
1760 521 1885 548 tantum

248 556 367 589 electus
383 556 431 589 est
450 560 482 588 in
499 560 646 588 salutem.
666 557 841 588 Considera
862 556 959 595 igitur
976 557 1090 586 horum
1107 559 1137 586 et
1153 556 1311 586 admirare
1331 556 1490 591 virtutem,
1512 565 1575 585 non
1600 557 1694 586 modo
1706 579 1713 592 ,
1730 558 1805 595 quia
1823 562 1886 588 tam

246 599 333 638 longi
350 599 473 628 itineris
488 598 786 638 subierelaborem,
804 595 858 626 sed
871 596 967 626 etiam
983 596 1060 635 quia
1074 599 1138 638 tam
1154 596 1340 638 simpliciter
1353 604 1389 638 ac
1405 596 1504 638 libere
1525 605 1706 638 egerecum
1724 606 1811 636 rege.
1833 598 1886 627 Et-

250 635 334 669 eniin
347 647 386 668 ne
398 638 530 668 subdole
541 637 629 667 missi
642 638 683 667 ab
695 637 805 675 aliquo
816 639 1019 674 putarentur.
1032 639 1062 666 et
1077 636 1189 666 ducem
1208 636 1254 665 sui
1269 635 1390 665 itineris
1407 635 1558 673 produnt,
1574 639 1604 665 et
1619 635 1887 675 longinquitatem

247 679 389 717 regionis
410 678 561 711 fatentur.
580 680 611 706 et
628 677 776 706 fiduciam
792 675 907 705 mentis
927 675 1110 705 ostendunt.
1136 676 1288 717 Venimus,
1306 675 1469 717 inquiunt,
1486 675 1618 705 adorare
1634 685 1710 717 eam.
1727 677 1766 706 Et
1782 686 1887 716 neque

249 715 420 747 tumultum
437 718 546 755 populi
560 719 657 755 atque
670 717 855 748 clamorem,
873 724 978 752 neque.
997 718 1185 753 potestatem
1200 715 1407 745 reformidant
1423 717 1550 754 tyranni
1567 725 1574 742 :
1591 716 1674 745 unde
1686 717 1761 746 mihi
1780 715 1888 747 viden-

249 761 302 788 tur
318 757 367 787 isti
385 754 534 786 etiamin
557 754 690 795 regione
709 755 840 794 propria
865 754 946 795 facti
960 764 1030 784 esse
1051 758 1160 793 postea
1182 755 1299 784 civium
1320 763 1453 784 suorum
1469 755 1625 793 magistri.
1646 756 1706 792 Qui
1731 757 1814 786 enim
1837 757 1888 787 hic

250 805 456 835 nequaquam
478 797 537 826 ista
555 794 659 826 dicere
676 795 867 835 timuerunt,
883 794 983 823 multo
999 795 1063 824 haec
1079 795 1148 833 ipsa
1164 795 1296 824 liberius
1313 795 1425 833 patria,-
1444 803 1511 824 sua:
1529 795 1712 824 hominibus
1729 797 1889 833 praedica—

250 834 327 866 runt
345 847 352 866 :
373 834 492 875 quippe
510 839 623 874 praeter
641 836 739 865 stella)
757 834 909 875 indicium
923 855 930 869 ,
947 835 1108 875 habebant
1125 837 1155 864 et
1170 835 1275 873 angeli
1292 843 1499 875 responsum,
1519 837 1551 864 et
1571 835 1734 875 prophetm
1749 836 1890 865 testimo-

252 877 352 906 nium.
375 873 531 908 Audi’cns’,
553 876 678 913 inquit,
702 873 844 905 Herodes
865 882 939 906 rex,
965 873 1108 904 turbatus
1125 878 1167 903 est
1181 896 1188 906 ,
1208 879 1235 903 ct
1249 874 1348 903 omnis
1366 874 1564 913 Jerosolyma
1579 884 1646 904 eam.
1665 874 1732 904 illo.
1747 875 1888 906 Herodes

251 916 370 954 quippe
389 918 636 953 consequenter,
653 916 762 953 utpote
771 923 845 954 rex,
860 916 891 943 et
908 913 967 943 sibi
983 914 1103 952 pariter
1116 916 1146 943 et
1160 914 1268 944 liberis
1286 914 1472 948 formidans,
1487 914 1687 953 .lerosolyma
1703 923 1779 944 vero
1792 923 1890 953 quam

252 953 379 985 tandem
397 956 508 985 habuit
524 963 653 985 causam
672 953 793 983 timoris
805 975 812 987 ,
829 962 901 983 cum
917 956 1001 983 certe.
1017 954 1107 983 illum
1127 954 1264 983 audierit
1280 963 1362 988 esse,
1376 962 1471 991 quem
1487 954 1680 984 salvatorem
1695 954 1777 993 ejus,
1792 957 1889 993 atque

253 995 430 1025 beneficum
443 1017 450 1026 .
467 998 497 1024 et
520 995 724 1024 liberatorem
740 993 902 1032 propheta:
916 1001 1012 1031 porro
1027 997 1100 1023 ante
1116 994 1331 1032 przedixerant
1342 995 1355 1022 ?
1370 993 1516 1030 Quanam
1537 993 1636 1033 igitur
1651 995 1775 1024 ratione
1790 995 1889 1024 Judaei

254 1036 372 1064 turbati
388 1035 483 1064 sunt?
500 1035 544 1063 De.
562 1034 630 1072 ipsa
644 1033 795 1063 nimirum
821 1033 976 1071 pravitate
996 1034 1173 1068 sententias,
1190 1041 1253 1071 qua
1266 1033 1354 1071 prius
1369 1033 1624 1063 adversabantur
1637 1034 1808 1063 Dominum
1830 1035 1892 1064 be—

254 1074 367 1104 neﬁcia
389 1073 604 1104 conferentem
623 1083 630 1102 :
650 1076 680 1103 et
699 1076 763 1102 tam
779 1072 927 1111 gloriosa:
941 1081 1039 1111 quam
1059 1073 1249 1112 consequuti
1274 1073 1400 1102 fuerant
1415 1073 1456 1102 ab
1471 1081 1509 1102 eo
1524 1073 1663 1102 libertati
1680 1073 1891 1111 prieferebaut

253 1114 468 1144 miserabilem
486 1114 585 1147 illam,
597 1121 694 1151 quam
711 1113 744 1142 in
760 1112 896 1151 Aﬂgypto
912 1113 1145 1147 sustinuerant,
1164 1113 1349 1143 servitutem
1369 1112 1422 1151 ((ι).
1440 1113 1487 1142 'l‘u
1507 1121 1581 1142 vero
1595 1113 1791 1152 diligentiam
1807 1122 1891 1143 eou-

253 1154 359 1183 sidera
377 1153 609 1192 prophetalem.
625 1153 703 1182 Nam
724 1153 783 1182 hoc
798 1161 928 1190 quoque
945 1153 1049 1190 ipsum
1071 1153 1146 1182 olim
1166 1153 1321 1190 propheta
1339 1152 1531 1190 praedixerat
1551 1162 1558 1182 :
1575 1152 1620 1181 Et
1637 1154 1762 1191 cupient
1778 1153 1806 1182 si
1824 1153 1892 1184 nati

254 1194 328 1227 sint,
344 1191 405 1222 esse
417 1191 487 1231 igne
500 1192 674 1222 combusti:
689 1192 836 1231 quoniam
848 1200 927 1230 puer
946 1196 1040 1221 nutus
1056 1196 1098 1221 est
1113 1192 1214 1225 nobis,
1229 1197 1256 1221 ct
1272 1193 1355 1232 fifius
1370 1191 1462 1232 datus
1477 1196 1519 1221 est
1537 1192 1626 1222 nobis
1644 1192 1740 1231 (lsm'.
1755 1193 1784 1221 9.
1800 1192 1819 1222 5
1841 1193 1890 1231 6).

254 1234 456 1271 Quamquam
471 1232 555 1261 enim
573 1232 709 1267 turbati,
726 1240 932 1270 nequaquam
946 1234 1051 1261 tamen
1066 1231 1193 1262 student
1214 1232 1320 1261 videre
1342 1231 1426 1269 quod
1450 1231 1567 1261 factum
1581 1234 1639 1267 est,
1654 1241 1759 1270 neque
1775 1233 1813 1262 ad
1834 1233 1894 1262 ad-

256 1272 414 1302 orandum
428 1275 540 1301 euntes
556 1280 665 1311 magos
684 1274 865 1309 sequuntur
882 1281 888 1299 :
906 1281 1009 1310 neque
1030 1271 1061 1300 in
1078 1274 1166 1302 tanta
1183 1281 1218 1301 re
1230 1294 1237 1306 ,
1254 1275 1384 1309 tamque
1401 1271 1539 1300 mirabili
1557 1272 1677 1310 aliquid
1697 1272 1892 1302 curiositatis

256 1312 428 1341 ostendunt
445 1321 452 1341 :
468 1312 510 1341 ita
523 1315 615 1340 erant
627 1311 816 1341 contentiosi
833 1312 953 1349 pariter
967 1320 1004 1341 ac
1019 1311 1142 1340 desides
1159 1320 1224 1349 pra:
1238 1312 1358 1341 ezcteris
1373 1311 1534 1340 omnibus.
1546 1311 1740 1349 Oportucrat
1755 1320 1894 1350 namque

256 1360 310 1380 eos
326 1352 480 1381 continuo
494 1351 625 1385 sentire,
639 1355 797 1389 quantum
813 1352 872 1380 sibi
888 1353 973 1381 esset
985 1351 1125 1380 additum
1140 1351 1315 1390 dignitatis,
1330 1351 1367 1381 de
1383 1350 1460 1379 tanti
1479 1351 1599 1381 scilicet
1615 1351 1780 1381 nativitate
1796 1352 1893 1390 regis,

256 1391 311 1428 qui
333 1392 504 1420 Persarum
523 1391 561 1420 ad
581 1400 613 1420 se.
634 1391 796 1429 regionem
815 1394 886 1420 ortu
907 1399 967 1420 suo
984 1390 1202 1428 triumphante
1223 1391 1443 1430 traxisset,ret
1467 1392 1527 1420 sub
1546 1399 1610 1428 quo
1627 1399 1737 1422 omnes
1757 1392 1893 1430 populos

259 1433 388 1468 possent
407 1431 531 1469 legibus
555 1430 740 1469 subjugarc,
757 1433 866 1468 utpote
880 1431 976 1460 rebus
993 1431 1025 1460 in
1042 1431 1246 1468 prosperiora
1267 1429 1485 1470 surgentibus,
1507 1433 1535 1459 et
1558 1440 1656 1470 regno
1672 1434 1737 1461 tam
1752 1431 1837 1461 clare
1855 1432 1896 1461 ab

257 1470 327 1508 ipso
341 1470 424 1509 regis
440 1472 488 1499 sui
505 1470 645 1508 fulgente
663 1470 829 1508 principio.
848 1471 907 1506 Qui
924 1473 1028 1499 tamen
1043 1478 1101 1499 nec
1118 1471 1163 1500 sic
1179 1470 1307 1508 quidem
1322 1471 1353 1499 in
1370 1469 1503 1499 meliora
1521 1469 1699 1503 mutantur.
1712 1480 1784 1500 cum
1799 1471 1897 1508 paulo

257 1513 331 1539 ante
346 1509 528 1547 captivitate
545 1509 679 1542 fuissent
696 1510 820 1539 Persica
838 1510 975 1539 liberati.
992 1509 1068 1538 Erat
1086 1510 1170 1539 enim
1190 1510 1322 1539 omnino
1338 1517 1539 1546 consequens
1556 1518 1610 1540 eos
1627 1510 1735 1540 animo
1751 1511 1897 1540 volvere.

257 1549 333 1577 utsi
351 1549 430 1578 nihil
445 1549 483 1578 de
499 1549 728 1578 oceuitinribus
747 1549 982 1586 altioribusque
1000 1549 1202 1583 didicissent,
1220 1549 1402 1579 felicitatem
1425 1550 1528 1578 tamen
1552 1558 1644 1578 suam
1663 1558 1701 1578 ex
1724 1549 1792 1587 ipsa
1815 1558 1896 1586 pree-

257 1589 396 1619 sentium
420 1589 562 1618 novitate
581 1589 817 1626 perdiseerent,
835 1589 1016 1628 meritoque
1037 1589 1202 1619 dicerent:
1228 1589 1257 1617 Si
1281 1589 1348 1627 jam
1368 1597 1476 1626 regem
1499 1592 1643 1619 nostrum
1664 1591 1766 1621 Persae
1784 1595 1893 1626 natum

256 1629 336 1658 adeo
350 1628 621 1663 contremiscunt,
636 1628 768 1668 quando
788 1637 861 1658 eum
881 1629 982 1667 magis
998 1630 1151 1666 poterunt
1170 1629 1283 1658 timere
1304 1628 1483 1662 firmatum,
1502 1628 1637 1667 ejusque
1653 1630 1794 1668 imperiis
1817 1633 1893 1663 obe-

255 1668 342 1711 dire?
359 1668 462 1711 Erunt
478 1676 554 1711 ergo
569 1666 711 1711 profecto
728 1666 992 1711 nostra-omniurn
1008 1667 1114 1711 regnis
1128 1668 1270 1711 gentium
1284 1668 1446 1711 clariora}
1462 1666 1610 1711 sednihil
1627 1666 1759 1711 prorsus
1777 1671 1893 1711 hujus-

255 1706 478 1750 modidesides
490 1707 614 1750 animos
628 1707 804 1750 suscitavit.
821 1707 1204 1750 Tantussiquidemillos
1222 1710 1333 1745 torpor
1347 1707 1526 1750 obsederat,
1544 1709 1638 1750 eique
1654 1706 1829 1748 conjuncta
1837 1721 1893 1750 par

256 1747 375 1776 invidia
388 1756 402 1788 νε
421 1745 507 1788 quod
521 1750 696 1788 utrumque
714 1746 826 1788 vitium
843 1746 955 1788 procul
971 1746 1264 1788 apobisdebemus
1284 1755 1406 1788 arcere.
1422 1746 1557 1788 Oportet
1573 1745 1748 1788 enimeu’m
1768 1751 1823 1788 qui
1837 1745 1893 1781 2m-

257 1795 370 1816 versus
387 1786 445 1815 ista
461 1786 633 1824 depugnat,
651 1787 721 1823 ipso
736 1786 809 1824 igne
824 1786 980 1824 potiorem
996 1786 1029 1815 in
1048 1795 1082 1815 se
1101 1786 1259 1815 fervorem
1275 1785 1391 1815 mentis
1406 1786 1591 1815 accendere.
1609 1787 1694 1816 Unde
1713 1785 1807 1818 etiam
1824 1791 1893 1821 Do-

261 1826 362 1855 minus
376 1826 439 1854 ait:
455 1825 649 1867 lgnempeni
662 1825 782 1867 mittere
796 1825 830 1854 in
846 1830 977 1867 terram;
993 1831 1021 1854 ct
1036 1825 1116 1867 quid»
1130 1826 1211 1858 colo,
1225 1825 1288 1854 nisi
1302 1829 1335 1854 ut
1349 1825 1539 1854 accendatur
1556 1825 1644 1864 (Luc.
1662 1827 1709 1856 1'2.
1725 1827 1775 1867 Ιι9)
1789 1830 1802 1858 ?
1815 1830 1893 1860 Pro-

260 1868 362 1903 pterea
380 1868 409 1894 et
424 1867 553 1894 sanctus
568 1864 704 1902 Spiritus
719 1865 750 1893 in
767 1865 872 1902 specie
884 1865 966 1903 ignis
981 1865 1142 1903 apparuit.

344 1905 462 1933 Verum
480 1913 537 1933 nos
551 1904 659 1934 cinere
678 1904 868 1943 frigidiores,
887 1908 919 1934 et
941 1905 1076 1934 mortuis
1092 1904 1347 1934 insensibiliorcs
1365 1903 1437 1934 facti
1454 1913 1566 1934 smnus
1585 1914 1592 1933 :
1608 1907 1637 1934 et
1660 1906 1789 1943 quidem
1818 1917 1889 1938 cum

259 1944 364 1987 ipsum
373 1944 509 1987 Paulum
529 1945 658 1987 beatum
671 1953 769 1981 super
783 1944 1069 1987 eielum,‘adeoqne
1085 1944 1198 1973 caelum
1222 1944 1287 1987 caeli
1307 1944 1441 1987 volitare
1458 1944 1633 1987 videamus,
1659 1945 1795 1984 ipsoque
1823 1947 1889 1987 igni

259 1984 420 2013 ardentius
437 1982 714 2023 transcendentem
732 1986 846 2012 cuncta
860 2004 867 2017 ,
892 1985 923 2012 et
947 1986 1061 2012 cuncta
1078 1986 1282 2019 superantem
1298 2004 1306 2016 ,
1329 1983 1456 2012 inferna
1478 1983 1599 2013 scilicet
1624 1992 1661 2013 ac
1674 1982 1889 2023 ’sup'ernafet

259 2022 510 2063 tamﬁpraesentia
525 2029 622 2063 quam
647 2021 766 2057 futura,
782 2024 846 2050 tam
857 2029 904 2063 .ea
926 2030 998 2063 quae
1012 2025 1098 2057 sunt,
1117 2030 1215 2059 quam
1239 2029 1278 2063 ea
1304 2029 1377 2063 qua;
1401 2030 1465 2063 non
1484 2028 1569 2063 sunt.
1584 2023 1673 2059 Quod
1690 2021 1730 2053 si'
1743 2033 1841 2063 supra
1862 2031 1892 2057 te

258 2065 305 2091 est
317 2062 394 2090 illud
416 2060 600 2098 exemplum
613 2082 621 2094 ,
636 2065 833 2100 quamquam
853 2059 919 2098 jam
935 2060 987 2090 hic
1012 2069 1118 2090 sermo
1137 2061 1274 2098 torporis
1291 2063 1339 2090 est
1356 2059 1452 2099 (quid
1468 2062 1552 2090 enim
1575 2065 1603 2091 lc
1624 2063 1762 2100 amplius
1778 2059 1891 2096 habuit

259 2101 388 2135 Paulus,
405 2100 482 2138 quia
498 2100 553 2129 tibi
570 2099 660 2128 illum
676 2099 874 2139 impossibile
895 2101 997 2128 credis
1012 2099 1130 2129 imitari
1141 2099 1186 2139 ἲ),
1205 2102 1310 2129 tamen
1327 2108 1368 2128 ne
1383 2100 1505 2137 aliquid
1523 2099 1756 2133 contentiosius
1773 2104 1888 2137 afferre

258 2140 434 2174 videamur,
456 2141 686 2178 praetereuntes
711 2138 858 2173 Paulum,
875 2147 929 2168 eos
955 2140 1068 2168 saltem
1089 2139 1144 2177 qui
1170 2139 1262 2177 primi
1287 2140 1318 2168 in
1346 2139 1509 2169 Christum
1540 2141 1755 2177 crediderunt,
1780 2146 1889 2175 consi—

257 2180 414 2209 deremus.
427 2179 488 2215 Qui
503 2181 589 2208 certe
610 2181 641 2208 et
653 2179 820 2216 pecunias.
844 2179 1108 2219 etpossessiones
1124 2180 1244 2217 pariter
1259 2182 1290 2208 et
1306 2187 1416 2215 curas,
1433 2182 1531 2217 atque
1557 2181 1786 2219 occupationes
1816 2185 1889 2215 vitaz

257 2219 353 2262 hujus
370 2219 583 2262 reliquerunt,
600 2227 699 2262 seque
722 2220 804 2262 totos
821 2217 1020 2262 tradiderunt
1034 2219 1118 2262 I_)_eo,
1143 2219 1266 2262 cunctis
1282 2227 1415 2257 prorsus
1432 2219 1543 2262 diebus
1558 2228 1596 2250 ac
1612 2217 1757 2252 noctibus
1784 2223 1886 2262 ipsius

257 2257 447 2289 adhaerendo
476 2258 628 2287 sermoni.
656 2258 730 2288 Hace
745 2260 794 2287 est
815 2257 899 2288 enim
924 2258 1077 2296 spiritalis
1097 2260 1213 2288 natura
1228 2257 1375 2294 ﬂammae,
1395 2261 1429 2288 ut
1448 2260 1570 2289 nullam
1587 2269 1694 2290 secum
1707 2257 1887 2294 carnalium

258 2299 456 2337 voluptatum
474 2298 587 2327 ardere
600 2298 752 2336 patiatur,
778 2297 832 2327 sed
847 2298 879 2326 in
894 2297 993 2327 alium
1008 2306 1066 2328 nos
1081 2305 1224 2327 amorem
1239 2306 1367 2335 semper
1390 2298 1548 2328 traducat.
1576 2299 1615 2328 Et
1630 2299 1747 2330 idcirco
1775 2303 1887 2333 talium

258 2347 365 2368 rerum
383 2338 536 2378 cupidus.
550 2337 685 2378 etiamrsi
704 2340 819 2367 cuncta
835 2345 908 2375 qua:
932 2337 1074 2375 possidet
1098 2340 1233 2376 cogatur
1247 2337 1443 2378 impendere,
1467 2338 1492 2368 si
1515 2338 1658 2369 deridere
1674 2340 1830 2378 gloriam,
1858 2344 1885 2372 si

258 2378 434 2419 exliorrere
447 2377 590 2419 delicias»,
605 2378 630 2406 si
651 2377 938 2419 ipsampostren'io
954 2386 1117 2419 exponere
1136 2378 1332 2419 vitam,_cum
1352 2377 1472 2416 ingenti
1489 2379 1597 2419 omnia
1615 2377 1765 2410 facilitate
1783 2382 1886 2419 perfi—

257 2419 328 2447 ciet.
343 2417 471 2458 Etenim
491 2417 671 2458 przecipuus
686 2417 814 2455 quidem
831 2417 916 2458 illius
931 2417 1013 2458 ignis
1029 2417 1125 2447 ardor
1135 2426 1206 2458 cum
1220 2417 1364 2458 alicujus?
1375 2421 1511 2447 mentem
1531 2417 1624 2448 fuerit
1639 2417 1803 2458 ingressus
1818 2443 1825 2456 ,
1839 2425 1886 2451 to-

258 2461 324 2486 tum
340 2457 412 2500 inde
436 2462 599 2500 torporem
614 2457 841 2500 ignaviamque
854 2456 1243 2500 depellitzeteumcujus
1269 2457 1490 2500 semelpectus
1508 2456 1772 2500 invaseritfomni
1787 2470 1886 2500 pror—

257 2506 313 2527 sus
340 2497 416 2526 alite
431 2498 560 2534 priestat
575 2505 646 2526 esse
661 2496 826 2526 leviorem.
851 2496 988 2535 Jamque
1015 2496 1074 2526 iste
1095 2497 1167 2526 talis
1184 2505 1221 2537 ea
1237 2505 1309 2534 qua;
1322 2496 1471 2537 videntur
1488 2501 1603 2528 cuncta
1621 2496 1821 2537 despiciens,
1852 2502 1883 2531 in

257 2536 502 2580 compunctione
528 2536 681 2580 continua
711 2537 1018 2580 pe_rs_everat,largo
1042 2537 1171 2580 assidue
1198 2536 1300 2580 fluens
1327 2536 1413 2580 fonte
1424 2537 1656 2580 lacryniai:um,
1681 2536 1883 2580 multamque

258 2576 332 2606 hinc
346 2576 701 2618 capiens_voluptatem.
719 2575 803 2605 Nihil
817 2576 936 2618 quippe
951 2577 994 2618 ita
1015 2577 1215 2618 conglutinat
1227 2578 1324 2618 atque
1340 2577 1411 2606 unit
1423 2575 1504 2613 Deo,
1515 2580 1549 2606 ut
1562 2577 1624 2607 illis
1639 2578 1788 2617 lacrymze
1801 2575 1883 2618 quas

257 2618 289 2646 et
304 2617 425 2654 peccati
440 2615 531 2645 dolor
544 2618 575 2644 et
589 2623 681 2645 amor
699 2617 853 2645 virtutum
868 2615 1011 2645 effundit.
1026 2616 1087 2652 Qui
1102 2617 1186 2646 enim
1207 2616 1279 2646 talis
1295 2616 1366 2646 vitaa
1381 2620 1550 2646 conservat
1568 2615 1723 2653 tenorem}
1741 2615 1837 2649 etiam
1857 2621 1884 2651 si

258 2655 291 2684 in
311 2655 413 2685 medio
428 2655 516 2684 urbis
535 2654 681 2684 videatur
695 2655 853 2689 habitare,
868 2656 962 2694 quasi
977 2656 1009 2685 in
1031 2657 1129 2686 eremi
1153 2659 1259 2686 tamen
1275 2656 1423 2686 vastitate
1438 2656 1621 2694 requiescit.
1643 2659 1673 2686 et
1698 2657 1782 2688 inter
1803 2660 1884 2689 soli-

259 2694 572 2735 tudinesrmontium,
587 2698 619 2724 et
641 2699 764 2724 secreta
778 2695 984 2725 convallium.
1007 2696 1102 2726 Nullo
1121 2698 1206 2726 enim
1224 2695 1364 2725 tumultu
1377 2704 1486 2725 rerum
1497 2717 1505 2731 ,
1521 2696 1721 2735 strepituque
1734 2700 1883 2729 concuti-

258 2737 311 2776 tur
327 2744 334 2763 :
352 2734 431 2776 nihil
447 2734 496 2776 de_
510 2735 723 2776 praesentium
739 2735 925 2776 avocatione
947 2737 1148 2774 conspiciens
1160 2758 1167 2770 ,
1186 2743 1291 2773 neque
1310 2736 1410 2776 ullam
1425 2735 1614 2776 satietatem
1637 2737 1675 2766 de
1699 2737 1881 2776 hujusmodi

258 2774 347 2804 luctu
364 2773 581 2814 lacrymisque
606 2774 785 2812 percipiens
800 2796 807 2809 ,
823 2775 889 2804 sive
905 2773 1035 2813 propria
1051 2779 1192 2814 peccata.
1223 2778 1290 2804 sive
1307 2775 1402 2804 etiam
1425 2775 1619 2805 lamentetur
1637 2773 1754 2806 aliena:
1778 2778 1816 2806 lit
1833 2779 1882 2806 id-

257 2814 343 2844 circo
364 2813 511 2843 Christus
526 2814 584 2843 hos
601 2822 665 2852 pra;
687 2814 809 2844 caeteris
829 2813 1191 2852 pi'onuntiavit'beatOs,
1209 2814 1310 2847 Beati,
1329 2814 1490 2853 inquiens,
1518 2815 1572 2854 qui
1586 2816 1690 2855 lugent
1706 2816 1834 2855 (Manli.
1850 2817 1881 2848 5.

289 2883 325 2914 (η)
343 2886 413 2907 Juxta
421 2887 537 2911 (areum,
549 2881 680 2913 legendum
694 2887 778 2913 esset,
804 2882 960 2909 miserantem
973 2883 1100 2917 ,Εςιῃελὶιιι

678 2890 680 2906 ι
694 2887 778 2913 esset,
804 2882 960 2909 .a'ist'l'elviiczn
973 2883 1176 2917 .Egprmaa'eJi
1190 2886 1298 2911 carnium
1310 2884 1489 2912 molestiarum.
