  <div class='ocr_page' id='page_1' title='image "/cluster/home/n/w/nwhite01/storage/ocr_20150623/57-58/njp.32101077772653/850.png"; bbox 0 0 2055 3128; ppageno 0'>
   <div class='ocr_carea' id='block_1_1' title="bbox 227 135 1854 169">
    <p class='ocr_par' dir='ltr' id='par_1_1' title="bbox 227 135 1854 169">
     <span class='ocr_line' id='line_1_1' title="bbox 227 135 1854 169; baseline -0.004 0"><span class='ocrx_word' id='word_1_1' title='bbox 227 142 294 169; x_wconf 64' lang='grc'><strong>1039</strong></span> <span class='ocrx_word' id='word_1_2' title='bbox 827 139 942 168; x_wconf 60' lang='grc' dir='ltr'><strong>ΑΝιΑδι</strong></span> <span class='ocrx_word' id='word_1_3' title='bbox 962 137 1249 166; x_wconf 73' lang='grc' dir='ltr'><strong>ΙΝΤΕΠΡΒΕΤΛΤΙΟ.</strong></span> <span class='ocrx_word' id='word_1_4' title='bbox 1787 135 1854 163; x_wconf 64' lang='grc'>1040</span> 
     </span>
    </p>
   </div>
   <div class='ocr_carea' id='block_1_2' title="bbox 225 191 1858 233">
    <p class='ocr_par' dir='ltr' id='par_1_2' title="bbox 225 191 1858 233">
     <span class='ocr_line' id='line_1_2' title="bbox 225 191 1858 233; baseline 0.004 -10"><span class='ocrx_word' id='word_1_5' title='bbox 225 194 401 230; x_wconf 67' lang='lat' dir='ltr'><strong>contingat,</strong></span> <span class='ocrx_word' id='word_1_6' title='bbox 419 192 472 223; x_wconf 84' lang='lat' dir='ltr'><strong>sed</strong></span> <span class='ocrx_word' id='word_1_7' title='bbox 487 193 656 230; x_wconf 63' lang='lat' dir='ltr'><strong>praestetur</strong></span> <span class='ocrx_word' id='word_1_8' title='bbox 672 191 747 221; x_wconf 86' lang='lat' dir='ltr'><strong>mihi</strong></span> <span class='ocrx_word' id='word_1_9' title='bbox 767 192 993 233; x_wconf 16' lang='lat' dir='ltr'><strong>potiusiaDco</strong></span> <span class='ocrx_word' id='word_1_10' title='bbox 1004 193 1113 223; x_wconf 85' lang='lat' dir='ltr'><strong>ludere</strong></span> <span class='ocrx_word' id='word_1_11' title='bbox 1128 193 1213 222; x_wconf 90' lang='lat' dir='ltr'><strong>omni</strong></span> <span class='ocrx_word' id='word_1_12' title='bbox 1232 196 1385 232; x_wconf 76' lang='lat' dir='ltr'><strong>tempore,</strong></span> <span class='ocrx_word' id='word_1_13' title='bbox 1397 197 1428 224; x_wconf 89' lang='lat' dir='ltr'><strong>et</strong></span> <span class='ocrx_word' id='word_1_14' title='bbox 1444 195 1559 226; x_wconf 85' lang='lat' dir='ltr'><strong>ridere.</strong></span> <span class='ocrx_word' id='word_1_15' title='bbox 1573 197 1744 233; x_wconf 87' lang='lat' dir='ltr'><strong>Quidnam,</strong></span> <span class='ocrx_word' id='word_1_16' title='bbox 1761 199 1858 230; x_wconf 85' lang='lat' dir='ltr'><strong>obse-</strong></span> 
     </span>
    </p>
   </div>
   <div class='ocr_carea' id='block_1_3' title="bbox 225 231 1859 278">
    <p class='ocr_par' dir='ltr' id='par_1_3' title="bbox 225 231 1859 278">
     <span class='ocr_line' id='line_1_3' title="bbox 225 231 1859 278; baseline 0.003 -15"><span class='ocrx_word' id='word_1_17' title='bbox 225 233 363 278; x_wconf 78' lang='lat' dir='ltr'><strong>ero_._tali</strong></span> <span class='ocrx_word' id='word_1_18' title='bbox 382 231 864 278; x_wconf 47' lang='lat' dir='ltr'><strong>ingeniatur&#39;mentelpuerilius</strong></span> <span class='ocrx_word' id='word_1_19' title='bbox 876 232 890 260; x_wconf 91' lang='lat'><strong>?</strong></span> <span class='ocrx_word' id='word_1_20' title='bbox 902 232 1071 278; x_wconf 59' lang='lat' dir='ltr'><strong>Nonenhn</strong></span> <span class='ocrx_word' id='word_1_21' title='bbox 1088 233 1170 278; x_wconf 69' lang='lat' dir='ltr'><strong>Deus</strong></span> <span class='ocrx_word' id='word_1_22' title='bbox 1199 231 1460 278; x_wconf 47' lang='lat' dir='ltr'><strong>dat‘ludere,_setl</strong></span> <span class='ocrx_word' id='word_1_23' title='bbox 1477 231 1636 278; x_wconf 75' lang='lat' dir='ltr'><strong>diabolus.</strong></span> <span class='ocrx_word' id='word_1_24' title='bbox 1655 231 1743 268; x_wconf 25' lang='lat' dir='ltr'><strong>Audi,</strong></span> <span class='ocrx_word' id='word_1_25' title='bbox 1761 240 1859 278; x_wconf 82' lang='lat' dir='ltr'><strong>igitur</strong></span> 
     </span>
    </p>
   </div>
   <div class='ocr_carea' id='block_1_4' title="bbox 225 270 1860 311">
    <p class='ocr_par' dir='ltr' id='par_1_4' title="bbox 225 270 1860 311">
     <span class='ocr_line' id='line_1_4' title="bbox 225 270 1860 311; baseline 0.004 -9"><span class='ocrx_word' id='word_1_26' title='bbox 225 273 303 311; x_wconf 88' lang='lat' dir='ltr'><strong>quid</strong></span> <span class='ocrx_word' id='word_1_27' title='bbox 320 273 404 310; x_wconf 88' lang='lat' dir='ltr'><strong>passi</strong></span> <span class='ocrx_word' id='word_1_28' title='bbox 422 271 539 301; x_wconf 87' lang='lat' dir='ltr'><strong>fuerint</strong></span> <span class='ocrx_word' id='word_1_29' title='bbox 553 270 728 311; x_wconf 74' lang='lat' dir='ltr'><strong>aliquando</strong></span> <span class='ocrx_word' id='word_1_30' title='bbox 744 270 899 311; x_wconf 73' lang='lat' dir='ltr'><strong>ludentes.</strong></span> <span class='ocrx_word' id='word_1_31' title='bbox 917 271 1014 306; x_wconf 76' lang='lat' dir='ltr'><strong>Sedit,</strong></span> <span class='ocrx_word' id='word_1_32' title='bbox 1032 273 1146 310; x_wconf 84' lang='lat' dir='ltr'><strong>inquit,</strong></span> <span class='ocrx_word' id='word_1_33' title='bbox 1162 272 1490 311; x_wconf 76' lang='lat' dir='ltr'><strong>populusmanducarc</strong></span> <span class='ocrx_word' id='word_1_34' title='bbox 1504 280 1531 304; x_wconf 77' lang='lat' dir='ltr'><strong>et</strong></span> <span class='ocrx_word' id='word_1_35' title='bbox 1544 275 1656 310; x_wconf 73' lang='lat' dir='ltr'><strong>bibere,</strong></span> <span class='ocrx_word' id='word_1_36' title='bbox 1673 282 1701 307; x_wconf 81' lang='lat' dir='ltr'><strong>et</strong></span> <span class='ocrx_word' id='word_1_37' title='bbox 1716 270 1860 309; x_wconf 52' lang='lat' dir='ltr'><strong>surrexe-</strong></span> 
     </span>
    </p>
   </div>
   <div class='ocr_carea' id='block_1_5' title="bbox 225 310 1859 354">
    <p class='ocr_par' dir='ltr' id='par_1_5' title="bbox 225 310 1859 354">
     <span class='ocr_line' id='line_1_5' title="bbox 225 310 1859 354; baseline 0.004 -12"><span class='ocrx_word' id='word_1_38' title='bbox 225 310 304 354; x_wconf 60' lang='lat' dir='ltr'><strong>runt</strong></span> <span class='ocrx_word' id='word_1_39' title='bbox 319 311 424 354; x_wconf 59' lang='lat' dir='ltr'><strong>little-rc</strong></span> <span class='ocrx_word' id='word_1_40' title='bbox 437 311 570 354; x_wconf 48' lang='lat' dir='ltr'><strong>(lC;0_d,_</strong></span> <span class='ocrx_word' id='word_1_41' title='bbox 651 310 695 354; x_wconf 73' lang='grc' dir='ltr'><strong>6)ἶ</strong></span> <span class='ocrx_word' id='word_1_42' title='bbox 711 310 914 354; x_wconf 64' lang='lat' dir='ltr'><strong>Taleserant</strong></span> <span class='ocrx_word' id='word_1_43' title='bbox 928 312 1091 354; x_wconf 77' lang='lat' dir='ltr'><strong>quondam</strong></span> <span class='ocrx_word' id='word_1_44' title='bbox 1106 312 1137 354; x_wconf 85' lang='lat' dir='ltr'><strong>in</strong></span> <span class='ocrx_word' id='word_1_45' title='bbox 1149 310 1312 354; x_wconf 71' lang='lat' dir='ltr'><strong>Sodomis,</strong></span> <span class='ocrx_word' id='word_1_46' title='bbox 1330 314 1408 354; x_wconf 82' lang='lat' dir='ltr'><strong>tales</strong></span> <span class='ocrx_word' id='word_1_47' title='bbox 1425 313 1520 343; x_wconf 87' lang='lat' dir='ltr'><strong>etiam</strong></span> <span class='ocrx_word' id='word_1_48' title='bbox 1536 318 1678 354; x_wconf 85' lang='lat' dir='ltr'><strong>tempore</strong></span> <span class='ocrx_word' id='word_1_49' title='bbox 1697 317 1786 348; x_wconf 85' lang='lat' dir='ltr'><strong>fuere</strong></span> <span class='ocrx_word' id='word_1_50' title='bbox 1804 319 1859 348; x_wconf 75' lang='lat' dir='ltr'><strong>(li--</strong></span> 
     </span>
    </p>
   </div>
   <div class='ocr_carea' id='block_1_6' title="bbox 227 350 1861 398">
    <p class='ocr_par' dir='ltr' id='par_1_6' title="bbox 227 350 1861 398">
     <span class='ocr_line' id='line_1_6' title="bbox 227 350 1861 398; baseline 0.006 -18"><span class='ocrx_word' id='word_1_51' title='bbox 227 351 513 398; x_wconf 45' lang='lat' dir='ltr'><strong>l_uvii.ll_‘l‘anilet‘d‘e</strong></span> <span class='ocrx_word' id='word_1_52' title='bbox 527 351 589 398; x_wconf 70' lang='lat' dir='ltr'><strong>illis</strong></span> <span class='ocrx_word' id='word_1_53' title='bbox 607 350 762 398; x_wconf 65' lang='lat' dir='ltr'><strong>Dominus</strong></span> <span class='ocrx_word' id='word_1_54' title='bbox 775 350 820 379; x_wconf 94' lang='lat' dir='ltr'><strong>ait</strong></span> <span class='ocrx_word' id='word_1_55' title='bbox 835 360 841 378; x_wconf 77' lang='grc' dir='ltr'><strong><em>τ</em></strong></span> <span class='ocrx_word' id='word_1_56' title='bbox 857 350 1013 398; x_wconf 51' lang='grc' dir='ltr'><strong>ρψεηὶιιξη</strong></span> <span class='ocrx_word' id='word_1_57' title='bbox 1027 351 1182 390; x_wconf 72' lang='lat' dir='ltr'><strong>superbia,</strong></span> <span class='ocrx_word' id='word_1_58' title='bbox 1199 357 1226 382; x_wconf 79' lang='lat' dir='ltr'><strong>et</strong></span> <span class='ocrx_word' id='word_1_59' title='bbox 1240 353 1405 398; x_wconf 62' lang='lat' dir='ltr'><strong>saturitate</strong></span> <span class='ocrx_word' id='word_1_60' title='bbox 1414 361 1546 398; x_wconf 41' lang='lat' dir='ltr'><strong>panuﬂm,</strong></span> <span class='ocrx_word' id='word_1_61' title='bbox 1564 360 1592 398; x_wconf 65' lang='lat' dir='ltr'><strong>et</strong></span> <span class='ocrx_word' id='word_1_62' title='bbox 1603 350 1738 387; x_wconf 39' lang='lat' dir='ltr'><strong>’divitiz’s</strong></span> <span class='ocrx_word' id='word_1_63' title='bbox 1752 359 1861 398; x_wconf 73' lang='lat' dir='ltr'><strong>(if/lue-</strong></span> 
     </span>
    </p>
   </div>
   <div class='ocr_carea' id='block_1_7' title="bbox 227 389 1860 430">
    <p class='ocr_par' dir='ltr' id='par_1_7' title="bbox 227 389 1860 430">
     <span class='ocr_line' id='line_1_7' title="bbox 227 389 1860 430; baseline 0.004 -9"><span class='ocrx_word' id='word_1_64' title='bbox 227 392 302 421; x_wconf 80' lang='lat' dir='ltr'><strong>bant</strong></span> <span class='ocrx_word' id='word_1_65' title='bbox 319 391 448 429; x_wconf 75' lang='lat' dir='ltr'><strong>(Ezech.</strong></span> <span class='ocrx_word' id='word_1_66' title='bbox 466 390 513 419; x_wconf 80' lang='lat'><strong>16.</strong></span> <span class='ocrx_word' id='word_1_67' title='bbox 529 389 592 428; x_wconf 63' lang='lat' dir='ltr'><strong>litt).</strong></span> <span class='ocrx_word' id='word_1_68' title='bbox 606 389 654 419; x_wconf 92' lang='lat' dir='ltr'><strong>llli</strong></span> <span class='ocrx_word' id='word_1_69' title='bbox 676 398 807 427; x_wconf 89' lang='lat' dir='ltr'><strong>quoque</strong></span> <span class='ocrx_word' id='word_1_70' title='bbox 822 390 876 427; x_wconf 92' lang='lat' dir='ltr'><strong>qui</strong></span> <span class='ocrx_word' id='word_1_71' title='bbox 899 390 965 430; x_wconf 84' lang='lat' dir='ltr'><strong>Noe</strong></span> <span class='ocrx_word' id='word_1_72' title='bbox 983 389 1138 429; x_wconf 80' lang='lat' dir='ltr'><strong>tempore,</strong></span> <span class='ocrx_word' id='word_1_73' title='bbox 1155 400 1226 421; x_wconf 93' lang='lat' dir='ltr'><strong>cum</strong></span> <span class='ocrx_word' id='word_1_74' title='bbox 1243 401 1299 430; x_wconf 84' lang='lat' dir='ltr'><strong>per</strong></span> <span class='ocrx_word' id='word_1_75' title='bbox 1314 394 1359 421; x_wconf 88' lang='lat' dir='ltr'><strong>tot</strong></span> <span class='ocrx_word' id='word_1_76' title='bbox 1377 389 1480 421; x_wconf 70' lang='lat' dir='ltr'><strong>annos</strong></span> <span class='ocrx_word' id='word_1_77' title='bbox 1501 393 1649 424; x_wconf 86' lang='lat' dir='ltr'><strong>fabricari</strong></span> <span class='ocrx_word' id='word_1_78' title='bbox 1673 389 1792 427; x_wconf 48' lang='lat' dir='ltr'><strong>arcam,</strong></span> <span class='ocrx_word' id='word_1_79' title='bbox 1807 398 1860 427; x_wconf 82' lang='lat' dir='ltr'><strong>vi-</strong></span> 
     </span>
    </p>
   </div>
   <div class='ocr_carea' id='block_1_8' title="bbox 227 429 1859 474">
    <p class='ocr_par' dir='ltr' id='par_1_8' title="bbox 227 429 1859 474">
     <span class='ocr_line' id='line_1_8' title="bbox 227 429 1859 474; baseline 0.004 -13"><span class='ocrx_word' id='word_1_80' title='bbox 227 432 349 474; x_wconf 73' lang='lat' dir='ltr'><strong>derent.</strong></span> <span class='ocrx_word' id='word_1_81' title='bbox 364 430 529 474; x_wconf 77' lang='lat' dir='ltr'><strong>fugiebant</strong></span> <span class='ocrx_word' id='word_1_82' title='bbox 542 438 671 474; x_wconf 74' lang='lat' dir='ltr'><strong>omnem</strong></span> <span class='ocrx_word' id='word_1_83' title='bbox 681 429 936 474; x_wconf 68' lang='lat' dir='ltr'><strong>conipunctionis</strong></span> <span class='ocrx_word' id='word_1_84' title='bbox 951 430 1105 474; x_wconf 86' lang='lat' dir='ltr'><strong>dolorem,</strong></span> <span class='ocrx_word' id='word_1_85' title='bbox 1121 433 1152 460; x_wconf 86' lang='lat' dir='ltr'><strong>et</strong></span> <span class='ocrx_word' id='word_1_86' title='bbox 1167 429 1252 474; x_wconf 63' lang='lat' dir='ltr'><strong>male</strong></span> <span class='ocrx_word' id='word_1_87' title='bbox 1264 431 1388 461; x_wconf 71' lang='lat' dir='ltr'><strong>blanda:</strong></span> <span class='ocrx_word' id='word_1_88' title='bbox 1399 434 1521 474; x_wconf 74' lang='lat' dir='ltr'><strong>tantum</strong></span> <span class='ocrx_word' id='word_1_89' title='bbox 1537 433 1651 474; x_wconf 63' lang='lat' dir='ltr'><strong>lzetitiie</strong></span> <span class='ocrx_word' id='word_1_90' title='bbox 1664 437 1859 474; x_wconf 86' lang='lat' dir='ltr'><strong>serviebant,</strong></span> 
     </span>
    </p>
   </div>
   <div class='ocr_carea' id='block_1_9' title="bbox 230 468 1860 514">
    <p class='ocr_par' dir='ltr' id='par_1_9' title="bbox 230 468 1860 514">
     <span class='ocr_line' id='line_1_9' title="bbox 230 468 1860 514; baseline 0.004 -14"><span class='ocrx_word' id='word_1_91' title='bbox 230 471 310 514; x_wconf 82' lang='lat' dir='ltr'><strong>nihil</strong></span> <span class='ocrx_word' id='word_1_92' title='bbox 326 468 567 514; x_wconf 19' lang='lat' dir='ltr'><strong>omninoera‘nt</strong></span> <span class='ocrx_word' id='word_1_93' title='bbox 583 469 706 514; x_wconf 74' lang='lat' dir='ltr'><strong>providi</strong></span> <span class='ocrx_word' id='word_1_94' title='bbox 722 468 903 498; x_wconf 90' lang='lat' dir='ltr'><strong>futurorum</strong></span> <span class='ocrx_word' id='word_1_95' title='bbox 918 480 924 498; x_wconf 88' lang='lat'><strong>:</strong></span> <span class='ocrx_word' id='word_1_96' title='bbox 941 472 977 514; x_wconf 65' lang='lat' dir='ltr'><strong>et</strong></span> <span class='ocrx_word' id='word_1_97' title='bbox 987 472 1156 514; x_wconf 82' lang='lat' dir='ltr'><strong>propterea</strong></span> <span class='ocrx_word' id='word_1_98' title='bbox 1167 471 1274 501; x_wconf 89' lang='lat' dir='ltr'><strong>subita</strong></span> <span class='ocrx_word' id='word_1_99' title='bbox 1284 479 1396 501; x_wconf 86' lang='lat' dir='ltr'><strong>omnes</strong></span> <span class='ocrx_word' id='word_1_100' title='bbox 1411 471 1482 501; x_wconf 90' lang='lat' dir='ltr'><strong>illos</strong></span> <span class='ocrx_word' id='word_1_101' title='bbox 1501 473 1611 502; x_wconf 82' lang='lat' dir='ltr'><strong>mersit</strong></span> <span class='ocrx_word' id='word_1_102' title='bbox 1627 483 1720 512; x_wconf 76' lang='lat' dir='ltr'><strong>pmua</strong></span> <span class='ocrx_word' id='word_1_103' title='bbox 1735 468 1860 514; x_wconf 69' lang='lat' dir='ltr'><strong>diluvii,</strong></span> 
     </span>
    </p>
   </div>
   <div class='ocr_carea' id='block_1_10' title="bbox 229 509 1112 548">
    <p class='ocr_par' dir='ltr' id='par_1_10' title="bbox 229 509 1112 548">
     <span class='ocr_line' id='line_1_10' title="bbox 229 509 1112 548; baseline -0.001 -8"><span class='ocrx_word' id='word_1_104' title='bbox 229 511 412 547; x_wconf 83' lang='lat' dir='ltr'><strong>factumque</strong></span> <span class='ocrx_word' id='word_1_105' title='bbox 428 512 475 538; x_wconf 83' lang='lat' dir='ltr'><strong>est</strong></span> <span class='ocrx_word' id='word_1_106' title='bbox 494 509 589 538; x_wconf 91' lang='lat' dir='ltr'><strong>totius</strong></span> <span class='ocrx_word' id='word_1_107' title='bbox 610 509 696 537; x_wconf 86' lang='lat' dir='ltr'><strong>orbis</strong></span> <span class='ocrx_word' id='word_1_108' title='bbox 709 517 878 538; x_wconf 83' lang='lat' dir='ltr'><strong>commune</strong></span> <span class='ocrx_word' id='word_1_109' title='bbox 897 509 1112 548; x_wconf 74' lang='lat' dir='ltr'><strong>naufragium.</strong></span> 
     </span>
    </p>
   </div>
   <div class='ocr_carea' id='block_1_11' title="bbox 267 548 1861 588">
    <p class='ocr_par' dir='ltr' id='par_1_11' title="bbox 267 548 1861 588">
     <span class='ocr_line' id='line_1_11' title="bbox 267 548 1861 588; baseline 0.004 -8"><span class='ocrx_word' id='word_1_110' title='bbox 267 551 296 580; x_wconf 82' lang='lat'><strong>7.</strong></span> <span class='ocrx_word' id='word_1_111' title='bbox 312 550 382 579; x_wconf 71' lang='lat' dir='ltr'><strong>Noli</strong></span> <span class='ocrx_word' id='word_1_112' title='bbox 396 549 492 587; x_wconf 77' lang='lat' dir='ltr'><strong>igitur</strong></span> <span class='ocrx_word' id='word_1_113' title='bbox 503 548 569 577; x_wconf 62' lang='lat' dir='ltr'><strong>haec</strong></span> <span class='ocrx_word' id='word_1_114' title='bbox 589 556 608 578; x_wconf 89' lang='lat' dir='ltr'><strong>a</strong></span> <span class='ocrx_word' id='word_1_115' title='bbox 624 548 687 576; x_wconf 86' lang='lat' dir='ltr'><strong>Deo</strong></span> <span class='ocrx_word' id='word_1_116' title='bbox 699 556 831 586; x_wconf 91' lang='lat' dir='ltr'><strong>poscere</strong></span> <span class='ocrx_word' id='word_1_117' title='bbox 845 557 918 588; x_wconf 64' lang='lat' dir='ltr'><strong>quae</strong></span> <span class='ocrx_word' id='word_1_118' title='bbox 933 549 1051 587; x_wconf 85' lang='lat' dir='ltr'><strong>accipis</strong></span> <span class='ocrx_word' id='word_1_119' title='bbox 1066 558 1086 580; x_wconf 86' lang='lat' dir='ltr'><strong>a</strong></span> <span class='ocrx_word' id='word_1_120' title='bbox 1100 549 1239 579; x_wconf 80' lang='lat' dir='ltr'><strong>diabolo.</strong></span> <span class='ocrx_word' id='word_1_121' title='bbox 1255 551 1312 580; x_wconf 90' lang='lat' dir='ltr'><strong>Dei</strong></span> <span class='ocrx_word' id='word_1_122' title='bbox 1332 550 1489 588; x_wconf 89' lang='lat' dir='ltr'><strong>siquidem</strong></span> <span class='ocrx_word' id='word_1_123' title='bbox 1507 554 1554 582; x_wconf 90' lang='lat' dir='ltr'><strong>est</strong></span> <span class='ocrx_word' id='word_1_124' title='bbox 1569 552 1768 584; x_wconf 86' lang='lat' dir='ltr'><strong>humiliatam</strong></span> <span class='ocrx_word' id='word_1_125' title='bbox 1785 555 1861 587; x_wconf 85' lang='lat' dir='ltr'><strong>dare</strong></span> 
     </span>
    </p>
   </div>
   <div class='ocr_carea' id='block_1_12' title="bbox 229 587 1861 629">
    <p class='ocr_par' dir='ltr' id='par_1_12' title="bbox 229 587 1861 629">
     <span class='ocr_line' id='line_1_12' title="bbox 229 587 1861 629; baseline 0.003 -9"><span class='ocrx_word' id='word_1_126' title='bbox 229 591 369 620; x_wconf 87' lang='lat' dir='ltr'><strong>animam</strong></span> <span class='ocrx_word' id='word_1_127' title='bbox 383 611 391 620; x_wconf 89' lang='lat'><strong>.</strong></span> <span class='ocrx_word' id='word_1_128' title='bbox 409 590 595 618; x_wconf 86' lang='lat' dir='ltr'><strong>trementem</strong></span> <span class='ocrx_word' id='word_1_129' title='bbox 611 607 619 623; x_wconf 91' lang='lat'><strong>,</strong></span> <span class='ocrx_word' id='word_1_130' title='bbox 639 595 783 625; x_wconf 81' lang='lat' dir='ltr'><strong>pressam</strong></span> <span class='ocrx_word' id='word_1_131' title='bbox 800 609 808 623; x_wconf 93' lang='lat'><strong>,</strong></span> <span class='ocrx_word' id='word_1_132' title='bbox 825 587 973 626; x_wconf 86' lang='lat' dir='ltr'><strong>pudicam</strong></span> <span class='ocrx_word' id='word_1_133' title='bbox 990 610 999 624; x_wconf 93' lang='lat'><strong>,</strong></span> <span class='ocrx_word' id='word_1_134' title='bbox 1015 589 1221 627; x_wconf 64' lang='lat' dir='ltr'><strong>paenitentem</strong></span> <span class='ocrx_word' id='word_1_135' title='bbox 1235 593 1332 628; x_wconf 87' lang='lat' dir='ltr'><strong>atque</strong></span> <span class='ocrx_word' id='word_1_136' title='bbox 1346 587 1580 629; x_wconf 82' lang='lat' dir='ltr'><strong>compunctam.</strong></span> <span class='ocrx_word' id='word_1_137' title='bbox 1598 592 1670 622; x_wconf 65' lang='lat' dir='ltr'><strong>Haec</strong></span> <span class='ocrx_word' id='word_1_138' title='bbox 1687 594 1771 623; x_wconf 89' lang='lat' dir='ltr'><strong>enim</strong></span> <span class='ocrx_word' id='word_1_139' title='bbox 1787 599 1861 625; x_wconf 83' lang='lat' dir='ltr'><strong>sunt</strong></span> 
     </span>
    </p>
   </div>
   <div class='ocr_carea' id='block_1_13' title="bbox 229 629 1862 669">
    <p class='ocr_par' dir='ltr' id='par_1_13' title="bbox 229 629 1862 669">
     <span class='ocr_line' id='line_1_13' title="bbox 229 629 1862 669; baseline -0.001 -6"><span class='ocrx_word' id='word_1_140' title='bbox 229 633 285 664; x_wconf 91' lang='lat' dir='ltr'><strong>Dei</strong></span> <span class='ocrx_word' id='word_1_141' title='bbox 300 639 448 667; x_wconf 80' lang='lat' dir='ltr'><strong>munera,</strong></span> <span class='ocrx_word' id='word_1_142' title='bbox 463 630 540 668; x_wconf 83' lang='lat' dir='ltr'><strong>quia</strong></span> <span class='ocrx_word' id='word_1_143' title='bbox 551 632 581 659; x_wconf 88' lang='lat' dir='ltr'><strong>et</strong></span> <span class='ocrx_word' id='word_1_144' title='bbox 592 629 775 669; x_wconf 80' lang='lat' dir='ltr'><strong>nostalibus</strong></span> <span class='ocrx_word' id='word_1_145' title='bbox 784 629 987 669; x_wconf 85' lang='lat' dir='ltr'><strong>potissimum</strong></span> <span class='ocrx_word' id='word_1_146' title='bbox 1002 629 1192 668; x_wconf 79' lang='lat' dir='ltr'><strong>indigemus.</strong></span> <span class='ocrx_word' id='word_1_147' title='bbox 1209 631 1356 660; x_wconf 84' lang='lat' dir='ltr'><strong>Imminet</strong></span> <span class='ocrx_word' id='word_1_148' title='bbox 1371 639 1510 668; x_wconf 91' lang='lat' dir='ltr'><strong>namque</strong></span> <span class='ocrx_word' id='word_1_149' title='bbox 1526 631 1617 659; x_wconf 89' lang='lat' dir='ltr'><strong>nobis</strong></span> <span class='ocrx_word' id='word_1_150' title='bbox 1631 632 1749 669; x_wconf 76' lang='lat' dir='ltr'><strong>grande</strong></span> <span class='ocrx_word' id='word_1_151' title='bbox 1761 635 1862 661; x_wconf 86' lang='lat' dir='ltr'><strong>certa—</strong></span> 
     </span>
    </p>
   </div>
   <div class='ocr_carea' id='block_1_14' title="bbox 230 668 1868 709">
    <p class='ocr_par' dir='ltr' id='par_1_14' title="bbox 230 668 1868 709">
     <span class='ocr_line' id='line_1_14' title="bbox 230 668 1868 709; baseline -0.002 -6"><span class='ocrx_word' id='word_1_152' title='bbox 230 681 313 705; x_wconf 81' lang='lat' dir='ltr'><strong>men,</strong></span> <span class='ocrx_word' id='word_1_153' title='bbox 331 675 360 701; x_wconf 90' lang='lat' dir='ltr'><strong>et</strong></span> <span class='ocrx_word' id='word_1_154' title='bbox 375 670 528 700; x_wconf 82' lang='lat' dir='ltr'><strong>adversus</strong></span> <span class='ocrx_word' id='word_1_155' title='bbox 545 668 722 698; x_wconf 76' lang='lat' dir='ltr'><strong>invisibiles</strong></span> <span class='ocrx_word' id='word_1_156' title='bbox 737 670 823 698; x_wconf 85' lang='lat' dir='ltr'><strong>lucta</strong></span> <span class='ocrx_word' id='word_1_157' title='bbox 840 668 986 709; x_wconf 83' lang='lat' dir='ltr'><strong>virtutes,</strong></span> <span class='ocrx_word' id='word_1_158' title='bbox 1003 669 1157 699; x_wconf 89' lang='lat' dir='ltr'><strong>adversus</strong></span> <span class='ocrx_word' id='word_1_159' title='bbox 1174 670 1355 708; x_wconf 85' lang='lat' dir='ltr'><strong>spiritualia</strong></span> <span class='ocrx_word' id='word_1_160' title='bbox 1378 669 1528 707; x_wconf 63' lang='lat' dir='ltr'><strong>nequitiae</strong></span> <span class='ocrx_word' id='word_1_161' title='bbox 1541 691 1548 704; x_wconf 94' lang='lat'><strong>,</strong></span> <span class='ocrx_word' id='word_1_162' title='bbox 1567 672 1598 698; x_wconf 90' lang='lat' dir='ltr'><strong>et</strong></span> <span class='ocrx_word' id='word_1_163' title='bbox 1619 672 1729 700; x_wconf 88' lang='lat' dir='ltr'><strong>contra</strong></span> <span class='ocrx_word' id='word_1_164' title='bbox 1753 670 1868 709; x_wconf 82' lang='lat' dir='ltr'><strong>hujus—</strong></span> 
     </span>
    </p>
   </div>
   <div class='ocr_carea' id='block_1_15' title="bbox 229 707 1867 749">
    <p class='ocr_par' dir='ltr' id='par_1_15' title="bbox 229 707 1867 749">
     <span class='ocr_line' id='line_1_15' title="bbox 229 707 1867 749; baseline -0.001 -7"><span class='ocrx_word' id='word_1_165' title='bbox 229 711 314 742; x_wconf 90' lang='lat' dir='ltr'><strong>modi</strong></span> <span class='ocrx_word' id='word_1_166' title='bbox 329 710 524 749; x_wconf 81' lang='lat' dir='ltr'><strong>principatus</strong></span> <span class='ocrx_word' id='word_1_167' title='bbox 538 710 574 738; x_wconf 72' lang='lat' dir='ltr'><strong>.et</strong></span> <span class='ocrx_word' id='word_1_168' title='bbox 591 709 761 746; x_wconf 88' lang='lat' dir='ltr'><strong>potestates</strong></span> <span class='ocrx_word' id='word_1_169' title='bbox 776 707 986 749; x_wconf 81' lang='lat' dir='ltr'><strong>pugnandum</strong></span> <span class='ocrx_word' id='word_1_170' title='bbox 999 711 1046 737; x_wconf 90' lang='lat' dir='ltr'><strong>cst</strong></span> <span class='ocrx_word' id='word_1_171' title='bbox 1062 707 1236 747; x_wconf 47' lang='lat' dir='ltr'><strong>(EpheSIG.</strong></span> <span class='ocrx_word' id='word_1_172' title='bbox 1254 709 1303 748; x_wconf 76' lang='lat'><strong>12)</strong></span> <span class='ocrx_word' id='word_1_173' title='bbox 1323 719 1329 738; x_wconf 93' lang='lat'>:</span> <span class='ocrx_word' id='word_1_174' title='bbox 1348 710 1493 749; x_wconf 77' lang='lat' dir='ltr'><strong>beneque</strong></span> <span class='ocrx_word' id='word_1_175' title='bbox 1518 709 1602 749; x_wconf 74' lang='lat' dir='ltr'><strong>nobi-</strong></span> <span class='ocrx_word' id='word_1_176' title='bbox 1613 718 1685 738; x_wconf 89' lang='lat' dir='ltr'><strong>cum</strong></span> <span class='ocrx_word' id='word_1_177' title='bbox 1702 707 1826 748; x_wconf 80' lang='lat' dir='ltr'><strong>agitur,</strong></span> <span class='ocrx_word' id='word_1_178' title='bbox 1842 710 1867 740; x_wconf 87' lang='lat' dir='ltr'><strong>si</strong></span> 
     </span>
    </p>
   </div>
   <div class='ocr_carea' id='block_1_16' title="bbox 230 746 1865 788">
    <p class='ocr_par' dir='ltr' id='par_1_16' title="bbox 230 746 1865 788">
     <span class='ocr_line' id='line_1_16' title="bbox 230 746 1865 788; baseline -0.002 -6"><span class='ocrx_word' id='word_1_179' title='bbox 230 746 394 782; x_wconf 82' lang='lat' dir='ltr'><strong>strenuam</strong></span> <span class='ocrx_word' id='word_1_180' title='bbox 408 746 539 788; x_wconf 83' lang='lat' dir='ltr'><strong>operam</strong></span> <span class='ocrx_word' id='word_1_181' title='bbox 555 750 722 788; x_wconf 81' lang='lat' dir='ltr'><strong>navantcs,</strong></span> <span class='ocrx_word' id='word_1_182' title='bbox 733 748 764 776; x_wconf 91' lang='lat' dir='ltr'><strong>et</strong></span> <span class='ocrx_word' id='word_1_183' title='bbox 776 746 882 776; x_wconf 87' lang='lat' dir='ltr'><strong>sobrie</strong></span> <span class='ocrx_word' id='word_1_184' title='bbox 893 747 1049 788; x_wconf 83' lang='lat' dir='ltr'><strong>viventes,</strong></span> <span class='ocrx_word' id='word_1_185' title='bbox 1063 746 1277 787; x_wconf 74' lang='lat' dir='ltr'><strong>etvigilantes</strong></span> <span class='ocrx_word' id='word_1_186' title='bbox 1294 746 1464 787; x_wconf 80' lang='lat' dir='ltr'><strong>possumus</strong></span> <span class='ocrx_word' id='word_1_187' title='bbox 1477 748 1580 788; x_wconf 84' lang='lat' dir='ltr'><strong>ferum</strong></span> <span class='ocrx_word' id='word_1_188' title='bbox 1591 746 1737 786; x_wconf 72' lang='lat' dir='ltr'><strong>ipsorum</strong></span> <span class='ocrx_word' id='word_1_189' title='bbox 1749 757 1865 788; x_wconf 79' lang='lat' dir='ltr'><strong>agmen</strong></span> 
     </span>
    </p>
   </div>
   <div class='ocr_carea' id='block_1_17' title="bbox 230 786 1869 827">
    <p class='ocr_par' dir='ltr' id='par_1_17' title="bbox 230 786 1869 827">
     <span class='ocr_line' id='line_1_17' title="bbox 230 786 1869 827; baseline -0.001 -6"><span class='ocrx_word' id='word_1_190' title='bbox 230 791 401 822; x_wconf 82' lang='lat' dir='ltr'><strong>sustinere.</strong></span> <span class='ocrx_word' id='word_1_191' title='bbox 424 786 514 825; x_wconf 82' lang='lat' dir='ltr'><strong>Quod</strong></span> <span class='ocrx_word' id='word_1_192' title='bbox 530 788 556 817; x_wconf 88' lang='lat' dir='ltr'><strong>si</strong></span> <span class='ocrx_word' id='word_1_193' title='bbox 574 795 649 817; x_wconf 86' lang='lat' dir='ltr'><strong>vero</strong></span> <span class='ocrx_word' id='word_1_194' title='bbox 667 786 828 827; x_wconf 78' lang='lat' dir='ltr'><strong>rideamus</strong></span> <span class='ocrx_word' id='word_1_195' title='bbox 855 788 952 827; x_wconf 87' lang='lat' dir='ltr'><strong>atque</strong></span> <span class='ocrx_word' id='word_1_196' title='bbox 973 787 1120 817; x_wconf 89' lang='lat' dir='ltr'><strong>ludamus</strong></span> <span class='ocrx_word' id='word_1_197' title='bbox 1135 786 1269 827; x_wconf 57' lang='lat' dir='ltr'><strong>{jugem</strong></span> <span class='ocrx_word' id='word_1_198' title='bbox 1291 786 1443 817; x_wconf 84' lang='lat' dir='ltr'><strong>desidiam</strong></span> <span class='ocrx_word' id='word_1_199' title='bbox 1466 787 1671 817; x_wconf 83' lang='lat' dir='ltr'><strong>confoventes</strong></span> <span class='ocrx_word' id='word_1_200' title='bbox 1690 810 1697 823; x_wconf 85' lang='lat'><strong>,</strong></span> <span class='ocrx_word' id='word_1_201' title='bbox 1723 786 1869 819; x_wconf 80' lang='lat' dir='ltr'><strong>facillime</strong></span> 
     </span>
    </p>
   </div>
   <div class='ocr_carea' id='block_1_18' title="bbox 231 826 1869 868">
    <p class='ocr_par' dir='ltr' id='par_1_18' title="bbox 231 826 1869 868">
     <span class='ocr_line' id='line_1_18' title="bbox 231 826 1869 868; baseline -0.002 -7"><span class='ocrx_word' id='word_1_202' title='bbox 231 833 304 862; x_wconf 84' lang='lat' dir='ltr'><strong>ante</strong></span> <span class='ocrx_word' id='word_1_203' title='bbox 322 837 462 868; x_wconf 75' lang='lat' dir='ltr'><strong>pugnam</strong></span> <span class='ocrx_word' id='word_1_204' title='bbox 480 835 610 868; x_wconf 82' lang='lat' dir='ltr'><strong>quoque</strong></span> <span class='ocrx_word' id='word_1_205' title='bbox 623 826 756 868; x_wconf 76' lang='lat' dir='ltr'><strong>proprio</strong></span> <span class='ocrx_word' id='word_1_206' title='bbox 772 828 901 868; x_wconf 74' lang='lat' dir='ltr'><strong>torpore</strong></span> <span class='ocrx_word' id='word_1_207' title='bbox 917 826 1094 868; x_wconf 84' lang='lat' dir='ltr'><strong>vincemur.</strong></span> <span class='ocrx_word' id='word_1_208' title='bbox 1110 827 1181 857; x_wconf 90' lang='lat' dir='ltr'><strong>Non</strong></span> <span class='ocrx_word' id='word_1_209' title='bbox 1203 826 1250 858; x_wconf 82' lang='lat' dir='ltr'><strong>cst</strong></span> <span class='ocrx_word' id='word_1_210' title='bbox 1267 830 1414 857; x_wconf 89' lang='lat' dir='ltr'><strong>nostrum</strong></span> <span class='ocrx_word' id='word_1_211' title='bbox 1429 836 1506 866; x_wconf 82' lang='lat' dir='ltr'><strong>ergo</strong></span> <span class='ocrx_word' id='word_1_212' title='bbox 1520 827 1765 868; x_wconf 81' lang='lat' dir='ltr'><strong>assidueridere</strong></span> <span class='ocrx_word' id='word_1_213' title='bbox 1783 850 1790 863; x_wconf 87' lang='lat'><strong>,</strong></span> <span class='ocrx_word' id='word_1_214' title='bbox 1812 838 1869 858; x_wconf 91' lang='lat' dir='ltr'><strong>rc—</strong></span> 
     </span>
    </p>
   </div>
   <div class='ocr_carea' id='block_1_19' title="bbox 233 865 1870 906">
    <p class='ocr_par' dir='ltr' id='par_1_19' title="bbox 233 865 1870 906">
     <span class='ocr_line' id='line_1_19' title="bbox 233 865 1870 906; baseline -0.002 -5"><span class='ocrx_word' id='word_1_215' title='bbox 233 870 313 901; x_wconf 86' lang='lat' dir='ltr'><strong>solvi</strong></span> <span class='ocrx_word' id='word_1_216' title='bbox 324 865 504 902; x_wconf 64' lang='lat' dir='ltr'><strong>cachinnis,</strong></span> <span class='ocrx_word' id='word_1_217' title='bbox 514 866 631 896; x_wconf 90' lang='lat' dir='ltr'><strong>molliri</strong></span> <span class='ocrx_word' id='word_1_218' title='bbox 645 865 765 895; x_wconf 86' lang='lat' dir='ltr'><strong>deliciis</strong></span> <span class='ocrx_word' id='word_1_219' title='bbox 781 875 788 894; x_wconf 91' lang='lat'><strong>:</strong></span> <span class='ocrx_word' id='word_1_220' title='bbox 805 865 859 895; x_wconf 84' lang='lat' dir='ltr'><strong>sed</strong></span> <span class='ocrx_word' id='word_1_221' title='bbox 872 874 983 906; x_wconf 84' lang='lat' dir='ltr'><strong>eorum</strong></span> <span class='ocrx_word' id='word_1_222' title='bbox 1002 867 1120 904; x_wconf 87' lang='lat' dir='ltr'><strong>potius,</strong></span> <span class='ocrx_word' id='word_1_223' title='bbox 1134 869 1164 897; x_wconf 88' lang='lat' dir='ltr'><strong>et</strong></span> <span class='ocrx_word' id='word_1_224' title='bbox 1179 876 1290 897; x_wconf 87' lang='lat' dir='ltr'><strong>earum</strong></span> <span class='ocrx_word' id='word_1_225' title='bbox 1306 876 1377 905; x_wconf 77' lang='lat' dir='ltr'><strong>quae</strong></span> <span class='ocrx_word' id='word_1_226' title='bbox 1393 865 1579 905; x_wconf 83' lang='lat' dir='ltr'><strong>spectantur</strong></span> <span class='ocrx_word' id='word_1_227' title='bbox 1595 867 1625 896; x_wconf 93' lang='lat' dir='ltr'><strong>in</strong></span> <span class='ocrx_word' id='word_1_228' title='bbox 1644 867 1786 902; x_wconf 84' lang='lat' dir='ltr'><strong>theatris,</strong></span> <span class='ocrx_word' id='word_1_229' title='bbox 1799 877 1870 906; x_wconf 76' lang='lat' dir='ltr'><strong>qum</strong></span> 
     </span>
    </p>
   </div>
   <div class='ocr_carea' id='block_1_20' title="bbox 232 905 1868 948">
    <p class='ocr_par' dir='ltr' id='par_1_20' title="bbox 232 905 1868 948">
     <span class='ocr_line' id='line_1_20' title="bbox 232 905 1868 948; baseline -0.002 -8"><span class='ocrx_word' id='word_1_230' title='bbox 232 911 265 941; x_wconf 92' lang='lat' dir='ltr'><strong>in</strong></span> <span class='ocrx_word' id='word_1_231' title='bbox 279 909 490 948; x_wconf 87' lang='lat' dir='ltr'><strong>lupanaribus</strong></span> <span class='ocrx_word' id='word_1_232' title='bbox 506 906 728 948; x_wconf 72' lang='lat' dir='ltr'><strong>inquinantur,</strong></span> <span class='ocrx_word' id='word_1_233' title='bbox 746 913 856 934; x_wconf 89' lang='lat' dir='ltr'><strong>eorum</strong></span> <span class='ocrx_word' id='word_1_234' title='bbox 868 906 922 943; x_wconf 92' lang='lat' dir='ltr'><strong>qui</strong></span> <span class='ocrx_word' id='word_1_235' title='bbox 940 905 979 934; x_wconf 91' lang='lat' dir='ltr'><strong>ad</strong></span> <span class='ocrx_word' id='word_1_236' title='bbox 990 905 1050 935; x_wconf 88' lang='lat' dir='ltr'><strong>hoc</strong></span> <span class='ocrx_word' id='word_1_237' title='bbox 1064 909 1144 948; x_wconf 83' lang='lat' dir='ltr'><strong>sunt</strong></span> <span class='ocrx_word' id='word_1_238' title='bbox 1155 906 1227 936; x_wconf 88' lang='lat' dir='ltr'><strong>facti</strong></span> <span class='ocrx_word' id='word_1_239' title='bbox 1242 907 1457 948; x_wconf 82' lang='lat' dir='ltr'><strong>parasitorum</strong></span> <span class='ocrx_word' id='word_1_240' title='bbox 1467 906 1720 948; x_wconf 80' lang='lat' dir='ltr'><strong>etadnlatorum.</strong></span> <span class='ocrx_word' id='word_1_241' title='bbox 1730 907 1798 936; x_wconf 89' lang='lat' dir='ltr'><strong>Non</strong></span> <span class='ocrx_word' id='word_1_242' title='bbox 1809 905 1868 942; x_wconf 77' lang='lat' dir='ltr'><strong>est,</strong></span> 
     </span>
    </p>
   </div>
   <div class='ocr_carea' id='block_1_21' title="bbox 232 945 1868 988">
    <p class='ocr_par' dir='ltr' id='par_1_21' title="bbox 232 945 1868 988">
     <span class='ocr_line' id='line_1_21' title="bbox 232 945 1868 988; baseline -0.002 -8"><span class='ocrx_word' id='word_1_243' title='bbox 232 945 378 988; x_wconf 79' lang='lat' dir='ltr'><strong>inquam.</strong></span> <span class='ocrx_word' id='word_1_244' title='bbox 395 949 454 977; x_wconf 90' lang='lat' dir='ltr'><strong>hoc</strong></span> <span class='ocrx_word' id='word_1_245' title='bbox 472 945 709 988; x_wconf 83' lang='lat' dir='ltr'><strong>eorum_qui_a(l</strong></span> <span class='ocrx_word' id='word_1_246' title='bbox 722 947 876 974; x_wconf 61' lang='lat' dir='ltr'><strong>internum</strong></span> <span class='ocrx_word' id='word_1_247' title='bbox 891 954 1026 988; x_wconf 83' lang='lat' dir='ltr'><strong>regnum</strong></span> <span class='ocrx_word' id='word_1_248' title='bbox 1043 947 1146 988; x_wconf 80' lang='lat' dir='ltr'><strong>vocati</strong></span> <span class='ocrx_word' id='word_1_249' title='bbox 1163 949 1249 982; x_wconf 90' lang='lat' dir='ltr'><strong>sunt,</strong></span> <span class='ocrx_word' id='word_1_250' title='bbox 1266 947 1387 988; x_wconf 88' lang='lat' dir='ltr'><strong>quique</strong></span> <span class='ocrx_word' id='word_1_251' title='bbox 1403 946 1435 976; x_wconf 91' lang='lat' dir='ltr'><strong>in</strong></span> <span class='ocrx_word' id='word_1_252' title='bbox 1448 946 1567 988; x_wconf 61' lang='lat' dir='ltr'><strong>caelesti</strong></span> <span class='ocrx_word' id='word_1_253' title='bbox 1582 947 1636 988; x_wconf 77' lang='lat' dir='ltr'><strong>illa</strong></span> <span class='ocrx_word' id='word_1_254' title='bbox 1652 946 1778 988; x_wconf 66' lang='lat' dir='ltr'><strong>civitate</strong></span> <span class='ocrx_word' id='word_1_255' title='bbox 1791 955 1868 988; x_wconf 80' lang='lat' dir='ltr'><strong>con-</strong></span> 
     </span>
    </p>
   </div>
   <div class='ocr_carea' id='block_1_22' title="bbox 233 985 1867 1027">
    <p class='ocr_par' dir='ltr' id='par_1_22' title="bbox 233 985 1867 1027">
     <span class='ocr_line' id='line_1_22' title="bbox 233 985 1867 1027; baseline -0.002 -8"><span class='ocrx_word' id='word_1_256' title='bbox 233 985 353 1027; x_wconf 81' lang='lat' dir='ltr'><strong>scripti,</strong></span> <span class='ocrx_word' id='word_1_257' title='bbox 371 996 434 1017; x_wconf 90' lang='lat' dir='ltr'><strong>non</strong></span> <span class='ocrx_word' id='word_1_258' title='bbox 453 985 699 1027; x_wconf 17' lang='lat' dir='ltr'><strong>estrspiritualia</strong></span> <span class='ocrx_word' id='word_1_259' title='bbox 715 992 804 1027; x_wconf 79' lang='lat' dir='ltr'><strong>arma</strong></span> <span class='ocrx_word' id='word_1_260' title='bbox 823 985 1015 1027; x_wconf 81' lang='lat' dir='ltr'><strong>gestantium</strong></span> <span class='ocrx_word' id='word_1_261' title='bbox 1032 985 1138 1027; x_wconf 90' lang='lat' dir='ltr'><strong>:_quod</strong></span> <span class='ocrx_word' id='word_1_262' title='bbox 1153 988 1237 1027; x_wconf 81' lang='lat' dir='ltr'><strong>certe</strong></span> <span class='ocrx_word' id='word_1_263' title='bbox 1254 986 1421 1024; x_wconf 87' lang='lat' dir='ltr'><strong>proprium</strong></span> <span class='ocrx_word' id='word_1_264' title='bbox 1443 988 1489 1027; x_wconf 81' lang='lat' dir='ltr'><strong>est</strong></span> <span class='ocrx_word' id='word_1_265' title='bbox 1506 985 1633 1027; x_wconf 83' lang='lat' dir='ltr'><strong>diabolo</strong></span> <span class='ocrx_word' id='word_1_266' title='bbox 1650 986 1867 1027; x_wconf 81' lang='lat' dir='ltr'><strong>militantium.</strong></span> 
     </span>
    </p>
   </div>
   <div class='ocr_carea' id='block_1_23' title="bbox 233 1024 1865 1064">
    <p class='ocr_par' dir='ltr' id='par_1_23' title="bbox 233 1024 1865 1064">
     <span class='ocr_line' id='line_1_23' title="bbox 233 1024 1865 1064; baseline -0.002 -5"><span class='ocrx_word' id='word_1_267' title='bbox 233 1024 392 1060; x_wconf 50' lang='lat' dir='ltr'><strong>Ille-enim</strong></span> <span class='ocrx_word' id='word_1_268' title='bbox 407 1029 465 1062; x_wconf 89' lang='lat' dir='ltr'><strong>est,</strong></span> <span class='ocrx_word' id='word_1_269' title='bbox 482 1026 535 1055; x_wconf 87' lang='lat' dir='ltr'><strong>ille</strong></span> <span class='ocrx_word' id='word_1_270' title='bbox 550 1025 604 1063; x_wconf 92' lang='lat' dir='ltr'><strong>qui</strong></span> <span class='ocrx_word' id='word_1_271' title='bbox 621 1025 716 1054; x_wconf 90' lang='lat' dir='ltr'><strong>etiam</strong></span> <span class='ocrx_word' id='word_1_272' title='bbox 735 1024 767 1052; x_wconf 87' lang='lat' dir='ltr'><strong>in</strong></span> <span class='ocrx_word' id='word_1_273' title='bbox 783 1029 885 1053; x_wconf 84' lang='lat' dir='ltr'><strong>artem</strong></span> <span class='ocrx_word' id='word_1_274' title='bbox 898 1024 988 1062; x_wconf 90' lang='lat' dir='ltr'><strong>jocos</strong></span> <span class='ocrx_word' id='word_1_275' title='bbox 1003 1024 1160 1063; x_wconf 83' lang='lat' dir='ltr'><strong>ludosque</strong></span> <span class='ocrx_word' id='word_1_276' title='bbox 1175 1026 1319 1064; x_wconf 81' lang='lat' dir='ltr'><strong>digessit,</strong></span> <span class='ocrx_word' id='word_1_277' title='bbox 1336 1028 1371 1055; x_wconf 91' lang='lat' dir='ltr'><strong>ut</strong></span> <span class='ocrx_word' id='word_1_278' title='bbox 1390 1034 1444 1063; x_wconf 92' lang='lat' dir='ltr'><strong>per</strong></span> <span class='ocrx_word' id='word_1_279' title='bbox 1460 1026 1525 1055; x_wconf 66' lang='lat' dir='ltr'><strong>haec</strong></span> <span class='ocrx_word' id='word_1_280' title='bbox 1539 1025 1577 1055; x_wconf 89' lang='lat' dir='ltr'><strong>ad</strong></span> <span class='ocrx_word' id='word_1_281' title='bbox 1593 1035 1625 1055; x_wconf 82' lang='lat' dir='ltr'><strong>se</strong></span> <span class='ocrx_word' id='word_1_282' title='bbox 1645 1026 1786 1056; x_wconf 80' lang='lat' dir='ltr'><strong>traheret</strong></span> <span class='ocrx_word' id='word_1_283' title='bbox 1804 1026 1865 1055; x_wconf 86' lang='lat' dir='ltr'><strong>mi—</strong></span> 
     </span>
    </p>
   </div>
   <div class='ocr_carea' id='block_1_24' title="bbox 233 1064 1869 1104">
    <p class='ocr_par' dir='ltr' id='par_1_24' title="bbox 233 1064 1869 1104">
     <span class='ocr_line' id='line_1_24' title="bbox 233 1064 1869 1104; baseline -0.002 -6"><span class='ocrx_word' id='word_1_284' title='bbox 233 1069 303 1098; x_wconf 91' lang='lat' dir='ltr'><strong>lites</strong></span> <span class='ocrx_word' id='word_1_285' title='bbox 317 1067 433 1097; x_wconf 83' lang='lat' dir='ltr'><strong>Christi</strong></span> <span class='ocrx_word' id='word_1_286' title='bbox 449 1089 456 1100; x_wconf 86' lang='lat'><strong>,</strong></span> <span class='ocrx_word' id='word_1_287' title='bbox 475 1065 666 1103; x_wconf 82' lang='lat' dir='ltr'><strong>virtutisque</strong></span> <span class='ocrx_word' id='word_1_288' title='bbox 680 1072 793 1094; x_wconf 89' lang='lat' dir='ltr'><strong>eorum</strong></span> <span class='ocrx_word' id='word_1_289' title='bbox 810 1072 930 1104; x_wconf 85' lang='lat' dir='ltr'><strong>nervos</strong></span> <span class='ocrx_word' id='word_1_290' title='bbox 944 1064 1061 1094; x_wconf 88' lang='lat' dir='ltr'><strong>faceret</strong></span> <span class='ocrx_word' id='word_1_291' title='bbox 1075 1066 1251 1095; x_wconf 88' lang='lat' dir='ltr'><strong>molliores.</strong></span> <span class='ocrx_word' id='word_1_292' title='bbox 1269 1066 1442 1104; x_wconf 80' lang='lat' dir='ltr'><strong>Propterea</strong></span> <span class='ocrx_word' id='word_1_293' title='bbox 1459 1065 1490 1094; x_wconf 92' lang='lat' dir='ltr'><strong>in</strong></span> <span class='ocrx_word' id='word_1_294' title='bbox 1509 1066 1642 1095; x_wconf 88' lang='lat' dir='ltr'><strong>urbibus</strong></span> <span class='ocrx_word' id='word_1_295' title='bbox 1659 1065 1754 1094; x_wconf 85' lang='lat' dir='ltr'><strong>etiam</strong></span> <span class='ocrx_word' id='word_1_296' title='bbox 1773 1065 1869 1095; x_wconf 89' lang='lat' dir='ltr'><strong>thea—</strong></span> 
     </span>
    </p>
   </div>
   <div class='ocr_carea' id='block_1_25' title="bbox 235 1103 1867 1143">
    <p class='ocr_par' dir='ltr' id='par_1_25' title="bbox 235 1103 1867 1143">
     <span class='ocr_line' id='line_1_25' title="bbox 235 1103 1867 1143; baseline -0.001 -6"><span class='ocrx_word' id='word_1_297' title='bbox 235 1112 282 1139; x_wconf 87' lang='lat' dir='ltr'><strong>tra</strong></span> <span class='ocrx_word' id='word_1_298' title='bbox 303 1105 503 1139; x_wconf 74' lang='lat' dir='ltr'><strong>construxit,</strong></span> <span class='ocrx_word' id='word_1_299' title='bbox 524 1107 555 1134; x_wconf 93' lang='lat' dir='ltr'><strong>et</strong></span> <span class='ocrx_word' id='word_1_300' title='bbox 570 1104 641 1134; x_wconf 92' lang='lat' dir='ltr'><strong>illos</strong></span> <span class='ocrx_word' id='word_1_301' title='bbox 655 1104 778 1133; x_wconf 90' lang='lat' dir='ltr'><strong>risuum</strong></span> <span class='ocrx_word' id='word_1_302' title='bbox 795 1111 833 1132; x_wconf 89' lang='lat' dir='ltr'><strong>ac</strong></span> <span class='ocrx_word' id='word_1_303' title='bbox 849 1103 991 1141; x_wconf 88' lang='lat' dir='ltr'><strong>turpium</strong></span> <span class='ocrx_word' id='word_1_304' title='bbox 1010 1105 1211 1142; x_wconf 89' lang='lat' dir='ltr'><strong>voluptatum</strong></span> <span class='ocrx_word' id='word_1_305' title='bbox 1235 1103 1415 1135; x_wconf 87' lang='lat' dir='ltr'><strong>incentores</strong></span> <span class='ocrx_word' id='word_1_306' title='bbox 1433 1105 1558 1143; x_wconf 84' lang='lat' dir='ltr'><strong>paravit</strong></span> <span class='ocrx_word' id='word_1_307' title='bbox 1574 1127 1580 1139; x_wconf 94' lang='lat'><strong>,</strong></span> <span class='ocrx_word' id='word_1_308' title='bbox 1610 1109 1639 1134; x_wconf 91' lang='lat' dir='ltr'><strong>et</strong></span> <span class='ocrx_word' id='word_1_309' title='bbox 1666 1114 1722 1143; x_wconf 86' lang='lat' dir='ltr'><strong>per</strong></span> <span class='ocrx_word' id='word_1_310' title='bbox 1739 1105 1867 1135; x_wconf 87' lang='lat' dir='ltr'><strong>illorum</strong></span> 
     </span>
    </p>
   </div>
   <div class='ocr_carea' id='block_1_26' title="bbox 233 1143 1868 1183">
    <p class='ocr_par' dir='ltr' id='par_1_26' title="bbox 233 1143 1868 1183">
     <span class='ocr_line' id='line_1_26' title="bbox 233 1143 1868 1183; baseline -0.002 -6"><span class='ocrx_word' id='word_1_311' title='bbox 233 1148 317 1177; x_wconf 83' lang='lat' dir='ltr'><strong>luem</strong></span> <span class='ocrx_word' id='word_1_312' title='bbox 333 1147 364 1176; x_wconf 93' lang='lat' dir='ltr'><strong>in</strong></span> <span class='ocrx_word' id='word_1_313' title='bbox 381 1146 564 1176; x_wconf 87' lang='lat' dir='ltr'><strong>universam</strong></span> <span class='ocrx_word' id='word_1_314' title='bbox 584 1145 695 1174; x_wconf 84' lang='lat' dir='ltr'><strong>urbem</strong></span> <span class='ocrx_word' id='word_1_315' title='bbox 718 1143 811 1172; x_wconf 87' lang='lat' dir='ltr'><strong>talem</strong></span> <span class='ocrx_word' id='word_1_316' title='bbox 837 1143 955 1173; x_wconf 84' lang='lat' dir='ltr'><strong>excitat</strong></span> <span class='ocrx_word' id='word_1_317' title='bbox 974 1146 1104 1181; x_wconf 84' lang='lat' dir='ltr'><strong>pestem.</strong></span> <span class='ocrx_word' id='word_1_318' title='bbox 1141 1145 1217 1180; x_wconf 75' lang='lat' dir='ltr'><strong>Qua:</strong></span> <span class='ocrx_word' id='word_1_319' title='bbox 1233 1154 1292 1174; x_wconf 91' lang='lat' dir='ltr'><strong>nos</strong></span> <span class='ocrx_word' id='word_1_320' title='bbox 1318 1144 1426 1183; x_wconf 81' lang='lat' dir='ltr'><strong>fugere</strong></span> <span class='ocrx_word' id='word_1_321' title='bbox 1456 1145 1568 1174; x_wconf 83' lang='lat' dir='ltr'><strong>beatus</strong></span> <span class='ocrx_word' id='word_1_322' title='bbox 1586 1145 1728 1182; x_wconf 69' lang='lat' dir='ltr'><strong>rra&#39;cipit</strong></span> <span class='ocrx_word' id='word_1_323' title='bbox 1751 1145 1868 1174; x_wconf 61' lang='lat' dir='ltr'><strong>Paulus</strong></span> 
     </span>
    </p>
   </div>
   <div class='ocr_carea' id='block_1_27' title="bbox 236 1182 1868 1228">
    <p class='ocr_par' dir='ltr' id='par_1_27' title="bbox 236 1182 1868 1228">
     <span class='ocr_line' id='line_1_27' title="bbox 236 1182 1868 1228; baseline -0.001 -13"><span class='ocrx_word' id='word_1_324' title='bbox 236 1187 364 1228; x_wconf 76' lang='lat' dir='ltr'><strong>(Ep/tes.</strong></span> <span class='ocrx_word' id='word_1_325' title='bbox 424 1184 466 1223; x_wconf 69' lang='lat' dir='ltr'><strong>lt),</strong></span> <span class='ocrx_word' id='word_1_326' title='bbox 477 1183 657 1228; x_wconf 77' lang='lat' dir='ltr'><strong>suadensut</strong></span> <span class='ocrx_word' id='word_1_327' title='bbox 670 1185 701 1213; x_wconf 89' lang='lat' dir='ltr'><strong>et</strong></span> <span class='ocrx_word' id='word_1_328' title='bbox 713 1183 891 1228; x_wconf 73' lang='lat' dir='ltr'><strong>stultitiam.</strong></span> <span class='ocrx_word' id='word_1_329' title='bbox 906 1185 936 1212; x_wconf 86' lang='lat' dir='ltr'><strong>et</strong></span> <span class='ocrx_word' id='word_1_330' title='bbox 951 1183 1177 1228; x_wconf 69' lang='lat' dir='ltr'><strong>scurrilitatem</strong></span> <span class='ocrx_word' id='word_1_331' title='bbox 1189 1192 1208 1214; x_wconf 92' lang='lat' dir='ltr'><strong>a</strong></span> <span class='ocrx_word' id='word_1_332' title='bbox 1224 1182 1734 1228; x_wconf 55' lang='lat' dir='ltr'><strong>nobislongiusrepellamus5c):</strong></span> <span class='ocrx_word' id='word_1_333' title='bbox 1749 1184 1868 1228; x_wconf 75' lang='lat' dir='ltr'><strong>quibus</strong></span> 
     </span>
    </p>
   </div>
   <div class='ocr_carea' id='block_1_28' title="bbox 235 1222 1868 1262">
    <p class='ocr_par' dir='ltr' id='par_1_28' title="bbox 235 1222 1868 1262">
     <span class='ocr_line' id='line_1_28' title="bbox 235 1222 1868 1262; baseline -0.001 -6"><span class='ocrx_word' id='word_1_334' title='bbox 235 1222 321 1256; x_wconf 71' lang='lat' dir='ltr'><strong>risus</strong></span> <span class='ocrx_word' id='word_1_335' title='bbox 338 1222 448 1254; x_wconf 86' lang='lat' dir='ltr'><strong>multo</strong></span> <span class='ocrx_word' id='word_1_336' title='bbox 465 1224 676 1262; x_wconf 83' lang='lat' dir='ltr'><strong>perniciosior</strong></span> <span class='ocrx_word' id='word_1_337' title='bbox 695 1224 742 1252; x_wconf 82' lang='lat' dir='ltr'><strong>est</strong></span> <span class='ocrx_word' id='word_1_338' title='bbox 753 1243 760 1256; x_wconf 91' lang='lat'><strong>,</strong></span> <span class='ocrx_word' id='word_1_339' title='bbox 782 1222 947 1260; x_wconf 87' lang='lat' dir='ltr'><strong>multoque</strong></span> <span class='ocrx_word' id='word_1_340' title='bbox 966 1222 1115 1253; x_wconf 88' lang='lat' dir='ltr'><strong>deterior.</strong></span> <span class='ocrx_word' id='word_1_341' title='bbox 1131 1224 1266 1260; x_wconf 86' lang='lat' dir='ltr'><strong>Quando</strong></span> <span class='ocrx_word' id='word_1_342' title='bbox 1281 1224 1365 1253; x_wconf 87' lang='lat' dir='ltr'><strong>enim</strong></span> <span class='ocrx_word' id='word_1_343' title='bbox 1381 1224 1466 1252; x_wconf 89' lang='lat' dir='ltr'><strong>mimi</strong></span> <span class='ocrx_word' id='word_1_344' title='bbox 1482 1223 1527 1253; x_wconf 90' lang='lat' dir='ltr'><strong>illi</strong></span> <span class='ocrx_word' id='word_1_345' title='bbox 1542 1225 1637 1262; x_wconf 86' lang='lat' dir='ltr'><strong>atque</strong></span> <span class='ocrx_word' id='word_1_346' title='bbox 1653 1224 1778 1253; x_wconf 80' lang='lat' dir='ltr'><strong>ridiculi</strong></span> <span class='ocrx_word' id='word_1_347' title='bbox 1794 1224 1868 1254; x_wconf 89' lang='lat' dir='ltr'><strong>bla—</strong></span> 
     </span>
    </p>
   </div>
   <div class='ocr_carea' id='block_1_29' title="bbox 235 1262 1864 1304">
    <p class='ocr_par' dir='ltr' id='par_1_29' title="bbox 235 1262 1864 1304">
     <span class='ocr_line' id='line_1_29' title="bbox 235 1262 1864 1304; baseline -0.002 -8"><span class='ocrx_word' id='word_1_348' title='bbox 235 1266 404 1304; x_wconf 89' lang='lat' dir='ltr'><strong>sphemum</strong></span> <span class='ocrx_word' id='word_1_349' title='bbox 422 1272 459 1304; x_wconf 79' lang='lat' dir='ltr'><strong>ac</strong></span> <span class='ocrx_word' id='word_1_350' title='bbox 472 1267 562 1301; x_wconf 84' lang='lat' dir='ltr'><strong>turpe</strong></span> <span class='ocrx_word' id='word_1_351' title='bbox 575 1263 650 1304; x_wconf 85' lang='lat' dir='ltr'><strong>quid</strong></span> <span class='ocrx_word' id='word_1_352' title='bbox 663 1262 825 1304; x_wconf 63' lang='lat' dir='ltr'><strong>dixerunt,</strong></span> <span class='ocrx_word' id='word_1_353' title='bbox 841 1263 1132 1304; x_wconf 80' lang='lat' dir='ltr'><strong>tun_c_pot_issi_mum</strong></span> <span class='ocrx_word' id='word_1_354' title='bbox 1146 1263 1288 1301; x_wconf 86' lang='lat' dir='ltr'><strong>quidque</strong></span> <span class='ocrx_word' id='word_1_355' title='bbox 1302 1263 1481 1304; x_wconf 86' lang='lat' dir='ltr'><strong>stolidiores</strong></span> <span class='ocrx_word' id='word_1_356' title='bbox 1496 1263 1666 1304; x_wconf 84' lang='lat' dir='ltr'><strong>solvuntur</strong></span> <span class='ocrx_word' id='word_1_357' title='bbox 1683 1264 1714 1292; x_wconf 93' lang='lat' dir='ltr'><strong>in</strong></span> <span class='ocrx_word' id='word_1_358' title='bbox 1738 1263 1838 1293; x_wconf 87' lang='lat' dir='ltr'><strong>risum</strong></span> <span class='ocrx_word' id='word_1_359' title='bbox 1857 1273 1864 1292; x_wconf 92' lang='lat'><strong><em>:</em></strong></span> 
     </span>
    </p>
   </div>
   <div class='ocr_carea' id='block_1_30' title="bbox 236 1301 1866 1342">
    <p class='ocr_par' dir='ltr' id='par_1_30' title="bbox 236 1301 1866 1342">
     <span class='ocr_line' id='line_1_30' title="bbox 236 1301 1866 1342; baseline -0.002 -7"><span class='ocrx_word' id='word_1_360' title='bbox 236 1301 307 1335; x_wconf 87' lang='lat' dir='ltr'><strong>inde</strong></span> <span class='ocrx_word' id='word_1_361' title='bbox 319 1303 548 1342; x_wconf 87' lang='lat' dir='ltr'><strong>applaudcntes</strong></span> <span class='ocrx_word' id='word_1_362' title='bbox 567 1301 772 1340; x_wconf 73' lang='lat' dir='ltr'><strong>magis,unde</strong></span> <span class='ocrx_word' id='word_1_363' title='bbox 783 1301 877 1342; x_wconf 81' lang='lat' dir='ltr'><strong>etiam</strong></span> <span class='ocrx_word' id='word_1_364' title='bbox 893 1301 964 1331; x_wconf 86' lang='lat' dir='ltr'><strong>illos</strong></span> <span class='ocrx_word' id='word_1_365' title='bbox 980 1302 1138 1340; x_wconf 86' lang='lat' dir='ltr'><strong>lapidibus</strong></span> <span class='ocrx_word' id='word_1_366' title='bbox 1155 1303 1320 1341; x_wconf 77' lang='lat' dir='ltr'><strong>exagitare</strong></span> <span class='ocrx_word' id='word_1_367' title='bbox 1336 1303 1524 1336; x_wconf 81' lang='lat' dir='ltr'><strong>debuerant,</strong></span> <span class='ocrx_word' id='word_1_368' title='bbox 1537 1303 1591 1341; x_wconf 91' lang='lat' dir='ltr'><strong>qui</strong></span> <span class='ocrx_word' id='word_1_369' title='bbox 1608 1303 1767 1332; x_wconf 84' lang='lat' dir='ltr'><strong>fornacem</strong></span> <span class='ocrx_word' id='word_1_370' title='bbox 1783 1304 1866 1341; x_wconf 83' lang='lat' dir='ltr'><strong>ignis</strong></span> 
     </span>
    </p>
   </div>
   <div class='ocr_carea' id='block_1_31' title="bbox 236 1340 1868 1380">
    <p class='ocr_par' dir='ltr' id='par_1_31' title="bbox 236 1340 1868 1380">
     <span class='ocr_line' id='line_1_31' title="bbox 236 1340 1868 1380; baseline -0.001 -6"><span class='ocrx_word' id='word_1_371' title='bbox 236 1340 398 1374; x_wconf 78' lang='lat' dir='ltr'><strong>horribilis</strong></span> <span class='ocrx_word' id='word_1_372' title='bbox 414 1352 453 1373; x_wconf 72' lang='lat' dir='ltr'><strong>ex</strong></span> <span class='ocrx_word' id='word_1_373' title='bbox 469 1342 649 1380; x_wconf 83' lang='lat' dir='ltr'><strong>hujusmodi</strong></span> <span class='ocrx_word' id='word_1_374' title='bbox 668 1343 827 1379; x_wconf 86' lang='lat' dir='ltr'><strong>voluptate</strong></span> <span class='ocrx_word' id='word_1_375' title='bbox 840 1340 875 1369; x_wconf 88' lang='lat' dir='ltr'><strong>in</strong></span> <span class='ocrx_word' id='word_1_376' title='bbox 887 1349 980 1370; x_wconf 90' lang='lat' dir='ltr'><strong>suum</strong></span> <span class='ocrx_word' id='word_1_377' title='bbox 997 1342 1140 1380; x_wconf 87' lang='lat' dir='ltr'><strong>ipsorum</strong></span> <span class='ocrx_word' id='word_1_378' title='bbox 1155 1340 1250 1380; x_wconf 83' lang='lat' dir='ltr'><strong>caput</strong></span> <span class='ocrx_word' id='word_1_379' title='bbox 1266 1343 1474 1372; x_wconf 81' lang='lat' dir='ltr'><strong>succendunt.</strong></span> <span class='ocrx_word' id='word_1_380' title='bbox 1490 1340 1644 1378; x_wconf 87' lang='lat' dir='ltr'><strong>Quienim</strong></span> <span class='ocrx_word' id='word_1_381' title='bbox 1661 1340 1868 1373; x_wconf 84' lang='lat' dir='ltr'><strong>laudantista</strong></span> 
     </span>
    </p>
   </div>
   <div class='ocr_carea' id='block_1_32' title="bbox 236 1380 1891 1420">
    <p class='ocr_par' dir='ltr' id='par_1_32' title="bbox 236 1380 1891 1420">
     <span class='ocr_line' id='line_1_32' title="bbox 236 1380 1891 1420; baseline -0.001 -7"><span class='ocrx_word' id='word_1_382' title='bbox 236 1385 388 1417; x_wconf 84' lang='lat' dir='ltr'><strong>dicentes,</strong></span> <span class='ocrx_word' id='word_1_383' title='bbox 407 1382 464 1420; x_wconf 87' lang='lat' dir='ltr'><strong>ipsi</strong></span> <span class='ocrx_word' id='word_1_384' title='bbox 479 1382 524 1411; x_wconf 83' lang='lat' dir='ltr'><strong>eis</strong></span> <span class='ocrx_word' id='word_1_385' title='bbox 539 1381 604 1411; x_wconf 69' lang='lat' dir='ltr'><strong>llu‘c</strong></span> <span class='ocrx_word' id='word_1_386' title='bbox 617 1389 767 1410; x_wconf 73' lang='lat' dir='ltr'><strong>exercere</strong></span> <span class='ocrx_word' id='word_1_387' title='bbox 783 1380 987 1418; x_wconf 88' lang='lat' dir='ltr'><strong>persuadent,</strong></span> <span class='ocrx_word' id='word_1_388' title='bbox 1002 1384 1031 1410; x_wconf 91' lang='lat' dir='ltr'><strong>el</strong></span> <span class='ocrx_word' id='word_1_389' title='bbox 1046 1381 1162 1411; x_wconf 83' lang='lat' dir='ltr'><strong>ideirco</strong></span> <span class='ocrx_word' id='word_1_390' title='bbox 1179 1382 1238 1419; x_wconf 89' lang='lat' dir='ltr'><strong>ipsi</strong></span> <span class='ocrx_word' id='word_1_391' title='bbox 1254 1382 1360 1420; x_wconf 84' lang='lat' dir='ltr'><strong>potius</strong></span> <span class='ocrx_word' id='word_1_392' title='bbox 1375 1385 1506 1420; x_wconf 90' lang='lat' dir='ltr'><strong>propter</strong></span> <span class='ocrx_word' id='word_1_393' title='bbox 1522 1383 1588 1412; x_wconf 66' lang='lat' dir='ltr'><strong>haec</strong></span> <span class='ocrx_word' id='word_1_394' title='bbox 1610 1384 1773 1412; x_wconf 83' lang='lat' dir='ltr'><strong>merentur</strong></span> <span class='ocrx_word' id='word_1_395' title='bbox 1793 1383 1868 1411; x_wconf 87' lang='lat' dir='ltr'><strong>sub-</strong></span> <span class='ocrx_word' id='word_1_396' title='bbox 1889 1393 1891 1395; x_wconf 86' lang='grc'>·</span> 
     </span>
    </p>
   </div>
   <div class='ocr_carea' id='block_1_33' title="bbox 236 1419 1867 1462">
    <p class='ocr_par' dir='ltr' id='par_1_33' title="bbox 236 1419 1867 1462">
     <span class='ocr_line' id='line_1_33' title="bbox 236 1419 1867 1462; baseline -0.002 -9"><span class='ocrx_word' id='word_1_397' title='bbox 236 1424 283 1454; x_wconf 88' lang='lat' dir='ltr'><strong>ire</strong></span> <span class='ocrx_word' id='word_1_398' title='bbox 300 1423 384 1462; x_wconf 92' lang='lat' dir='ltr'><strong>quod</strong></span> <span class='ocrx_word' id='word_1_399' title='bbox 407 1419 447 1451; x_wconf 79' lang='lat' dir='ltr'><strong>ob</strong></span> <span class='ocrx_word' id='word_1_400' title='bbox 466 1422 525 1462; x_wconf 81' lang='lat' dir='ltr'><strong>ista</strong></span> <span class='ocrx_word' id='word_1_401' title='bbox 543 1422 700 1462; x_wconf 84' lang='lat' dir='ltr'><strong>sancitum</strong></span> <span class='ocrx_word' id='word_1_402' title='bbox 720 1422 768 1462; x_wconf 70' lang='lat' dir='ltr'><strong>est</strong></span> <span class='ocrx_word' id='word_1_403' title='bbox 785 1419 987 1462; x_wconf 71' lang='lat' dir='ltr'><strong>supplicium.</strong></span> <span class='ocrx_word' id='word_1_404' title='bbox 1005 1420 1034 1449; x_wconf 89' lang='lat' dir='ltr'><strong>Si</strong></span> <span class='ocrx_word' id='word_1_405' title='bbox 1051 1421 1135 1450; x_wconf 87' lang='lat' dir='ltr'><strong>enim</strong></span> <span class='ocrx_word' id='word_1_406' title='bbox 1153 1419 1262 1450; x_wconf 83' lang='lat' dir='ltr'><strong>nullus</strong></span> <span class='ocrx_word' id='word_1_407' title='bbox 1285 1419 1500 1462; x_wconf 31' lang='lat' dir='ltr'><strong>essetitalium</strong></span> <span class='ocrx_word' id='word_1_408' title='bbox 1524 1424 1683 1459; x_wconf 88' lang='lat' dir='ltr'><strong>spectator</strong></span> <span class='ocrx_word' id='word_1_409' title='bbox 1696 1429 1734 1452; x_wconf 86' lang='lat' dir='ltr'><strong>ac</strong></span> <span class='ocrx_word' id='word_1_410' title='bbox 1749 1421 1867 1458; x_wconf 89' lang='lat' dir='ltr'><strong>fautor,</strong></span> 
     </span>
    </p>
   </div>
   <div class='ocr_carea' id='block_1_34' title="bbox 236 1459 1865 1499">
    <p class='ocr_par' dir='ltr' id='par_1_34' title="bbox 236 1459 1865 1499">
     <span class='ocr_line' id='line_1_34' title="bbox 236 1459 1865 1499; baseline -0.002 -6"><span class='ocrx_word' id='word_1_411' title='bbox 236 1473 294 1493; x_wconf 90' lang='lat' dir='ltr'><strong>nec</strong></span> <span class='ocrx_word' id='word_1_412' title='bbox 309 1459 553 1499; x_wconf 77' lang='lat' dir='ltr'><strong>essentquidem</strong></span> <span class='ocrx_word' id='word_1_413' title='bbox 571 1460 627 1498; x_wconf 92' lang='lat' dir='ltr'><strong>qui</strong></span> <span class='ocrx_word' id='word_1_414' title='bbox 642 1463 698 1489; x_wconf 92' lang='lat' dir='ltr'><strong>aut</strong></span> <span class='ocrx_word' id='word_1_415' title='bbox 713 1459 816 1499; x_wconf 83' lang='lat' dir='ltr'><strong>dicere</strong></span> <span class='ocrx_word' id='word_1_416' title='bbox 830 1459 897 1499; x_wconf 86' lang='lat' dir='ltr'><strong>illa,</strong></span> <span class='ocrx_word' id='word_1_417' title='bbox 916 1464 973 1489; x_wconf 90' lang='lat' dir='ltr'><strong>aut</strong></span> <span class='ocrx_word' id='word_1_418' title='bbox 987 1468 1083 1498; x_wconf 85' lang='lat' dir='ltr'><strong>agere</strong></span> <span class='ocrx_word' id='word_1_419' title='bbox 1097 1463 1259 1490; x_wconf 85' lang='lat' dir='ltr'><strong>curarent.</strong></span> <span class='ocrx_word' id='word_1_420' title='bbox 1274 1461 1408 1497; x_wconf 84' lang='lat' dir='ltr'><strong>Quando</strong></span> <span class='ocrx_word' id='word_1_421' title='bbox 1426 1470 1501 1490; x_wconf 84' lang='lat' dir='ltr'><strong>vero</strong></span> <span class='ocrx_word' id='word_1_422' title='bbox 1513 1470 1568 1491; x_wconf 91' lang='lat' dir='ltr'><strong>vos</strong></span> <span class='ocrx_word' id='word_1_423' title='bbox 1585 1463 1721 1491; x_wconf 88' lang='lat' dir='ltr'><strong>cernunt</strong></span> <span class='ocrx_word' id='word_1_424' title='bbox 1735 1463 1766 1490; x_wconf 85' lang='lat' dir='ltr'><strong>et</strong></span> <span class='ocrx_word' id='word_1_425' title='bbox 1780 1465 1865 1491; x_wconf 88' lang='lat' dir='ltr'><strong>artes</strong></span> 
     </span>
    </p>
   </div>
   <div class='ocr_carea' id='block_1_35' title="bbox 235 1498 1867 1541">
    <p class='ocr_par' dir='ltr' id='par_1_35' title="bbox 235 1498 1867 1541">
     <span class='ocr_line' id='line_1_35' title="bbox 235 1498 1867 1541; baseline -0.001 -9"><span class='ocrx_word' id='word_1_426' title='bbox 235 1502 395 1541; x_wconf 88' lang='lat' dir='ltr'><strong>proprias,</strong></span> <span class='ocrx_word' id='word_1_427' title='bbox 412 1498 442 1530; x_wconf 86' lang='lat' dir='ltr'><strong>et</strong></span> <span class='ocrx_word' id='word_1_428' title='bbox 455 1502 523 1541; x_wconf 82' lang='lat' dir='ltr'><strong>ipsa</strong></span> <span class='ocrx_word' id='word_1_429' title='bbox 540 1498 904 1541; x_wconf 69' lang='lat' dir='ltr'><strong>exercendiquotidiani</strong></span> <span class='ocrx_word' id='word_1_430' title='bbox 919 1500 1027 1537; x_wconf 81' lang='lat' dir='ltr'><strong>operis</strong></span> <span class='ocrx_word' id='word_1_431' title='bbox 1042 1500 1123 1541; x_wconf 83' lang='lat' dir='ltr'><strong>loca,</strong></span> <span class='ocrx_word' id='word_1_432' title='bbox 1141 1502 1172 1529; x_wconf 88' lang='lat' dir='ltr'><strong>et</strong></span> <span class='ocrx_word' id='word_1_433' title='bbox 1188 1500 1277 1541; x_wconf 91' lang='lat' dir='ltr'><strong>illum</strong></span> <span class='ocrx_word' id='word_1_434' title='bbox 1291 1509 1385 1538; x_wconf 89' lang='lat' dir='ltr'><strong>quem</strong></span> <span class='ocrx_word' id='word_1_435' title='bbox 1401 1501 1503 1541; x_wconf 15' lang='lat' dir='ltr'><strong>exiliis</strong></span> <span class='ocrx_word' id='word_1_436' title='bbox 1514 1501 1633 1541; x_wconf 80' lang='lat' dir='ltr'><strong>paratis</strong></span> <span class='ocrx_word' id='word_1_437' title='bbox 1646 1503 1817 1541; x_wconf 71' lang='lat' dir='ltr'><strong>qxuestum,</strong></span> <span class='ocrx_word' id='word_1_438' title='bbox 1835 1503 1867 1530; x_wconf 85' lang='lat' dir='ltr'><strong>et</strong></span> 
     </span>
    </p>
   </div>
   <div class='ocr_carea' id='block_1_36' title="bbox 236 1538 1868 1580">
    <p class='ocr_par' dir='ltr' id='par_1_36' title="bbox 236 1538 1868 1580">
     <span class='ocr_line' id='line_1_36' title="bbox 236 1538 1868 1580; baseline -0.002 -8"><span class='ocrx_word' id='word_1_439' title='bbox 236 1538 367 1580; x_wconf 74' lang='lat' dir='ltr'><strong>prorsus</strong></span> <span class='ocrx_word' id='word_1_440' title='bbox 383 1540 490 1570; x_wconf 90' lang='lat' dir='ltr'><strong>omnia</strong></span> <span class='ocrx_word' id='word_1_441' title='bbox 500 1539 600 1580; x_wconf 81' lang='lat' dir='ltr'><strong>simul</strong></span> <span class='ocrx_word' id='word_1_442' title='bbox 609 1538 880 1580; x_wconf 68' lang='lat' dir='ltr'><strong>vanissimiillius</strong></span> <span class='ocrx_word' id='word_1_443' title='bbox 892 1539 1064 1580; x_wconf 80' lang='lat' dir='ltr'><strong>spectaculi</strong></span> <span class='ocrx_word' id='word_1_444' title='bbox 1081 1547 1190 1580; x_wconf 84' lang='lat' dir='ltr'><strong>amore</strong></span> <span class='ocrx_word' id='word_1_445' title='bbox 1204 1540 1363 1575; x_wconf 86' lang='lat' dir='ltr'><strong>deserere,</strong></span> <span class='ocrx_word' id='word_1_446' title='bbox 1378 1540 1511 1570; x_wconf 90' lang='lat' dir='ltr'><strong>avidiori</strong></span> <span class='ocrx_word' id='word_1_447' title='bbox 1529 1543 1559 1569; x_wconf 88' lang='lat' dir='ltr'><strong>et</strong></span> <span class='ocrx_word' id='word_1_448' title='bbox 1575 1539 1618 1569; x_wconf 93' lang='lat' dir='ltr'><strong>illi</strong></span> <span class='ocrx_word' id='word_1_449' title='bbox 1631 1540 1669 1570; x_wconf 88' lang='lat' dir='ltr'><strong>ad</strong></span> <span class='ocrx_word' id='word_1_450' title='bbox 1683 1540 1749 1570; x_wconf 64' lang='lat' dir='ltr'><strong>haec</strong></span> <span class='ocrx_word' id='word_1_451' title='bbox 1764 1540 1868 1580; x_wconf 85' lang='lat' dir='ltr'><strong>inten-</strong></span> 
     </span>
    </p>
   </div>
   <div class='ocr_carea' id='block_1_37' title="bbox 235 1577 1867 1618">
    <p class='ocr_par' dir='ltr' id='par_1_37' title="bbox 235 1577 1867 1618">
     <span class='ocr_line' id='line_1_37' title="bbox 235 1577 1867 1618; baseline -0.002 -7"><span class='ocrx_word' id='word_1_452' title='bbox 235 1577 322 1611; x_wconf 77' lang='lat' dir='ltr'><strong>tione</strong></span> <span class='ocrx_word' id='word_1_453' title='bbox 334 1580 515 1618; x_wconf 90' lang='lat' dir='ltr'><strong>rapiuntur,</strong></span> <span class='ocrx_word' id='word_1_454' title='bbox 532 1578 738 1618; x_wconf 87' lang='lat' dir='ltr'><strong>studiumque</strong></span> <span class='ocrx_word' id='word_1_455' title='bbox 754 1577 802 1618; x_wconf 83' lang='lat' dir='ltr'><strong>bis</strong></span> <span class='ocrx_word' id='word_1_456' title='bbox 819 1577 921 1618; x_wconf 79' lang='lat' dir='ltr'><strong>majus</strong></span> <span class='ocrx_word' id='word_1_457' title='bbox 935 1578 1134 1616; x_wconf 89' lang='lat' dir='ltr'><strong>impendunt.</strong></span> <span class='ocrx_word' id='word_1_458' title='bbox 1153 1579 1189 1607; x_wconf 89' lang='lat' dir='ltr'><strong>Et</strong></span> <span class='ocrx_word' id='word_1_459' title='bbox 1204 1580 1270 1609; x_wconf 63' lang='lat' dir='ltr'><strong>haec</strong></span> <span class='ocrx_word' id='word_1_460' title='bbox 1284 1579 1353 1609; x_wconf 90' lang='lat' dir='ltr'><strong>dico</strong></span> <span class='ocrx_word' id='word_1_461' title='bbox 1368 1588 1431 1609; x_wconf 91' lang='lat' dir='ltr'><strong>non</strong></span> <span class='ocrx_word' id='word_1_462' title='bbox 1445 1583 1480 1609; x_wconf 91' lang='lat' dir='ltr'><strong>ut</strong></span> <span class='ocrx_word' id='word_1_463' title='bbox 1494 1580 1565 1609; x_wconf 89' lang='lat' dir='ltr'><strong>illos</strong></span> <span class='ocrx_word' id='word_1_464' title='bbox 1578 1588 1595 1609; x_wconf 92' lang='lat' dir='ltr'><strong>a</strong></span> <span class='ocrx_word' id='word_1_465' title='bbox 1609 1579 1743 1609; x_wconf 87' lang='lat' dir='ltr'><strong>crimine</strong></span> <span class='ocrx_word' id='word_1_466' title='bbox 1757 1579 1867 1609; x_wconf 83' lang='lat' dir='ltr'><strong>videar</strong></span> 
     </span>
    </p>
   </div>
   <div class='ocr_carea' id='block_1_38' title="bbox 237 1617 1869 1657">
    <p class='ocr_par' dir='ltr' id='par_1_38' title="bbox 237 1617 1869 1657">
     <span class='ocr_line' id='line_1_38' title="bbox 237 1617 1869 1657; baseline -0.002 -7"><span class='ocrx_word' id='word_1_467' title='bbox 237 1617 409 1654; x_wconf 79' lang='lat' dir='ltr'><strong>vindicare,</strong></span> <span class='ocrx_word' id='word_1_468' title='bbox 428 1618 480 1648; x_wconf 85' lang='lat' dir='ltr'><strong>sed</strong></span> <span class='ocrx_word' id='word_1_469' title='bbox 494 1621 526 1647; x_wconf 90' lang='lat' dir='ltr'><strong>ut</strong></span> <span class='ocrx_word' id='word_1_470' title='bbox 544 1627 598 1647; x_wconf 91' lang='lat' dir='ltr'><strong>vos</strong></span> <span class='ocrx_word' id='word_1_471' title='bbox 613 1617 740 1647; x_wconf 89' lang='lat' dir='ltr'><strong>discatis</strong></span> <span class='ocrx_word' id='word_1_472' title='bbox 756 1617 883 1646; x_wconf 88' lang='lat' dir='ltr'><strong>initium</strong></span> <span class='ocrx_word' id='word_1_473' title='bbox 895 1619 926 1647; x_wconf 90' lang='lat' dir='ltr'><strong>et</strong></span> <span class='ocrx_word' id='word_1_474' title='bbox 939 1621 1033 1656; x_wconf 83' lang='lat' dir='ltr'><strong>caput</strong></span> <span class='ocrx_word' id='word_1_475' title='bbox 1050 1618 1229 1655; x_wconf 83' lang='lat' dir='ltr'><strong>iniquitatis</strong></span> <span class='ocrx_word' id='word_1_476' title='bbox 1244 1618 1339 1657; x_wconf 85' lang='lat' dir='ltr'><strong>hujus</strong></span> <span class='ocrx_word' id='word_1_477' title='bbox 1355 1628 1411 1648; x_wconf 84' lang='lat' dir='ltr'><strong>vos</strong></span> <span class='ocrx_word' id='word_1_478' title='bbox 1427 1628 1497 1649; x_wconf 88' lang='lat' dir='ltr'><strong>esse</strong></span> <span class='ocrx_word' id='word_1_479' title='bbox 1515 1619 1726 1657; x_wconf 86' lang='lat' dir='ltr'><strong>potissimum,</strong></span> <span class='ocrx_word' id='word_1_480' title='bbox 1743 1619 1797 1656; x_wconf 92' lang='lat' dir='ltr'><strong>qui</strong></span> <span class='ocrx_word' id='word_1_481' title='bbox 1813 1621 1869 1648; x_wconf 87' lang='lat' dir='ltr'><strong>to-</strong></span> 
     </span>
    </p>
   </div>
   <div class='ocr_carea' id='block_1_39' title="bbox 236 1656 1864 1698">
    <p class='ocr_par' dir='ltr' id='par_1_39' title="bbox 236 1656 1864 1698">
     <span class='ocr_line' id='line_1_39' title="bbox 236 1656 1864 1698; baseline -0.002 -8"><span class='ocrx_word' id='word_1_482' title='bbox 236 1664 301 1690; x_wconf 88' lang='lat' dir='ltr'><strong>tam</strong></span> <span class='ocrx_word' id='word_1_483' title='bbox 316 1667 448 1698; x_wconf 88' lang='lat' dir='ltr'><strong>prorsus</strong></span> <span class='ocrx_word' id='word_1_484' title='bbox 464 1658 546 1686; x_wconf 87' lang='lat' dir='ltr'><strong>diem</strong></span> <span class='ocrx_word' id='word_1_485' title='bbox 563 1657 594 1686; x_wconf 94' lang='lat' dir='ltr'><strong>in</strong></span> <span class='ocrx_word' id='word_1_486' title='bbox 614 1659 678 1687; x_wconf 84' lang='lat' dir='ltr'><strong>tam</strong></span> <span class='ocrx_word' id='word_1_487' title='bbox 693 1656 839 1698; x_wconf 75' lang='lat' dir='ltr'><strong>ridicula,</strong></span> <span class='ocrx_word' id='word_1_488' title='bbox 853 1659 987 1698; x_wconf 71' lang='lat' dir='ltr'><strong>tamque</strong></span> <span class='ocrx_word' id='word_1_489' title='bbox 997 1657 1091 1698; x_wconf 79' lang='lat' dir='ltr'><strong>etiam</strong></span> <span class='ocrx_word' id='word_1_490' title='bbox 1107 1656 1295 1698; x_wconf 77' lang='lat' dir='ltr'><strong>perniciosa</strong></span> <span class='ocrx_word' id='word_1_491' title='bbox 1305 1659 1469 1697; x_wconf 88' lang='lat' dir='ltr'><strong>voluptate</strong></span> <span class='ocrx_word' id='word_1_492' title='bbox 1487 1656 1676 1688; x_wconf 87' lang='lat' dir='ltr'><strong>consumitis</strong></span> <span class='ocrx_word' id='word_1_493' title='bbox 1689 1661 1744 1698; x_wconf 16' lang='lat' dir='ltr'><strong>,Vet</strong></span> <span class='ocrx_word' id='word_1_494' title='bbox 1759 1658 1864 1698; x_wconf 82' lang='lat' dir='ltr'><strong>hone—</strong></span> 
     </span>
    </p>
   </div>
   <div class='ocr_carea' id='block_1_40' title="bbox 236 1695 1869 1736">
    <p class='ocr_par' dir='ltr' id='par_1_40' title="bbox 236 1695 1869 1736">
     <span class='ocr_line' id='line_1_40' title="bbox 236 1695 1869 1736; baseline -0.002 -7"><span class='ocrx_word' id='word_1_495' title='bbox 236 1695 473 1736; x_wconf 41' lang='lat' dir='ltr'><strong>stum-conjugii</strong></span> <span class='ocrx_word' id='word_1_496' title='bbox 489 1706 617 1730; x_wconf 85' lang='lat' dir='ltr'><strong>nomen,</strong></span> <span class='ocrx_word' id='word_1_497' title='bbox 633 1705 669 1726; x_wconf 92' lang='lat' dir='ltr'><strong>ac</strong></span> <span class='ocrx_word' id='word_1_498' title='bbox 686 1695 895 1725; x_wconf 88' lang='lat' dir='ltr'><strong>reverendum</strong></span> <span class='ocrx_word' id='word_1_499' title='bbox 911 1696 942 1725; x_wconf 94' lang='lat' dir='ltr'><strong>in</strong></span> <span class='ocrx_word' id='word_1_500' title='bbox 958 1696 1032 1725; x_wconf 91' lang='lat' dir='ltr'><strong>illud</strong></span> <span class='ocrx_word' id='word_1_501' title='bbox 1048 1697 1211 1735; x_wconf 84' lang='lat' dir='ltr'><strong>negotium</strong></span> <span class='ocrx_word' id='word_1_502' title='bbox 1226 1695 1408 1735; x_wconf 83' lang='lat' dir='ltr'><strong>publicatis.</strong></span> <span class='ocrx_word' id='word_1_503' title='bbox 1424 1698 1492 1728; x_wconf 85' lang='lat' dir='ltr'><strong>Non</strong></span> <span class='ocrx_word' id='word_1_504' title='bbox 1511 1698 1596 1727; x_wconf 88' lang='lat' dir='ltr'><strong>enim</strong></span> <span class='ocrx_word' id='word_1_505' title='bbox 1613 1701 1677 1727; x_wconf 89' lang='lat' dir='ltr'><strong>tam</strong></span> <span class='ocrx_word' id='word_1_506' title='bbox 1693 1697 1745 1726; x_wconf 85' lang='lat' dir='ltr'><strong>ille</strong></span> <span class='ocrx_word' id='word_1_507' title='bbox 1760 1697 1869 1727; x_wconf 92' lang='lat' dir='ltr'><strong>delin-</strong></span> 
     </span>
    </p>
   </div>
   <div class='ocr_carea' id='block_1_41' title="bbox 237 1735 1868 1776">
    <p class='ocr_par' dir='ltr' id='par_1_41' title="bbox 237 1735 1868 1776">
     <span class='ocr_line' id='line_1_41' title="bbox 237 1735 1868 1776; baseline -0.001 -8"><span class='ocrx_word' id='word_1_508' title='bbox 237 1740 323 1776; x_wconf 79' lang='lat' dir='ltr'><strong>quit.</strong></span> <span class='ocrx_word' id='word_1_509' title='bbox 340 1735 467 1776; x_wconf 79' lang='lat' dir='ltr'><strong>quiilla</strong></span> <span class='ocrx_word' id='word_1_510' title='bbox 486 1736 626 1776; x_wconf 81' lang='lat' dir='ltr'><strong>simulat,</strong></span> <span class='ocrx_word' id='word_1_511' title='bbox 646 1738 798 1776; x_wconf 82' lang='lat' dir='ltr'><strong>quam_tu</strong></span> <span class='ocrx_word' id='word_1_512' title='bbox 824 1744 888 1773; x_wconf 78' lang='lat' dir='ltr'><strong>prae</strong></span> <span class='ocrx_word' id='word_1_513' title='bbox 902 1736 956 1765; x_wconf 93' lang='lat' dir='ltr'><strong>illo</strong></span> <span class='ocrx_word' id='word_1_514' title='bbox 972 1735 1027 1774; x_wconf 90' lang='lat' dir='ltr'><strong>qui</strong></span> <span class='ocrx_word' id='word_1_515' title='bbox 1044 1736 1105 1766; x_wconf 89' lang='lat' dir='ltr'><strong>hoc</strong></span> <span class='ocrx_word' id='word_1_516' title='bbox 1123 1736 1190 1766; x_wconf 84' lang='lat' dir='ltr'><strong>fieri</strong></span> <span class='ocrx_word' id='word_1_517' title='bbox 1206 1737 1312 1776; x_wconf 89' lang='lat' dir='ltr'><strong>jubes.</strong></span> <span class='ocrx_word' id='word_1_518' title='bbox 1334 1738 1398 1767; x_wconf 81' lang='lat' dir='ltr'><strong>Nec</strong></span> <span class='ocrx_word' id='word_1_519' title='bbox 1425 1737 1528 1767; x_wconf 88' lang='lat' dir='ltr'><strong>solum</strong></span> <span class='ocrx_word' id='word_1_520' title='bbox 1550 1737 1643 1776; x_wconf 88' lang='lat' dir='ltr'><strong>jubes</strong></span> <span class='ocrx_word' id='word_1_521' title='bbox 1661 1758 1669 1771; x_wconf 88' lang='lat'><strong>,</strong></span> <span class='ocrx_word' id='word_1_522' title='bbox 1696 1736 1749 1766; x_wconf 84' lang='lat' dir='ltr'><strong>sed</strong></span> <span class='ocrx_word' id='word_1_523' title='bbox 1773 1737 1868 1766; x_wconf 88' lang='lat' dir='ltr'><strong>etiam</strong></span> 
     </span>
    </p>
   </div>
   <div class='ocr_carea' id='block_1_42' title="bbox 237 1774 1863 1814">
    <p class='ocr_par' dir='ltr' id='par_1_42' title="bbox 237 1774 1863 1814">
     <span class='ocr_line' id='line_1_42' title="bbox 237 1774 1863 1814; baseline -0.002 -6"><span class='ocrx_word' id='word_1_524' title='bbox 237 1774 465 1811; x_wconf 77' lang='lat' dir='ltr'><strong>exsultatione,</strong></span> <span class='ocrx_word' id='word_1_525' title='bbox 482 1776 561 1809; x_wconf 90' lang='lat' dir='ltr'><strong>risu,</strong></span> <span class='ocrx_word' id='word_1_526' title='bbox 578 1775 694 1813; x_wconf 86' lang='lat' dir='ltr'><strong>plausu</strong></span> <span class='ocrx_word' id='word_1_527' title='bbox 710 1774 844 1813; x_wconf 85' lang='lat' dir='ltr'><strong>adjuvas</strong></span> <span class='ocrx_word' id='word_1_528' title='bbox 860 1783 932 1812; x_wconf 68' lang='lat' dir='ltr'><strong>quae</strong></span> <span class='ocrx_word' id='word_1_529' title='bbox 951 1778 1117 1813; x_wconf 81' lang='lat' dir='ltr'><strong>geruntur,</strong></span> <span class='ocrx_word' id='word_1_530' title='bbox 1135 1774 1349 1814; x_wconf 84' lang='lat' dir='ltr'><strong>omnibusque</strong></span> <span class='ocrx_word' id='word_1_531' title='bbox 1363 1785 1496 1814; x_wconf 88' lang='lat' dir='ltr'><strong>prorsus</strong></span> <span class='ocrx_word' id='word_1_532' title='bbox 1513 1774 1612 1805; x_wconf 83' lang='lat' dir='ltr'><strong>modis</strong></span> <span class='ocrx_word' id='word_1_533' title='bbox 1630 1776 1711 1805; x_wconf 90' lang='lat' dir='ltr'><strong>hanc</strong></span> <span class='ocrx_word' id='word_1_534' title='bbox 1727 1776 1863 1805; x_wconf 88' lang='lat' dir='ltr'><strong>diaboli-</strong></span> 
     </span>
    </p>
   </div>
   <div class='ocr_carea' id='block_1_43' title="bbox 236 1814 1862 1854">
    <p class='ocr_par' dir='ltr' id='par_1_43' title="bbox 236 1814 1862 1854">
     <span class='ocr_line' id='line_1_43' title="bbox 236 1814 1862 1854; baseline -0.002 -7"><span class='ocrx_word' id='word_1_535' title='bbox 236 1826 306 1847; x_wconf 86' lang='lat' dir='ltr'><strong>cam</strong></span> <span class='ocrx_word' id='word_1_536' title='bbox 321 1816 469 1846; x_wconf 86' lang='lat' dir='ltr'><strong>confoves</strong></span> <span class='ocrx_word' id='word_1_537' title='bbox 485 1815 656 1844; x_wconf 88' lang='lat' dir='ltr'><strong>olticinam.</strong></span> <span class='ocrx_word' id='word_1_538' title='bbox 672 1815 794 1851; x_wconf 89' lang='lat' dir='ltr'><strong>Quibus</strong></span> <span class='ocrx_word' id='word_1_539' title='bbox 808 1814 984 1854; x_wconf 80' lang='lat' dir='ltr'><strong>jamigitur</strong></span> <span class='ocrx_word' id='word_1_540' title='bbox 1000 1815 1101 1844; x_wconf 88' lang='lat' dir='ltr'><strong>oculis</strong></span> <span class='ocrx_word' id='word_1_541' title='bbox 1117 1815 1201 1845; x_wconf 91' lang='lat' dir='ltr'><strong>domi</strong></span> <span class='ocrx_word' id='word_1_542' title='bbox 1213 1815 1383 1854; x_wconf 86' lang='lat' dir='ltr'><strong>conjugem</strong></span> <span class='ocrx_word' id='word_1_543' title='bbox 1394 1825 1518 1850; x_wconf 86' lang='lat' dir='ltr'><strong>cernes,</strong></span> <span class='ocrx_word' id='word_1_544' title='bbox 1537 1823 1635 1854; x_wconf 90' lang='lat' dir='ltr'><strong>quam</strong></span> <span class='ocrx_word' id='word_1_545' title='bbox 1650 1814 1690 1844; x_wconf 89' lang='lat' dir='ltr'><strong>ibi</strong></span> <span class='ocrx_word' id='word_1_546' title='bbox 1707 1815 1738 1844; x_wconf 90' lang='lat' dir='ltr'><strong>in</strong></span> <span class='ocrx_word' id='word_1_547' title='bbox 1756 1824 1862 1853; x_wconf 79' lang='lat' dir='ltr'><strong>persu-</strong></span> 
     </span>
    </p>
   </div>
   <div class='ocr_carea' id='block_1_44' title="bbox 237 1853 1868 1893">
    <p class='ocr_par' dir='ltr' id='par_1_44' title="bbox 237 1853 1868 1893">
     <span class='ocr_line' id='line_1_44' title="bbox 237 1853 1868 1893; baseline -0.001 -7"><span class='ocrx_word' id='word_1_548' title='bbox 237 1865 278 1888; x_wconf 86' lang='lat' dir='ltr'><strong>na</strong></span> <span class='ocrx_word' id='word_1_549' title='bbox 293 1856 424 1887; x_wconf 88' lang='lat' dir='ltr'><strong>alterius</strong></span> <span class='ocrx_word' id='word_1_550' title='bbox 439 1857 534 1884; x_wconf 68' lang='lat' dir='ltr'><strong>tantm</strong></span> <span class='ocrx_word' id='word_1_551' title='bbox 548 1854 651 1883; x_wconf 89' lang='lat' dir='ltr'><strong>vidisti</strong></span> <span class='ocrx_word' id='word_1_552' title='bbox 669 1853 794 1892; x_wconf 70' lang='lat' dir='ltr'><strong>injuriae</strong></span> <span class='ocrx_word' id='word_1_553' title='bbox 810 1853 977 1892; x_wconf 87' lang='lat' dir='ltr'><strong>subjacere</strong></span> <span class='ocrx_word' id='word_1_554' title='bbox 988 1854 1002 1882; x_wconf 76' lang='lat'><strong>‘2</strong></span> <span class='ocrx_word' id='word_1_555' title='bbox 1016 1854 1177 1891; x_wconf 89' lang='lat' dir='ltr'><strong>quomodo</strong></span> <span class='ocrx_word' id='word_1_556' title='bbox 1193 1853 1300 1884; x_wconf 87' lang='lat' dir='ltr'><strong>autem</strong></span> <span class='ocrx_word' id='word_1_557' title='bbox 1316 1853 1381 1884; x_wconf 85' lang='lat' dir='ltr'><strong>non</strong></span> <span class='ocrx_word' id='word_1_558' title='bbox 1397 1856 1515 1885; x_wconf 86' lang='lat' dir='ltr'><strong>rubore</strong></span> <span class='ocrx_word' id='word_1_559' title='bbox 1524 1853 1868 1893; x_wconf 76' lang='lat' dir='ltr'><strong>sulfunderis,quolies</strong></span> 
     </span>
    </p>
   </div>
   <div class='ocr_carea' id='block_1_45' title="bbox 237 1892 1671 1932">
    <p class='ocr_par' dir='ltr' id='par_1_45' title="bbox 237 1892 1671 1932">
     <span class='ocr_line' id='line_1_45' title="bbox 237 1892 1671 1932; baseline -0.002 -7"><span class='ocrx_word' id='word_1_560' title='bbox 237 1896 349 1925; x_wconf 77' lang='lat' dir='ltr'><strong>uxoris</strong></span> <span class='ocrx_word' id='word_1_561' title='bbox 368 1893 557 1927; x_wconf 84' lang='lat' dir='ltr'><strong>recordaris,</strong></span> <span class='ocrx_word' id='word_1_562' title='bbox 576 1892 705 1932; x_wconf 90' lang='lat' dir='ltr'><strong>quando</strong></span> <span class='ocrx_word' id='word_1_563' title='bbox 719 1892 867 1922; x_wconf 87' lang='lat' dir='ltr'><strong>eumdem</strong></span> <span class='ocrx_word' id='word_1_564' title='bbox 879 1901 992 1922; x_wconf 81' lang='lat' dir='ltr'><strong>sexum</strong></span> <span class='ocrx_word' id='word_1_565' title='bbox 1008 1896 1072 1922; x_wconf 87' lang='lat' dir='ltr'><strong>tam</strong></span> <span class='ocrx_word' id='word_1_566' title='bbox 1089 1893 1166 1923; x_wconf 80' lang='lat' dir='ltr'><strong>fmde</strong></span> <span class='ocrx_word' id='word_1_567' title='bbox 1184 1893 1226 1922; x_wconf 89' lang='lat' dir='ltr'><strong>ibi</strong></span> <span class='ocrx_word' id='word_1_568' title='bbox 1245 1894 1360 1924; x_wconf 85' lang='lat' dir='ltr'><strong>videris</strong></span> <span class='ocrx_word' id='word_1_569' title='bbox 1377 1895 1587 1932; x_wconf 88' lang='lat' dir='ltr'><strong>publicatum.</strong></span> <span class='ocrx_word' id='word_1_570' title='bbox 1669 1920 1671 1922; x_wconf 93' lang='lat'><strong>.</strong></span> 
     </span>
    </p>
   </div>
   <div class='ocr_carea' id='block_1_46' title="bbox 275 1931 1870 1972">
    <p class='ocr_par' dir='ltr' id='par_1_46' title="bbox 275 1931 1870 1972">
     <span class='ocr_line' id='line_1_46' title="bbox 275 1931 1870 1972; baseline -0.002 -7"><span class='ocrx_word' id='word_1_571' title='bbox 275 1935 305 1965; x_wconf 88' lang='lat'><strong>8.</strong></span> <span class='ocrx_word' id='word_1_572' title='bbox 321 1935 429 1972; x_wconf 84' lang='lat' dir='ltr'><strong>Neque</strong></span> <span class='ocrx_word' id='word_1_573' title='bbox 444 1942 518 1963; x_wconf 86' lang='lat' dir='ltr'><strong>vero</strong></span> <span class='ocrx_word' id='word_1_574' title='bbox 533 1933 614 1962; x_wconf 90' lang='lat' dir='ltr'><strong>istud</strong></span> <span class='ocrx_word' id='word_1_575' title='bbox 630 1932 706 1972; x_wconf 86' lang='lat' dir='ltr'><strong>mihi</strong></span> <span class='ocrx_word' id='word_1_576' title='bbox 720 1940 877 1972; x_wconf 73' lang='lat' dir='ltr'><strong>opponas,</strong></span> <span class='ocrx_word' id='word_1_577' title='bbox 894 1931 979 1969; x_wconf 90' lang='lat' dir='ltr'><strong>quod</strong></span> <span class='ocrx_word' id='word_1_578' title='bbox 992 1932 1059 1970; x_wconf 88' lang='lat' dir='ltr'><strong>jam</strong></span> <span class='ocrx_word' id='word_1_579' title='bbox 1074 1932 1228 1971; x_wconf 91' lang='lat' dir='ltr'><strong>quidquid</strong></span> <span class='ocrx_word' id='word_1_580' title='bbox 1241 1933 1282 1962; x_wconf 89' lang='lat' dir='ltr'><strong>ibi</strong></span> <span class='ocrx_word' id='word_1_581' title='bbox 1299 1935 1343 1968; x_wconf 87' lang='lat' dir='ltr'><strong>lit,</strong></span> <span class='ocrx_word' id='word_1_582' title='bbox 1359 1931 1521 1964; x_wconf 85' lang='lat' dir='ltr'><strong>simulatio</strong></span> <span class='ocrx_word' id='word_1_583' title='bbox 1535 1936 1566 1963; x_wconf 87' lang='lat' dir='ltr'><strong>et</strong></span> <span class='ocrx_word' id='word_1_584' title='bbox 1578 1933 1683 1963; x_wconf 83' lang='lat' dir='ltr'><strong>fictum</strong></span> <span class='ocrx_word' id='word_1_585' title='bbox 1698 1942 1870 1972; x_wconf 83' lang='lat' dir='ltr'><strong>argumen-</strong></span> 
     </span>
    </p>
   </div>
   <div class='ocr_carea' id='block_1_47' title="bbox 239 1971 1868 2011">
    <p class='ocr_par' dir='ltr' id='par_1_47' title="bbox 239 1971 1868 2011">
     <span class='ocr_line' id='line_1_47' title="bbox 239 1971 1868 2011; baseline 0 -8"><span class='ocrx_word' id='word_1_586' title='bbox 239 1978 304 2003; x_wconf 90' lang='lat' dir='ltr'><strong>tum</strong></span> <span class='ocrx_word' id='word_1_587' title='bbox 320 1971 451 2004; x_wconf 27' lang='lat' dir='ltr'><strong>sit.’non</strong></span> <span class='ocrx_word' id='word_1_588' title='bbox 465 1972 559 2001; x_wconf 89' lang='lat' dir='ltr'><strong>etiam</strong></span> <span class='ocrx_word' id='word_1_589' title='bbox 575 1971 691 2001; x_wconf 86' lang='lat' dir='ltr'><strong>veritas</strong></span> <span class='ocrx_word' id='word_1_590' title='bbox 703 1980 824 2000; x_wconf 92' lang='lat' dir='ltr'><strong>rerum.</strong></span> <span class='ocrx_word' id='word_1_591' title='bbox 840 1971 965 2000; x_wconf 84' lang='lat' dir='ltr'><strong>Etenim</strong></span> <span class='ocrx_word' id='word_1_592' title='bbox 982 1973 1143 2002; x_wconf 88' lang='lat' dir='ltr'><strong>simulatio</strong></span> <span class='ocrx_word' id='word_1_593' title='bbox 1165 1974 1226 2003; x_wconf 88' lang='lat' dir='ltr'><strong>ista</strong></span> <span class='ocrx_word' id='word_1_594' title='bbox 1242 1973 1397 2011; x_wconf 88' lang='lat' dir='ltr'><strong>plurimos</strong></span> <span class='ocrx_word' id='word_1_595' title='bbox 1413 1974 1574 2003; x_wconf 88' lang='lat' dir='ltr'><strong>adulteros</strong></span> <span class='ocrx_word' id='word_1_596' title='bbox 1589 1973 1661 2002; x_wconf 85' lang='lat' dir='ltr'><strong>fecit</strong></span> <span class='ocrx_word' id='word_1_597' title='bbox 1673 1994 1680 2007; x_wconf 93' lang='lat'><strong>,</strong></span> <span class='ocrx_word' id='word_1_598' title='bbox 1700 1975 1731 2002; x_wconf 88' lang='lat' dir='ltr'><strong>et</strong></span> <span class='ocrx_word' id='word_1_599' title='bbox 1743 1971 1868 2003; x_wconf 33' lang='lat' dir='ltr'><strong>&#39;multas</strong></span> 
     </span>
    </p>
   </div>
   <div class='ocr_carea' id='block_1_48' title="bbox 240 2011 1868 2049">
    <p class='ocr_par' dir='ltr' id='par_1_48' title="bbox 240 2011 1868 2049">
     <span class='ocr_line' id='line_1_48' title="bbox 240 2011 1868 2049; baseline 0 -7"><span class='ocrx_word' id='word_1_600' title='bbox 240 2014 349 2041; x_wconf 82' lang='lat' dir='ltr'><strong>domos</strong></span> <span class='ocrx_word' id='word_1_601' title='bbox 364 2012 529 2041; x_wconf 84' lang='lat' dir='ltr'><strong>subvertit.</strong></span> <span class='ocrx_word' id='word_1_602' title='bbox 542 2011 776 2047; x_wconf 86' lang='lat' dir='ltr'><strong>Proptereaque</strong></span> <span class='ocrx_word' id='word_1_603' title='bbox 784 2011 925 2039; x_wconf 78' lang='lat' dir='ltr'><strong>maxime</strong></span> <span class='ocrx_word' id='word_1_604' title='bbox 939 2019 1042 2048; x_wconf 81' lang='lat' dir='ltr'><strong>gemo.</strong></span> <span class='ocrx_word' id='word_1_605' title='bbox 1061 2012 1146 2046; x_wconf 85' lang='lat' dir='ltr'><strong>quod</strong></span> <span class='ocrx_word' id='word_1_606' title='bbox 1163 2015 1226 2041; x_wconf 90' lang='lat' dir='ltr'><strong>tam</strong></span> <span class='ocrx_word' id='word_1_607' title='bbox 1241 2013 1361 2049; x_wconf 80' lang='lat' dir='ltr'><strong>grande</strong></span> <span class='ocrx_word' id='word_1_608' title='bbox 1376 2013 1495 2042; x_wconf 90' lang='lat' dir='ltr'><strong>malum</strong></span> <span class='ocrx_word' id='word_1_609' title='bbox 1509 2013 1580 2044; x_wconf 83' lang='lat' dir='ltr'><strong>hoc.</strong></span> <span class='ocrx_word' id='word_1_610' title='bbox 1593 2012 1712 2041; x_wconf 91' lang='lat' dir='ltr'><strong>malum</strong></span> <span class='ocrx_word' id='word_1_611' title='bbox 1724 2021 1793 2041; x_wconf 88' lang='lat' dir='ltr'><strong>esse</strong></span> <span class='ocrx_word' id='word_1_612' title='bbox 1803 2021 1868 2042; x_wconf 90' lang='lat' dir='ltr'><strong>non</strong></span> 
     </span>
    </p>
   </div>
   <div class='ocr_carea' id='block_1_49' title="bbox 237 2054 1871 2092">
    <p class='ocr_par' dir='ltr' id='par_1_49' title="bbox 237 2054 1871 2092">
     <span class='ocr_line' id='line_1_49' title="bbox 237 2054 1871 2092; baseline 0.001 -8"><span class='ocrx_word' id='word_1_613' title='bbox 237 2055 376 2084; x_wconf 83' lang='lat' dir='ltr'><strong>creditur</strong></span> <span class='ocrx_word' id='word_1_614' title='bbox 392 2063 399 2082; x_wconf 92' lang='lat'><strong>:</strong></span> <span class='ocrx_word' id='word_1_615' title='bbox 416 2054 468 2084; x_wconf 80' lang='lat' dir='ltr'><strong>sed</strong></span> <span class='ocrx_word' id='word_1_616' title='bbox 485 2054 570 2092; x_wconf 91' lang='lat' dir='ltr'><strong>quod</strong></span> <span class='ocrx_word' id='word_1_617' title='bbox 584 2056 632 2084; x_wconf 89' lang='lat' dir='ltr'><strong>est</strong></span> <span class='ocrx_word' id='word_1_618' title='bbox 644 2054 746 2084; x_wconf 88' lang='lat' dir='ltr'><strong>multo</strong></span> <span class='ocrx_word' id='word_1_619' title='bbox 761 2054 978 2089; x_wconf 85' lang='lat' dir='ltr'><strong>deterrimum,</strong></span> <span class='ocrx_word' id='word_1_620' title='bbox 998 2057 1029 2085; x_wconf 88' lang='lat' dir='ltr'><strong>et</strong></span> <span class='ocrx_word' id='word_1_621' title='bbox 1043 2054 1144 2090; x_wconf 85' lang='lat' dir='ltr'><strong>favor,</strong></span> <span class='ocrx_word' id='word_1_622' title='bbox 1161 2057 1192 2085; x_wconf 91' lang='lat' dir='ltr'><strong>et</strong></span> <span class='ocrx_word' id='word_1_623' title='bbox 1203 2054 1335 2088; x_wconf 86' lang='lat' dir='ltr'><strong>clamor,</strong></span> <span class='ocrx_word' id='word_1_624' title='bbox 1350 2056 1381 2084; x_wconf 90' lang='lat' dir='ltr'><strong>et</strong></span> <span class='ocrx_word' id='word_1_625' title='bbox 1399 2054 1529 2092; x_wconf 89' lang='lat' dir='ltr'><strong>plausus</strong></span> <span class='ocrx_word' id='word_1_626' title='bbox 1546 2054 1718 2084; x_wconf 89' lang='lat' dir='ltr'><strong>adhibetur</strong></span> <span class='ocrx_word' id='word_1_627' title='bbox 1732 2057 1762 2084; x_wconf 90' lang='lat' dir='ltr'><strong>ct</strong></span> <span class='ocrx_word' id='word_1_628' title='bbox 1774 2055 1871 2090; x_wconf 84' lang='lat' dir='ltr'><strong>risus,</strong></span> 
     </span>
    </p>
   </div>
   <div class='ocr_carea' id='block_1_50' title="bbox 237 2093 1871 2132">
    <p class='ocr_par' dir='ltr' id='par_1_50' title="bbox 237 2093 1871 2132">
     <span class='ocr_line' id='line_1_50' title="bbox 237 2093 1871 2132; baseline -0.001 -8"><span class='ocrx_word' id='word_1_629' title='bbox 237 2103 308 2124; x_wconf 86' lang='lat' dir='ltr'><strong>cum</strong></span> <span class='ocrx_word' id='word_1_630' title='bbox 325 2093 356 2123; x_wconf 93' lang='lat' dir='ltr'><strong>in</strong></span> <span class='ocrx_word' id='word_1_631' title='bbox 376 2102 575 2124; x_wconf 87' lang='lat' dir='ltr'><strong>communem</strong></span> <span class='ocrx_word' id='word_1_632' title='bbox 592 2093 767 2131; x_wconf 88' lang='lat' dir='ltr'><strong>perniciem</strong></span> <span class='ocrx_word' id='word_1_633' title='bbox 787 2093 979 2123; x_wconf 87' lang='lat' dir='ltr'><strong>adulterium</strong></span> <span class='ocrx_word' id='word_1_634' title='bbox 1000 2097 1065 2124; x_wconf 89' lang='lat' dir='ltr'><strong>tam</strong></span> <span class='ocrx_word' id='word_1_635' title='bbox 1083 2097 1174 2132; x_wconf 88' lang='lat' dir='ltr'><strong>turpe</strong></span> <span class='ocrx_word' id='word_1_636' title='bbox 1189 2094 1407 2124; x_wconf 88' lang='lat' dir='ltr'><strong>committitur.</strong></span> <span class='ocrx_word' id='word_1_637' title='bbox 1426 2094 1508 2130; x_wconf 88' lang='lat' dir='ltr'><strong>Quid</strong></span> <span class='ocrx_word' id='word_1_638' title='bbox 1527 2101 1602 2132; x_wconf 82' lang='lat' dir='ltr'><strong>ergo</strong></span> <span class='ocrx_word' id='word_1_639' title='bbox 1616 2093 1662 2123; x_wconf 90' lang='lat' dir='ltr'><strong>ais</strong></span> <span class='ocrx_word' id='word_1_640' title='bbox 1677 2116 1684 2129; x_wconf 88' lang='lat'><strong>,</strong></span> <span class='ocrx_word' id='word_1_641' title='bbox 1705 2094 1871 2125; x_wconf 88' lang='lat' dir='ltr'><strong>Simulalio</strong></span> 
     </span>
    </p>
   </div>
   <div class='ocr_carea' id='block_1_51' title="bbox 237 2133 1872 2172">
    <p class='ocr_par' dir='ltr' id='par_1_51' title="bbox 237 2133 1872 2172">
     <span class='ocr_line' id='line_1_51' title="bbox 237 2133 1872 2172; baseline 0.001 -9"><span class='ocrx_word' id='word_1_642' title='bbox 237 2137 283 2163; x_wconf 88' lang='lat' dir='ltr'><strong>est</strong></span> <span class='ocrx_word' id='word_1_643' title='bbox 298 2134 363 2168; x_wconf 89' lang='lat' dir='ltr'><strong>illa,</strong></span> <span class='ocrx_word' id='word_1_644' title='bbox 382 2141 444 2162; x_wconf 90' lang='lat' dir='ltr'><strong>non</strong></span> <span class='ocrx_word' id='word_1_645' title='bbox 457 2133 604 2162; x_wconf 83' lang='lat' dir='ltr'><strong>crimen?</strong></span> <span class='ocrx_word' id='word_1_646' title='bbox 624 2135 655 2162; x_wconf 90' lang='lat' dir='ltr'><strong>et</strong></span> <span class='ocrx_word' id='word_1_647' title='bbox 672 2135 842 2171; x_wconf 87' lang='lat' dir='ltr'><strong>propterea</strong></span> <span class='ocrx_word' id='word_1_648' title='bbox 855 2133 941 2163; x_wconf 87' lang='lat' dir='ltr'><strong>mille</strong></span> <span class='ocrx_word' id='word_1_649' title='bbox 957 2133 1001 2162; x_wconf 93' lang='lat' dir='ltr'><strong>illi</strong></span> <span class='ocrx_word' id='word_1_650' title='bbox 1019 2135 1174 2164; x_wconf 88' lang='lat' dir='ltr'><strong>mortibus</strong></span> <span class='ocrx_word' id='word_1_651' title='bbox 1185 2133 1272 2172; x_wconf 79' lang='lat' dir='ltr'><strong>digni</strong></span> <span class='ocrx_word' id='word_1_652' title='bbox 1289 2135 1364 2162; x_wconf 85' lang='lat' dir='ltr'><strong>sunt</strong></span> <span class='ocrx_word' id='word_1_653' title='bbox 1380 2143 1387 2161; x_wconf 92' lang='lat'>:</span> <span class='ocrx_word' id='word_1_654' title='bbox 1403 2133 1556 2171; x_wconf 86' lang='lat' dir='ltr'><strong>quoniam</strong></span> <span class='ocrx_word' id='word_1_655' title='bbox 1568 2142 1640 2171; x_wconf 74' lang='lat' dir='ltr'><strong>qua:</strong></span> <span class='ocrx_word' id='word_1_656' title='bbox 1653 2133 1763 2171; x_wconf 76' lang='lat' dir='ltr'><strong>fugere</strong></span> <span class='ocrx_word' id='word_1_657' title='bbox 1777 2143 1872 2164; x_wconf 86' lang='lat' dir='ltr'><strong>cunc-</strong></span> 
     </span>
    </p>
   </div>
   <div class='ocr_carea' id='block_1_52' title="bbox 239 2172 1870 2211">
    <p class='ocr_par' dir='ltr' id='par_1_52' title="bbox 239 2172 1870 2211">
     <span class='ocr_line' id='line_1_52' title="bbox 239 2172 1870 2211; baseline 0.001 -10"><span class='ocrx_word' id='word_1_658' title='bbox 239 2177 276 2202; x_wconf 67' lang='lat' dir='ltr'><strong>tae</strong></span> <span class='ocrx_word' id='word_1_659' title='bbox 292 2181 423 2211; x_wconf 85' lang='lat' dir='ltr'><strong>prorsus</strong></span> <span class='ocrx_word' id='word_1_660' title='bbox 437 2172 596 2211; x_wconf 86' lang='lat' dir='ltr'><strong>imperant</strong></span> <span class='ocrx_word' id='word_1_661' title='bbox 612 2172 716 2210; x_wconf 79' lang='lat' dir='ltr'><strong>leges,</strong></span> <span class='ocrx_word' id='word_1_662' title='bbox 740 2180 777 2202; x_wconf 88' lang='lat' dir='ltr'><strong>ea</strong></span> <span class='ocrx_word' id='word_1_663' title='bbox 801 2173 851 2202; x_wconf 85' lang='lat' dir='ltr'><strong>isti</strong></span> <span class='ocrx_word' id='word_1_664' title='bbox 878 2181 943 2202; x_wconf 88' lang='lat' dir='ltr'><strong>non</strong></span> <span class='ocrx_word' id='word_1_665' title='bbox 966 2176 1118 2203; x_wconf 87' lang='lat' dir='ltr'><strong>verentur</strong></span> <span class='ocrx_word' id='word_1_666' title='bbox 1141 2172 1269 2202; x_wconf 88' lang='lat' dir='ltr'><strong>imitari.</strong></span> <span class='ocrx_word' id='word_1_667' title='bbox 1296 2172 1326 2201; x_wconf 90' lang='lat' dir='ltr'><strong>Si</strong></span> <span class='ocrx_word' id='word_1_668' title='bbox 1343 2173 1427 2202; x_wconf 89' lang='lat' dir='ltr'><strong>enim</strong></span> <span class='ocrx_word' id='word_1_669' title='bbox 1443 2173 1636 2202; x_wconf 87' lang='lat' dir='ltr'><strong>adulterium</strong></span> <span class='ocrx_word' id='word_1_670' title='bbox 1653 2173 1773 2202; x_wconf 89' lang='lat' dir='ltr'><strong>malum</strong></span> <span class='ocrx_word' id='word_1_671' title='bbox 1797 2177 1870 2208; x_wconf 87' lang='lat' dir='ltr'><strong>est,</strong></span> 
     </span>
    </p>
   </div>
   <div class='ocr_carea' id='block_1_53' title="bbox 236 2212 1869 2251">
    <p class='ocr_par' dir='ltr' id='par_1_53' title="bbox 236 2212 1869 2251">
     <span class='ocr_line' id='line_1_53' title="bbox 236 2212 1869 2251; baseline 0.001 -10"><span class='ocrx_word' id='word_1_672' title='bbox 236 2214 355 2242; x_wconf 87' lang='lat' dir='ltr'><strong>malum</strong></span> <span class='ocrx_word' id='word_1_673' title='bbox 372 2215 420 2242; x_wconf 89' lang='lat' dir='ltr'><strong>est</strong></span> <span class='ocrx_word' id='word_1_674' title='bbox 434 2212 503 2242; x_wconf 88' lang='lat' dir='ltr'><strong>sine</strong></span> <span class='ocrx_word' id='word_1_675' title='bbox 518 2212 615 2241; x_wconf 91' lang='lat' dir='ltr'><strong>dubio</strong></span> <span class='ocrx_word' id='word_1_676' title='bbox 628 2212 696 2250; x_wconf 88' lang='lat' dir='ltr'><strong>ejus</strong></span> <span class='ocrx_word' id='word_1_677' title='bbox 716 2212 861 2242; x_wconf 90' lang='lat' dir='ltr'><strong>imitatio.</strong></span> <span class='ocrx_word' id='word_1_678' title='bbox 879 2213 917 2241; x_wconf 89' lang='lat' dir='ltr'><strong>Et</strong></span> <span class='ocrx_word' id='word_1_679' title='bbox 933 2213 1073 2242; x_wconf 89' lang='lat' dir='ltr'><strong>nondum</strong></span> <span class='ocrx_word' id='word_1_680' title='bbox 1091 2212 1161 2242; x_wconf 91' lang='lat' dir='ltr'><strong>dico</strong></span> <span class='ocrx_word' id='word_1_681' title='bbox 1177 2215 1314 2250; x_wconf 88' lang='lat' dir='ltr'><strong>quantos</strong></span> <span class='ocrx_word' id='word_1_682' title='bbox 1332 2212 1495 2242; x_wconf 88' lang='lat' dir='ltr'><strong>adulteros</strong></span> <span class='ocrx_word' id='word_1_683' title='bbox 1521 2212 1655 2245; x_wconf 84' lang='lat' dir='ltr'><strong>faciant,</strong></span> <span class='ocrx_word' id='word_1_684' title='bbox 1680 2212 1735 2250; x_wconf 92' lang='lat' dir='ltr'><strong>qui</strong></span> <span class='ocrx_word' id='word_1_685' title='bbox 1751 2212 1869 2251; x_wconf 89' lang='lat' dir='ltr'><strong>hujus-</strong></span> 
     </span>
    </p>
   </div>
   <div class='ocr_carea' id='block_1_54' title="bbox 235 2251 1870 2290">
    <p class='ocr_par' dir='ltr' id='par_1_54' title="bbox 235 2251 1870 2290">
     <span class='ocr_line' id='line_1_54' title="bbox 235 2251 1870 2290; baseline 0.001 -9"><span class='ocrx_word' id='word_1_686' title='bbox 235 2252 318 2281; x_wconf 89' lang='lat' dir='ltr'><strong>modi</strong></span> <span class='ocrx_word' id='word_1_687' title='bbox 332 2252 489 2282; x_wconf 86' lang='lat' dir='ltr'><strong>adulteria</strong></span> <span class='ocrx_word' id='word_1_688' title='bbox 501 2251 688 2282; x_wconf 85' lang='lat' dir='ltr'><strong>histrionica</strong></span> <span class='ocrx_word' id='word_1_689' title='bbox 703 2252 907 2281; x_wconf 88' lang='lat' dir='ltr'><strong>simulatione</strong></span> <span class='ocrx_word' id='word_1_690' title='bbox 916 2255 1158 2290; x_wconf 70' lang='lat' dir='ltr'><strong>reprzesentant,</strong></span> <span class='ocrx_word' id='word_1_691' title='bbox 1167 2251 1434 2289; x_wconf 86' lang='lat' dir='ltr'><strong>quemadmodum</strong></span> <span class='ocrx_word' id='word_1_692' title='bbox 1446 2251 1746 2290; x_wconf 87' lang='lat' dir='ltr'><strong>eliamimpudentes</strong></span> <span class='ocrx_word' id='word_1_693' title='bbox 1756 2252 1870 2282; x_wconf 90' lang='lat' dir='ltr'><strong>horum</strong></span> 
     </span>
    </p>
   </div>
   <div class='ocr_carea' id='block_1_55' title="bbox 236 2290 1871 2330">
    <p class='ocr_par' dir='ltr' id='par_1_55' title="bbox 236 2290 1871 2330">
     <span class='ocr_line' id='line_1_55' title="bbox 236 2290 1871 2330; baseline 0.001 -9"><span class='ocrx_word' id='word_1_694' title='bbox 236 2294 429 2330; x_wconf 83' lang='lat' dir='ltr'><strong>spectatores</strong></span> <span class='ocrx_word' id='word_1_695' title='bbox 444 2291 590 2321; x_wconf 70' lang='lat' dir='ltr'><strong>etticiant.</strong></span> <span class='ocrx_word' id='word_1_696' title='bbox 608 2291 694 2321; x_wconf 88' lang='lat' dir='ltr'><strong>Nihil</strong></span> <span class='ocrx_word' id='word_1_697' title='bbox 711 2291 829 2330; x_wconf 90' lang='lat' dir='ltr'><strong>quippe</strong></span> <span class='ocrx_word' id='word_1_698' title='bbox 844 2292 1024 2321; x_wconf 74' lang='lat' dir='ltr'><strong>obscmnins</strong></span> <span class='ocrx_word' id='word_1_699' title='bbox 1041 2292 1096 2321; x_wconf 92' lang='lat' dir='ltr'><strong>illo</strong></span> <span class='ocrx_word' id='word_1_700' title='bbox 1107 2292 1213 2325; x_wconf 91' lang='lat' dir='ltr'><strong>oculo,</strong></span> <span class='ocrx_word' id='word_1_701' title='bbox 1229 2291 1373 2329; x_wconf 89' lang='lat' dir='ltr'><strong>nihilque</strong></span> <span class='ocrx_word' id='word_1_702' title='bbox 1385 2290 1549 2324; x_wconf 88' lang='lat' dir='ltr'><strong>lascivius,</strong></span> <span class='ocrx_word' id='word_1_703' title='bbox 1569 2291 1624 2329; x_wconf 94' lang='lat' dir='ltr'><strong>qui</strong></span> <span class='ocrx_word' id='word_1_704' title='bbox 1636 2293 1781 2329; x_wconf 87' lang='lat' dir='ltr'><strong>spectare</strong></span> <span class='ocrx_word' id='word_1_705' title='bbox 1795 2292 1871 2324; x_wconf 90' lang='lat' dir='ltr'><strong>talia</strong></span> 
     </span>
    </p>
   </div>
   <div class='ocr_carea' id='block_1_56' title="bbox 236 2330 1871 2370">
    <p class='ocr_par' dir='ltr' id='par_1_56' title="bbox 236 2330 1871 2370">
     <span class='ocr_line' id='line_1_56' title="bbox 236 2330 1871 2370; baseline 0.001 -10"><span class='ocrx_word' id='word_1_706' title='bbox 236 2332 395 2370; x_wconf 86' lang='lat' dir='ltr'><strong>patienter</strong></span> <span class='ocrx_word' id='word_1_707' title='bbox 410 2334 535 2370; x_wconf 86' lang='lat' dir='ltr'><strong>potest,</strong></span> <span class='ocrx_word' id='word_1_708' title='bbox 553 2340 593 2361; x_wconf 91' lang='lat' dir='ltr'><strong>ne</strong></span> <span class='ocrx_word' id='word_1_709' title='bbox 610 2331 713 2361; x_wconf 91' lang='lat' dir='ltr'><strong>dicam</strong></span> <span class='ocrx_word' id='word_1_710' title='bbox 729 2331 875 2361; x_wconf 87' lang='lat' dir='ltr'><strong>libenter.</strong></span> <span class='ocrx_word' id='word_1_711' title='bbox 899 2331 1018 2361; x_wconf 88' lang='lat' dir='ltr'><strong>Deinde</strong></span> <span class='ocrx_word' id='word_1_712' title='bbox 1034 2332 1129 2370; x_wconf 88' lang='lat' dir='ltr'><strong>quale</strong></span> <span class='ocrx_word' id='word_1_713' title='bbox 1151 2331 1228 2360; x_wconf 92' lang='lat' dir='ltr'><strong>illud</strong></span> <span class='ocrx_word' id='word_1_714' title='bbox 1244 2333 1309 2364; x_wconf 84' lang='lat' dir='ltr'><strong>est,</strong></span> <span class='ocrx_word' id='word_1_715' title='bbox 1328 2334 1364 2361; x_wconf 89' lang='lat' dir='ltr'><strong>ut</strong></span> <span class='ocrx_word' id='word_1_716' title='bbox 1382 2339 1454 2361; x_wconf 89' lang='lat' dir='ltr'><strong>cum</strong></span> <span class='ocrx_word' id='word_1_717' title='bbox 1471 2330 1502 2359; x_wconf 91' lang='lat' dir='ltr'><strong>in</strong></span> <span class='ocrx_word' id='word_1_718' title='bbox 1519 2331 1626 2369; x_wconf 88' lang='lat' dir='ltr'><strong>platea</strong></span> <span class='ocrx_word' id='word_1_719' title='bbox 1644 2331 1762 2361; x_wconf 88' lang='lat' dir='ltr'><strong>nudam</strong></span> <span class='ocrx_word' id='word_1_720' title='bbox 1776 2331 1871 2361; x_wconf 89' lang='lat' dir='ltr'><strong>femi—</strong></span> 
     </span>
    </p>
   </div>
   <div class='ocr_carea' id='block_1_57' title="bbox 236 2370 1869 2409">
    <p class='ocr_par' dir='ltr' id='par_1_57' title="bbox 236 2370 1869 2409">
     <span class='ocr_line' id='line_1_57' title="bbox 236 2370 1869 2409; baseline 0.001 -9"><span class='ocrx_word' id='word_1_721' title='bbox 236 2380 309 2402; x_wconf 88' lang='lat' dir='ltr'><strong>nam</strong></span> <span class='ocrx_word' id='word_1_722' title='bbox 327 2371 410 2400; x_wconf 88' lang='lat' dir='ltr'><strong>nolis</strong></span> <span class='ocrx_word' id='word_1_723' title='bbox 427 2371 582 2409; x_wconf 88' lang='lat' dir='ltr'><strong>aspicere,</strong></span> <span class='ocrx_word' id='word_1_724' title='bbox 598 2371 661 2400; x_wconf 92' lang='lat' dir='ltr'><strong>imo</strong></span> <span class='ocrx_word' id='word_1_725' title='bbox 678 2379 783 2409; x_wconf 91' lang='lat' dir='ltr'><strong>neque</strong></span> <span class='ocrx_word' id='word_1_726' title='bbox 796 2371 880 2400; x_wconf 90' lang='lat' dir='ltr'><strong>domi</strong></span> <span class='ocrx_word' id='word_1_727' title='bbox 897 2371 1036 2409; x_wconf 88' lang='lat' dir='ltr'><strong>quidem,</strong></span> <span class='ocrx_word' id='word_1_728' title='bbox 1050 2371 1104 2401; x_wconf 89' lang='lat' dir='ltr'><strong>sed</strong></span> <span class='ocrx_word' id='word_1_729' title='bbox 1119 2372 1215 2401; x_wconf 89' lang='lat' dir='ltr'><strong>etiam</strong></span> <span class='ocrx_word' id='word_1_730' title='bbox 1233 2371 1258 2400; x_wconf 90' lang='lat' dir='ltr'><strong>si</strong></span> <span class='ocrx_word' id='word_1_731' title='bbox 1276 2370 1303 2399; x_wconf 89' lang='lat' dir='ltr'><strong>id</strong></span> <span class='ocrx_word' id='word_1_732' title='bbox 1317 2370 1395 2400; x_wconf 84' lang='lat' dir='ltr'><strong>forte</strong></span> <span class='ocrx_word' id='word_1_733' title='bbox 1409 2370 1587 2409; x_wconf 82' lang='lat' dir='ltr'><strong>contingat,</strong></span> <span class='ocrx_word' id='word_1_734' title='bbox 1603 2370 1636 2399; x_wconf 94' lang='lat' dir='ltr'><strong>in</strong></span> <span class='ocrx_word' id='word_1_735' title='bbox 1652 2370 1804 2409; x_wconf 88' lang='lat' dir='ltr'><strong>injuriam</strong></span> <span class='ocrx_word' id='word_1_736' title='bbox 1825 2372 1869 2401; x_wconf 88' lang='lat' dir='ltr'><strong>tui</strong></span> 
     </span>
    </p>
   </div>
   <div class='ocr_carea' id='block_1_58' title="bbox 236 2410 1870 2449">
    <p class='ocr_par' dir='ltr' id='par_1_58' title="bbox 236 2410 1870 2449">
     <span class='ocr_line' id='line_1_58' title="bbox 236 2410 1870 2449; baseline 0.001 -9"><span class='ocrx_word' id='word_1_737' title='bbox 236 2410 351 2441; x_wconf 77' lang='lat' dir='ltr'><strong>factum</strong></span> <span class='ocrx_word' id='word_1_738' title='bbox 364 2413 456 2449; x_wconf 89' lang='lat' dir='ltr'><strong>putes</strong></span> <span class='ocrx_word' id='word_1_739' title='bbox 474 2421 481 2439; x_wconf 91' lang='lat'><strong>:</strong></span> <span class='ocrx_word' id='word_1_740' title='bbox 499 2419 572 2440; x_wconf 91' lang='lat' dir='ltr'><strong>cum</strong></span> <span class='ocrx_word' id='word_1_741' title='bbox 587 2419 664 2440; x_wconf 89' lang='lat' dir='ltr'><strong>vero</strong></span> <span class='ocrx_word' id='word_1_742' title='bbox 679 2410 824 2440; x_wconf 86' lang='lat' dir='ltr'><strong>ascendis</strong></span> <span class='ocrx_word' id='word_1_743' title='bbox 838 2410 1009 2446; x_wconf 87' lang='lat' dir='ltr'><strong>theatrum,</strong></span> <span class='ocrx_word' id='word_1_744' title='bbox 1027 2414 1061 2440; x_wconf 88' lang='lat' dir='ltr'><strong>ut</strong></span> <span class='ocrx_word' id='word_1_745' title='bbox 1078 2411 1178 2441; x_wconf 89' lang='lat' dir='ltr'><strong>violes</strong></span> <span class='ocrx_word' id='word_1_746' title='bbox 1191 2410 1360 2448; x_wconf 88' lang='lat' dir='ltr'><strong>utriusque</strong></span> <span class='ocrx_word' id='word_1_747' title='bbox 1375 2419 1472 2439; x_wconf 86' lang='lat' dir='ltr'><strong>sexus</strong></span> <span class='ocrx_word' id='word_1_748' title='bbox 1489 2410 1655 2448; x_wconf 89' lang='lat' dir='ltr'><strong>pudorem,</strong></span> <span class='ocrx_word' id='word_1_749' title='bbox 1672 2411 1870 2448; x_wconf 84' lang='lat' dir='ltr'><strong>obtutusquc</strong></span> 
     </span>
    </p>
   </div>
   <div class='ocr_carea' id='block_1_59' title="bbox 235 2449 1870 2489">
    <p class='ocr_par' dir='ltr' id='par_1_59' title="bbox 235 2449 1870 2489">
     <span class='ocr_line' id='line_1_59' title="bbox 235 2449 1870 2489; baseline 0 -9"><span class='ocrx_word' id='word_1_750' title='bbox 235 2451 383 2489; x_wconf 83' lang='lat' dir='ltr'><strong>proprios</strong></span> <span class='ocrx_word' id='word_1_751' title='bbox 401 2450 520 2488; x_wconf 86' lang='lat' dir='ltr'><strong>pariter</strong></span> <span class='ocrx_word' id='word_1_752' title='bbox 532 2450 681 2485; x_wconf 84' lang='lat' dir='ltr'><strong>incestes,</strong></span> <span class='ocrx_word' id='word_1_753' title='bbox 700 2450 780 2479; x_wconf 92' lang='lat' dir='ltr'><strong>nihil</strong></span> <span class='ocrx_word' id='word_1_754' title='bbox 795 2450 850 2479; x_wconf 92' lang='lat' dir='ltr'><strong>tibi</strong></span> <span class='ocrx_word' id='word_1_755' title='bbox 866 2450 1073 2480; x_wconf 86' lang='lat' dir='ltr'><strong>inhonestum</strong></span> <span class='ocrx_word' id='word_1_756' title='bbox 1086 2451 1196 2481; x_wconf 88' lang='lat' dir='ltr'><strong>credas</strong></span> <span class='ocrx_word' id='word_1_757' title='bbox 1214 2450 1356 2480; x_wconf 83' lang='lat' dir='ltr'><strong>accidere</strong></span> <span class='ocrx_word' id='word_1_758' title='bbox 1371 2451 1385 2478; x_wconf 89' lang='lat'><strong>?</strong></span> <span class='ocrx_word' id='word_1_759' title='bbox 1399 2450 1467 2479; x_wconf 82' lang='lat' dir='ltr'><strong>Non</strong></span> <span class='ocrx_word' id='word_1_760' title='bbox 1482 2449 1568 2479; x_wconf 87' lang='lat' dir='ltr'><strong>enim</strong></span> <span class='ocrx_word' id='word_1_761' title='bbox 1585 2449 1669 2480; x_wconf 88' lang='lat' dir='ltr'><strong>istud</strong></span> <span class='ocrx_word' id='word_1_762' title='bbox 1683 2450 1782 2484; x_wconf 83' lang='lat' dir='ltr'><strong>dicas,</strong></span> <span class='ocrx_word' id='word_1_763' title='bbox 1799 2450 1870 2480; x_wconf 86' lang='lat' dir='ltr'><strong>Me—</strong></span> 
     </span>
    </p>
   </div>
   <div class='ocr_carea' id='block_1_60' title="bbox 236 2489 1867 2528">
    <p class='ocr_par' dir='ltr' id='par_1_60' title="bbox 236 2489 1867 2528">
     <span class='ocr_line' id='line_1_60' title="bbox 236 2489 1867 2528; baseline 0 -9"><span class='ocrx_word' id='word_1_764' title='bbox 236 2491 334 2520; x_wconf 73' lang='lat' dir='ltr'><strong>retrix</strong></span> <span class='ocrx_word' id='word_1_765' title='bbox 352 2492 399 2520; x_wconf 90' lang='lat' dir='ltr'><strong>est</strong></span> <span class='ocrx_word' id='word_1_766' title='bbox 412 2499 484 2528; x_wconf 64' lang='lat' dir='ltr'><strong>quae</strong></span> <span class='ocrx_word' id='word_1_767' title='bbox 497 2490 616 2520; x_wconf 87' lang='lat' dir='ltr'><strong>nudata</strong></span> <span class='ocrx_word' id='word_1_768' title='bbox 629 2493 677 2520; x_wconf 89' lang='lat' dir='ltr'><strong>est</strong></span> <span class='ocrx_word' id='word_1_769' title='bbox 693 2500 699 2519; x_wconf 95' lang='lat'>:</span> <span class='ocrx_word' id='word_1_770' title='bbox 717 2490 771 2519; x_wconf 86' lang='lat' dir='ltr'><strong>sed</strong></span> <span class='ocrx_word' id='word_1_771' title='bbox 787 2490 864 2528; x_wconf 88' lang='lat' dir='ltr'><strong>quia</strong></span> <span class='ocrx_word' id='word_1_772' title='bbox 880 2492 996 2520; x_wconf 87' lang='lat' dir='ltr'><strong>natura</strong></span> <span class='ocrx_word' id='word_1_773' title='bbox 1010 2491 1078 2528; x_wconf 88' lang='lat' dir='ltr'><strong>ipsa</strong></span> <span class='ocrx_word' id='word_1_774' title='bbox 1094 2493 1141 2520; x_wconf 88' lang='lat' dir='ltr'><strong>est</strong></span> <span class='ocrx_word' id='word_1_775' title='bbox 1152 2512 1159 2525; x_wconf 88' lang='lat'><strong>,</strong></span> <span class='ocrx_word' id='word_1_776' title='bbox 1177 2490 1324 2528; x_wconf 88' lang='lat' dir='ltr'><strong>idemque</strong></span> <span class='ocrx_word' id='word_1_777' title='bbox 1340 2498 1455 2527; x_wconf 82' lang='lat' dir='ltr'><strong>corpus</strong></span> <span class='ocrx_word' id='word_1_778' title='bbox 1471 2492 1501 2519; x_wconf 86' lang='lat' dir='ltr'><strong>et</strong></span> <span class='ocrx_word' id='word_1_779' title='bbox 1518 2489 1693 2520; x_wconf 85' lang='lat' dir='ltr'><strong>meretricis</strong></span> <span class='ocrx_word' id='word_1_780' title='bbox 1708 2492 1739 2518; x_wconf 89' lang='lat' dir='ltr'><strong>el</strong></span> <span class='ocrx_word' id='word_1_781' title='bbox 1750 2490 1867 2520; x_wconf 65' lang='lat' dir='ltr'><strong>liberae.</strong></span> 
     </span>
    </p>
   </div>
   <div class='ocr_carea' id='block_1_61' title="bbox 234 2529 1867 2569">
    <p class='ocr_par' dir='ltr' id='par_1_61' title="bbox 234 2529 1867 2569">
     <span class='ocr_line' id='line_1_61' title="bbox 234 2529 1867 2569; baseline 0.001 -11"><span class='ocrx_word' id='word_1_782' title='bbox 234 2530 264 2558; x_wconf 85' lang='lat' dir='ltr'><strong>Si</strong></span> <span class='ocrx_word' id='word_1_783' title='bbox 280 2530 365 2559; x_wconf 87' lang='lat' dir='ltr'><strong>enim</strong></span> <span class='ocrx_word' id='word_1_784' title='bbox 380 2529 458 2558; x_wconf 90' lang='lat' dir='ltr'><strong>nihil</strong></span> <span class='ocrx_word' id='word_1_785' title='bbox 473 2529 504 2558; x_wconf 91' lang='lat' dir='ltr'><strong>in</strong></span> <span class='ocrx_word' id='word_1_786' title='bbox 521 2529 575 2558; x_wconf 83' lang='lat' dir='ltr'><strong>tali</strong></span> <span class='ocrx_word' id='word_1_787' title='bbox 593 2539 626 2559; x_wconf 88' lang='lat' dir='ltr'><strong>re</strong></span> <span class='ocrx_word' id='word_1_788' title='bbox 641 2539 712 2559; x_wconf 88' lang='lat' dir='ltr'><strong>esse</strong></span> <span class='ocrx_word' id='word_1_789' title='bbox 721 2529 864 2568; x_wconf 84' lang='lat' dir='ltr'><strong>opinaris</strong></span> <span class='ocrx_word' id='word_1_790' title='bbox 877 2530 1076 2563; x_wconf 66' lang='lat' dir='ltr'><strong>obscaanum.</strong></span> <span class='ocrx_word' id='word_1_791' title='bbox 1091 2539 1155 2568; x_wconf 89' lang='lat' dir='ltr'><strong>qua</strong></span> <span class='ocrx_word' id='word_1_792' title='bbox 1172 2529 1274 2569; x_wconf 86' lang='lat' dir='ltr'><strong>gratia</strong></span> <span class='ocrx_word' id='word_1_793' title='bbox 1289 2538 1361 2559; x_wconf 83' lang='lat' dir='ltr'><strong>cum</strong></span> <span class='ocrx_word' id='word_1_794' title='bbox 1376 2529 1514 2567; x_wconf 90' lang='lat' dir='ltr'><strong>idipsum</strong></span> <span class='ocrx_word' id='word_1_795' title='bbox 1530 2529 1561 2558; x_wconf 93' lang='lat' dir='ltr'><strong>in</strong></span> <span class='ocrx_word' id='word_1_796' title='bbox 1582 2529 1687 2567; x_wconf 90' lang='lat' dir='ltr'><strong>platea</strong></span> <span class='ocrx_word' id='word_1_797' title='bbox 1703 2529 1830 2569; x_wconf 87' lang='lat' dir='ltr'><strong>videris,</strong></span> <span class='ocrx_word' id='word_1_798' title='bbox 1847 2538 1867 2560; x_wconf 87' lang='lat' dir='ltr'><strong>a</strong></span> 
     </span>
    </p>
   </div>
   <div class='ocr_carea' id='block_1_62' title="bbox 234 2568 1868 2608">
    <p class='ocr_par' dir='ltr' id='par_1_62' title="bbox 234 2568 1868 2608">
     <span class='ocr_line' id='line_1_62' title="bbox 234 2568 1868 2608; baseline 0.001 -10"><span class='ocrx_word' id='word_1_799' title='bbox 234 2572 336 2607; x_wconf 70' lang='lat' dir='ltr'><strong>empto</strong></span> <span class='ocrx_word' id='word_1_800' title='bbox 352 2569 454 2598; x_wconf 90' lang='lat' dir='ltr'><strong>resilis</strong></span> <span class='ocrx_word' id='word_1_801' title='bbox 472 2569 599 2598; x_wconf 90' lang='lat' dir='ltr'><strong>incessu</strong></span> <span class='ocrx_word' id='word_1_802' title='bbox 622 2590 630 2602; x_wconf 87' lang='lat'><strong>,</strong></span> <span class='ocrx_word' id='word_1_803' title='bbox 654 2572 684 2599; x_wconf 89' lang='lat' dir='ltr'><strong>et</strong></span> <span class='ocrx_word' id='word_1_804' title='bbox 701 2569 951 2599; x_wconf 84' lang='lat' dir='ltr'><strong>inverecundam</strong></span> <span class='ocrx_word' id='word_1_805' title='bbox 971 2569 1114 2600; x_wconf 83' lang='lat' dir='ltr'><strong>severius</strong></span> <span class='ocrx_word' id='word_1_806' title='bbox 1130 2568 1274 2608; x_wconf 80' lang='lat' dir='ltr'><strong>exagitas</strong></span> <span class='ocrx_word' id='word_1_807' title='bbox 1289 2570 1302 2598; x_wconf 62' lang='grc' dir='ltr'><strong>ἱ)</strong></span> <span class='ocrx_word' id='word_1_808' title='bbox 1316 2568 1382 2598; x_wconf 85' lang='lat' dir='ltr'><strong>Nisi</strong></span> <span class='ocrx_word' id='word_1_809' title='bbox 1399 2569 1479 2598; x_wconf 85' lang='lat' dir='ltr'><strong>forte</strong></span> <span class='ocrx_word' id='word_1_810' title='bbox 1493 2569 1594 2598; x_wconf 89' lang='lat' dir='ltr'><strong>credis</strong></span> <span class='ocrx_word' id='word_1_811' title='bbox 1611 2591 1619 2604; x_wconf 87' lang='lat'><strong>,</strong></span> <span class='ocrx_word' id='word_1_812' title='bbox 1636 2568 1778 2608; x_wconf 76' lang='lat' dir='ltr'><strong>eamdem</strong></span> <span class='ocrx_word' id='word_1_813' title='bbox 1800 2577 1868 2599; x_wconf 89' lang='lat' dir='ltr'><strong>rem</strong></span> 
     </span>
    </p>
   </div>
   <div class='ocr_carea' id='block_1_63' title="bbox 235 2607 1866 2647">
    <p class='ocr_par' dir='ltr' id='par_1_63' title="bbox 235 2607 1866 2647">
     <span class='ocr_line' id='line_1_63' title="bbox 235 2607 1866 2647; baseline 0.001 -10"><span class='ocrx_word' id='word_1_814' title='bbox 235 2617 297 2637; x_wconf 91' lang='lat' dir='ltr'><strong>non</strong></span> <span class='ocrx_word' id='word_1_815' title='bbox 307 2608 452 2638; x_wconf 90' lang='lat' dir='ltr'><strong>similiter</strong></span> <span class='ocrx_word' id='word_1_816' title='bbox 460 2617 530 2638; x_wconf 88' lang='lat' dir='ltr'><strong>esse</strong></span> <span class='ocrx_word' id='word_1_817' title='bbox 538 2610 673 2646; x_wconf 89' lang='lat' dir='ltr'><strong>turpem.</strong></span> <span class='ocrx_word' id='word_1_818' title='bbox 685 2618 756 2638; x_wconf 90' lang='lat' dir='ltr'><strong>cum</strong></span> <span class='ocrx_word' id='word_1_819' title='bbox 764 2609 902 2646; x_wconf 81' lang='lat' dir='ltr'><strong>separati</strong></span> <span class='ocrx_word' id='word_1_820' title='bbox 915 2609 1027 2643; x_wconf 87' lang='lat' dir='ltr'><strong>simus,</strong></span> <span class='ocrx_word' id='word_1_821' title='bbox 1038 2611 1069 2638; x_wconf 79' lang='lat' dir='ltr'><strong>et</strong></span> <span class='ocrx_word' id='word_1_822' title='bbox 1081 2618 1154 2639; x_wconf 88' lang='lat' dir='ltr'><strong>cum</strong></span> <span class='ocrx_word' id='word_1_823' title='bbox 1161 2607 1343 2647; x_wconf 81' lang='lat' dir='ltr'><strong>congregati</strong></span> <span class='ocrx_word' id='word_1_824' title='bbox 1354 2617 1464 2638; x_wconf 89' lang='lat' dir='ltr'><strong>omnes</strong></span> <span class='ocrx_word' id='word_1_825' title='bbox 1474 2617 1539 2637; x_wconf 88' lang='lat' dir='ltr'><strong>una</strong></span> <span class='ocrx_word' id='word_1_826' title='bbox 1550 2608 1731 2638; x_wconf 86' lang='lat' dir='ltr'><strong>sedeamus.</strong></span> <span class='ocrx_word' id='word_1_827' title='bbox 1745 2607 1866 2638; x_wconf 85' lang='lat' dir='ltr'><strong>Verum</strong></span> 
     </span>
    </p>
   </div>
   <div class='ocr_carea' id='block_1_64' title="bbox 233 2647 1869 2686">
    <p class='ocr_par' dir='ltr' id='par_1_64' title="bbox 233 2647 1869 2686">
     <span class='ocr_line' id='line_1_64' title="bbox 233 2647 1869 2686; baseline -0.001 -9"><span class='ocrx_word' id='word_1_828' title='bbox 233 2647 316 2677; x_wconf 90' lang='lat' dir='ltr'><strong>istud</strong></span> <span class='ocrx_word' id='word_1_829' title='bbox 329 2648 413 2677; x_wconf 87' lang='lat' dir='ltr'><strong>risus</strong></span> <span class='ocrx_word' id='word_1_830' title='bbox 429 2650 476 2677; x_wconf 89' lang='lat' dir='ltr'><strong>est</strong></span> <span class='ocrx_word' id='word_1_831' title='bbox 492 2656 635 2686; x_wconf 84' lang='lat' dir='ltr'><strong>prorsus,</strong></span> <span class='ocrx_word' id='word_1_832' title='bbox 652 2656 689 2678; x_wconf 84' lang='lat' dir='ltr'><strong>ac</strong></span> <span class='ocrx_word' id='word_1_833' title='bbox 701 2648 847 2681; x_wconf 87' lang='lat' dir='ltr'><strong>dedecus,</strong></span> <span class='ocrx_word' id='word_1_834' title='bbox 866 2653 896 2678; x_wconf 89' lang='lat' dir='ltr'><strong>et</strong></span> <span class='ocrx_word' id='word_1_835' title='bbox 908 2651 1061 2679; x_wconf 62' lang='lat' dir='ltr'><strong>extrema;</strong></span> <span class='ocrx_word' id='word_1_836' title='bbox 1076 2649 1208 2678; x_wconf 88' lang='lat' dir='ltr'><strong>omnino</strong></span> <span class='ocrx_word' id='word_1_837' title='bbox 1223 2650 1321 2678; x_wconf 87' lang='lat' dir='ltr'><strong>verba</strong></span> <span class='ocrx_word' id='word_1_838' title='bbox 1337 2648 1502 2677; x_wconf 58' lang='lat' dir='ltr'><strong>dementia:</strong></span> <span class='ocrx_word' id='word_1_839' title='bbox 1520 2657 1528 2676; x_wconf 88' lang='lat'><strong>:</strong></span> <span class='ocrx_word' id='word_1_840' title='bbox 1545 2648 1717 2686; x_wconf 86' lang='lat' dir='ltr'><strong>potiusque</strong></span> <span class='ocrx_word' id='word_1_841' title='bbox 1732 2651 1783 2677; x_wconf 89' lang='lat' dir='ltr'><strong>est</strong></span> <span class='ocrx_word' id='word_1_842' title='bbox 1801 2648 1869 2677; x_wconf 88' lang='lat' dir='ltr'><strong>luto</strong></span> 
     </span>
    </p>
   </div>
   <div class='ocr_carea' id='block_1_65' title="bbox 233 2687 1869 2727">
    <p class='ocr_par' dir='ltr' id='par_1_65' title="bbox 233 2687 1869 2727">
     <span class='ocr_line' id='line_1_65' title="bbox 233 2687 1869 2727; baseline 0 -10"><span class='ocrx_word' id='word_1_843' title='bbox 233 2689 329 2725; x_wconf 89' lang='lat' dir='ltr'><strong>atque</strong></span> <span class='ocrx_word' id='word_1_844' title='bbox 345 2695 434 2717; x_wconf 67' lang='lat' dir='ltr'><strong>coeno</strong></span> <span class='ocrx_word' id='word_1_845' title='bbox 450 2695 576 2716; x_wconf 88' lang='lat' dir='ltr'><strong>omnem</strong></span> <span class='ocrx_word' id='word_1_846' title='bbox 590 2696 681 2717; x_wconf 87' lang='lat' dir='ltr'><strong>suam</strong></span> <span class='ocrx_word' id='word_1_847' title='bbox 696 2690 825 2725; x_wconf 88' lang='lat' dir='ltr'><strong>turpare</strong></span> <span class='ocrx_word' id='word_1_848' title='bbox 841 2688 964 2724; x_wconf 88' lang='lat' dir='ltr'><strong>faciem,</strong></span> <span class='ocrx_word' id='word_1_849' title='bbox 977 2697 1075 2727; x_wconf 89' lang='lat' dir='ltr'><strong>quam</strong></span> <span class='ocrx_word' id='word_1_850' title='bbox 1088 2691 1183 2718; x_wconf 69' lang='lat' dir='ltr'><strong>tantm</strong></span> <span class='ocrx_word' id='word_1_851' title='bbox 1194 2688 1376 2726; x_wconf 87' lang='lat' dir='ltr'><strong>spectaculo</strong></span> <span class='ocrx_word' id='word_1_852' title='bbox 1389 2687 1547 2718; x_wconf 79' lang='lat' dir='ltr'><strong>fceditatis.</strong></span> <span class='ocrx_word' id='word_1_853' title='bbox 1564 2687 1632 2716; x_wconf 89' lang='lat' dir='ltr'><strong>Non</strong></span> <span class='ocrx_word' id='word_1_854' title='bbox 1646 2687 1730 2717; x_wconf 92' lang='lat' dir='ltr'><strong>enim</strong></span> <span class='ocrx_word' id='word_1_855' title='bbox 1744 2687 1787 2718; x_wconf 90' lang='lat' dir='ltr'><strong>ita</strong></span> <span class='ocrx_word' id='word_1_856' title='bbox 1803 2697 1869 2717; x_wconf 65' lang='lat' dir='ltr'><strong>cae-</strong></span> 
     </span>
    </p>
   </div>
   <div class='ocr_carea' id='block_1_66' title="bbox 233 2726 1868 2766">
    <p class='ocr_par' dir='ltr' id='par_1_66' title="bbox 233 2726 1868 2766">
     <span class='ocr_line' id='line_1_66' title="bbox 233 2726 1868 2766; baseline 0 -10"><span class='ocrx_word' id='word_1_857' title='bbox 233 2736 310 2756; x_wconf 88' lang='lat' dir='ltr'><strong>num</strong></span> <span class='ocrx_word' id='word_1_858' title='bbox 324 2727 426 2756; x_wconf 89' lang='lat' dir='ltr'><strong>oculis</strong></span> <span class='ocrx_word' id='word_1_859' title='bbox 441 2727 574 2756; x_wconf 76' lang='lat' dir='ltr'><strong>noxium</strong></span> <span class='ocrx_word' id='word_1_860' title='bbox 589 2730 647 2762; x_wconf 85' lang='lat' dir='ltr'><strong>est,</strong></span> <span class='ocrx_word' id='word_1_861' title='bbox 663 2729 699 2756; x_wconf 90' lang='lat' dir='ltr'><strong>ut</strong></span> <span class='ocrx_word' id='word_1_862' title='bbox 716 2727 895 2765; x_wconf 87' lang='lat' dir='ltr'><strong>impudicus</strong></span> <span class='ocrx_word' id='word_1_863' title='bbox 913 2727 965 2758; x_wconf 89' lang='lat' dir='ltr'><strong>ille</strong></span> <span class='ocrx_word' id='word_1_864' title='bbox 982 2729 1100 2762; x_wconf 88' lang='lat' dir='ltr'><strong>vultus,</strong></span> <span class='ocrx_word' id='word_1_865' title='bbox 1113 2731 1144 2758; x_wconf 88' lang='lat' dir='ltr'><strong>et</strong></span> <span class='ocrx_word' id='word_1_866' title='bbox 1157 2728 1282 2758; x_wconf 70' lang='lat' dir='ltr'><strong>nudata:</strong></span> <span class='ocrx_word' id='word_1_867' title='bbox 1299 2726 1474 2756; x_wconf 88' lang='lat' dir='ltr'><strong>meretricis</strong></span> <span class='ocrx_word' id='word_1_868' title='bbox 1489 2730 1653 2764; x_wconf 88' lang='lat' dir='ltr'><strong>aspectus.</strong></span> <span class='ocrx_word' id='word_1_869' title='bbox 1672 2727 1753 2757; x_wconf 82' lang='lat' dir='ltr'><strong>Audi</strong></span> <span class='ocrx_word' id='word_1_870' title='bbox 1771 2728 1868 2766; x_wconf 82' lang='lat' dir='ltr'><strong>igitur</strong></span> 
     </span>
    </p>
   </div>
   <div class='ocr_carea' id='block_1_67' title="bbox 233 2766 1866 2806">
    <p class='ocr_par' dir='ltr' id='par_1_67' title="bbox 233 2766 1866 2806">
     <span class='ocr_line' id='line_1_67' title="bbox 233 2766 1866 2806; baseline 0 -11"><span class='ocrx_word' id='word_1_871' title='bbox 233 2767 308 2804; x_wconf 90' lang='lat' dir='ltr'><strong>quid</strong></span> <span class='ocrx_word' id='word_1_872' title='bbox 322 2766 388 2806; x_wconf 90' lang='lat' dir='ltr'><strong>jam</strong></span> <span class='ocrx_word' id='word_1_873' title='bbox 403 2775 422 2796; x_wconf 92' lang='lat' dir='ltr'><strong>a</strong></span> <span class='ocrx_word' id='word_1_874' title='bbox 437 2766 596 2805; x_wconf 88' lang='lat' dir='ltr'><strong>principio</strong></span> <span class='ocrx_word' id='word_1_875' title='bbox 610 2766 717 2805; x_wconf 81' lang='lat' dir='ltr'><strong>generi</strong></span> <span class='ocrx_word' id='word_1_876' title='bbox 737 2766 902 2796; x_wconf 89' lang='lat' dir='ltr'><strong>hominum</strong></span> <span class='ocrx_word' id='word_1_877' title='bbox 917 2767 1092 2798; x_wconf 90' lang='lat' dir='ltr'><strong>nuditatem</strong></span> <span class='ocrx_word' id='word_1_878' title='bbox 1109 2767 1272 2797; x_wconf 80' lang='lat' dir='ltr'><strong>induxerit</strong></span> <span class='ocrx_word' id='word_1_879' title='bbox 1288 2789 1296 2802; x_wconf 91' lang='lat'><strong>,</strong></span> <span class='ocrx_word' id='word_1_880' title='bbox 1319 2769 1349 2796; x_wconf 85' lang='lat' dir='ltr'><strong>et</strong></span> <span class='ocrx_word' id='word_1_881' title='bbox 1371 2767 1419 2796; x_wconf 86' lang='lat' dir='ltr'><strong>vel</strong></span> <span class='ocrx_word' id='word_1_882' title='bbox 1438 2766 1497 2796; x_wconf 89' lang='lat' dir='ltr'><strong>hoc</strong></span> <span class='ocrx_word' id='word_1_883' title='bbox 1518 2768 1610 2804; x_wconf 86' lang='lat' dir='ltr'><strong>pacto</strong></span> <span class='ocrx_word' id='word_1_884' title='bbox 1635 2767 1866 2806; x_wconf 83' lang='lat' dir='ltr'><strong>turpitudinem</strong></span> 
     </span>
    </p>
   </div>
   <div class='ocr_carea' id='block_1_68' title="bbox 233 2805 1865 2845">
    <p class='ocr_par' dir='ltr' id='par_1_68' title="bbox 233 2805 1865 2845">
     <span class='ocr_line' id='line_1_68' title="bbox 233 2805 1865 2845; baseline 0 -10"><span class='ocrx_word' id='word_1_885' title='bbox 233 2807 320 2836; x_wconf 90' lang='lat' dir='ltr'><strong>illam</strong></span> <span class='ocrx_word' id='word_1_886' title='bbox 334 2809 450 2836; x_wconf 84' lang='lat' dir='ltr'><strong>metue.</strong></span> <span class='ocrx_word' id='word_1_887' title='bbox 464 2805 545 2842; x_wconf 82' lang='lat' dir='ltr'><strong>Quid</strong></span> <span class='ocrx_word' id='word_1_888' title='bbox 561 2806 658 2845; x_wconf 79' lang='lat' dir='ltr'><strong>igitur</strong></span> <span class='ocrx_word' id='word_1_889' title='bbox 673 2806 774 2836; x_wconf 90' lang='lat' dir='ltr'><strong>nudos</strong></span> <span class='ocrx_word' id='word_1_890' title='bbox 792 2806 863 2836; x_wconf 89' lang='lat' dir='ltr'><strong>fecit</strong></span> <span class='ocrx_word' id='word_1_891' title='bbox 880 2806 1275 2837; x_wconf 85' lang='lat' dir='ltr'><strong>homines?lnobedientia</strong></span> <span class='ocrx_word' id='word_1_892' title='bbox 1285 2808 1313 2835; x_wconf 85' lang='lat' dir='ltr'><strong>et</strong></span> <span class='ocrx_word' id='word_1_893' title='bbox 1330 2806 1447 2836; x_wconf 91' lang='lat' dir='ltr'><strong>diaboli</strong></span> <span class='ocrx_word' id='word_1_894' title='bbox 1465 2806 1650 2840; x_wconf 87' lang='lat' dir='ltr'><strong>consilium;</strong></span> <span class='ocrx_word' id='word_1_895' title='bbox 1670 2809 1732 2836; x_wconf 89' lang='lat' dir='ltr'><strong>tam</strong></span> <span class='ocrx_word' id='word_1_896' title='bbox 1748 2806 1808 2835; x_wconf 89' lang='lat' dir='ltr'><strong>hoc</strong></span> <span class='ocrx_word' id='word_1_897' title='bbox 1820 2805 1865 2834; x_wconf 90' lang='lat' dir='ltr'><strong>illi</strong></span> 
     </span>
    </p>
   </div>
   <div class='ocr_carea' id='block_1_69' title="bbox 231 2845 1863 2885">
    <p class='ocr_par' dir='ltr' id='par_1_69' title="bbox 231 2845 1863 2885">
     <span class='ocr_line' id='line_1_69' title="bbox 231 2845 1863 2885; baseline -0.001 -10"><span class='ocrx_word' id='word_1_898' title='bbox 231 2846 297 2885; x_wconf 86' lang='lat' dir='ltr'><strong>jam</strong></span> <span class='ocrx_word' id='word_1_899' title='bbox 311 2855 330 2876; x_wconf 86' lang='lat' dir='ltr'><strong>a</strong></span> <span class='ocrx_word' id='word_1_900' title='bbox 346 2846 503 2884; x_wconf 87' lang='lat' dir='ltr'><strong>principio</strong></span> <span class='ocrx_word' id='word_1_901' title='bbox 517 2855 708 2884; x_wconf 88' lang='lat' dir='ltr'><strong>semperque</strong></span> <span class='ocrx_word' id='word_1_902' title='bbox 726 2846 831 2875; x_wconf 90' lang='lat' dir='ltr'><strong>studio</strong></span> <span class='ocrx_word' id='word_1_903' title='bbox 844 2845 912 2875; x_wconf 89' lang='lat' dir='ltr'><strong>fuit.</strong></span> <span class='ocrx_word' id='word_1_904' title='bbox 929 2847 1048 2877; x_wconf 86' lang='lat' dir='ltr'><strong>Verum</strong></span> <span class='ocrx_word' id='word_1_905' title='bbox 1063 2848 1134 2876; x_wconf 92' lang='lat' dir='ltr'><strong>illos</strong></span> <span class='ocrx_word' id='word_1_906' title='bbox 1146 2846 1275 2885; x_wconf 86' lang='lat' dir='ltr'><strong>quidem</strong></span> <span class='ocrx_word' id='word_1_907' title='bbox 1290 2855 1362 2875; x_wconf 89' lang='lat' dir='ltr'><strong>cum</strong></span> <span class='ocrx_word' id='word_1_908' title='bbox 1378 2845 1454 2885; x_wconf 84' lang='lat' dir='ltr'><strong>nudi</strong></span> <span class='ocrx_word' id='word_1_909' title='bbox 1470 2848 1589 2881; x_wconf 88' lang='lat' dir='ltr'><strong>essent,</strong></span> <span class='ocrx_word' id='word_1_910' title='bbox 1608 2846 1722 2884; x_wconf 87' lang='lat' dir='ltr'><strong>puduit</strong></span> <span class='ocrx_word' id='word_1_911' title='bbox 1738 2848 1863 2885; x_wconf 67' lang='lat' dir='ltr'><strong>tamen;</strong></span> 
     </span>
    </p>
   </div>
   <div class='ocr_carea' id='block_1_70' title="bbox 233 2883 1863 2925">
    <p class='ocr_par' dir='ltr' id='par_1_70' title="bbox 233 2883 1863 2925">
     <span class='ocr_line' id='line_1_70' title="bbox 233 2883 1863 2925; baseline -0.001 -8"><span class='ocrx_word' id='word_1_912' title='bbox 233 2883 288 2917; x_wconf 66' lang='lat' dir='ltr'><strong>vos</strong></span> <span class='ocrx_word' id='word_1_913' title='bbox 304 2883 375 2917; x_wconf 80' lang='lat' dir='ltr'><strong>eam</strong></span> <span class='ocrx_word' id='word_1_914' title='bbox 390 2883 458 2916; x_wconf 83' lang='lat' dir='ltr'><strong>rem</strong></span> <span class='ocrx_word' id='word_1_915' title='bbox 470 2885 554 2915; x_wconf 88' lang='lat' dir='ltr'><strong>laudi</strong></span> <span class='ocrx_word' id='word_1_916' title='bbox 569 2883 694 2922; x_wconf 81' lang='lat' dir='ltr'><strong>ducitis,</strong></span> <span class='ocrx_word' id='word_1_917' title='bbox 706 2885 799 2925; x_wconf 72' lang='lat' dir='ltr'><strong>juxta</strong></span> <span class='ocrx_word' id='word_1_918' title='bbox 813 2885 889 2915; x_wconf 91' lang='lat' dir='ltr'><strong>illud</strong></span> <span class='ocrx_word' id='word_1_919' title='bbox 905 2887 1052 2925; x_wconf 87' lang='lat' dir='ltr'><strong>apostoli,</strong></span> <span class='ocrx_word' id='word_1_920' title='bbox 1067 2883 1206 2917; x_wconf 68' lang='lat' dir='ltr'><strong>Gloriam</strong></span> <span class='ocrx_word' id='word_1_921' title='bbox 1222 2885 1253 2916; x_wconf 80' lang='lat' dir='ltr'><strong>in</strong></span> <span class='ocrx_word' id='word_1_922' title='bbox 1273 2883 1470 2924; x_wconf 75' lang='lat' dir='ltr'><strong>turpitudine</strong></span> <span class='ocrx_word' id='word_1_923' title='bbox 1484 2883 1633 2924; x_wconf 67' lang='lat' dir='ltr'><strong>ponentes</strong></span> <span class='ocrx_word' id='word_1_924' title='bbox 1659 2884 1817 2924; x_wconf 76' lang='lat' dir='ltr'><strong>(Philipp.</strong></span> <span class='ocrx_word' id='word_1_925' title='bbox 1834 2883 1863 2916; x_wconf 84' lang='lat'><strong>5.</strong></span> 
     </span>
    </p>
   </div>
  </div>
