2055 3128
241 113 306 143 ΜΗ
844 118 959 148 ANHK!
982 119 1269 155 l.\"l'l'.lll’tll-LTATIO.
1799 124 1872 154 illi!

243 170 468 216 19)._Quonam
483 170 583 216 igitur
594 173 730 216 teupacto
744 171 894 216 deinceps
909 173 1042 216 aspiciet
1062 181 1146 203 uxor
1161 182 1179 203 a
1199 173 1253 216 tali
1264 174 1470 216 contumelia
1485 174 1670 206 redeuntem
1687 177 1701 206 τ
1718 179 1873 216 quemad-

240 210 366 255 modum
379 210 543 255 suscipiet.
557 213 586 240 el
599 211 782 255 alloquetur
799 214 863 255 tam
879 210 1006 250 indigne
1024 215 1146 243 naturae
1164 213 1328 255 muliebris
1340 214 1553 255 conditionem
1564 210 1745 255 sexumque
1761 218 1876 249 findan-

239 253 312 298 tem,
327 253 452 298 atquea
468 250 520 298 tal'i
537 251 720 298 spectaculo
734 251 897 298 captitum
913 260 1109 298 servumque
1127 253 1481 298 redeuntemmulieris
1498 250 1716 298 fornicantis-‘2
1729 257 1759 286 Si
1776 258 1875 298 igitur

238 289 304 337 haec
319 289 488 337 audientes
498 290 622 334 doletis,
635 292 791 335 mammas
806 290 1031 337 gratias/vobis
1044 289 1139 337 agerc
1151 302 1212 337 me,
1227 296 1258 337 et
1272 293 1386 337 debere
1400 293 1564 337 confiteor.
1578 294 1656 332 Quis
1671 300 1715 325 est
1730 289 1808 327 miri;
1817 301 1878 337 qui

235 338 280 358 me
294 329 440 373 (gniﬁcat,
453 329 579 368 nisiqui
595 331 803 373 contristatur
813 339 852 373 ex
862 329 970 373 ρης-(2.
987 331 1057 373 Co_r.
1118 332 1173 373 2)?
1186 333 1228 373 δε
1245 333 1343 373 igitur
1357 333 1510 363 desinatis
1526 329 1622 372 supra
1638 329 1879 373 hujusmodi'li-

236 368 341 413 centia
354 377 491 414 gemere,
507 378 544 398 ac
559 370 677 414 sapius
696 369 880 398 remorderi.
899 369 1059 414 llic_enim
1077 368 1168 414 doldr
1181 371 1232 401 ﬁet
1250 368 1338 414 vobis
1357 368 1624 414 conversionisad
1635 368 1767 406 meliora
1784 376 1877 414 prin-

235 408 366 446 cipium.
390 409 561 446 Propterea
588 412 617 450 et
638 418 702 450 ego
717 418 896 450 sermonem
916 410 1137 450 vehementius
1157 412 1257 450 pressi
1275 433 1283 446 ,
1307 415 1341 441 ut
1363 411 1477 442 altiore
1493 413 1631 450 quadam
1658 408 1813 445 incisione
1831 425 1876 448 an

235 455 347 489 eorum
364 456 420 478 vos
436 457 584 489 perquos
601 448 804 489 inebriamini
821 449 987 486 putredine
1005 448 1174 480 liberarem
1191 455 1287 489 atque
1303 451 1341 480 ad
1359 460 1472 489 puram
1493 448 1679 482 revocarem
1702 455 1800 484 animi
1816 465 1872 486 sa‘

235 487 363 532 nitatem
378 498 386 532 :_
401 486 622 532 qua.qii_idem.
636 490 669 532 _et
681 487 817 532 praemiis
834 496 916 532 verre
933 489 1041 532 pietati
1059 486 1246 532 propositis,
1266 486 1441 532 omnesnos
1458 492 1553 530 potiri
1565 496 1749 532 contingat,
1766 495 1870 532 gratia

233 528 265 555 et
281 527 498 596 milscricordAia
517 527 642 556 Domini
658 527 757 556 nostri
773 527 850 557 Jcsu
865 527 999 565 Christi,
1015 527 1180 569 cuigloria
1195 539 1268 560 eum
1284 531 1374 560 Patre
1391 533 1421 560 et
1437 527 1548 561 sancto
1557 527 1870 571 Spiritutin's‘mcula

233 575 316 596 saecu
332 575 436 596 orum.
482 575 566 596 men.

233 575 436 596 εωευιογυῐη.
452 575 566 596 Amen.

714 724 882 754 llOMlLlA
909 723 1081 769 SEPTIMA
1104 723 1162 753 EX
1190 723 1334 753 CAPiTF.
1356 722 1395 752 Π.

235 784 276 813 Et
293 791 486 822 congregans
502 792 603 813 omnes
614 783 774 822 principes
787 784 982 813 sacerdotum
996 788 1024 813 ct
1035 783 1152 814 scribas
1164 783 1295 822 populi,
1315 783 1535 814 sciscitabatur
1550 783 1586 814 ab
1607 784 1649 814 eis
1666 784 1720 815 ubi
1733 785 1875 816 Chrism:

609 828 798 853 ﬂltSt‘Prt’ltU‘.
816 824 853 853 At
870 824 919 854 illi
932 824 1082 853 dixerunt
1100 824 1189 856 H.171.
1200 822 1371 852 Bethlehcm
1387 823 1515 853 Judawr.

271 885 300 914 1.
320 884 430 914 Vidisti
447 887 542 918 certe.
555 887 590 914 ut
605 893 710 914 sermo
725 884 875 923 superior
892 884 1041 924 ostendit,
1055 886 1167 914 cuncta
1187 883 1318 913 omnino
1336 892 1409 922 qua:
1423 883 1503 914 facta
1523 886 1609 918 sunt,
1623 884 1662 914 ad
1678 885 1874 924 redarguliou

232 933 303 954 nem
320 924 663 962 prolicereJudmorum
676 934 683 953 :
696 925 751 962 qui
769 925 857 962 prius
873 933 970 962 quam
981 923 1141 953 Christum
1158 923 1314 957 viderent,
1326 931 1363 953 ac
1378 932 1502 953 veneno
1516 923 1722 954 inlicerentur
1737 923 1874 961 invidiae.

232 963 417 1002 simpliciter
439 963 477 993 de
492 964 546 993 illo
561 963 743 993 testimonia
758 963 906 1002 praedicta
922 964 1101 994 recitabant
1118 973 1124 992 :
1139 964 1193 993 ubi
1211 972 1288 993 vero
1305 967 1503 1001 aspexerunt
1519 964 1653 1002 gloriam
1673 964 1742 1002 ejus
1758 965 1796 995 de
1812 965 1862 995 mi-

233 1004 351 1034 raculis
365 1007 605 1038 coruscantem,
622 1003 723 1033 livore
738 1003 897 1041 correpti,
915 1003 1121 1042 supprimunt
1139 1003 1315 1033 veritatem.
1331 1002 1389 1032 Sed
1404 1003 1457 1033 illa
1474 1012 1530 1041 per
1551 1003 1616 1033 hinc
1634 1005 1738 1042 potius
1758 1008 1875 1037 cuncta

232 1044 405 1088 crescebat,
420 1046 450 1073 et
465 1044 505 1073 ab
518 1044 593 1088 ipsis
608 1051 738 1088 quoque
749 1043 926 1088 juvabatur
938 1043 1085 1088 inimicis:
1098 1043 1273 1088 Considera
1289 1042 1436 1088 vero‘hoc
1451 1043 1521 1088 loco
1535 1043 1629 1088 etiam
1643 1052 1741 1082 quam
1755 1045 1876 1088 impro:

233 1083 301 1113 visa
316 1091 478 1121 quamque
495 1081 639 1112 miranda
655 1081 866 1121 proveniant:
879 1082 1138 1121 quandoquidem
1153 1086 1184 1111 et
1198 1082 1337 1112 vicissim
1351 1081 1477 1117 docent,
1494 1084 1524 1112 et
1539 1085 1651 1112 mutuo
1664 1091 1681 1112 a
1701 1093 1734 1113 se
1751 1081 1873 1122 aliquid

231 1123 410 1155 addiscunt.
427 1123 527 1152 Judaai
544 1122 676 1157 scilicet,
693 1125 723 1151 et
738 1123 852 1153 Persae.
869 1122 947 1152 Nam
963 1122 1063 1152 Judzni
1081 1122 1208 1160 quidem
1222 1131 1242 1152 a
1258 1122 1359 1160 magis
1375 1122 1521 1157 audiunt,
1538 1122 1624 1160 quod
1637 1123 1730 1153 stella
1746 1132 1820 1154 eum
1839 1124 1873 1153 in

233 1162 362 1201 regione
385 1162 521 1191 Persidis
543 1162 722 1200 praedicarit
738 1171 745 1191 :
763 1162 845 1200 magi
865 1171 939 1192 vero
959 1171 978 1192 a
995 1162 1111 1192 Judaz'is
1127 1162 1272 1194 discunt.
1289 1161 1376 1200 quod
1399 1162 1501 1200 ipsum
1518 1162 1645 1199 Jesum,
1662 1171 1757 1200 quem
1781 1164 1874 1195 stella

232 1204 477 1236 monstraverat,
494 1201 589 1232 etiam
603 1201 766 1240 prophetm
781 1205 856 1231 ante
870 1202 1094 1240 prmdixerant.
1108 1202 1186 1238 Qum
1201 1203 1286 1231 certe
1304 1201 1565 1240 interrogationis
1586 1202 1713 1231 occasio
1724 1225 1731 1238 ,
1747 1201 1781 1231 lit
1793 1203 1874 1232 dili—

231 1241 384 1279 gentioris
399 1244 430 1270 et
452 1241 678 1271 manifestioris
701 1241 931 1271 demonstratio
952 1241 1114 1271 doetrinm.
1129 1242 1191 1280 Ipsi
1211 1240 1340 1279 quidem
1358 1241 1502 1271 veritatis
1519 1241 1637 1271 inimici
1662 1251 1720 1280 pro
1739 1243 1873 1273 veritate

231 1284 392 1320 coguntur
406 1281 510 1320 legere
528 1281 654 1315 literas,
672 1284 702 1312 et
716 1281 916 1320 prophetiam
930 1281 968 1311 de
982 1280 1109 1311 Christo
1130 1281 1346 1311 nescientibus
1371 1281 1574 1319 interpretari
1591 1291 1598 1310 :
1614 1281 1687 1311 licet
1711 1290 1775 1311 non
1799 1288 1871 1312 eam

231 1321 362 1350 omnino
377 1323 474 1351 totam
490 1321 651 1351 voluerint
666 1321 842 1359 publicare.
857 1321 937 1351 Cum
953 1321 1038 1351 enim
1053 1321 1212 1354 dixerint.
1229 1320 1313 1358 quod
1328 1329 1366 1350 ex
1383 1321 1567 1350 Bethlehem
1585 1329 1796 1358 processurus
1813 1331 1872 1352 es—

231 1363 277 1390 set
292 1361 346 1398 qui
362 1363 486 1397 regeret
501 1361 599 1390 Israel
615 1370 621 1389 :
637 1368 843 1399 nequaquam
860 1363 966 1391 tamen
981 1360 1008 1390 id
1023 1361 1107 1399 quod
1125 1361 1282 1398 sequitur,
1297 1360 1496 1400 addiderunt,
1514 1360 1546 1390 in
1561 1360 1777 1391 adulationem
1788 1370 1871 1400 pro-

231 1400 311 1430 fecto
322 1400 404 1439 regis
418 1409 425 1428 :
438 1403 472 1429 ut
482 1400 520 1429 ad
532 1400 680 1431 humanae
689 1400 798 1438 gratia:
808 1401 944 1434 lucrum,
959 1400 1098 1430 veritatis
1109 1399 1225 1429 damna
1240 1399 1442 1438 proficerent.
1455 1400 1535 1436 Quid
1548 1409 1622 1430 vero
1634 1400 1716 1430 istud
1725 1402 1812 1430 erat?
1824 1401 1869 1431 Et

229 1449 380 1478 egressus,
397 1440 511 1478 inquit,
527 1439 592 1478 ejus
608 1449 626 1469 α
641 1439 748 1470 diebus
762 1440 948 1470 mternilatis
962 1439 999 1469 ab
1015 1440 1109 1470 initio
1126 1439 1236 1479 (Mich.
1252 1439 1281 1468 5.
1296 1439 1339 1479 2).
1356 1440 1391 1468 Et
1409 1440 1514 1478 cujus,
1531 1439 1670 1478 inquies,
1690 1441 1734 1470 rei
1751 1441 1868 1479 gratia,

230 1480 256 1509 si
272 1479 344 1509 inde
360 1483 440 1513 erat,
458 1483 494 1509 ut
509 1480 691 1517 prmdictum
706 1482 765 1514 est,
782 1479 993 1514 adventurus,
1009 1480 1178 1517 aliquanto
1195 1482 1338 1517 tempore
1351 1479 1382 1508 in
1398 1479 1555 1509 Nazarclh
1573 1482 1716 1510 moratus
1728 1483 1794 1512 est.
1812 1489 1871 1518 per

229 1519 314 1557 quod
336 1519 431 1549 etiam
453 1520 636 1549 obsecravit
664 1519 838 1557 prophetia:
867 1519 966 1558 ipsius
990 1519 1342 1559 veritateleuinimo
1363 1528 1426 1549 non
1456 1519 1661 1554 obscuravit,
1691 1520 1745 1549 sed
1767 1521 1868 1559 magis

229 1559 337 1591 etiam.
355 1559 380 1588 si
396 1559 579 1589 consideres
593 1581 600 1591 .
616 1559 782 1589 revelavit.
799 1559 867 1588 Hoc
879 1560 965 1588 enim
982 1559 1087 1597 ipsum
1103 1558 1188 1597 quod
1205 1559 1236 1588 in
1251 1559 1411 1588 Nazareth
1427 1568 1555 1596 semper
1569 1562 1670 1589 mater
1685 1559 1867 1591 habitarat.

228 1607 300 1637 qua:
316 1599 405 1628 illum
420 1599 451 1628 in
466 1598 648 1628 Bethlehem
663 1599 784 1636 genuit,
798 1599 923 1629 ratione
938 1601 968 1628 et
984 1598 1183 1637 providentia
1196 1607 1263 1628 rem
1279 1598 1418 1628 ostendit
1432 1599 1605 1636 impletum.
1620 1599 1659 1628 Et
1674 1598 1791 1629 idcirco
1803 1607 1867 1628 non

228 1638 382 1668 continuo
397 1642 433 1668 ut
447 1641 539 1667 natus
551 1641 610 1671 est,
627 1639 658 1667 in
674 1638 834 1668 civitatem
849 1647 941 1668 suam
960 1638 1058 1672 venit,
1075 1638 1129 1668 sed
1145 1638 1176 1667 in
1200 1638 1383 1668 Belhlehem
1393 1639 1606 1677 quadraginta
1624 1640 1673 1668 est
1687 1641 1868 1668 remoratus

228 1677 340 1707 diebus
355 1688 361 1707 :
374 1681 409 1707 ut
423 1678 461 1707 iis
476 1678 530 1716 qui
545 1678 728 1716 diligentius
746 1678 862 1707 vellent
875 1679 913 1707 de
929 1679 997 1716 ipso
1011 1681 1126 1708 cuncta
1143 1678 1264 1711 rimari,
1281 1678 1482 1707 occasionem
1502 1678 1720 1715 inquisitionis
1734 1678 1869 1716 ingere—

228 1720 288 1747 ret.
303 1717 427 1748 Etenim
445 1718 544 1747 multa
559 1720 651 1747 erant
666 1726 738 1755 qua:
752 1717 955 1747 manifestum
971 1717 1133 1748 efficerent
1147 1717 1232 1755 quod
1249 1718 1378 1751 latebat,
1393 1718 1418 1747 si
1436 1717 1529 1746 modo
1545 1717 1590 1746 illi
1609 1717 1805 1756 investigare.
1819 1727 1869 1748 vo-

228 1757 374 1787 luissent.
391 1756 552 1795 Siquidem
570 1757 771 1787 venientibus
788 1759 918 1795 propter
932 1757 1022 1786 illum
1034 1758 1075 1787 ab
1092 1760 1236 1787 extremo
1251 1757 1374 1786 oriente
1388 1757 1500 1795 magis,
1516 1759 1601 1786 totus
1615 1757 1745 1786 omnino
1761 1765 1869 1796 popu—
1895 1765 1899 1767 ’

228 1797 278 1827 lus
297 1797 329 1826 in
344 1796 587 1827 admirationem
603 1805 780 1834 suspensus
797 1799 844 1826 est
861 1807 868 1825 :
885 1797 940 1826 sed
955 1797 1050 1826 etiam
1068 1805 1125 1826 rex
1140 1797 1206 1835 ipse
1223 1805 1295 1826 cum
1311 1796 1447 1834 populo,
1461 1799 1492 1825 et
1508 1796 1662 1834 propheta
1678 1798 1709 1826 in
1727 1797 1865 1826 medium

227 1837 321 1875 quasi
343 1836 432 1866 testis
450 1835 605 1866 adductus
629 1838 696 1871 est,
715 1836 861 1874 factaque.
877 1838 926 1866 est
942 1844 1060 1875 magna
1075 1836 1241 1874 cujusdam
1257 1844 1372 1874 pompa
1383 1835 1506 1874 judicii.
1521 1836 1580 1865 Sed
1602 1839 1633 1866 et
1650 1836 1712 1866 alia
1735 1845 1868 1875 quoque.

228 1876 322 1914 plura
338 1879 413 1906 tunc
428 1878 517 1914 gesta
535 1878 628 1906 sunt.
642 1884 715 1913 qum
730 1875 832 1906 Lucas
848 1876 1017 1914 diligenter
1030 1879 1144 1906 cuncta
1169 1875 1311 1905 contexit
1322 1897 1330 1909 ,
1346 1875 1511 1914 proferens
1528 1878 1558 1904 et
1576 1877 1675 1906 Anna:
1690 1875 1794 1906 vidute
1809 1898 1817 1909 ,
1837 1879 1869 1905 et

227 1916 384 1945 Simeonis
395 1915 487 1954 justi,
500 1917 531 1944 et
546 1915 707 1945 Za‘charia‘.
722 1915 908 1949 sacerdotis,
925 1918 956 1944 et
969 1915 1158 1954 angelorum
1174 1915 1392 1953 psallentium,
1409 1917 1440 1944 et
1454 1917 1619 1952 pastorum
1631 1915 1867 1945 exsultantium

228 1963 388 1985 consonas
401 1955 439 1985 de
453 1955 542 1993 pueri
561 1955 725 1993 majestate
739 1955 931 1985 sententias:
945 1963 1016 1993 qua:
1027 1955 1135 1985 omnia
1147 1955 1225 1984 satis
1239 1957 1331 1984 erant
1345 1954 1458 1984 idonea
1472 1954 1708 1984 intendentibus
1722 1955 1866 1985 animum

228 1994 398 2033 praestandi
415 1994 629 2027 occasionem,
643 1996 679 2023 nt
693 1993 779 2032 quod
796 1993 913 2024 factum
931 1994 1036 2024 fuerat
1057 1994 1244 2024 disceretur.
1261 1993 1291 2023 Si
1307 1994 1391 2023 enim
1411 1994 1495 2032 magi
1517 2002 1535 2023 a
1557 1994 1685 2024 Perside
1702 1994 1866 2024 venientes

229 2043 292 2063 non
317 2034 549 2070 ignoravernnt
577 2043 649 2062 eum
674 2033 704 2062 in
732 2041 798 2071 quo
821 2036 869 2063 est
896 2036 986 2063 ortus
1007 2033 1265 2070 locum-,quanto
1285 2033 1386 2071 magis
1406 2033 1461 2071 qui
1487 2033 1603 2063 ibidem
1626 2035 1865 2064 conversaban—

228 2079 281 2105 tur
299 2075 420 2105 discere
441 2075 592 2105 universa
614 2074 812 2113 potuerunt?
827 2073 972 2103 Ostendit
987 2081 1020 2102 se
1036 2072 1134 2113 igitur
1148 2072 1189 2101 ab
1204 2073 1295 2101 initio
1310 2075 1399 2113 ortus
1415 2080 1464 2101 sm
1484 2073 1656 2113 multorum
1672 2074 1866 2103 mirabilium

227 2115 421 2145 testimonio.
437 2115 519 2151 Quia
535 2111 672 2144 Vero—illi
687 2114 794 2144 videre
810 2116 872 2142 tam
888 2113 1025 2142 lucentia
1043 2111 1306 2152 noluerunt,_per
1319 2111 1521 2152 aliquantum
1539 2121 1573 2152 se
1590 2112 1717 2149 quidem
1740 2115 1865 2152 tempus

227 2155 398 2185 occultavit
413 2165 420 2184 :
435 2150 487 2184 sed
503 2163 616 2184 rursus
632 2154 697 2183 alio
713 2153 919 2191 semetipsum
932 2151 1165 2181 demonstravit
1179 2150 1283 2191 modo,
1300 2153 1331 2179 et
1347 2150 1476 2191 quidem
1493 2151 1593 2180 multo
1609 2151 1754 2181 elarioris
1771 2150 1865 2182 testi—

227 2195 335 2224 monio
349 2195 525 2233 potestatis.
539 2195 609 2224 Non
631 2193 715 2222 enim
728 2193 793 2231 jam
809 2193 903 2233 illum
921 2191 1021 2230 magi,
1039 2199 1102 2233 non
1123 2190 1213 2219 stella
1225 2212 1233 2223 ,
1249 2199 1311 2218 non
1337 2190 1464 2233 angeli,
1477 2191 1530 2233 sed
1547 2191 1639 2220 Pater
1655 2191 1721 2228 ipse
1743 2192 1863 2221 caelitus

227 2230 419 2273 praedicavit.
436 2234 514 2264 Nam
531 2243 603 2264 cum
620 2233 659 2263 ad
684 2230 832 2262 Iordanis
846 2232 971 2273 ﬂuenta
993 2230 1200 2273 consisteret,
1216 2231 1364 2273 pervenit
1380 2230 1566 2273 tzt‘Spiritus
1587 2234 1716 2273 sanctus
1730 2253 1737 2264 ,
1754 2239 1862 2273 vocem

227 2269 315 2304 illam
331 2274 432 2303 Patris
447 2283 544 2311 super
563 2273 713 2311 baptizati
730 2274 825 2309 caput
836 2271 994 2305 deferens,
1007 2273 1038 2299 et
1049 2270 1189 2311 Joannes
1204 2269 1289 2311 omni
1304 2278 1376 2311 eum
1389 2269 1534 2311 libertate
1550 2272 1706 2300 sermonis
1722 2271 1864 2311 multitu-

227 2314 332 2343 dinem
348 2314 386 2342 ad
405 2323 439 2343 se.
455 2308 653 2343 venientium
670 2308 878 2345 cohortando,
895 2313 993 2340 totam
1007 2310 1140 2339 omnino
1152 2308 1306 2343 Judaeum,
1322 2308 1508 2338 habitabilia
1527 2309 1597 2339 loca
1615 2313 1710 2347 atque
1724 2309 1862 2344 deserta.

227 2353 347 2383 lumine
364 2353 458 2392 hujus
471 2352 703 2391 praedicationis
720 2351 881 2392 implebat.
899 2349 1130 2392 Testimonium
1145 2357 1274 2392 quoque
1287 2351 1520 2392 erat_ixiagnuni
1538 2349 1723 2392 signoruni:
1741 2357 1814 2392 nam
1831 2353 1864 2379 et

228 2396 312 2423 terra
326 2415 334 2426 ,
350 2396 379 2421 et
396 2387 485 2422 mare
497 2415 504 2424 ,
520 2394 701 2430 cunctaque
721 2387 852 2420 omnino
868 2392 1015 2430 creatura
1027 2411 1034 2423 ,
1054 2388 1232 2430 clarissima
1257 2396 1315 2425 pro
1338 2387 1470 2430 Christo
1484 2397 1559 2419 voce
1587 2388 1768 2430 resonabat.
1790 2389 1863 2427 Ipso

227 2441 356 2470 quoque
373 2432 536 2471 virginalis
553 2427 664 2470 partus
678 2434 871 2471 temporeea
889 2433 964 2459 sunt
982 2429 1064 2471 [acta
1084 2427 1237 2471 miracula
1252 2449 1259 2461 ,
1274 2435 1346 2471 qua:
1365 2427 1492 2471 abunde.
1513 2430 1643 2471 possent
1665 2427 1862 2471 majestatem

226 2466 444 2502 demonstrari-
461 2466 633 2501 nascentis.
651 2471 694 2500 Ne
710 2466 794 2499 enim
809 2469 968 2503 dicerent,
983 2467 1218 2506 Ignoravimus,
1230 2466 1360 2504 quando
1375 2469 1405 2495 et
1421 2467 1454 2496 in
1469 2475 1533 2504 qua
1546 2467 1676 2505 regione
1692 2468 1730 2496 sit
1745 2471 1838 2497 natus
1853 2478 1860 2496 :

227 2514 258 2541 et
272 2512 324 2541 illa
341 2513 378 2541 de
395 2511 494 2549 magis
513 2511 640 2549 impleta
657 2512 748 2544 sunt,
763 2512 793 2539 et
809 2509 889 2542 alia,
909 2510 944 2538 ut
957 2508 1097 2549 diximus
1109 2507 1269 2549 ._plurima
1281 2528 1288 2541 ,
1304 2509 1342 2549 ut
1355 2506 1466 2549 nullus
1492 2515 1620 2544 prorsus
1643 2507 1861 2537 excusationis

227 2543 465 2590 relinqueretur
478 2543 585 2586 color,
601 2550 656 2588 qui
673 2549 701 2579 id
718 2549 807 2590 quod
820 2549 983 2590 impletum
997 2547 1100 2590 fuerat
1114 2543 1276 2590 inquirere
1292 2545 1480 2590 noluissent.

265 2591 294 2620 2.
308 2584 405 2620 Porro
420 2584 586 2621 considera
602 2584 703 2628 ipsam
718 2584 879 2627 propheta:
892 2586 1100 2628 diligentiam.
1114 2586 1183 2615 Non
1197 2585 1281 2628 enim
1292 2585 1371 2614 dixit
1381 2585 1465 2628 quod
1476 2586 1506 2614 in
1519 2584 1701 2628 Bethleliem
1713 2593 1863 2628 perinan-

226 2638 322 2660 surus
338 2633 442 2661 esset:
459 2631 512 2661 sed
536 2640 576 2660 ex
591 2624 787 2659 Bethleh'em'
798 2624 964 2666 procedet,
981 2626 1086 2664 inquit
1102 2635 1109 2654 :
1124 2627 1160 2666 ut
1180 2625 1345 2666 signanter
1358 2624 1567 2666 prophetasse
1591 2625 1734 2666 videatur
1745 2625 1861 2666 ,illum

227 2670 269 2699 ibi
286 2671 504 2700 tantummodo
519 2670 729 2700 nasciturum.
743 2663 879 2704 Quidam
905 2669 1012 2697 autem
1028 2663 1238 2703 impudenter
1253 2663 1403 2704 audaces
1425 2664 1517 2704 aiunt
1536 2664 1573 2694 de
1592 2664 1771 2704 Zorobabcl
1793 2665 1862 2694 hmo

227 2709 323 2739 fuisse
337 2711 496 2748 prasdieta.
511 2710 569 2739 Sed
584 2717 647 2748 qua
665 2703 790 2738 tandem
806 2706 889 2748 istud
904 2706 1029 2748 ratione
1041 2704 1242 2748 defenditur?
1252 2703 1323 2748 Non
1337 2703 1422 2748 enim
1439 2703 1688 2748 huie_comp_etit_.,
1699 2706 1733 2732 ut
1745 2703 1864 2748 Egres-

226 2758 279 2777 ms
292 2742 358 2787 eju's
370 2759 388 2777 (ι
400 2750 560 2788 principio
577 2742 615 2778 e'x
630 2746 935 2788 diebusilelcrnitalis
950 2744 1170 2788 essedicatnr.
1180 2743 1464 2788 Quomodoautern
1476 2743 1587 2788 saltem
1599 2742 1676 2772 illud
1687 2743 1862 2788 quodante

225 2782 343 2818 dictum
360 2782 418 2822 est,
434 2789 489 2818 lz'a‘
506 2782 532 2818 le
545 2790 626 2819 extet
638 2788 715 2820 (Iua‘,
731 2787 769 2816 de.
784 2785 961 2816 Zorobabel
976 2784 1091 2822 poterit
1105 2782 1289 2817 convenire,
1305 2782 1360 2822 qui
1377 2790 1440 2811 non
1457 2782 1489 2811 in
1503 2782 1624 2817 Judaza,
1641 2782 1694 2822 sed
1712 2783 1743 2811 in
1758 2782 1862 2821 Baby-

227 2827 299 2856 lone
312 2830 400 2857 ortus
417 2827 572 2858 docetur?
587 2827 674 2858 Unde
688 2827 784 2857 etiam
799 2826 904 2864 ipsum
920 2821 1185 2864 nomenraccepit,
1199 2822 1279 2864 quia
1292 2821 1411 2864 scilicet
1425 2822 1466 2851 ibi
1482 2822 1522 2851 sit
1538 2821 1741 2864 insobolcm,
1758 2824 1862 2864 semi-

227 2867 552 2906 natus?Quicumque
568 2867 686 2897 habent
701 2866 770 2905 Syri
786 2860 943 2896 sermonis
958 2863 1116 2902 peritiam,
1130 2860 1311 2900 intelligunt
1323 2860 1463 2899 profecto
1475 2861 1559 2899 quod
1571 2860 1734 2899 loquimur
1756 2860 1861 2899 Supra
