2055 3128
203 146 273 176 i047
801 147 917 176 ANIANI
937 146 1014 174 INTE

1020 144 1226 174 RPRETATIO.
1762 143 1831 172 1048

202 210 369 249 prierepta.
384 207 475 249 Quod
491 211 576 237 certe
594 204 675 249 dicit
694 207 725 234 et
751 205 868 249 l_‘au_lns
884 214 902 249 με.
915 203 1009 233 Vobis
1026 202 1146 243 quidem
1163 200 1325 249 oportebqt
1346 202 1482 249 primum
1504 203 1836 249 gramm-tigrihpeﬂfum
1881 222 1882 225 η

202 241 259 279 ἶ)ρί
270 273 278 282 ,
293 241 346 279 δ’οἀ
358 241 505 287 quoniam
518 255 573 276 vos
589 244 917 287 imljgnosj-ttdicastis
929 267 936 276 ,
958 241 1257 287 ecceicont‘erit'rnur
1268 241 1309 271 ad
1323 246 1428 287 gentes
1444 242 1592 287 (Act:_13.
1608 241 1670 287 liti).
1686 243 1753 287 Etsi
1774 244 1836 287 igi—

201 291 256 319 tur
271 281 373 319 antea
387 287 619 326 permanebant
640 281 796 326 increduli
806 287 937 326 ,_ta_men
961 285 1131 326 postquam
1157 281 1293 326 idipsum
1307 289 1326 311 a
1340 281 1442 326 magis
1465 281 1653 326 audierunt,
1668 281 1835 326 confestim

200 328 240 359 ad
259 322 421 359 Christum
438 327 620 357 debuerunt
633 323 796 355 advolare.
813 323 872 354 Sed
890 323 1003 362 utique
1018 322 1210 358 noluerunt,
1233 323 1264 351 et
1281 324 1468 360 propterea,
1485 322 1553 352 istis
1578 322 1812 353 dormientibus
1826 345 1834 358 ,

201 367 248 399 illi
264 369 472 399 praecurrunt.

240 375 567 445 SPIlararfilteglut-igitur
579 413 638 434 nos
653 403 766 434 saltem
784 402 988 445 devotionem
1005 409 1185 441 magorum,
1201 408 1341 445 veroque
1355 409 1466 445 amore
1478 400 1696 445 _phi1050phiaa
1716 401 1833 445 barba-

201 456 271 479 ram
285 440 547 477 consuetudinem
554 445 773 483 subjugemus.
783 442 1014 483 Longoitinere
1026 449 1207 476 curramus,
1217 443 1252 470 ut
1265 440 1425 483 Christum
1439 440 1543 483 videre
1552 449 1744 483 mereamur.
1756 442 1835 472 Nam

202 490 234 518 et
247 486 293 516 illi
309 485 371 516 nisi
387 485 500 525 procul
511 479 677 525 regionem
690 479 1075 525 propriam—reliquissent
1086 503 1094 514 .
1114 488 1320 525 nequaquam
1333 479 1444 525 utique
1468 479 1630 525 Christum
1648 481 1755 525 videre
1772 491 1835 517 po—

202 527 350 557 tuissent.
364 518 566 556 R'ecedamus
576 523 673 562 igitur
687 518 705 553 ἐι
723 518 860 562 terrenis
877 518 1014 561 negotiis
1027 523 1125 562 atque
1145 519 1244 562 curis.
1260 518 1386 562 Etenim
1397 519 1482 562 magi
1495 519 1540 549 illi
1557 528 1629 549 cum
1645 519 1749 562 adhuc
1762 528 1835 562 mo—

201 568 353 597 rarentur
375 565 408 595 in
426 563 553 594 Perside
570 559 720 598 ,stellam
736 561 845 592 videre
868 559 1090 591 tantummodo
1108 569 1114 588 :
1130 559 1207 598 quia
1225 568 1300 588 vero
1317 567 1336 589 a
1351 559 1478 588 Perside
1492 561 1712 594 recesserunt,
1729 559 1834 589 Solem

202 607 308 645 ipsum
322 612 478 645 aspexere
489 602 620 645 justitize
636 612 643 631 :
658 602 821 645 quidcenrte
836 610 895 631 nec
907 601 1032 631 stellam
1046 599 1175 645 quidem
1190 599 1299 645 ipsam
1306 598 1427 645 tamdiu
1439 598 1543 645 videre
1557 598 1761 645 meruissent,
1772 599 1834 645 nisi

201 638 264 676 c'ito
279 653 299 676 a
313 638 440 675 Perside
458 638 593 673 fuissent
608 638 751 680 profecti.
764 641 938 680 Surgamus
956 648 1033 680 ergo
1052 640 1147 669 etiam
1162 641 1277 680 nios,_ct
1293 638 1366 668 licet
1379 647 1490 680 omnes
1506 638 1686 680 turbentur,
1704 647 1762 668 nos
1779 640 1834 668 ta-

202 695 276 716 men
291 684 413 715 alacres
427 685 458 713 et
470 677 662 721 promptiad
679 681 769 719 pueri
786 677 1005 721 accurramus’
1015 678 1156 708 domum.
1178 678 1240 708 Etsi
1257 687 1315 707 rex
1326 700 1333 713 ,
1350 677 1408 721 etsi
1425 677 1564 721 populus
1581 699 1588 712 ,
1604 678 1834 721 etsilyrannus

204 725 302 759 hujus
317 723 417 754 velint
431 717 573 753 cursum-
588 717 710 751 itineris
730 720 902 759 impedire,
920 727 1125 758 nequaquam
1146 720 1252 759 tamen
1272 717 1400 759 accensi
1419 717 1566 759 desiderii
1591 717 1835 756 exstinguamus

204 735 249 755 nu
265 735 302 755 us
317 735 417 754 Velllll
431 735 561 753 cursum
589 735 710 751 Iuncus
730 735 902 759 Irupcuuc,
921 735 1125 758 nequaququ
1147 735 1252 748 luluCII
1272 735 1400 747 aLLcuaI
1419 735 1566 747 uca-ucnu
1591 735 1835 756 ῐιιδιιιιῦιιιιιιιυδ

201 735 360 795 artiorem.
386 763 436 793 Sic
458 762 544 792 enim
566 760 676 791 omnia
690 760 825 791 adversa
845 759 1039 790 calcabimus
1056 769 1063 787 :
1080 758 1235 796 quoniam
1259 760 1290 787 et
1306 757 1350 786 illi
1369 756 1431 787 nisi
1448 756 1602 786 vidissent
1614 765 1764 795 puerum,
1777 766 1835 787 nec

201 803 381 843 periculum
396 801 481 841 quod
493 799 713 843 intentabatur
723 808 743 830 a
755 808 829 843 rege
845 800 1014 843 vitassent.
1024 798 1117 843 Prius
1130 797 1214 843 enim
1228 805 1325 843 qualn
1343 805 1478 843 puerum
1494 799 1673 843 cernerent,
1692 796 1835 843 undique

202 836 264 874 illis
280 836 953 882 opponebanturtimores,contuFbationes
963 841 1059 882 atque
1072 836 1269 882 discrimina.
1283 837 1462 882 ‘Postquam
1478 844 1554 881 vero
1568 836 1834 882 adora-runthsef

201 875 365 914 curita's'et
379 880 597 919 tranquillitas
614 881 811 918 subsequuta
823 881 881 909 est.
896 879 959 908 Nec
970 875 1036 919 jam
1052 877 1143 919 stella
1158 885 1226 919 eos,
1238 875 1292 906 sed
1306 876 1440 919 angelus
1457 875 1589 919 suscipit
1601 885 1607 904 :
1619 876 1699 919 quia
1714 875 1835 919 scilicet

202 922 366 954 adorando
381 921 453 952 facti
464 915 598 950 fuerant
610 915 804 956 sacerdotes,
821 927 894 949 eum
909 915 1143 956 supplicatione
1159 916 1255 956 etiam
1273 915 1461 945 muneribus
1475 915 1602 945 oblatis.
1619 915 1658 944 Et
1674 918 1707 956 tu
1720 915 1836 956 itaque

203 963 370 993 Iudaicum
385 961 540 1000 populum
555 954 802 1000 repugnantem,
814 954 1126 1000 rurbemtu’rbatam,
1139 955 1232 986 credis
1244 958 1445 1000 appetentem
1454 954 1833 1000 tyrannumhetfallacem

204 1003 295 1033 istius
311 994 417 1032 smculi
429 994 581 1030 umbram
593 994 795 1036 relinquens,
811 999 844 1028 in
857 997 1041 1028 Bethlehem
1058 995 1192 1036 festinus
1201 1003 1352 1036 accurre,
1369 1003 1405 1025 ac
1428 994 1727 1036 domum_s_pirital_is
1744 994 1835 1036 panis

204 1042 380 1081 Ingredere.
406 1040 470 1070 Etsi
485 1039 570 1081 enim
586 1033 699 1077 pastor
709 1038 818 1081 fueris,
831 1046 938 1081 eoque
952 1035 1132 1081 adveneris,
1147 1035 1180 1065 in
1192 1034 1369 1081 diversorio
1385 1043 1524 1081 puerum
1542 1033 1675 1080 videbis.
1692 1034 1834 1081 Etsi_re};

203 1073 318 1117 fuéris,
336 1089 393 1110 nec
409 1083 514 1109 tamen
530 1073 662 1108 devotus
686 1073 971 1113 advenerim-nihil
987 1075 1118 1117 omnino
1138 1074 1279 1117 proderit
1304 1082 1458 1117 purpurae
1481 1073 1604 1117 fulgore
1632 1073 1835 1117 circumdari.

203 1121 269 1151 Etsi
280 1113 392 1159 magus
418 1119 499 1159 forte
523 1118 584 1159 sis,
594 1117 675 1147 nihil
689 1119 719 1147 te
733 1117 772 1147 ad
793 1117 879 1147 hunc
893 1125 1001 1159 regem
1019 1115 1153 1159 introire
1168 1113 1360 1159 prohibebit,
1377 1113 1471 1159 modo
1485 1115 1520 1142 ut
1529 1113 1835 1159 ‘adoraturusatqne

205 1152 422 1190 honoraturus
446 1157 501 1188 Dei
527 1157 661 1191 Filium.
680 1159 711 1186 et
733 1165 798 1187 non
816 1156 909 1195 quasi
928 1152 1176 1195 conculcaturus
1196 1153 1351 1195 advenias
1370 1163 1377 1182 :
1396 1152 1490 1182 modo
1502 1155 1539 1183 ut
1548 1153 1710 1195 honorem
1732 1153 1835 1192 ipsum

204 1209 277 1230 cum
291 1198 408 1234 gaudio
423 1206 461 1228 ac
478 1199 616 1227 tremore
630 1195 742 1226 offeras
763 1205 770 1225 :
788 1191 924 1234 possunt
938 1194 1023 1225 enim
1039 1198 1176 1234 utraque
1196 1193 1264 1223 haec
1281 1192 1402 1231 pariter
1421 1192 1606 1234 convenire.
1625 1191 1682 1234 sed
1698 1191 1774 1234 cave
1795 1201 1835 1221 ne

207 1209 277 1230 cum
313 1208 408 1229 auaio
423 1208 461 1228 ac
478 1208 616 1227 tremore
630 1208 742 1226 alteras
763 1208 770 1225 :
788 1208 924 1234 possunt.
938 1208 1023 1225 enim
1040 1208 1176 1232 utraun
1197 1208 1264 1223 nam;
1283 1208 1333 1231 ιηιι
1342 1208 1395 1223 uc:
1421 1208 1606 1222 uuuvuuuc.
1625 1208 1682 1222 acu
1698 1208 1774 1222 cun:
1797 1208 1835 1221 uc

207 1208 321 1270 Herogi
337 1237 486 1268 efficiaris
502 1235 627 1268 similis.
646 1237 676 1265 et
689 1235 787 1270 dicas,
799 1235 839 1265 Ut
857 1238 885 1264 et
900 1243 953 1269 ego
968 1233 1091 1263 veniens
1104 1233 1228 1263 adorem
1239 1241 1306 1262 eum
1319 1242 1329 1261 :
1344 1240 1480 1269 cumque
1496 1231 1634 1266 veneris.
1651 1231 1836 1261 interimere

203 1275 342 1304 coneris.
362 1273 463 1312 Hujus
479 1273 597 1303 etenim
610 1272 731 1303 similes
746 1273 840 1307 sunt,
858 1272 912 1311 qui
936 1271 1067 1312 indigne
1081 1272 1260 1312 abutuntur
1280 1271 1507 1312 communione
1525 1273 1681 1312 mysterii.
1700 1271 1781 1302 Reus
1801 1278 1843 1302 est

205 1313 308 1345 enim,
325 1310 441 1350 inquit,
457 1312 515 1342 iste
530 1311 673 1351 corporis
688 1315 716 1341 et
725 1310 889 1349 sanguinis
900 1311 1027 1351 Domini
1043 1310 1169 1351 (1.001:
1187 1311 1234 1340 11.
1245 1310 1308 1349 9.7).
1324 1311 1384 1348 Qui
1401 1311 1486 1341 enim
1502 1310 1658 1350 ejusmodi
1674 1314 1767 1347 sunt,
1784 1312 1844 1345 ha—

209 1353 282 1382 bent
298 1351 330 1380 in
345 1361 378 1381 se
394 1350 626 1390 tyrannum,’et
640 1360 738 1389 regno
750 1350 864 1380 Christi
877 1351 996 1390 jugiter
1012 1350 1218 1384 invidentem,
1237 1351 1332 1388 longe
1341 1359 1418 1380 sane,
1432 1351 1555 1381 Herode
1571 1351 1626 1381 illo
1639 1351 1840 1390 nequiorem.

205 1399 387 1421 mamonam
403 1389 534 1420 scilicet.
551 1389 609 1420 Hic
623 1390 708 1419 enim
726 1390 757 1419 in
775 1389 919 1420 homines
937 1393 1045 1420 tenere
1066 1389 1236 1428 imperium
1254 1390 1347 1429 gestit
1363 1412 1371 1422 .
1392 1399 1533 1429 suosque
1546 1389 1841 1427 cultores’simulal,

205 1433 236 1460 et
247 1430 340 1460 mittit
354 1430 394 1460 ad
407 1429 581 1465 Christum,
594 1432 630 1459 ut
642 1429 747 1468 specie
765 1429 892 1468 quidem
907 1429 1042 1460 adorare
1053 1429 1222 1459 videantur
1241 1439 1248 1458 :
1265 1432 1422 1468 quantum
1438 1439 1512 1459 vero
1531 1431 1562 1460 in
1583 1430 1659 1469 ipsis
1678 1433 1737 1466 est,
1754 1431 1842 1461 inte~

204 1470 326 1500 rimunt
345 1478 553 1515 _eum,”quem
576 1469 711 1500 adorare
734 1478 768 1499 se
783 1469 948 1499 simulant.
962 1469 1156 1515 .T‘imeamus
1172 1469 1338 1515 igiturtne
1354 1469 1484 1515 quando
1500 1470 1638 1515 speciem
1660 1470 1841 1509 supplicum

204 1512 302 1548 atque
315 1509 517 1540 adorantium
527 1516 688 1548 geramus,
699 1517 796 1547 opere
811 1518 885 1539 vero
901 1509 1096 1539 exsistamus
1109 1508 1240 1539 inimici.
1253 1508 1353 1547 lgitur
1368 1509 1531 1539 adoraturi
1550 1508 1711 1539 Christum
1727 1508 1840 1541 cuncta

205 1549 412 1588 projiciamus
435 1558 452 1579 e
469 1548 632 1579 manibus.
652 1548 684 1578 Si
704 1548 913 1579 habuerimus
937 1557 1053 1578 aurum
1068 1571 1076 1583 ,
1094 1548 1265 1578 offeramus
1288 1548 1360 1586 ipsi.
1376 1557 1440 1578 non
1458 1551 1551 1579 terra:
1574 1549 1784 1580 defodiamus.
1811 1550 1840 1579 Si

205 1589 290 1618 enim
305 1588 351 1618 illi
375 1591 450 1618 tunc
466 1589 594 1619 barbari
608 1588 641 1618 in
659 1588 814 1619 honorem
830 1588 1050 1618 tantummodo
1070 1588 1196 1618 Domini
1217 1588 1404 1618 obtulerunt
1423 1588 1560 1618 libenter
1575 1597 1691 1618 aurum
1709 1599 1716 1618 :
1736 1589 1841 1628 qualis

206 1631 240 1658 tu
255 1629 331 1665 eris,
352 1628 377 1658 si
394 1629 421 1658 ei
439 1637 502 1658 non
519 1628 641 1658 tribuas
660 1628 836 1667 indigenti?
851 1628 900 1657 Illi
927 1630 992 1658 tam
1006 1628 1104 1667 longo
1120 1628 1235 1657 itinere
1256 1631 1469 1658 cucurrerunt
1492 1633 1528 1658 ut
1544 1631 1654 1658 natum
1672 1628 1817 1659 viderent
1833 1640 1839 1658 :

205 1671 238 1698 tu
259 1677 333 1698 vero
347 1676 411 1706 qua
428 1667 555 1698 tandem
566 1667 783 1699 satisfactione
798 1668 916 1706 poteris
932 1667 1068 1702 absolvi,
1080 1667 1136 1705 qui
1149 1677 1187 1697 ne
1197 1667 1303 1697 brevis
1316 1667 1444 1705 quidem
1456 1669 1567 1706 plateae
1575 1668 1715 1706 spatium
1730 1671 1841 1699 trans-

206 1708 249 1743 is,
269 1711 304 1737 ut
320 1708 427 1738 visites
445 1708 632 1747 aagritudine
655 1707 819 1743 afflictum,
837 1710 867 1737 et
883 1707 1023 1737 vinclum
1036 1707 1178 1737 catenis?
1193 1707 1230 1736 Et
1248 1710 1332 1737 certe
1348 1708 1487 1738 solemus
1501 1708 1726 1747 zegrotantium
1745 1710 1842 1747 atque

207 1747 541 1783 vinctorum,‘etiamsi
557 1747 677 1777 inimici
693 1748 768 1782 sint,
785 1747 930 1777 misereri
946 1757 952 1775 :
969 1750 1003 1777 tu
1020 1754 1096 1777 vero
1110 1756 1149 1777 ne
1164 1755 1241 1785 erga
1256 1747 1428 1776 Dominum
1450 1747 1578 1786 quidem
1595 1750 1704 1782 tuum,
1721 1750 1751 1777 et
1768 1756 1841 1778 eum

204 1788 260 1825 qui
273 1790 435 1818 tantorum
451 1787 505 1817 tibi
517 1790 565 1817 est
579 1789 692 1817 auctor
706 1788 877 1822 bonorum,
888 1786 955 1827 hoc
968 1787 1164 1827 permoveris
1181 1786 1295 1827 affectu
1306 1787 1319 1814 ?
1337 1787 1375 1827 Et
1389 1787 1460 1817 illos
1476 1787 1604 1827 quidem
1619 1795 1735 1816 aurum
1756 1788 1842 1827 legi-

204 1836 275 1857 mus
291 1827 458 1862 obtulisse,
475 1830 508 1856 tu
523 1835 597 1856 vero
613 1835 728 1865 panem
740 1826 844 1864 ipsum
863 1826 919 1856 vix
934 1826 1060 1856 tribuis.
1078 1826 1126 1856 llli
1144 1826 1290 1856 viderunt
1305 1826 1449 1861 stellam,
1466 1830 1562 1865 atque
1576 1826 1672 1857 lmtati
1690 1830 1765 1857 sunt
1785 1826 1797 1856 ξ
1808 1830 1842 1857 tu

204 1871 311 1896 autem
326 1867 432 1905 ipsum
444 1867 604 1905 aspiciens
614 1864 782 1896 Christum
793 1865 1000 1905 peregrinum
1015 1865 1213 1904 nudumque,
1233 1874 1298 1896 non
1315 1864 1462 1896 ﬂecteris.
1479 1864 1557 1903 Quis
1574 1867 1658 1896 enim
1678 1870 1818 1896 vestrum
1832 1889 1840 1901 ,

207 1905 262 1944 qui
274 1906 452 1937 innumeris
466 1907 541 1936 estis
553 1905 668 1936 Christi
686 1905 849 1936 beneficiis
865 1905 1009 1945 obligati,
1029 1907 1094 1936 tam
1112 1906 1298 1944 longinquae
1317 1907 1448 1944 propter
1469 1915 1542 1936 eum
1560 1906 1697 1944 arripuit
1712 1906 1843 1945 expedi-

205 1945 301 1975 tionis
316 1947 469 1980 laborem,
484 1954 581 1984 quam
594 1945 639 1975 illi
655 1945 796 1981 barbari,
809 1945 873 1974 imo
889 1945 1100 1985 sapientiores
1116 1945 1257 1984 profecto
1270 1945 1468 1985 sapientibus
1479 1946 1493 1974 ?
1503 1945 1622 1975 Verum
1637 1945 1713 1983 quid
1728 1955 1786 1985 ego
1804 1946 1842 1976 de

207 1986 311 2023 spatio
324 1985 442 2023 loquor
455 1985 579 2015 itineris
597 1985 764 2023 longioris,
778 1993 852 2014 eum
866 1984 1012 2022 plurima:
1028 1984 1219 2014 feminarum
1234 1986 1322 2014 tanta
1333 1984 1399 2023 jam
1415 1985 1514 2014 animi
1528 1985 1726 2015 mollitudine
1738 1984 1839 2015 resol-

207 2026 342 2060 vantur,
357 2029 393 2054 ut
408 2024 468 2053 nisi
486 2024 623 2054 advectas
638 2024 746 2058 mulis,
763 2024 938 2061 quamlibet
950 2023 1067 2062 exiguo
1078 2024 1182 2062 spatio
1197 2031 1216 2054 a
1234 2023 1381 2053 domibus
1404 2023 1471 2053 suis
1493 2024 1601 2054 venire
1620 2028 1781 2062 nequeant
1801 2023 1841 2055 ad

209 2063 377 2094 videndum
396 2063 567 2092 Dominum
582 2063 615 2092 in
629 2063 785 2101 prmsepio
803 2063 961 2101 spiritali?
976 2062 1034 2092 Sed
1048 2072 1090 2092 ex
1109 2063 1146 2093 iis
1161 2071 1292 2101 quoque
1317 2063 1372 2101 qui
1394 2065 1478 2093 certe
1499 2063 1683 2093 ambulandi
1699 2064 1843 2095 laborem

209 2103 327 2138 ferunt,
344 2103 398 2134 alii
415 2103 617 2143 smculariurm
631 2103 832 2143 negotiorum
854 2102 1023 2143 tumultus,
1039 2102 1093 2132 alii
1110 2102 1283 2143 theatrales
1300 2103 1409 2143 turbas
1428 2105 1546 2133 sanctis
1561 2103 1694 2133 ca-tibus
1706 2106 1843 2143 antepo—

207 2145 299 2172 nunt.
317 2143 356 2172 Et
371 2142 498 2173 barbari
514 2142 643 2181 quidem
657 2142 702 2171 illi
718 2142 906 2180 priusquam
917 2142 1078 2172 Christum
1092 2142 1246 2177 viderent,
1262 2144 1325 2173 tam
1340 2142 1470 2182 longam
1486 2145 1616 2181 propter
1631 2143 1735 2182 ipsum
1746 2142 1844 2173 exsu-

208 2185 404 2220 peraverunt
416 2183 500 2212 viam
517 2193 524 2213 :
541 2185 575 2212 tu
595 2191 670 2212 vero
686 2191 744 2211 nec
762 2185 973 2220 posteaquam
993 2181 1120 2214 videris.
1138 2181 1209 2211 illos
1219 2182 1365 2220 probaris
1384 2181 1514 2212 imitari.
1537 2182 1616 2212 Nam
1633 2185 1663 2212 et
1681 2191 1753 2213 cum
1769 2193 1842 2213 eum

207 2222 335 2257 videris,
352 2222 396 2252 ita
410 2231 484 2252 eum
497 2221 666 2261 relinquis,
682 2224 717 2251 ut
728 2224 799 2260 post
814 2221 904 2251 illum
919 2230 1030 2251 curras
1046 2221 1085 2252 ad
1104 2222 1239 2256 theatra,
1252 2229 1290 2252 ac
1301 2222 1433 2251 mimum
1450 2221 1554 2260 potius
1568 2225 1599 2253 et
1613 2222 1719 2253 videre
1735 2225 1766 2252 et
1778 2231 1843 2254 au—

205 2261 274 2292 dire
287 2262 458 2293 desideres.
486 2262 588 2300 Atque
609 2263 644 2291 ut
658 2261 768 2292 eadem
784 2270 898 2291 rursus
922 2261 1076 2301 attingam
1091 2270 1163 2300 qum
1178 2263 1272 2292 antea
1288 2270 1358 2291 sum
1375 2262 1549 2292 insectatus
1563 2284 1570 2297 ,
1587 2261 1749 2292 Christum
1767 2263 1845 2301 qui—

208 2301 279 2332 dem
296 2302 329 2332 in
342 2301 476 2340 spiritali
491 2301 588 2332 situm
603 2301 760 2341 praesepio
770 2301 980 2339 derelinquis,
991 2309 1146 2340 properas
1161 2309 1237 2331 vero
1251 2301 1411 2340 jacentem
1424 2301 1455 2331 in
1471 2309 1567 2332 scena
1580 2305 1724 2341 spectare
1738 2311 1846 2333 mere-

207 2341 330 2372 tricem.
353 2342 421 2371 Hoc
435 2343 543 2371 autem
555 2342 673 2380 quibus
689 2340 817 2371 tandem
830 2343 980 2379 putamus
994 2341 1126 2380 dignum
1143 2349 1214 2371 esse
1233 2341 1397 2380 suppliciis
1410 2341 1424 2370 Ἰ

246 2381 275 2411 6.
299 2381 478 2420 Responde,
497 2381 643 2416 obsecro,
657 2380 683 2410 si
702 2389 736 2410 se
749 2380 1124 2420 quispiamintroducere
1140 2382 1170 2411 te
1189 2380 1395 2419 polliceretur
1415 2380 1453 2411 ad
1470 2390 1577 2420 regem
1589 2404 1596 2418 ,
1611 2384 1642 2411 et
1662 2380 1845 2413 ostenderet

207 2420 264 2461 tibi
281 2421 371 2450 illum
386 2421 527 2458 undique
536 2422 773 2461 coruscantem,
791 2423 888 2458 atque
908 2419 993 2461 inter
1003 2420 1110 2461 varios
1128 2429 1251 2458 pompas
1268 2429 1334 2450 suae
1350 2423 1482 2461 ornatus
1502 2419 1664 2451 sedentem
1679 2443 1687 2452 .
1707 2423 1845 2461 putasne

206 2460 363 2491 theatrale
385 2459 604 2499 spectaculum
623 2459 735 2489 aulica)
749 2468 952 2498 praeponeres
966 2459 1128 2499 dignitati,
1143 2469 1216 2489 cum
1231 2462 1316 2489 certe
1332 2469 1370 2491 ne
1397 2460 1472 2491 hinc
1487 2460 1617 2499 quidem
1636 2461 1692 2491 tibi
1707 2459 1843 2499 aliquod

208 2499 412 2529 commodum
425 2501 625 2538 quaereretur
635 2500 649 2528 ‘I
659 2500 699 2528 At
711 2508 788 2529 vero
802 2509 842 2529 ex
858 2499 918 2530 hac
932 2507 1042 2529 mensa
1056 2499 1273 2537 spiritualium
1287 2499 1356 2529 fons
1376 2503 1506 2530 emanat
1523 2501 1694 2535 bonorum,
1711 2504 1742 2531 et
1759 2501 1846 2531 hanc

206 2542 240 2569 tu
257 2540 363 2569 statim
380 2539 566 2578 relinquens
579 2539 682 2569 curris
697 2538 736 2569 ad
752 2539 924 2572 theatrum.
941 2541 976 2568 ut
990 2541 1136 2570 natantes
1156 2539 1307 2575 feminas,
1323 2541 1353 2569 et
1368 2548 1481 2569 sexum
1497 2540 1588 2569 illum
1603 2540 1738 2578 publicis
1760 2548 1845 2569 oeu—

206 2579 245 2609 lis
268 2579 423 2609 intuearis
444 2579 626 2617 expositum
643 2588 650 2607 :
667 2580 713 2615 ut,
733 2578 876 2617 inquam,
903 2578 986 2608 istud
1004 2578 1160 2618 aspicias,
1177 2578 1340 2608 sedentem
1360 2579 1455 2618 juxta
1482 2580 1639 2609 donorum
1668 2580 1844 2609 cazlcstium

207 2618 327 2649 fontem
339 2618 501 2649 Christum
519 2617 686 2656 relinquis.
712 2618 790 2648 Nam
803 2621 835 2648 et
848 2617 941 2647 modo
954 2627 1052 2656 super
1068 2617 1186 2648 fontem
1203 2618 1292 2648 sedet
1312 2617 1376 2649 non
1401 2627 1500 2649 unam
1515 2619 1751 2649 Samaritanam
1765 2641 1773 2650 .
1789 2619 1844 2648 sed

206 2657 392 2689 universam
415 2659 584 2696 alloquens
603 2658 774 2688 civitatem.
793 2657 917 2687 Forsan
933 2666 1008 2688 vero
1023 2657 1119 2688 etiam
1137 2666 1221 2687 nunc
1236 2657 1445 2688 Samaritana:
1457 2661 1579 2689 tantum
1596 2658 1749 2696 loquitur.
1764 2658 1844 2688 Nam

211 2705 337 2730 etnunc
350 2698 457 2728 nullus
474 2698 502 2727 ei
516 2697 638 2727 assistit
654 2707 660 2726 :
682 2697 742 2727 nisi
758 2697 843 2735 quod
857 2697 912 2727 alii
927 2696 1056 2735 quidem
1073 2697 1150 2727 solis
1166 2697 1284 2728 adsunt
1297 2698 1487 2736 corporibus
1498 2720 1506 2734 ,
1523 2697 1577 2728 alii
1598 2703 1676 2728 vero
1691 2707 1749 2728 nec
1768 2697 1845 2736 ipsis

207 2743 333 2782 quidem
347 2741 488 2782 profecto
503 2740 705 2782 corporibus.
718 2736 1166 2782 Attamenipsennonhrecedit,
1183 2736 1236 2766 sed
1245 2735 1365 2782 manet,
1379 2738 1411 2782 et
1427 2735 1554 2782 a‘no'bis
1565 2737 1708 2782 postulat
1720 2735 1842 2782 potum,

208 2775 269 2812 lion
282 2775 411 2820 aquam,
428 2780 481 2810 sed
495 2775 751 2820 sanctimoniam.
770 2775 995 2820 Sanctis’enim
1011 2777 1157 2820 Christus
1173 2777 1284 2806 sancta
1297 2775 1554 2820 distribuit._No_n
1571 2776 1657 2820 enim
1672 2775 1790 2820 aquam
1803 2779 1842 2808 de

208 2823 266 2852 hoc
283 2815 374 2850 nobis
391 2820 476 2850 fonte
490 2819 637 2858 largitur,
652 2818 706 2848 sed
718 2817 909 2858 sanguinem
927 2817 1048 2858 vivum,
1066 2816 1121 2856 qui
1135 2823 1334 2858 quamquam
1345 2815 1383 2858 ad
1391 2815 1502 2846 mortis
1516 2815 1683 2858 dominicte
1691 2815 1841 2848 testimo—

208 2862 296 2891 nium
312 2860 461 2894 sumitur,
481 2854 574 2889 nobis
590 2861 696 2894 tamen
711 2854 810 2887 causa
825 2856 859 2886 fit
874 2856 955 2886 vitae.
969 2857 1018 2886 Tu
1032 2854 1107 2886 vero
1122 2854 1278 2893 relinquis
1304 2854 1399 2894 hujus
1416 2855 1584 2894 sanguinis
1603 2855 1739 2892 fontem,
1754 2858 1839 2887 cali—

208 2890 339 2941 cemque
350 2890 571 2932 reverendum,
588 2890 620 2928 ct
636 2897 675 2928 ad
685 2896 880 2928 diabolieum
895 2895 985 2926 illum
1001 2895 1119 2926 fontem
1135 2890 1268 2925 festinus
1279 2890 1433 2931 accurris,
1447 2890 1614 2927 utuscilicet
1631 2890 1750 2941 spectes
1773 2905 1840 2938 me.
