2055 3128
224 88 294 118 1053
822 85 938 114 ΑΝΙΛΝΙ
959 82 1249 111 ΙΝἸἙΒῘἪΕΤᾹΤΙΟ.
1780 83 1854 114 1034

221 146 311 181 ptam
327 143 513 181 exstinguat
527 142 620 175 iram,
636 147 735 178 seque
755 142 796 172 ab
809 140 914 181 studio
932 139 1007 181 yani
1030 138 1149 168 laboris
1168 138 1315 181 abducat.
1338 138 1393 167 Est
1415 140 1521 181 autem
1538 137 1717 181 divinitatis
1739 138 1857 181 virtute

222 178 365 222 dignum,
375 178 547 222 non'modo
558 182 667 222 aperte
680 179 1017 222 conterereinimicos,
1029 186 1139 222 verum
1151 178 1245 208 etiam
1256 187 1333 222 cum_
1344 178 1430 222 omui
1450 178 1521 222 iilos
1535 178 1684 207 facilitate
1697 178 1842 222 decipere
1851 201 1858 209 .

222 217 272 251 Sic
286 222 371 251 enim
393 224 421 251 et
440 217 604 259 JEgyptios
616 219 726 258 populi
743 219 793 249 sui
815 219 950 259 utilitate
965 217 1092 259 seduxit
1106 227 1113 246 :
1130 226 1267 256 cumque
1283 218 1389 256 palam
1408 217 1439 247 in
1457 217 1642 248 Iudaeorum
1654 226 1769 248 manus
1785 218 1856 248 illo-

219 270 290 291 rum
307 258 610 300 possettransferre
627 258 766 300 divitias,
781 258 905 300 occulte
919 258 981 287 hoc
996 258 1096 300 magis
1111 258 1178 287 fieri
1193 280 1200 293 ,
1223 259 1465 300 acdecipiendo
1478 260 1650 299 praecepit:
1669 262 1755 300 quod
1772 267 1857 294 certe

220 297 406 338 illum'apud
420 298 564 329 inimicos
580 306 644 328 non
659 298 764 327 minus
779 297 851 327 fecit
863 305 961 338 quam
976 297 1040 328 alia
1056 297 1147 336 signa
1163 299 1350 328 terribilem.

259 340 289 369 2.
306 336 450 378 Denique
464 338 655 368 Ascalonita:
669 345 846 379 omnesque
861 345 918 375 per
933 336 1101 379 circuitum
1123 338 1323 379 alienigenae,
1341 339 1470 377 quando
1487 347 1595 370 arcam
1620 341 1674 371 Dei
1693 345 1856 379 ceperunt,

220 376 429 419 percussique
443 379 549 419 plaga,
568 379 741 419 suaserunt
754 376 877 419 civibus
893 376 960 407 suis
974 386 1015 406 ne
1028 377 1253 419 adversus‘Dt-i
1273 376 1492 419 repugnarent
1511 388 1655 415 manum,
1674 376 1746 410 cum
1764 376 1858 411 ciete;

221 416 264 450 ris
282 416 481 449 mirabilibus
495 416 555 447 hoc
569 416 750 457 quoquein
773 416 911 446 medium
933 416 1146 457 protulerunt,
1166 416 1332 447 dicentes:
1349 416 1452 455 Quare
1467 420 1606 457 gravatis
1631 420 1726 449 corda
1745 425 1856 454 vestra,

223 460 305 489 sicut
317 458 461 499 gravavit
475 458 647 499 @gyJMuS“
654 455 821 499 ethPitui‘ao
838 465 892 486 cor
906 465 995 499 suum
1035 465 1137 486 nonne
1147 461 1310 499 postquam
1327 457 1430 488 illusit
1442 455 1495 492 eis,
1513 459 1697 499 dimiserunt
1708 460 1859 499 populum

222 495 329 539 suum;
348 497 465 539 etabiit
539 497 614 534 Reg.
630 495 660 524 6.
676 495 707 533 6)
719 496 733 524 ?
747 496 829 539 Haec
844 504 920 539 vero
943 496 1102 539 dicebant,
1128 495 1260 539 cum_‘ad
1288 497 1515 539 documentum
1538 498 1664 529 virtutis
1681 495 1736 528 Dci
1750 495 1858 539 'signis

222 537 421 569 manifestius
445 535 547 571 factis,
564 543 770 577 nequaquam
791 535 875 577 istud
898 545 968 565 esse
993 536 1130 577 interius
1149 535 1339 574 judicarent.
1361 536 1394 566 Id
1415 537 1513 576 igitur
1540 538 1635 568 etiam
1656 539 1688 568 in
1711 535 1859 577 praesenti

223 586 322 608 causa
335 577 452 617 factum
464 577 523 609 est,
540 574 633 617 quod
642 577 726 617 certe
742 575 833 617 facile
849 578 954 617 posset
970 578 1107 614 tyranno
1106 574 1447 617 _incut_ere_terr0reni,
1464 578 1576 617 Itaque
1592 574 1759 609 considera
1773 588 1860 617 quaa-

224 626 298 649 nam
316 615 472 646 Herodem
484 615 549 653 pati
565 614 731 655 probabile
746 614 841 644 fuerit
857 625 864 644 :
884 615 939 653 qui
956 613 1041 644 certe
1056 613 1211 655 suffocari
1235 615 1331 645 etiam
1354 624 1420 654 prie
1441 613 1669 655 indignationis
1695 613 1862 655 magn-itu—

224 641 298 687 Εἷἁὲ
312 641 426 694 ᾗὸῖἱιῖῐ,
442 641 621 685 ευῖτῖςθῖιίι
637 654 767 684 illusum
782 641 1331 692 atqueirrisum'dblerett-Qiiods—i
1344 641 1419 685 εἷἁῖ
1429 641 1860 692 (ἐξιῗιὶὲἷξὶὶῆὶὲἱίὸῖὶῗιῗὲἑ-ᾘΪς,

226 705 290 728 non
302 693 390 736 Deus
406 695 460 732 qui
473 694 537 736 ista
551 693 758 736 dispensavit,
775 694 807 723 in
825 695 919 732 culpa
943 697 1002 728 est,
1024 694 1078 736 sed
1097 694 1194 725 nimia
1212 695 1338 736 liventis
1363 695 1491 726 insania
1506 706 1513 725 :
1531 697 1585 734 qui
1603 705 1642 727 ne
1664 696 1712 728 his
1734 697 1862 736 quidem

226 735 333 770 cessit,
350 742 422 773 quae
435 733 546 772 utique
559 733 732 768 consolari,
744 735 775 763 et
788 742 807 764 a
820 736 908 764 tanta
924 743 998 763 eum
1011 733 1170 764 abducere
1186 734 1384 773 malignitate
1396 733 1580 773 potuerunt.
1596 736 1654 766 Sed
1669 737 1733 766 alio
1746 733 1862 767 rursus

226 775 312 806 aditu
329 783 366 804 ac
380 773 578 814 malignitate
595 773 627 803 in
642 773 795 814 ulteriora
811 773 981 814 processit,
997 774 1145 814 utiliulto
1159 774 1338 813 graviorem
1350 775 1492 805 stultitia:
1507 784 1574 806 suae
1592 776 1748 814 reciperet
1760 777 1863 806 ultio-

227 824 312 846 nem.
330 814 369 844 Et
382 813 472 852 cujus
488 812 627 847 tandem,
642 812 780 854 inquies,
799 813 845 843 rei
859 813 960 854 graiia
972 813 1005 854 in
1023 812 1193 854 [Egyptum
1207 814 1362 852 parvulus
1374 814 1529 844 mittitur?
1540 815 1645 846 Prima
1659 812 1787 854 quidem
1808 816 1864 847 illa

227 863 326 885 causa
345 856 408 895 est,
419 861 517 895 quam
530 852 727 895 evangelista
741 853 908 895 signavit:
919 853 957 883 Ut
969 852 1168 895 impleretur,
1185 853 1302 895 inquit,
1323 853 1408 895 quod
1424 854 1578 893 scriptum
1599 857 1648 885 est
1666 852 1747 885 {Ex
1764 856 1865 895 Egy-

227 899 283 934 pto
299 893 408 924 vocavi
422 892 521 934 ﬁlium
536 891 805 934 meum(0_sce._it_.
823 892 864 934 i).
879 892 979 922 Simul
992 893 1087 934 etiam
1108 892 1162 922 toti
1180 891 1249 923 orbi
1271 891 1503 934 denuntiantur
1518 895 1646 934 optimte
1667 895 1733 933 spei
1753 895 1785 924 in
1801 891 1864 933 {)6—

229 931 350 964 sterum
365 931 530 971 prooemia.
542 932 624 973 Quia
637 932 723 973 enim
742 932 885 973 Babylon
901 935 998 970 atque
1018 931 1173 973 .Egyptus
1189 941 1254 971 prae
1271 933 1418 963 omnibus
1436 934 1528 964 terris
1540 931 1671 965 llamma
1685 931 1864 973 impietatis

230 973 397 1014 ardebant,
414 972 499 1014 etab
513 972 591 1011 ipsis
611 971 717 1002 statim
734 971 899 1014 principiis
915 971 1168 1014 ostendit,_quod
1184 973 1607 1014 utramquewemendaturus
1628 977 1724 1010 esset,
1740 971 1776 1004 'et
1792 974 1864 1014 igne

232 1014 336 1053 potius
350 1012 421 1042 ﬁdei
435 1020 653 1053 succensurus
666 1021 730 1053 ;_ex
751 1012 800 1053 his
816 1011 928 1050 utique
942 1011 1139 1053 persuadens
1160 1012 1256 1042 etiam
1271 1012 1308 1042 de
1324 1012 1395 1042 aliis
1409 1013 1517 1042 mundi
1541 1014 1685 1052 partibus
1708 1011 1865 1052 speranda

233 1050 302 1092 ijsse
318 1052 462 1082 meliora.
474 1052 556 1081 Nam
570 1051 831 1092 Persidirquidem
851 1060 960 1092 magos
975 1050 1118 1092 remittit,
1131 1051 1199 1092 ipse
1212 1060 1287 1092 vero
1298 1060 1370 1092 cum
1386 1054 1485 1082 matre
1501 1050 1865 1092 inVZEgyptumdescen-

231 1091 288 1122 dit.
305 1092 408 1130 Supra
425 1100 501 1132 vero
516 1092 575 1120 ista
590 1099 662 1132 quas
672 1090 824 1132 diximus,
840 1091 935 1132 etiam
946 1090 1024 1132 hinc
1038 1090 1163 1132 aliquid
1173 1091 1260 1132 aliud
1275 1091 1459 1132 addiscitur,
1474 1092 1558 1130 quod
1573 1090 1658 1122 certe
1675 1102 1737 1122 non
1752 1102 1863 1132 parum

235 1132 272 1164 ad
289 1131 525 1170 philosophiam
541 1130 701 1169 pertinere
713 1130 876 1160 doceatur.
892 1130 973 1167 Quid
991 1138 1068 1159 vero
1083 1131 1166 1160 istud
1185 1131 1255 1161 est?
1269 1131 1359 1167 Quod
1375 1132 1416 1160 ab
1431 1131 1507 1170 ipsis
1523 1132 1667 1162 videlicet
1682 1130 1864 1163 vitze'initiis

235 1172 274 1202 ad
290 1171 481 1201 tentationes
498 1170 669 1200 debeamus
685 1172 782 1208 atque
798 1170 930 1200 insidias
947 1171 1132 1208 praeparari.
1147 1170 1248 1200 Cerne
1264 1171 1364 1209 igitur
1378 1171 1418 1200 ab
1433 1171 1510 1209 ipsis
1535 1172 1668 1201 omnino
1685 1172 1868 1202 incunabu--

237 1212 275 1242 lis
290 1210 407 1241 Christi
422 1209 504 1250 istud
520 1209 679 1240 effectum.
699 1210 778 1240 Nam
798 1210 904 1250 statim
930 1212 964 1250 u_t
983 1213 1073 1239 ortus
1093 1212 1162 1244 est,
1182 1212 1294 1240 contra
1316 1219 1392 1240 eum
1406 1212 1562 1250 tyrannus
1582 1211 1669 1247 furit,
1696 1214 1726 1241 et
1747 1212 1813 1250 ipse
1836 1212 1868 1241 in

238 1251 408 1291 )Egypium
424 1249 514 1289 fugit,
536 1252 568 1279 et
587 1252 678 1291 extra
693 1250 798 1291 solum
816 1249 922 1279 natale
935 1248 1134 1291 deportatur,
1154 1252 1184 1291 et
1199 1251 1303 1291 mater
1318 1248 1499 1291 innoxiain
1524 1251 1686 1291 regionem
1708 1248 1870 1281 barbaro-

238 1288 469 1330 rum’fugatur
486 1299 493 1318 :
509 1292 543 1319 ut
566 1292 597 1330 tu
621 1289 772 1330 videlicet
791 1289 862 1330 hinc
882 1288 1029 1330 audiens,
1053 1297 1126 1319 cum
1149 1289 1264 1330 dignus
1290 1289 1388 1319 fueris
1413 1288 1574 1330 spiritalis
1591 1290 1726 1329 alicujus
1753 1291 1869 1330 negotii

239 1328 384 1360 minister
396 1329 488 1364 eﬁici,
503 1332 534 1359 et
548 1328 663 1359 videris
679 1332 708 1358 te
722 1329 944 1358 tribulationes
963 1329 1082 1364 varias,
1099 1331 1130 1359 et
1147 1328 1232 1358 mille
1251 1329 1409 1359 sustinere
1424 1329 1621 1365 discrimina,
1641 1328 1721 1359 nihil
1738 1328 1870 1359 omnino

240 1369 391 1404 turbcris,
410 1378 515 1407 neque
530 1372 635 1398 tecum
649 1368 862 1403 ratiocineris,
879 1377 917 1398 ac
930 1367 1017 1398 dicas
1034 1377 1040 1397 :
1055 1367 1215 1404 Quidnam
1234 1368 1317 1397 istud
1334 1371 1381 1398 est
1398 1369 1485 1408 quod
1507 1369 1584 1398 mihi
1600 1369 1735 1399 infertur
1755 1369 1871 1399 imme—

241 1410 302 1439 rito
311 1409 325 1438 7
338 1409 389 1439 cui
402 1411 487 1438 certe
505 1408 576 1438 laus
589 1408 694 1447 potius
703 1411 734 1438 et
748 1416 868 1438 corona
879 1408 1028 1446 congruit
1042 1417 1049 1436 :
1063 1408 1186 1446 quique
1196 1416 1266 1438 esse
1275 1408 1423 1438 deberem
1436 1409 1542 1439 ctarus
1561 1417 1599 1439 ac
1619 1409 1746 1445 nobilis,
1760 1411 1873 1447 utpote

241 1449 401 1479 dominica
417 1450 573 1486 pracepta
586 1447 753 1486 perﬁciens
770 1459 778 1478 :
794 1448 849 1478 sed
863 1449 899 1477 ut
914 1447 975 1477 isto
989 1448 1131 1477 munitus
1147 1447 1294 1486 exemplo
1308 1447 1442 1478 viriliter
1452 1450 1567 1479 cuncta
1580 1449 1753 1481 sustineas,
1767 1449 1873 1478 sciens

241 1488 465 1518 tribulationes
490 1487 647 1518 maximas
673 1490 704 1517 et
727 1487 958 1526 inseparabiles
983 1487 1140 1525 quasdam
1163 1487 1293 1518 comites
1322 1497 1393 1518 esse
1419 1488 1584 1518 virtutum.
1610 1488 1755 1526 Perspice
1775 1487 1874 1526 igitur

242 1527 328 1558 istud
344 1536 409 1557 non
428 1530 552 1557 tantum
568 1527 599 1556 in
615 1529 717 1557 matre
731 1527 835 1565 pueri,
849 1535 962 1556 verum
981 1528 1077 1558 etiam
1098 1529 1130 1558 in
1149 1529 1212 1559 illis
1236 1527 1378 1557 barbaris
1404 1527 1503 1558 fuisse
1524 1527 1730 1565 completum.
1748 1526 1826 1557 Nam
1842 1529 1874 1558 et

239 1571 286 1601 illi
305 1567 457 1601 exsulum
471 1575 560 1611 more
576 1567 665 1611 clam.
680 1566 809 1611 fugiunt
828 1575 837 1596 ε
858 1567 891 1597 et
905 1566 967 1611 ista
982 1574 1056 1604 quae
1079 1573 1257 1611 numquam
1272 1565 1402 1611 domum
1424 1574 1516 1596 suam
1544 1566 1650 1611 fuerat
1661 1575 1800 1611 egressa,
1817 1571 1885 1611 tam

241 1617 459 1641 mrumnosum
475 1605 633 1638 conﬁcere
646 1605 706 1635 iter
714 1605 858 1644 jnbctur,
873 1607 1006 1644 propter
1018 1607 1145 1644 partum
1156 1605 1254 1645 illum
1270 1605 1463 1645 mirabilem,
1474 1613 1512 1636 ac
1527 1605 1691 1644 spiritales
1701 1606 1886 1645 parturigi—

241 1658 311 1680 nes.
326 1648 386 1679 Sed
401 1646 569 1678 considera
583 1653 798 1686 remprorsus
813 1653 949 1686 nova_m,_
960 1644 1252 1686 atquemiriﬁcam.
1269 1644 1436 1686 Palaestina
1451 1645 1636 1686 insidiatur,
1656 1644 1811 1686 Egyptus
1829 1644 1887 1675 ἰθε-

240 1689 318 1728 cipit
329 1697 368 1728 ac
389 1689 585 1728 servaieum
612 1685 663 1715 cui
690 1684 869 1728 tenduntur
889 1684 1023 1728 insidiis.
1041 1684 1110 1714 Non
1127 1684 1232 1728 solum
1249 1684 1378 1728 quippe
1394 1685 1426 1714 in
1451 1684 1525 1728 ﬁliis
1541 1684 1744 1728 patriarcha},
1765 1694 1886 1728 verum

244 1723 341 1759 etiam
356 1727 390 1757 in
404 1726 475 1765 ipso
489 1725 624 1756 Domino
641 1726 874 1764 praecesserunt
897 1727 1109 1763 sequutorum
1125 1723 1246 1765 ﬁgurae.
1269 1723 1431 1765 Siquidem
1448 1723 1551 1756 multa
1564 1725 1659 1756 etiam
1676 1733 1749 1763 quas
1763 1725 1795 1754 in
1811 1725 1883 1764 ipso

243 1771 319 1799 tunc
333 1763 520 1802 factarsunt,
544 1763 761 1804 prmcinebant
777 1773 815 1795 ea
834 1773 907 1803 qua)
921 1768 1032 1803 postea
1048 1767 1141 1795 erant
1163 1764 1282 1794 futura.
1307 1763 1399 1800 Quod
1421 1764 1454 1794 in
1479 1765 1570 1795 asina
1596 1773 1728 1804 quoque
1743 1767 1774 1795 et
1796 1763 1885 1803 pullo

243 1807 313 1845 ejus
332 1806 499 1845 impletum
514 1807 574 1835 est.
591 1805 753 1843 Apparuit
768 1804 876 1845 igitur
889 1813 953 1845 non
969 1805 1106 1845 angelus
1120 1804 1252 1845 gittarius,
1270 1804 1329 1845 sed
1349 1804 1468 1845 Ioseph
1489 1805 1645 1845 loquens:
1662 1809 1694 1836 et
1714 1804 1790 1843 quid
1811 1805 1853 1834 ait
1869 1805 1886 1845 ?

272 1856 346 1886 urge
359 1841 388 1876 ei
408 1846 512 1886 accipe
519 1841 654 1886 pueritia
667 1848 693 1886 et
709 1841 837 1873 matrem
848 1841 1101 1886 ejusiMau‘hit.
1116 1843 1178 1883 20).
1195 1841 1254 1886 Hic
1263 1843 1332 1886 jam
1352 1851 1416 1874 non
1427 1841 1511 1886 dicit
1528 1841 1701 1886 Confugem
1719 1841 1812 1886 tuam.
1828 1844 1884 1874 sed

245 1883 380 1918 Matrem
397 1883 486 1923 ejus:-
500 1883 577 1923 q'uia
593 1884 742 1914 absoluto
757 1886 863 1922 partu,
882 1883 978 1914 etiam
998 1884 1130 1922 explosa
1152 1883 1292 1923 suspicio
1311 1886 1369 1920 est,
1389 1886 1420 1914 et
1441 1885 1564 1923 absque
1585 1884 1654 1914 ulla
1676 1884 1881 1923 ambiguitate

246 1895 380 1918 Matrem
397 1895 411 1915 ϐ
428 1895 462 1914 us
476 1895 486 1914 .'
500 1895 577 1923 quia
593 1895 742 1914 ἃυδυιυιυ
757 1895 863 1922 partu,
882 1895 978 1914 ειιωη
998 1895 1130 1922 ΟΧρΙυδίΙ
1152 1895 1292 1921 SUSPICIU
1311 1895 1369 1920 est,
1389 1895 1420 1914 ει
1441 1895 1564 1923 absque
1585 1895 1654 1914 uua
1676 1895 1880 1923 alegulliﬂe

246 1927 297 1957 vir
310 1895 452 1960 credidit,
466 1924 566 1954 libere
578 1923 645 1963 jam
661 1925 691 1954 et
705 1925 815 1963 aperte
830 1924 965 1962 angelus
988 1923 1126 1958 disserit,
1142 1931 1251 1963 neque
1272 1922 1386 1960 ﬁlium,
1408 1932 1514 1963 neque
1540 1923 1709 1963 conjugem
1726 1923 1792 1962 ejus
1817 1931 1880 1961 ap-

246 1966 395 2013 pellans”:
413 1964 479 2000 sed,
489 1962 640 2013 fueram,
657 1962 772 2013 inquit,
787 1963 951 2013 accipc,‘¢t
970 1967 1106 2013 ‘mu'u‘em'
1118 1962 1195 2002 ejus,
1213 1967 1240 1992 et
1261 1962 1386 2013 [ugcjn
1399 1962 1581 2009 zEgyptum.
1596 1962 1732 1994 Causam
1752 1971 1883 2002 quoque

245 2002 352 2047 juugit
367 2004 449 2044 fuga),
464 2016 469 2033 :
483 2003 698 2047 Futurumcst
708 2002 800 2047 enim,
814 2002 931 2041 inquit,
945 2006 979 2032 ut
994 2002 1137 2033 Herodes
1154 2007 1272 2047 qmt'rat
1288 2002 1533 2047 autinampueri.

287 2041 323 2075 3.—
333 2041 416 2081 Quae
423 2051 495 2074 cum
511 2042 654 2073 audisset
666 2042 798 2080 Ioseph,
817 2049 1023 2081 nequaquam
1040 2050 1154 2081 passus
1168 2044 1216 2072 est
1229 2041 1416 2072 scandalum
1434 2051 1442 2071 :
1457 2051 1562 2081 neque
1572 2042 1664 2077 dixit,
1684 2043 1808 2073 Incerta
1822 2041 1885 2072 ista

248 2094 301 2115 res
318 2086 366 2115 est
382 2092 419 2114 ac
433 2091 566 2121 prorsus
582 2081 744 2121 ambigua.
761 2082 808 2111 Tu
822 2081 920 2120 paulo
940 2085 1014 2112 ante
1029 2082 1169 2117 dicebas,
1185 2081 1268 2118 Quia
1290 2081 1429 2112 salvabit
1451 2082 1607 2121 populum
1621 2091 1728 2118 suum,
1749 2084 1780 2112 et
1800 2089 1887 2112 nunc

249 2125 392 2162 seipsum
405 2122 533 2161 quidem
551 2130 614 2152 non
631 2123 735 2160 potest
746 2121 784 2151 de
800 2121 949 2162 periculis
963 2121 1113 2162 liberare,
1136 2121 1285 2162 sedifuga
1300 2122 1392 2162 nobis
1413 2122 1608 2162 necessaria,
1622 2125 1654 2151 et
1672 2121 1888 2162 peregrinatio

249 2173 287 2195 ac
300 2160 541 2201 transmigratio
556 2161 734 2200 longinqua
752 2170 760 2201 ς
775 2161 937 2201 contraria
950 2161 1082 2191 omnino
1097 2163 1173 2191 sunt
1194 2160 1275 2192 facta
1288 2161 1465 2200 promissis.
1483 2161 1542 2191 Sed
1560 2162 1676 2191 horum
1697 2160 1777 2190 nihil
1793 2169 1887 2200 pror—

250 2213 306 2234 sus
319 2200 463 2241 opponit.
478 2201 535 2231 Vir
554 2201 639 2231 enim
655 2203 724 2241 erat
746 2200 858 2236 ﬁdelis,
880 2209 986 2238 neque
1001 2201 1127 2241 curiose
1148 2201 1342 2241 reversionis
1360 2203 1483 2238 tempus
1509 2201 1655 2240 inquirit,
1674 2200 1759 2241 quod
1776 2201 1889 2238 utique

250 2244 292 2274 ab
307 2239 424 2282 angelo
441 2249 506 2282 non
519 2241 643 2282 signate
658 2240 762 2282 fuerat
783 2249 986 2282 expressum.
1003 2240 1063 2271 Sed
1077 2244 1140 2282 esto
1159 2239 1213 2282 ἱρξ,
1228 2241 1346 2282 inquit,
1371 2239 1652 2282 usquequo__iiicam
1676 2240 1743 2270 tibi.
1767 2240 1889 2270 Verum

251 2283 306 2314 ille
332 2279 393 2313 ιιῖξο
407 2290 464 2321 per
475 2281 536 2311 ista
548 2279 858 2321 quidemfactusest
883 2279 1023 2321 segnior,
1041 2279 1095 2310 sed
1110 2279 1453 2321 obcdivit‘libentiermt
1467 2279 1610 2321 credidit,
1627 2288 1737 2321 omnes
1753 2288 1889 2321 prorsus

252 2319 477 2353 tribulationes
497 2329 571 2351 cum
591 2319 709 2359 gaudio
729 2319 926 2359 sustinendo.
947 2319 1121 2359 Enimvero
1152 2319 1334 2349 misericors
1357 2320 1443 2350 Deus
1476 2320 1596 2350 mestis
1622 2320 1719 2350 rebus
1742 2319 1890 2358 quaedam

252 2362 348 2393 etiam
360 2360 503 2400 jucunda
528 2358 725 2400 permiscuit.
739 2358 836 2400 Quod
861 2362 946 2400 certe
965 2358 996 2388 in
1020 2359 1136 2400 sanctis
1153 2359 1302 2400 omnibus
1320 2358 1405 2400 facit,
1429 2368 1511 2398 quos
1536 2367 1641 2398 neque
1663 2359 1890 2400 tribulationes

252 2398 680 2444 neque—jucunditatessinit
696 2398 814 2444 habere
829 2398 1010 2444 continuas,
1027 2398 1081 2428 sed
1096 2401 1161 2444 tum
1177 2398 1215 2428 de
1230 2399 1384 2434 adversis,
1409 2401 1480 2444 tum
1497 2408 1537 2429 ex
1552 2399 1714 2444 prosperis
1728 2398 1890 2444 justpruin

252 2437 352 2472 vitam
364 2437 457 2479 quasi
471 2438 651 2479 admirabili
666 2437 819 2479 varietate
830 2437 1007 2473 contexuit,
1023 2438 1108 2479 quod
1124 2438 1176 2468 hic
1188 2447 1319 2477 quoque
1334 2447 1411 2479 eum
1423 2438 1534 2469 fecisse
1549 2437 1736 2469 considera;
1749 2437 1893 2479 Videndo

255 2476 520 2520 quippe-sanctus
534 2477 653 2520 Joseph
676 2476 842 2520 gravidam
863 2485 1027 2520 sponsam,
1047 2478 1079 2520 in
1103 2476 1382 2520 conturbationem
1399 2478 1725 2520 _incidit_max_imain,
1747 2480 1843 2520 atque
1858 2477 1892 2520 in

254 2516 442 2552 horribilem
458 2516 629 2558 quemdam
641 2516 845 2557 cogitationis
858 2517 1146 2558 tumultumiJugis
1163 2518 1249 2548 enim
1275 2518 1366 2547 illum
1388 2517 1426 2548 de
1447 2518 1553 2557 puclla
1578 2517 1727 2548 adulterii
1749 2517 1893 2556 suspicio

254 2559 421 2590 mordebat
435 2568 443 2588 :
458 2558 512 2589 sed
529 2557 620 2589 alluit
635 2559 767 2597 repente
780 2557 914 2596 angelus
930 2557 1145 2595 suspicionem
1159 2557 1287 2588 solvens
1303 2557 1488 2597 malignam,
1499 2561 1531 2588 et
1546 2557 1691 2587 timorem
1703 2557 1789 2587 hunc
1801 2566 1894 2596 pror—

254 2608 310 2630 sus
328 2598 541 2644 exstinguens
555 2607 562 2627 :
576 2596 690 2644 deinde
706 2596 815 2644 videns
830 2605 966 2644 puerum
982 2598 1105 2632 natum,
1118 2596 1645 2644 maxima‘exsultationerepletus
1662 2600 1711 2644 est
1724 2607 1730 2626 :
1741 2597 1799 2644 sed
1816 2605 1895 2642 rur-

255 2648 310 2670 sus
327 2639 402 2669 huic
412 2636 509 2669 etiam
528 2637 644 2677 gaudio
659 2636 839 2676 periculum
858 2636 979 2676 grande
992 2636 1155 2677 successit,
1173 2646 1245 2677 cum
1263 2639 1328 2667 tota
1347 2637 1458 2676 utique
1479 2636 1590 2667 civitas
1607 2637 1803 2673 turbaretur,
1823 2636 1896 2675 ipse

255 2687 314 2708 rex
327 2677 459 2714 fureret,
474 2680 505 2708 et
516 2677 555 2707 ad
571 2685 681 2707 necem
696 2685 832 2714 puerum
847 2678 1006 2714 quareret
1021 2685 1027 2704 :
1045 2676 1099 2705 sed
1121 2680 1153 2706 et
1174 2676 1259 2706 hunc
1281 2677 1452 2707 tumultum
1471 2676 1534 2707 alia
1550 2685 1665 2707 rursus
1680 2676 1789 2707 laetitia
1810 2677 1896 2706 sub—

257 2687 314 2708 rex
327 2685 459 2714 Iurerct,
474 2685 505 2708 et
516 2685 555 2707 ad
571 2685 681 2707 necem
690 2685 832 2745 (puerum
847 2685 1006 2714 quwreret
1021 2685 1027 2704 :
1045 2685 1099 2705 seu
1121 2685 1153 2706 et
1174 2685 1259 2706 nunc
1281 2685 1452 2707 tumultum
1471 2685 1534 2707 ana
1550 2685 1665 2707 rursus
1681 2685 1789 2707 multa
1810 2685 1896 2706 sun—

257 2720 395 2756 sequuta
409 2719 469 2752 est,
483 2715 644 2756 apparitio
658 2716 689 2756 vi
711 2715 804 2746 elicet
817 2715 927 2756 stcliaa,
952 2718 987 2756 et
1001 2715 1146 2756 adoratio
1169 2725 1347 2756 magorum.
1369 2717 1442 2747 Post
1465 2717 1548 2747 hanc
1563 2724 1694 2755 quoque
1706 2715 1896 2756 jucundita~

257 2755 333 2792 tem,
349 2756 465 2787 iterum
480 2755 670 2795 periculum,
683 2755 863 2794 iterumque
878 2755 1023 2785 formido.
1036 2755 1166 2793 Quarti,
1180 2755 1295 2794 inquit,
1308 2756 1448 2786 Herodes
1462 2756 1597 2786 animum
1603 2756 1697 2795 pueri
1710 2755 1722 2785 ':
1738 2758 1770 2786 et
1784 2755 1896 2794 fugere

256 2804 387 2827 necesse
402 2798 461 2831 est,
481 2798 511 2826 et
527 2797 559 2826 in
573 2796 754 2835 longinqua
763 2795 901 2835 transire
920 2795 1058 2825 hominis
1081 2795 1192 2825 instar.
1215 2795 1362 2826 Nondum
1376 2797 1502 2835 quippe
1521 2798 1738 2835 opportunum
1754 2798 1833 2829 erat,
1858 2797 1896 2824 nt

258 2837 425 2875 signorum
448 2835 605 2867 miracula
627 2834 846 2866 coruscarent.
867 2834 898 2865 Si
924 2835 1009 2866 enim
1026 2843 1045 2865 a
1061 2835 1163 2873 prima
1179 2843 1313 2874 prorsus
1333 2834 1472 2866 infantia
1488 2834 1650 2867 mirabilia
1671 2837 1896 2872 monstrasset,
