2055 3128
271 115 341 143 1057
963 110 1008 139 0Ιί
1013 110 1056 138 υΟ

1122 111 1195 139 RUM
1832 106 1914 134 1058

313 173 342 202 5.
366 174 398 201 Si
416 172 488 209 quis
504 171 592 202 illam
610 168 780 209 Egyplum
798 172 938 209 veterem
966 171 1067 203 novit.
1085 167 1242 209 rebellem
1255 166 1334 202 Deo,
1351 175 1388 197 ac
1408 167 1627 209 magnitudine
1642 166 1920 209 superstitionum

268 205 437 245 furentem,
455 209 641 240 adorantem
650 205 856 238 'irrationales
870 207 1064 248 animantes,
1076 214 1190 245 porros
1201 205 1472 248 etiamcepasque
1482 207 1678 248 pavitantem
1696 218 1703 237 :
1718 207 1768 238 hic
1780 209 1910 248 optime

267 250 383 281 Christi
402 251 506 288 potest
526 257 620 279 nosse
634 247 868 288 virtutemnper
879 254 976 288 quem
987 245 1138 288 factaest
1151 247 1215 276 tam
1226 245 1416 288 admiranda
1427 247 1646 288 mutatio.Nec
1662 255 1746 288 sane
1756 245 1907 286 antiquis

269 285 596 328 testibus-indigemus
614 287 741 328 {adhuc
759 286 845 328 enim
860 285 1056 328 stultissima;
1073 286 1166 328 illius
1180 286 1283 325 gentis
1301 286 1446 328 reliquiae
1464 288 1600 328 manent
1622 286 1653 328 in
1679 285 1906 328 testimonium

270 329 385 368 prioris
403 325 563 360 amentiis.
577 327 635 368 Sed
653 329 760 368 tamen
775 325 1114 368 istiquiolimcuncti
1129 325 1167 356 ad
1186 327 1307 368 tantam
1330 325 1684 368 insaniampraicipites
1700 326 1904 361 ferebantur,

269 364 304 399 de
319 369 406 406 caelo,
423 370 453 398 et
468 368 515 397 his
531 376 602 406 quze
620 367 653 396 in
672 366 750 396 caelo
766 366 840 394 sunt
850 364 1302 406 philosophantur,etpatriis
1318 365 1460 406 moribus
1477 366 1700 406 obloquuntur
1713 389 1720 402 ,
1737 370 1768 396 et
1783 375 1906 406 proge-

270 410 388 439 nitores
399 404 481 438 suos
495 404 578 446 saepe
592 406 788 446 miserantur
798 425 807 440 ν
819 406 849 434 et
872 404 1080 446 philosophos
1098 404 1187 446 nihili
1202 404 1354 446 pendunt.
1368 405 1447 443 Ipsis
1457 404 1541 435 enim
1557 415 1665 435 rerum
1682 406 1813 436 vocibus
1825 404 1905 436 eru-

269 449 324 478 diti
347 451 433 483 sunt,
457 444 686 486 quod’illorum
707 445 843 486 inventa
854 445 951 486 verba
970 444 1187 486 sintanilium
1206 444 1387 486 fabularum
1405 456 1411 473 :
1430 453 1539 486 veram
1550 448 1668 486 autem.
1685 446 1828 484 caeloque
1842 446 1903 475 di—

270 496 365 527 gnam
381 483 585 518 hanc—solam
602 493 672 527 esse
686 483 933 527 philosophiam,
949 492 1021 521 quae
1038 484 1099 527 illis
1115 492 1140 527 a_
1150 484 1362 527 piscatoribus
1381 484 1620 527 prcedicataest.
1636 483 1807 527 Propterea
1824 495 1902 527 curn

271 523 330 558 hac
349 527 532 566 dogmatum
546 525 696 566 veritate,
718 523 858 562 plurimo
872 523 969 566 etiam
986 523 1091 566 studio
1113 523 1244 566 virtutis
1258 527 1417 566 ornantur
1431 534 1438 552 :
1452 524 1713 566 cunctisquippe
1728 526 1905 566 praesenti—

272 568 330 597 bus
356 562 452 597 rebus
468 565 568 601 exuti,
591 563 777 601 mundoque
795 562 960 596 cruciﬁxi,
977 563 1184 593 nihilominus
1207 563 1246 592 ad
1272 563 1477 601 perfectionis
1500 562 1661 593 ulteriora,
1673 562 1871 594 contendunt
1892 575 1901 593 :

271 606 392 645 proprii
408 604 565 645 siquidem
581 611 680 645 opera
696 603 840 645 corporis
856 602 897 645 ad»
911 601 1270 645 indigentiumutuntur
1282 602 1479 645 alimoniam.
1495 603 1604 645 Neque
1619 604 1703 633 enim
1720 605 1796 645 quia
1808 604 1905 643 jeju—

272 641 360 680 hant,
385 641 599 682 aut—vigilant,
617 643 733 683 idcirco
748 642 849 683 otium
860 641 919 672 sibi
931 641 1096 681 indulgent
1114 642 1264 683 diurnum
1282 652 1288 671 :
1303 642 1354 672 sed
1370 645 1479 672 noctes
1501 642 1628 683 quidem
1644 641 1743 673 sacris
1767 641 1902 683 hymnis

272 694 309 717 ac
324 684 458 723 vigiliis,
474 683 540 713 dies
555 691 631 723 vero
646 682 846 723 orationibus
862 689 1082 720 manuumque
1093 682 1244 723 operibus
1265 684 1427 723 exercent,
1447 682 1629 723 apostolicae
1645 691 1775 713 cursum
1788 682 1904 714 virtu-

273 725 310 755 tis
329 721 499 754 imitantes.
512 723 542 752 Si
561 722 644 752 enim
661 722 725 756 ille,
745 721 907 760 inquiunt,
926 723 992 750 toto
1009 730 1091 759 pene
1106 721 1145 751 ad
1160 721 1264 759 ipsum
1286 721 1476 759 respiciente
1498 722 1628 757 mundo,
1646 725 1681 752 ut
1705 722 1816 761 inopes
1836 731 1905 761 pa-

272 765 385 799 sceret,
402 765 433 792 et
448 762 591 801 opiﬁcem
608 761 769 799 professus
779 763 839 796 est,
853 763 883 790 et
898 769 992 790 usum
1002 761 1151 801 pristinae
1165 761 1242 791 artis
1260 761 1416 796 exercuit,
1434 761 1529 800 idque
1550 761 1668 792 faciens
1680 770 1721 792 ne
1736 765 1902 793 nocturno

272 802 398 840 quidem
415 802 521 840 sopori
538 801 669 830 indulsit
684 810 692 829 :
713 803 835 839 quanto
846 809 908 841 nos
925 800 1025 841 magis
1041 800 1096 841 qui
1117 803 1239 841 secreto
1250 801 1347 831 eremi
1365 800 1511 836 fruimur,
1524 810 1562 831 ac
1575 801 1655 831 nihil
1673 810 1745 831 cum
1760 803 1903 841 strepitu

272 839 361 873 urbis
383 839 539 872 habemus
553 849 734 874 commune,
751 839 917 870 vacatione
933 840 1050 877 quietis
1078 839 1174 879 hujus
1192 840 1230 870 ad
1253 840 1453 879 spiritualem
1471 841 1517 871 uti
1532 841 1622 870 decet
1637 843 1791 879 operam?
1805 839 1902 871 Eru-

273 849 361 873 urbis
383 849 539 872 habemus
553 849 734 874 commune,
751 849 917 870 vacatione
933 849 1050 877 quiens
1078 849 1174 908 unius
1192 849 1230 870 au
1253 849 1453 879 spirituaiem
1471 849 1517 871 uu
1532 849 1622 870 decet
1637 849 1790 879 operam?
1805 849 1902 871 bru-

273 883 402 913 bescant
416 881 475 911 hoc
494 881 564 910 loco
576 880 750 918 locupletes
766 887 889 919 omnes,
904 879 958 909 sed
974 879 1006 909 in
1022 879 1100 918 ipsis
1135 879 1230 919 ivitiis
1252 888 1409 918 pauperes
1425 890 1432 909 :
1449 880 1579 918 quando
1595 880 1640 910 illi
1662 881 1790 919 quidem
1816 881 1903 911 nihil

274 923 387 960 praeter
403 929 519 959 corpus
535 919 699 960 proprium
714 918 924 960 possidentes,
941 919 1003 960 vim
1028 918 1199 960 quamdam
1219 919 1367 949 manibus
1386 920 1452 950 suis
1472 919 1622 955 afferunt,
1635 918 1813 951 adﬁnitentes
1829 930 1903 951 om-

274 958 350 991 nino
361 958 633 999 atque’certantes
646 958 770 999 fructus
785 958 859 999 hinc
874 958 1040 997 egentibus
1052 958 1220 999 invenire;
1238 967 1296 989 nos
1312 967 1389 999 vero
1404 968 1477 989 cum
1491 960 1665 998 plurimum
1680 969 1776 998 opum
1790 961 1902 991 occul-

274 1005 374 1030 temus
389 997 535 1046 interius,
552 999 592 1029 ad
610 997 835 1046 misericordiae
854 1006 1027 1046 operanec
1049 997 1087 1044 de
1104 997 1273 1046 superﬁpis
1289 998 1409 1036 aliquid
1432 997 1629 1046 attingi-mus.
1651 997 1755 1046 Quam
1777 1000 1876 1046 igitur
1889 1023 1899 1036 ,

275 1039 433 1078 responde
446 1046 567 1077 quaeso,
591 1037 833 1078 excusationem
862 1038 1036 1078 poterimus
1060 1037 1207 1067 invenire
1221 1039 1235 1067 ?
1251 1047 1349 1076 quam
1371 1038 1497 1069 veniam
1513 1037 1527 1068 ‘f
1541 1040 1580 1068 Et
1603 1042 1688 1069 certe
1714 1037 1898 1076 considera,

271 1076 357 1117 quod
383 1078 434 1109 isti
455 1076 629 1117 aliquando
641 1077 787 1117 pecuniae
803 1076 921 1117 fuerint
938 1079 1117 1111 amatores,
1133 1078 1211 1115 quin
1238 1078 1333 1107 etiam
1350 1087 1421 1107 cum
1444 1079 1564 1108 caeteris
1589 1079 1673 1108 vitiis
1696 1080 1814 1109 ventris
1838 1080 1901 1109 im-

272 1116 364 1156 perio
388 1118 564 1148 servientes
581 1126 588 1145 :
604 1116 648 1146 ibi
669 1116 754 1145 enim
770 1119 862 1146 erant
876 1116 948 1146 οιιω
964 1117 1110 1146 carnium
1140 1117 1148 1154 (
1165 1117 1276 1146 Exod.
1294 1117 1339 1146 16.
1361 1117 1380 1146 3
1398 1117 1425 1156 ),
1451 1126 1589 1156 quarum
1614 1118 1712 1149 Judaei
1733 1119 1765 1147 in
1788 1128 1900 1149 eremo

272 1155 481 1187 recordantur
495 1167 502 1186 :
520 1156 562 1186 ibi
578 1156 677 1185 multa
693 1155 838 1195 tyrannis
853 1156 972 1185 ventris
992 1159 1023 1185 et
1044 1156 1181 1194 gutturis
1197 1166 1204 1185 :
1227 1156 1280 1186 sed
1299 1159 1403 1187 tamen
1417 1155 1493 1195 quia
1507 1158 1691 1192 voluerunt,
1713 1158 1746 1188 in
1762 1161 1900 1189 contra—

271 1197 356 1227 rium
370 1198 499 1235 repente
513 1195 624 1225 mutati
638 1198 726 1235 sunt,
738 1197 769 1225 et
779 1194 893 1225 Christi
910 1195 1120 1235 suscipientes
1137 1195 1260 1234 ignem,
1276 1197 1308 1226 in
1324 1194 1436 1226 caelum
1452 1197 1557 1228 subito
1572 1198 1796 1228 subvolarunt.
1812 1199 1902 1235 Qui—

270 1245 335 1275 que
353 1234 443 1275 prius
459 1236 499 1266 ad
513 1234 712 1265 iracundiam
732 1234 931 1265 ardentiores
945 1235 1094 1276 omnibus
1109 1234 1239 1276 fuerunt
1257 1239 1287 1265 et
1301 1236 1341 1266 ad
1359 1236 1521 1266 libidinem
1543 1237 1686 1274 corporis
1703 1234 1872 1276 proniores
1890 1261 1899 1274 ,

271 1274 578 1314 nunc’incorporeas
597 1276 768 1313 potestates
792 1275 1003 1312 temperantia
1019 1274 1205 1312 caaterisque
1228 1276 1394 1313 speciebus
1422 1276 1575 1306 virtutum
1600 1274 1776 1306 imitantur.
1798 1278 1901 1314 Quis—

270 1315 343 1353 quis
358 1314 498 1354 regionis
517 1314 603 1354 illius
617 1322 736 1354 gnarus
752 1316 810 1349 est,
827 1314 888 1344 ista
910 1323 982 1352 quae
999 1314 1132 1343 dicimus
1147 1315 1359 1353 recognoscit.
1380 1315 1409 1344 Si
1435 1323 1511 1345 vero
1525 1315 1707 1346 habitacula
1730 1317 1783 1347 illa
1808 1326 1901 1346 non—

270 1354 346 1384 dum
367 1353 466 1390 novit,
480 1353 660 1394 consideret
681 1353 786 1394 virum
809 1362 865 1392 per
879 1356 1069 1394 cunctorum
1092 1362 1195 1391 usque
1222 1354 1315 1384 hodie
1335 1363 1392 1385 ora
1410 1355 1609 1391 volitantem,
1631 1365 1726 1393 quem
1740 1357 1897 1394 apostolis

273 1394 455 1439 proximum
471 1393 625 1439 Egyptus
650 1392 794 1439 przotulit,
808 1393 1025 1439 beatum-dico
1041 1395 1071 1439 et
1098 1401 1250 1439 magnum
1266 1394 1372 1439 illum2
1387 1394 1426 1423 de
1439 1403 1506 1432 quo
1525 1392 1769 1439 saepe‘audistis;
1787 1397 1898 1439 Anto-j

273 1434 362 1473 nium
377 1443 384 1462 :
402 1435 433 1464 et
446 1432 596 1473 respiciat
608 1432 696 1473 quod
719 1432 771 1462 hic
797 1441 928 1471 quoque
941 1433 1030 1473 illius
1040 1432 1140 1473 fuerit
1154 1434 1294 1471 regionis
1307 1433 1468 1473 indigena,
1485 1433 1576 1472 cujus
1591 1435 1685 1465 etiam
1695 1435 1829 1469 Pharao,
1840 1435 1900 1465 sed

272 1472 351 1502 nihil
367 1473 408 1503 sit
426 1473 498 1503 inde
512 1472 652 1502 vitiatus.
672 1472 750 1502 Nam
767 1474 798 1502 et
814 1472 935 1502 visione
945 1473 1001 1502 Dei
1016 1472 1130 1509 dignus
1147 1475 1194 1502 est
1209 1473 1349 1508 habitus,
1366 1472 1397 1503 et
1410 1473 1506 1503 talem
1525 1473 1622 1503 vitam
1639 1482 1770 1512 prorsus
1786 1477 1902 1504 osten~

266 1512 324 1556 dit,
343 1514 472 1556 qualem
492 1513 908 1556 leges_Christi_requirunt.
934 1513 1002 1556 Hoc
1029 1513 1249 1556 autem_tacile
1264 1513 1468 1556 cognoverit,
1480 1514 1628 1553 quisquis
1646 1524 1720 1556 eum
1734 1517 1846 1556 legerit
1862 1518 1900 1548 li-

267 1552 380 1589 brum,
401 1553 456 1591 qui
479 1551 549 1583 vitae
567 1552 636 1592 ejus
661 1552 741 1582 texit
765 1552 933 1582 historiam
949 1552 1097 1592 ,7inrquo
1112 1551 1208 1581 etiam
1236 1552 1436 1592 prophetiam
1460 1551 1620 1583 lucentem
1647 1551 1837 1587 videbitTDe
1852 1557 1905 1587 his

266 1592 351 1621 enim
366 1600 448 1630 quos
465 1591 591 1622 Ariana’
601 1592 698 1630 pestis
721 1592 850 1627 invasit,
870 1591 1130 1631 manifestissime
1155 1591 1372 1629 prophetavit;
1390 1595 1577 1631 quantaque
1594 1594 1735 1624 ecclesiis
1752 1595 1841 1626 labes
1863 1598 1907 1627 ab

267 1631 330 1661 illis
348 1631 539 1674 immineret,
550 1631 670 1674 docuit,
685 1631 757 1674 Deo
771 1631 884 1669 utique
911 1630 1076 1674 revelante
1090 1630 1186 1674 hinc.
1201 1633 1232 1660 et
1249 1633 1364 1674 cuncta
1386 1633 1460 1674 ante
1476 1630 1586 1674 oculos
1608 1633 1681 1674 ejus
1702 1634 1808 1674 ﬁgura
1823 1636 1906 1674 pin—

266 1673 371 1709 gente.
387 1671 478 1708 Quod
490 1674 576 1702 certe
591 1671 641 1701 vel
665 1670 864 1709 praecipuum
878 1670 1043 1701 catholicae
1058 1669 1130 1700 ﬁdei
1152 1669 1377 1700 documentum
1393 1673 1461 1706 est,
1479 1672 1605 1702 nullum
1624 1669 1779 1703 'videlicet
1798 1669 1905 1705 haere-

264 1710 399 1753 ticorum
408 1711 503 1753 talem
512 1719 606 1749 posse
614 1710 798 1753 monstrari.
807 1709 865 1740 Sed
879 1719 919 1753 ne
929 1718 948 1740 a
957 1719 1007 1753 me
1014 1709 1199 1753 bascaudire
1209 1709 1390 1753 videamini,
1397 1711 1502 1748 ipsum
1512 1712 1617 1753 potius
1628 1712 1749 1753 librum
1760 1714 1903 1753 legentes

269 1749 455 1789 diligentius
470 1754 584 1781 cuncta
605 1750 744 1790 discetis,
759 1752 795 1780 ut
815 1749 1051 1790 marximarinde
1068 1749 1276 1790 philosophice
1294 1749 1501 1781 incitamenta
1519 1751 1661 1790 capiatis.
1688 1749 1830 1784 Obsecro
1845 1763 1903 1784 au-

268 1788 343 1824 tem,
359 1791 394 1819 ut
412 1797 477 1819 non
494 1790 599 1820 solum
613 1789 801 1819 meditemur
816 1789 935 1827 scripta
951 1788 1018 1824 illa,
1034 1789 1088 1818 sed
1103 1796 1141 1818 ea
1159 1797 1290 1826 quoque
1310 1797 1381 1826 quae
1395 1788 1632 1827 exprimuntur,
1642 1792 1826 1823 imitemur:
1843 1802 1902 1823 ne—

265 1838 328 1866 que
344 1829 392 1858 vel
408 1829 525 1865 locum,
543 1829 594 1860 vel
613 1829 847 1865 educationem,
864 1828 915 1859 vel
940 1829 1100 1866 majorum
1116 1831 1301 1857 nostrorum
1320 1828 1396 1858 vitia
1417 1832 1642 1866 praatexamus.
1665 1831 1696 1860 Si
1720 1832 1805 1861 enim
1822 1841 1902 1862 nos—

264 1868 350 1906 ipsos
367 1868 551 1907 diligentius
577 1869 775 1899 voluerimus
789 1868 949 1903 excolere,
965 1868 1046 1897 nihil
1063 1876 1120 1897 nos
1136 1867 1251 1897 horum
1270 1876 1404 1905 prorsus
1423 1869 1578 1906 impediet.
1597 1870 1760 1907 Siquidem
1776 1874 1805 1901 et
1823 1881 1901 1901 san-

265 1910 334 1938 ctus
351 1908 514 1938 Abraham
535 1909 648 1939 habuit
663 1911 787 1946 patrem
803 1908 938 1946 impium
951 1929 959 1943 ,
981 1916 1087 1945 neque
1102 1910 1209 1937 tamen
1235 1907 1322 1936 illius
1340 1908 1431 1937 heres
1455 1909 1625 1946 impietatis
1641 1912 1769 1940 eu‘ectns
1785 1913 1841 1940 est.
1859 1911 1899 1940 Et

265 1947 419 1978 Ezechias
432 1948 649 1986 profanissimi
667 1948 773 1978 Achaz
790 1947 874 1977 ﬁlius
890 1947 960 1982 fuit,
983 1946 1037 1977 sed
1052 1946 1107 1976 Dei
1124 1946 1246 1976 amicus
1261 1955 1331 1976 esse
1348 1949 1533 1984 promeruit.
1558 1949 1596 1977 Et
1613 1949 1728 1986 Joseph
1744 1949 1775 1978 in
1790 1950 1897 1981 media

263 1990 328 2033 tum
343 1987 475 2033 servivit
489 1987 624 2033 .Egypto
638 2009 646 2023 ,
663 1987 718 2033 sed
733 1986 991 2033 gloriosam_sibi
1008 1986 1110 2016 texuit
1124 1986 1284 2033 castitatis
1299 1988 1516 2033 coronam.__ln
1533 1988 1638 2017 medio
1653 1997 1781 2033 quoque
1794 1989 1899 2029 Baby-

262 2027 358 2057 loniae
372 2029 435 2057 tres
450 2025 557 2066 pueri,
572 2025 607 2057 in
624 2027 728 2057 media
739 2025 877 2065 quoque
893 2025 1116 2066 Chaldaeorum
1132 2026 1226 2055 domo
1243 2026 1326 2055 inter
1344 2026 1413 2055 illos
1427 2027 1615 2057 deliciarum
1632 2025 1739 2057 varios
1756 2025 1901 2066 appara-

262 2068 325 2102 tus,
340 2067 371 2096 in
388 2065 513 2097 summa
525 2070 630 2098 tamen
649 2075 723 2097 arce
736 2066 946 2105 philosophiae
961 2065 1194 2096 constiterunt:
1208 2066 1238 2095 et
1255 2065 1359 2095 Moses
1378 2066 1409 2094 in
1427 2066 1574 2105 [Ἑρ-βίω,
1590 2069 1621 2096 et
1643 2067 1762 2097 Paulus
1779 2065 1811 2097 in
1831 2070 1900 2098 toto

262 2106 339 2136 orbe
352 2108 511 2137 terrarum
526 2116 534 2135 :
551 2115 610 2137 nec
625 2109 731 2137 tamen
747 2106 796 2136 his
812 2106 961 2135 omnibus
971 2105 1148 2143 quidquam
1165 2105 1280 2135 horum
1297 2105 1522 2143 impedimento
1537 2106 1596 2135 fuit
1611 2115 1677 2144 quo
1698 2107 1803 2137 minus
1821 2117 1900 2137 cur—

265 2154 336 2175 sum
358 2146 483 2176 virtutis
510 2146 689 2185 implerent.
718 2145 757 2175 Et
778 2154 837 2175 nos
864 2146 962 2185 igitur
980 2147 1095 2185 cuncta
1119 2144 1187 2174 haec
1203 2145 1350 2183 exempla
1369 2148 1538 2176 cernentes
1552 2167 1560 2181 ,
1584 2145 1749 2184 superflua
1768 2147 1900 2185 quidem

265 2185 429 2224 ﬁgmenta,
446 2188 477 2216 et
491 2184 597 2216 varias
614 2185 765 2224 peccandi
782 2186 969 2215 occasiones
986 2184 1113 2224 penitus
1132 2187 1350 2222 amputemus,
1369 2193 1508 2223 eumque
1529 2194 1595 2223 quo
1619 2186 1722 2216 virtus
1738 2184 1876 2224 paratur
1890 2210 1899 2223 ,

262 2223 492 2263 amplectamur
507 2223 662 2255 laborem.
676 2225 727 2256 Sic
742 2225 826 2254 enim
840 2228 870 2255 et
880 2225 981 2255 Deum
997 2223 1036 2254 ad
1053 2223 1207 2262 majorem
1229 2224 1260 2252 in
1279 2233 1336 2254 nos
1355 2224 1610 2255 benevolentiam
1631 2223 1878 2263 provoéabimus
1890 2249 1899 2262 ,

262 2266 291 2294 et
303 2265 498 2295 merebimur
519 2269 553 2295 ut
577 2265 668 2295 nobis
685 2265 716 2294 in
741 2264 903 2303 spirituali
918 2263 1093 2294 certamine
1110 2265 1312 2301 cooperetur,
1335 2266 1432 2301 atque
1455 2264 1498 2293 ita
1515 2264 1606 2294 bonis
1626 2265 1784 2303 potiemur
1797 2268 1902 2295 aeter—

261 2304 310 2334 nis
329 2314 335 2333 :
353 2314 426 2343 quae
441 2314 552 2335 omnes
569 2313 626 2334 nos
642 2305 807 2343 percipere
821 2303 997 2342 contingat,
1015 2303 1162 2343 gratiaret
1174 2303 1395 2333 misericordia
1408 2303 1534 2333 Domini
1552 2305 1652 2333 nostri
1673 2305 1747 2334 Jesu
1763 2304 1899 2341 Christi,

261 2344 312 2374 cui
322 2342 427 2383 gloria
441 2347 472 2375 et
489 2342 660 2384 imperium
675 2342 747 2374 cum
763 2344 856 2374 Patre
871 2346 901 2374 et
919 2345 1032 2373 sancto
1048 2342 1180 2380 Spiritu,
1196 2343 1229 2372 in
1241 2343 1358 2373 seecula
1383 2343 1587 2373 saeculorum.
1599 2344 1710 2373 Amen.

781 2479 1029 2536 οιωο
1070 2478 1396 2535 BEBUM

360 2607 474 2652 QUIE
512 2605 566 2646 IN
605 2604 807 2644 DUABUS
844 2602 1100 2643 PARTIBUS
1136 2601 1270 2641 ΤΟΜΙ
1308 2601 1382 2641 VII
1419 2599 1808 2641 CONTINENTUB.

1144 2758 1248 2783 HoniLu
1264 2757 1325 2782 1.-
1337 2756 1403 2781 Libri
1420 2755 1554 2787 Scriptum
1570 2761 1614 2780 cur
1631 2754 1680 2779 dati
1690 2762 1696 2785 ;
1706 2755 1749 2787 lex
1765 2753 1865 2785 quando
1879 2756 1906 2787 et

1132 2789 1235 2821 uomodo
1246 2789 1315 2818 data;
1328 2786 1620 2821 Novumfl‘es’tamentum
1633 2786 1729 2821 quando
1742 2789 1767 2821 et
1780 2786 1905 2821 quomodo

1129 2824 1204 2845 alum.
1216 2816 1347 2849 Evangelia
1357 2826 1400 2843 cur
1410 2819 1538 2849 aliquando
1548 2819 1613 2841 inter
1622 2824 1649 2841 se
1661 2816 1792 2841 dissentire
1804 2816 1903 2849 videant

1114 2854 1160 2875 tur.
1181 2848 1389 2882 Ei‘1ingelistaruni
1404 2848 1535 2882 consensio
1547 2849 1704 2882 rvindicatur;
1725 2848 1857 2882 piscatores
1875 2848 1904 2882 (ξι

1113 2882 1226 2907 illiterati
1248 2875 1295 2906 non
1318 2880 1365 2906 nisi
1389 2881 1480 2906 virtute
1503 2880 1583 2905 divina
1604 2875 1707 2910 potuere
1724 2875 1901 2908 philosophari.

306 2759 371 2784 Frid.
389 2759 483 2784 FlELD
500 2758 614 2784 Praefatio
626 2757 655 2783 ad
668 2757 802 2784 editionem
818 2764 886 2783 suam
898 2758 1060 2783 Homiiiarum

278 2802 302 2824 in
319 2799 467 2824 Matthrenm.
1016 2806 1059 2823 i—ix

306 2842 335 2867 D.
357 2841 429 2865 Bern.
452 2841 493 2866 DE
514 2840 776 2870 MONTEFALCONIS
792 2840 904 2866 Pracfalio
920 2843 943 2867 in
961 2842 1059 2867 easdem

277 2881 402 2907 Romilius.
1006 2882 1061 2907 1-12
