3832 6178
262 356 3489 410 M

1503 514 1726 566 SANCTI
1764 515 1990 565 PATRIS
2024 515 2253 566 NOS'l'lll

712 749 813 905 J
822 745 1211 903 OAN
1216 753 1343 903 N
1349 747 1525 903 IS
1608 746 3025 907 .CHRYSOSTOMI

1256 1047 1717 1096 ARCHIEPISCOPI
1765 1052 2481 1097 CONSTANTINOPOL'ITANI

868 1264 1587 1398 HOMILUE
1668 1274 1825 1397 IN
1918 1272 2884 1403 MATTHx‘EVM

785 1531 1065 1581 TEXTVM
1098 1532 1186 1580 AD
1220 1531 1435 1580 FIDEM
1472 1533 1778 1585 CODICVM
1814 1533 1962 1584 MSS.
1998 1536 2081 1583 ET
2122 1535 2528 1584 VERSIONVM
2564 1535 2971 1585 ΕΜΕΝΠΛΓΙΤ

987 1619 1408 1670 ΡΗΔΞΟΙΡΥΑΜ
1462 1622 1826 1673 LECTIONIS
1866 1621 2307 1671 VARIETATEM
2344 1622 2500 1672 ΑΒΕ(

1237 1621 1408 1670 ’νΑΜ
1462 1622 1826 1673 LECTIONIS
1866 1621 2307 1671 VARIETATEM
2344 1610 2750 1672 ADSCRIPSIT

1221 1704 1846 1755 ADNOTATIONIBVS
1883 1706 2005 1755 YBI
2063 1706 2242 1756 OPVS
2283 1708 2446 1754 ERAT
2485 1708 2565 1755 ΕΤ

1376 1789 1591 1839 NOVIS
1629 1790 1704 1840 IN
1717 1790 2000 1841 DICIBVS
2036 1790 2423 1839 INSTRVXIT

292 1983 761 2045 FRIDERICVS
803 1984 1022 2044 FIELD
1059 1986 1177 2044 AA.
1232 1986 1308 2044 M.
1356 1985 1701 2045 COLLEGII
1744 1987 1846 2046 SS.
1888 1988 2324 2048 TRINITATIS
2366 1993 2413 2048 A
2452 1990 2656 2050 REGE
2698 1992 2876 2053 IIEN.
2925 1994 3057 2053 VIII
3092 1994 3427 2059 FVNDATI

1488 2091 1690 2152 UNUS
1733 2096 1775 2154 E
1820 2093 2231 2156 SODALITIO.

874 2276 1204 2341 Cantabrigie
1234 2277 1281 2326 1n
1317 2276 1519 2328 Otilcina
1555 2280 1873 2342 Academica,
1910 2282 2147 2333 svmtibvs
2179 2282 2383 2333 editoris
2440 2282 2851 2336 MDCCCXXXIX.

1544 2474 2032 2505 Ἥ

2038 2482 2143 2499 -α

1504 2646 2221 2759 ΡΒᾹΞΡΑΤΙΟ.

1834 2910 1904 2933 -ὸ

306 3069 488 3143 Quod
522 3066 970 3147 Chrysos'tomo
999 3067 1144 3147 ipsi,
1168 3068 1317 3129 dum
1346 3068 1413 3128 in
1437 3067 1589 3129 vivis
1612 3074 1765 3141 erat,
1797 3084 1831 3128 a
1864 3067 2250 3133 lividioribus
2281 3071 2691 3151 objiciebatur
2714 3075 2821 3157 (α),
2840 3095 2984 3140 eum
3020 3076 3281 3159 prolixis
3307 3090 3491 3138 exor-

234 3171 351 3233 diis
381 3169 699 3233 auditores
727 3169 981 3243 morari,
1020 3168 1084 3231 id
1115 3185 1193 3230 ne
1227 3167 1381 3229 mihi
1428 3184 1687 3247 quoque
1739 3168 1987 3230 crimini
2020 3170 2224 3244 detur,
2260 3170 2567 3250 praafandi
2614 3177 2869 3254 negotio
2918 3178 3079 3241 intra
3115 3178 3493 3241 arctissimos

232 3267 459 3332 limites
488 3268 816 3342 concluso,
846 3267 925 3329 ad
977 3266 1455 3329 disertissimum
1501 3266 1745 3326 Patrem
1808 3268 2134 3329 Lectorem
2182 3266 2515 3330 remittam.
2564 3273 2913 3353 Antequam
2974 3291 3123 3337 vero
3180 3275 3259 3337 ad
3312 3291 3493 3337 nova)

235 3369 525 3430 editionis
552 3368 909 3429 institutum
937 3367 1370 3445 rationemque
1400 3364 1879 3427 describendam
1916 3365 2232 3443 accingor,
2265 3383 2476 3447 opera)
2518 3369 2789 3447 pretium
2824 3372 2962 3447 erit,
2987 3372 3139 3452 quid
3177 3377 3321 3434 ante
3377 3388 3493 3433 nos

242 3469 303 3530 in
329 3469 444 3530 hac
476 3476 654 3550 parte
692 3470 1017 3530 immensae
1054 3467 1430 3547 scriptorum
1454 3464 2103 3545 Chrysostomicorum
2135 3467 2325 3546 sylvas
2364 3468 2709 3531 excolenda
2738 3471 3011 3533 editores
3058 3470 3490 3552 prmstiterint,

244 3566 501 3629 breviter
528 3584 881 3631 recensere.
904 3568 1057 3630 Nam
1088 3572 1149 3627 et
1179 3582 1309 3627 non
1337 3565 1554 3627 leviter
1584 3566 1830 3641 erravit,
1865 3568 1975 3646 qui
2001 3566 2167 3629 idem
2199 3568 2521 3645 negotium
2546 3569 2611 3631 in
2641 3569 3011 3632 Praefatione
3039 3587 3150 3633 sua
3194 3570 3491 3649 suscepit,

238 3672 788 3748 Montefalconius,
848 3679 910 3735 et
966 3672 1045 3734 de
1092 3670 1253 3733 veris
1308 3670 1507 3731 nostri
1540 3669 1737 3732 Patris
1794 3671 2142 3733 editionum
2170 3677 2304 3733 tum
2334 3670 2613 3734 fontibus
2666 3678 2800 3733 tum
2837 3672 3076 3735 meritis
3114 3672 3280 3734 viros
3310 3670 3491 3733 etiam

239 3772 630 3837 doctissimos
656 3776 723 3837 in
756 3791 1001 3837 summa
1036 3771 1387 3851 ignorantia
1424 3770 1654 3832 versari
1680 3770 1889 3833 video.

312 3876 359 3934 Ι.
406 3877 623 3937 Statim
659 3876 727 3937 in
772 3874 1086 3955 principio
1148 3872 1333 3953 hujus
1387 3871 1761 3950 argumenti,
1793 3874 2069 3937 notanda
2103 3881 2196 3936 est
2236 3875 2394 3937 mira
2429 3875 2898 3938 Montefalconii
2925 3872 3351 3947 hallucinatio,
3383 3871 3491 3951 qui

240 3976 510 4039 editione
551 3976 880 4050 Saviliana,
902 3992 1067 4037 anno
1094 3974 1244 4036 1612
1278 3974 1546 4054 vulgata,
1576 3974 1783 4054 primo
1810 3973 1954 4035 loco
1983 3976 2210 4054 posita,
2241 3974 2768 4038 Commelinianae
2805 3972 3155 4037 secundum
3181 3971 3491 4044 tribuerit,

239 4076 332 4137 his
376 4078 580 4139 verbis
632 4096 645 4137 :
691 4101 718 4134 α
759 4082 939 4139 Anno
993 4075 1137 4138 1617
1180 4077 1373 4141 altera
1434 4076 1668 4156 prodiit
1736 4076 1929 4138 editio
1958 4078 2427 4139 Gnaeo-Latina
2479 4076 2891 4138 Homiliarum
2947 4073 3372 4155 Chrysostomi
3427 4073 3492 4133 in

239 4177 587 4238 Mattbaaum
619 4177 896 4256 atquein
936 4176 1243 4237 Joannem
1290 4193 1367 4236 ex
1396 4174 1643 4237 officina
1670 4173 2157 4237 Commeliniana
2195 4175 2651 4254 Heidelbergae.
2684 4175 2798 4249 Qui
2838 4182 3047 4238 autem
3086 4175 3253 4237 illam
3280 4172 3491 4253 publi-

242 4277 493 4339 candam
526 4286 844 4351 curarunt,
877 4276 1243 4339 Savilianam
1264 4276 1391 4356 jam
1448 4276 1730 4355 quinque
1760 4282 1903 4336 ante
1949 4278 2129 4338 annis
2171 4276 2459 4337 emissam
2490 4292 2571 4336 ne
2610 4276 2859 4338 novisse
2881 4275 3137 4355 quidem
3168 4275 3492 4361 videntur;

240 4376 337 4439 illa
365 4385 531 4441 certe
563 4395 693 4440 non
722 4380 815 4439 usi
843 4380 1008 4451 sunt,
1046 4393 1163 4438 nec
1186 4376 1319 4455 ejus
1348 4376 1595 4455 uspiam
1622 4374 2065 4437 meminerunt.
2104 4395 2130 4430 »
2155 4376 2281 4436 Nec
2308 4373 2557 4434 mirum.
2594 4375 2749 4435 Nam
2776 4373 3117 4435 editionem
3159 4390 3335 4434 suam
3363 4389 3489 4433 non

242 4480 498 4558 quinque
537 4480 721 4537 annis
736 4486 905 4556 post,
946 4476 1055 4537 sed
1094 4476 1300 4537 decem
1356 4476 1539 4536 annis
1581 4485 1723 4541 ante
1763 4475 2071 4553 vulgatam
2100 4474 2492 4548 Savilianam,
2526 4475 2814 4537 videlicet
2839 4492 3007 4537 anno
3043 4474 3214 4549 1602,
3257 4473 3490 4554 publici

232 4578 380 4656 juris
400 4578 694 4640 fecerunt
720 4595 735 4650 ;
775 4593 1037 4655 eamque
1056 4576 1279 4655 ipsam,
1304 4582 1373 4637 ut
1406 4593 1554 4638 mox
1599 4576 1969 4649 videbimus,
2001 4574 2261 4637 Savilius
2296 4575 2638 4654 typothetze
2677 4594 2791 4638 suo
2818 4576 3287 4657 exprimendam
3311 4575 3493 4635 tradi-

242 4678 344 4740 dit.
376 4681 501 4740 Res
526 4686 737 4741 autem
769 4686 862 4739 est
888 4678 1019 4739 haec
1046 4696 1059 4738 :
1090 4677 1345 4739 Prodito
1376 4677 1719 4757 exemplari
1739 4676 2102 4753 Anglicano,
2136 4674 2721 4755 Heidelbergenses,
2756 4694 2835 4739 ne
2868 4695 2979 4740 sua
3020 4677 3213 4741 editio
3237 4695 3490 4758 prorsus

243 4783 678 4857 obsolesceret,
711 4782 906 4844 libros
938 4799 1101 4843 novo
1150 4780 1352 4856 titulo,
1374 4798 1609 4844 annum
1637 4781 2050 4861 posteriorem
2069 4779 2225 4842 falso
2258 4779 2521 4853 ferente,
2560 4782 2898 4845 instructos
2930 4783 3301 4856 emiserunt;
3330 4802 3490 4863 quo-

240 4902 367 4946 rum
399 4900 593 4945 unum
629 4882 879 4943 incaute
907 4879 1235 4960 descripsit
1268 4877 1806 4942 Montefalconius.
1839 4879 1953 4953 Qui
1978 4884 2189 4941 tamen
2219 4896 2299 4941 ne
2342 4879 2429 4941 sic
2468 4880 2723 4959 quidem
2772 4883 3168 4944 excusandus
3189 4893 3304 4944 est.
3340 4872 3491 4945 Nam

244 4986 495 5049 Savilius
516 4985 652 5065 ipse
696 4984 763 5044 in
794 4984 961 5045 notis
987 4985 1064 5046 ad
1095 4980 1482 5044 Homiliasin
1512 4982 1869 5044 Matthteum
1898 4984 1985 5045 sic
2012 4983 2311 5062 praefatus
2340 4990 2471 5046 erat
2504 5002 2517 5044 :
2558 5010 2585 5041 α
2619 4986 2804 5047 Hisce
2827 4985 3194 5066 (codicibus)
3226 4989 3493 5049 accessit

246 5089 422 5152 cditio
460 5089 720 5167 vulgata
752 5083 1409 5164 Heidelbergensis,de
1439 5099 1562 5162 qua
1593 5084 1874 5163 quamvis
1900 5084 2251 5146 innumeris
2280 5092 2513 5148 scateat
2541 5086 2881 5161 erroribus,
2907 5104 3177 5167 quorum
3200 5105 3493 5167 magnam

246 5190 301 5246 et
329 5194 492 5249 certe
528 5186 863 5247 maximam
895 5188 1132 5262 partem
1163 5196 1280 5243 nos
1329 5183 1829 5261 expurgavimus,
1860 5188 2069 5245 tamen
2109 5185 2301 5262 gratia
2332 5184 2597 5247 debetur
2638 5187 2822 5248 bonis
2865 5186 2985 5247 illis
3021 5187 3167 5249 viris
3190 5236 3204 5263 ,
3246 5190 3393 5268 quia
3438 5198 3492 5251 et

246 5288 405 5367 prius
431 5288 669 5351 inedita
710 5287 897 5349 edere
929 5288 1280 5361 voluerunt,
1317 5288 1508 5368 idque
1540 5290 1710 5351 libris
1740 5308 1867 5353 non
1896 5292 2431 5371 negligentissime
2461 5292 2783 5373 inspectis.
2822 5316 2849 5348 »
2880 5296 3121 5373 Itaque,
3150 5300 3220 5355 ut
3248 5294 3327 5356 ad
3358 5313 3489 5357 rem

245 5388 579 5466 redeamus,
612 5389 1039 5468 Chrysostomi
1063 5386 1365 5451 Homilias
1383 5390 1449 5451 in
1471 5391 1825 5455 Matthaeum
1851 5394 1933 5477 (ὁ)
1958 5394 2195 5473 primus
2225 5394 2431 5457 erce
2470 5393 2665 5455 edidit
2706 5392 2871 5476 (nam
2901 5393 2979 5455 de
3008 5394 3239 5458 Latinis
3256 5395 3489 5457 editio-

308 5578 509 5651 (9)Yid.
532 5581 674 5651 Opp.
710 5591 841 5635 tom.
865 5576 950 5642 Ill,
995 5596 1049 5649 p.
1083 5581 1201 5635 HS.
2202 5616 2217 5622 ι

305 5648 367 5715 (b)
398 5648 599 5707 Harum
619 5648 1115 5706 'Homiliarum’una
1146 5652 1384 5709 etaltera
1414 5668 1659 5711 seorsum
1680 5654 1793 5725 jam
1822 5662 1945 5707 ante
1972 5653 2311 5721 prodierant.

537 5747 817 5807 Ρλτιιοι..
852 5745 969 5806 Gn.
1000 5746 1196 5808 LVII.

3120 5756 3144 5812 .‘l
