3832 6178
269 185 306 224 ιι
1479 165 1661 224 FRID.
1703 165 1782 224 Fll

1479 165 1661 224 FRID.
1703 165 1906 224 FIELD
1943 164 2333 224 ΡΒᾹΞΡΑΤΙΟ.

265 270 453 334 nibus
489 287 657 334 nunc
686 287 816 332 non
861 269 1086 350 dicem)
1123 269 1546 331 Commelinus
1575 265 2005 349 typographus
2033 264 2600 347 Heidelbergensis;
2637 259 2710 330 in
2742 263 3058 330 volumine
3079 263 3266 346 cujus
3291 261 3527 326 insen-

266 374 400 451 ptio
431 370 566 434 llth
597 377 692 434 est
722 388 738 444 ξ
769 378 877 434 Τοῦ
894 381 950 434 ἐν
980 380 1154 449 ἁγίοις
1182 379 1395 452 Harpe;
1422 379 1578 452 ἡμῶν
1618 382 1862 436 Ἰωάννου
1891 379 1986 434 τοῦ
2022 380 2406 452 Χρυσοπόμω
2435 353 2867 452 ἀρχιξπισκόπου
2900 375 3524 438 Κωνσταντινουπόλειικ

277 481 577 553 Ἐρμηνεία
609 483 690 549 εἰς
721 483 784 538 τὸ
813 483 954 539 κατὰ
977 484 1254 538 Ματθαῖον
1283 483 1436 554 ἅγιον
1476 483 1790 557 Εὐαγγέλιοη

2011 475 2092 536 cti
2131 475 2344 537 Patris
2389 475 2594 536 nostri
2621 474 2888 536 Joannis
2944 470 3368 551 Chrysostomi
3411 484 3524 527 aro

267 573 647 656 chiepiscopi
677 576 1301 656 Constantinopoleos
1363 577 1699 658 Expositio
1738 576 1806 637 in
1860 574 2274 656 Evangelium
2316 574 2652 636 secundum
2694 572 3078 637 Matthceum.
3119 571 3324 635 erce
3358 582 3528 628 nunc

269 676 540 754 primum
585 677 961 757 producitur
1000 699 1028 740 e
1064 698 1210 741 mss.
1256 678 1574 742 illustriss.
1611 678 1693 760 (a)
1729 677 2242 741 bibliothecarum
2290 677 2618 752 Palatinae,
2650 679 2934 752 Bavaraz,
2962 675 3358 754 Augustam,
3389 684 3528 730 cum

271 776 790 854 interpretatione
828 777 1086 840 Aniani.
1117 779 1374 842 Accedit
1395 779 1890 844 Commentarius
1923 798 2088 841 mere
2117 780 2377 847 Latinus
2424 780 2492 841 in
2535 778 2922 851 Matthteum,
2954 773 3138 853 vulgo
3185 770 3531 832 attributus

273 877 470 940 eidem
495 879 572 939 D.
607 879 1192 958 Chrysostomo.Ea:
1220 885 1478 964 ofﬁcina
1507 883 2022 948 Commeliniano.
2042 883 2193 947 Cum
2231 882 2607 964 privilegiis.
2630 881 2860 941 MDCI'I.
2883 876 3059 950 Quod
3089 874 3191 937 hic
3211 873 3289 936 de
3308 869 3531 933 Anieni

276 977 793 1058 interpretatione
845 985 1162 1061 asseritur,
1199 985 1261 1047 id
1288 986 1549 1049 nonnisi
1578 987 1658 1050 de
1701 994 1843 1052 octo
1903 986 2219 1068 prioribus
2261 984 2534 1047 homiliis
2580 980 3056 1060 intelligendum
3095 982 3190 1038 est
3215 993 3235 1048 ,ε
3273 991 3416 1036 nam
3463 972 3532 1032 in

278 1077 484 1140 fronte
513 1079 686 1160 hom.
735 1100 807 1144 Ix
857 1083 1087 1147 diserte
1138 1085 1387 1164 legitur,
1423 1088 1689 1168 Georgio
1734 1088 2149 1168 Trapezuntio
2203 1087 2562 1164 interprete.
2593 1078 3088 1144 Commentarius
3132 1082 3340 1138 autem
3368 1091 3535 1132 mere

280 1184 538 1245 Latinus
573 1185 626 1248 is
647 1192 764 1261 est,
791 1188 901 1268 qui
948 1188 1134 1266 vulgo
1172 1190 1599 1269 Chrysostomi
1634 1215 1664 1250 α
1708 1191 1878 1270 Opus
1915 1189 2341 1270 imperfectum
2399 1188 2466 1248 in
2505 1185 2870 1248 Matthwum
2913 1205 2942 1239 ››
2991 1185 3413 1259 nuncupatur,
3453 1175 3536 1238 de

279 1301 408 1366 quo
467 1293 696 1366 praeter
729 1286 888 1350 alios
934 1289 1061 1368 egit
1110 1290 1360 1366 Millius,
1390 1293 1743 1371 Prolegom.
1777 1309 1950 1354 num.
1987 1290 2158 1352 1037.
2197 1291 2283 1352 De
2331 1289 2548 1350 Greeco
2605 1286 2791 1366 hujus
2843 1281 3134 1346 editionis
3192 1274 3536 1356 exemplari

279 1391 508 1466 praeter
530 1386 739 1449 Savilii
766 1389 1188 1452 testimonium
1217 1409 1406 1471 supra
1456 1393 1709 1455 allatum
1747 1409 1948 1473 pauca
1973 1390 2286 1454 mouenda
2319 1395 2485 1452 sunt.
2511 1387 2808 1450 Codicum
2832 1381 3240 1446 dissensionis
3286 1379 3350 1440 in
3400 1383 3540 1439 toto

282 1501 476 1566 Opere
521 1487 692 1550 nulla
745 1489 1005 1551 mentio.
1039 1491 1262 1554 Plures
1290 1498 1498 1555 autem
1527 1493 1720 1555 libros
1746 1493 1810 1554 in
1840 1492 2071 1554 Graecis
2097 1487 2555 1553 constituendis
2593 1484 2877 1550 evolutos
2904 1499 3076 1555 esse,
3109 1478 3379 1544 dubitari
3404 1494 3540 1541 non

286 1595 528 1669 potest;
560 1590 625 1651 in
650 1591 878 1670 quibus
902 1595 1236 1658 tractandis
1257 1596 1460 1659 editor
1496 1596 1658 1660 hanc
1699 1597 1904 1675 legem
1946 1595 2066 1657 sibi
2125 1593 2502 1674 imposuisse
2531 1590 2794 1665 videtur,
2832 1595 2901 1651 ut
2944 1587 3230 1667 pleniore
3268 1584 3542 1648 lectione

287 1692 350 1753 in
385 1696 620 1754 textum
655 1692 1185 1764 relata.vocabula
1206 1715 1348 1777 quea
1374 1698 1440 1760 in
1466 1717 1598 1763 uno
1627 1706 1733 1762 aut
1752 1699 2037 1780 pluribus
2082 1697 2404 1761 codicibus
2433 1712 2562 1759 non
2594 1691 3122 1766 exstarent,uncis
3150 1689 3538 1751 includeret:

287 1811 475 1874 quem
526 1794 780 1874 quidem
839 1796 1117 1875 regulam
1159 1815 1236 1862 eo
1279 1818 1481 1881 usque
1531 1801 1922 1876 observavit,
1986 1808 2057 1863 ut
2098 1799 2639 1863 menifestissimos
2679 1804 2939 1878 propter
2999 1791 3543 1857 homoeoteleuton

290 1891 568 1959 defectus
592 1896 814 1959 iisdem
843 1900 1006 1960 notis
1048 1899 1479 1980 distingueret.
1502 1902 1596 1964 De
1622 1901 1718 1963 his
1746 1902 1912 1963 notis
1939 1902 2330 1982 aliudporro
2363 1899 2751 1963 monendum
2791 1905 2904 1972 est,
2955 1897 3245 1960 videlicet
3267 1912 3382 1976 per
3407 1894 3536 1955 Ho-

291 1992 492 2060 milies
521 2015 624 2070 XL,
655 2017 761 2060 xm
791 2005 852 2061 et
878 2016 1135 2063 xmeas
1169 2001 1417 2082 parcius
1447 2002 1868 2078 disseminari;
1920 2003 1989 2064 in
2049 2000 2247 2062 tribus
2301 2007 2510 2063 autem
2561 1998 2972 2080 sequentibus
3009 1997 3213 2059 nullas
3259 2001 3501 2057 exstare
3531 2011 3546 2052 ε

292 2097 462 2160 unde
492 2097 794 2161 Homilies
820 2099 968 2163 istas
989 2117 1065 2163 ex
1101 2101 1292 2164 unico
1332 2101 1550 2164 codice
1579 2101 1923 2183 descriptas
1963 2119 2124 2173 esse,
2155 2100 2366 2178 colligi
2395 2106 2620 2182 potest.
2653 2101 2798 2160 Post
2822 2096 3144 2160 homiliem
3179 2113 3301 2156 XLV
3333 2113 3551 2157 rursus
3615 2121 3619 2123 ·

295 2204 592 2261 notantur
637 2200 925 2264 codicum
982 2201 1286 2277 defectus,
1318 2201 1428 2265 sed
1468 2203 1813 2283 aliquanto,
1846 2203 1910 2265 ni
1957 2201 2162 2276 fallor,
2194 2200 2546 2282 pauciores.
2584 2201 2908 2262 Postremo
2935 2199 3013 2260 ab
3047 2197 3303 2259 bomilia
3334 2213 3551 2258 Lxxxv
3601 2239 3610 2244 .

296 2297 373 2360 ad
401 2295 682 2360 ultimam
712 2283 917 2361 textus
947 2287 1309 2380 hujusmodi
1337 2299 1532 2378 signis
1567 2301 1828 2363 omnino
1879 2317 2106 2382 expers
2171 2305 2286 2362 est.
2319 2299 2504 2379 Cujus
2541 2298 2657 2373 rei,
2715 2315 2858 2361 cum
2889 2296 2968 2360 de
3014 2298 3339 2360 codicibus
3361 2314 3555 2359 manu

297 2396 546 2479 scriptis
571 2397 910 2460 dicendum
949 2396 1158 2471 fuerit,
1198 2398 1355 2460 ratio
1383 2399 1712 2461 constabit.
1746 2401 1953 2462 Unum
1989 2399 2236 2474 addam,
2270 2397 2627 2478 exemplum
2651 2397 2841 2479 hujus
2868 2397 3182 2473 editionis,
3204 2399 3374 2479 quod
3402 2399 3557 2460 olim

300 2497 492 2560 lsaaci
521 2497 868 2560 Casauboni
903 2497 1050 2573 fuit,
1081 2497 1350 2560 Londini
1396 2499 1464 2560 in
1492 2501 1706 2563 Museo
1737 2500 2096 2563 Britannico
2147 2505 2414 2574 exstare,
2458 2499 2637 2579 cujus
2661 2497 2726 2560 in
2758 2498 2972 2560 limine
3007 2516 3203 2579 pauca
3241 2500 3560 2579 quaedam,

299 2603 379 2668 ad
406 2620 506 2666 res
534 2603 597 2664 in
630 2602 850 2683 primis
880 2604 1283 2683 pertinentia,
1316 2605 1554 2668 notavit
1587 2606 1680 2668 vir
1707 2624 1991 2685 magnus,
2025 2605 2246 2668 harum
2289 2603 2715 2682 homiliarum,
2749 2610 2818 2666 ut
2837 2621 2914 2666 ex
2943 2605 3394 2668 commentario
3425 2605 3562 2684 ejus

301 2700 382 2766 ad
410 2701 606 2763 Persii
631 2708 870 2779 satyras
894 2701 1057 2764 facto
1082 2709 1365 2782 apparet,
1397 2704 1597 2767 lector
1633 2703 2150 2768 studiosissimus.

383 2803 462 2864 Π.
506 2799 930 2881 Chrysostomi
959 2803 1161 2882 Opera
1207 2804 1420 2866 omnia
1453 2806 1668 2869 Greece
1707 2806 1903 2869 edidit
1943 2805 2253 2870 Henricus
2314 2803 2599 2881 Savilius,
2647 2804 2864 2869 Etonaa
2917 2821 3084 2868 anno
3117 2803 3289 2880 1612,
3322 2804 3389 2866 in
3418 2811 3565 2868 octo

306 2908 515 2967 tomos
541 2903 889 2982 distributa,
924 2922 1196 2985 quorum
1245 2907 1560 2970 secundus
1600 2910 1906 2973 Homilies
1950 2909 2017 2972 in
2046 2909 2404 2974 Matthteum
2436 2915 2498 2974 et
2524 2910 2831 2973 Joannem
2877 2909 3334 2990 complectitur.
3365 2910 3565 2990 Hujus

306 2999 546 3064 ultima;
599 3003 844 3083 paginae
882 3003 1224 3084 ascriptum
1271 3012 1386 3080 est,
1421 3008 1638 3069 Etonw
1679 3027 1969 3071 excusum
2009 3010 2077 3071 in
2117 3007 2392 3090 Collegio
2421 3007 2645 3089 Reguli
2699 3010 3471 3092 MDCX.Typogrephus,
3497 3017 3566 3073 ut

307 3118 500 3183 supra
523 3101 816 3174 diximus,
855 3103 1197 3182 exemplari
1230 3105 1724 3170 Commeliniano
1759 3126 1912 3171 usus
1945 3115 2062 3184 est,
2093 3110 2172 3173 ab
2199 3109 2398 3191 ipsius
2426 3109 2633 3174 Savilii
2653 3128 2847 3173 manu
2883 3110 3354 3189 diligentissime
3382 3129 3567 3174 reco-

310 3204 509 3284 gnito,
542 3205 711 3286 quod
741 3207 950 3288 ipsum
985 3207 1189 3270 adhuc
1212 3209 1436 3271 Oxonii
1460 3211 1527 3272 in
1555 3211 1937 3278 bibliotheca
1963 3213 2304 3279 Bodleiana
2330 3213 2623 3295 religiose
2644 3221 2946 3278 servetur.
2968 3215 3084 3278 Hic
3102 3215 3253 3292 illic,
3275 3216 3340 3278 in
3363 3222 3566 3296 poste-

309 3307 478 3371 riore
508 3311 875 3389 praesertim,
909 3310 963 3373 si
992 3311 1156 3374 bene
1177 3313 1458 3389 memini,
1498 3315 1833 3381 voluminis
1887 3324 2090 3400 parte,
2127 3335 2247 3400 pro
2294 3333 2529 3382 excuso
2574 3309 2990 3400 archetypum
3022 3335 3216 3381 manu
3241 3318 3570 3399 scriptum,

311 3411 713 3474 emendatum
773 3418 834 3474 et
879 3412 1056 3487 illud,
1093 3431 1305 3493 Operae
1360 3426 1827 3496 expresserunt.
1868 3420 1956 3483 De
2011 3419 2305 3484 subsidiis
2363 3437 2495 3484 sum
2537 3421 2925 3485 recensionis
2966 3437 3168 3503 pauca
3206 3436 3324 3484 nos
3358 3419 3574 3484 docuit

312 3514 516 3579 editor
543 3517 854 3596 egregius,
895 3535 1037 3599 quea
1074 3518 1177 3582 hic
1208 3520 1564 3585 exscribere
1603 3539 1731 3586 non
1752 3523 2075 3604 gravabor.
2107 3549 2136 3581 α
2161 3526 2398 3587 Harum
2426 3523 2770 3588 editionem
2797 3523 3213 3588 Homiliarum
3239 3523 3570 3586 adornavi-

312 3636 474 3694 mus,
523 3623 766 3694 Lector,
807 3639 880 3684 ex
913 3623 1196 3702 quinque
1223 3623 1398 3686 libris
1442 3643 1633 3687 manu
1685 3627 1954 3709 scriptis.
2011 3630 2296 3691 Primum
2333 3629 2518 3692 nobis
2571 3627 2855 3693 exhibuit
2900 3627 3280 3694 bibliotheca
3325 3625 3574 3706 collegii

313 3721 607 3801 Corporis
643 3723 862 3786 Christi
909 3725 1153 3798 Oxonii,
1188 3743 1222 3788 a
1272 3727 1625 3807 Serbopulo
1654 3730 1952 3809 quodam,
1984 3729 2244 3793 homine
2268 3731 2511 3807 Graeco,
2541 3747 2710 3794 anno
2739 3731 3159 3793 MCCCCXCIX
3200 3729 3347 3793 satis
3371 3728 3578 3809 negli-

314 3827 535 3900 genter
561 3829 620 3884 et
659 3823 946 3903 imperite
976 3825 1301 3904 scriptum,
1357 3827 1659 3906 Redingae
1691 3829 1759 3890 in
1790 3829 2032 3909 Anglia,
2060 3831 2211 3892 XLV
2251 3837 2488 3893 tantum
2519 3833 2762 3912 priores
2789 3832 3092 3895 Homilies
3120 3833 3578 3896 continentem.

315 3924 668 3987 Secundum
702 3925 1082 3990 bibliotheca
1107 3927 1505 3991 illustrissimi
1547 3931 1774 3993 Caecilii
1829 3933 2073 3995 comitis
2115 3933 2512 4008 Oxoniensis,
2539 3934 2619 3996 ab
2657 3935 2884 3998 eodem
2945 3931 3296 4014 SerbOpulo
3340 3930 3579 3993 ibidem

314 4027 538 4091 eadem
562 4026 684 4089 ﬁde
718 4033 780 4089 et
806 4027 1122 4106 diligentia
1152 4028 1454 4109 scriptum
1483 4046 1651 4093 anno
1677 4037 2008 4110 sequente,
2045 4049 2134 4094 sc.
2165 4032 2297 4107 MD,
2320 4031 2595 4112 reliquas
2621 4033 3002 4113 posteriores
3027 4031 3580 4112 complectentem-

323 4131 603 4196 Tertium
638 4130 822 4193 nobis
837 4131 1123 4195 codicem
1145 4132 1320 4195 dedit
1347 4133 1732 4198 bibliotheca
1756 4135 2014 4214 Collegii
2041 4135 2200 4198 Novi
2227 4136 2472 4205 Oxonii,
2507 4141 2568 4198 et
2600 4146 2892 4217 quartum
2917 4133 3298 4197 bibliotheca
3325 4131 3583 4192 Univer-

316 4232 512 4296 sitatis
565 4234 961 4311 Oxoniensis,
1015 4236 1558 4318 Constantinopoli
1587 4256 1791 4318 nuper
1843 4240 2195 4315 advectum,
2238 4239 2518 4303 melioris
2569 4246 2737 4304 nota:
2785 4246 2846 4303 et
2890 4240 3218 4319 antiquum
3248 4237 3418 4310 satis,
3447 4251 3584 4297 non

317 4331 534 4413 plures
595 4339 805 4397 tamen
867 4355 1161 4417 quemque
1191 4355 1383 4418 quam
1432 4356 1576 4400 xle
1610 4347 1715 4402 aut
1745 4358 1871 4400 XLV
1909 4341 2153 4422 priores
2200 4348 2780 4422 repraesentantem.
2843 4342 3143 4418 Quintum
3180 4346 3241 4401 et
3290 4337 3584 4400 ultimum

321 4433 702 4512 posteriores
738 4416 1314 4518 homilies,easque
1346 4455 1476 4501 non
1503 4438 1692 4519 plene
1723 4416 2176 4513 continentem,
2205 4416 2318 4502 sed
2356 4440 2610 4520 optimae
2648 4457 2792 4503 cum
2821 4416 3040 4520 primis
3070 4445 3236 4500 noun
3271 4436 3584 4510 codicem,
3610 4416 3627 4460 θ

320 4552 510 4615 supra
543 4551 1051 4600 commemorata:
1081 4539 1508 4603 Universitatis
1535 4541 1934 4604 bibliothecas
1964 4542 2290 4605 debemus.
2320 4564 2348 4599 ιυ
2370 4543 2610 4603 Horum
2641 4548 2766 4603 tres
2795 4541 3040 4621 priores
3081 4556 3210 4601 non
3255 4535 3584 4615 indagavi;

321 4648 578 4718 quartus
599 4642 797 4707 codex
829 4643 883 4705 is
905 4649 1020 4716 est,
1051 4644 1116 4705 ni
1147 4642 1350 4718 fallor,
1390 4644 1501 4725 qui
1531 4644 1718 4706 hodie
1748 4643 1926 4706 Bodl.
1962 4643 2070 4705 160
2102 4649 2391 4706 notetur:
2432 4643 2542 4722 qui
2565 4648 2773 4705 tamen
2803 4659 2932 4704 non
2963 4659 3113 4702 xuv
3142 4649 3248 4703 aut
3281 4657 3427 4714 va,
3471 4639 3585 4700 sed

322 4760 446 4808 xm
476 4748 717 4806 tantum
763 4742 1054 4805 homilies
1083 4743 1386 4806 continet.
1427 4743 1549 4806 Sed
1584 4751 2003 4825 praeterquam
2067 4743 2239 4823 quod
2291 4742 2503 4805 caeteri
2566 4759 2788 4805 omnes
2842 4741 3230 4804 Oxonienses
3274 4739 3472 4803 serius
3518 4739 3585 4802 in

323 4845 768 4910 bibliothecam
805 4849 1133 4915 venerunt,
1178 4843 1487 4908 lectiones
1515 4845 1816 4924 quasdam
1847 4861 2106 4926 prorsus
2139 4843 2508 4923 singulares,
2537 4858 2573 4905 a
2603 4842 2828 4904 Sevilio
2856 4841 2923 4902 in
2965 4842 3132 4904 notis
3171 4858 3248 4903 ex
3277 4840 3437 4902 libro
3468 4856 3586 4902 suo

325 4943 1022 5026 Constantinopolitano
1053 4951 1405 5025 excerptas,
1446 4945 1513 5007 in
1551 4945 1718 5008 dicto
1748 4946 1967 5009 codice
1995 4945 2338 5008 Bodleiano
2365 4943 2580 5006 inveni
2610 4942 2718 5024 (b).
2747 4945 3049 5005 Caeterum
3075 4949 3282 5005 utrum
3327 4948 3588 5022 quartus

325 5052 439 5114 iste
469 5049 671 5115 codex
691 5048 941 5126 Sevilio,
975 5047 1127 5111 dum
1157 5054 1396 5113 textum
1452 5049 1677 5113 harum
1707 5050 2106 5114 homilierum
2153 5037 2584 5123 concinnaret,
2614 5048 2692 5110 ad
2714 5065 2968 5111 manum
2996 5047 3204 5123 fuerit,
3242 5064 3325 5111 an
3361 5046 3586 5122 serius,

399 5286 476 5360 (a)
506 5283 663 5360 Unde
691 5300 834 5341 novo
858 5293 1176 5360 argumento
1200 5285 1414 5355 probari
1441 5295 1643 5360 po_t_est,
1677 5302 1774 5360 pro
1800 5288 1902 5360 hoc
2083 5289 2156 5360 (b)
2196 5287 2315 5344 Vid.
2347 5287 2546 5360 Adnot.
2574 5287 2641 5360 ad
2667 5303 2758 5358 pp.
2776 5287 2913 5360 240,
2947 5270 3206 5360 242L255
3246 5280 3356 5360 (ad_
3381 5280 3587 5360 calcem

330 5351 493 5432 titulo
525 5356 695 5432 alium
728 5351 1288 5432 postea'suppositum
1313 5351 1458 5432 esse:
1505 5356 1640 5432 Nam
1671 5351 1751 5432 de_
1768 5359 1901 5412 sub-
2009 5351 2181 5432 partis
2207 5358 2460 5432 secunde)f
2490 5351 2684 5428 hujus'
2706 5351 3048 5432 voluminis).
3071 5351 3298 5432 Paginas
3325 5351 3586 5432 intelligo

328 5428 482 5482 sidiis
525 5426 690 5496 huius
728 5424 989 5500 editionis
1023 5424 1486 5500 ’qutct‘elconius
1507 5428 1584 5482 sic
1615 5451 1627 5482 ς
1659 5447 1676 5480 ι
1714 5428 1899 5483 Gncca
2010 5424 2263 5487 editionis
2293 5424 2708 5500 Maurinzc'ques
2751 5429 2895 5484 inter
2941 5424 3112 5500 uncos
3137 5425 3194 5500 in
3223 5431 3374 5478 textu
3395 5424 3580 5493 posui-

329 5514 394 5552 cv
419 5511 576 5557 mss..
607 5505 666 5551 ut
715 5496 938 5551 credere
979 5504 1083 5570 est,
1106 5496 1367 5570 Palatinis
1399 5507 1661 5554 emerunt
1689 5516 1700 5553 :
1735 5513 1902 5568 neque
2008 5518 2150 5559 mus.
2188 5501 2343 5557 Enn.
2369 5497 2561 5570 Pun.)
2593 5496 2610 5500 “
2947 5497 2950 5500 ’
3155 5496 3164 5500 ’

330 5575 468 5624 enim
510 5575 840 5624 monuerunt.
881 5572 1018 5622 unde
1046 5566 1448 5635 desumpserint.
1813 5566 1819 5568 ⁷
2541 5566 2550 5570 ⁷
3157 5579 3192 5614 μ
