3832 6178
1402 283 1585 346 ΓΒΗ).
1621 280 1822 342 FlELD
1862 274 2247 338 PRAZFATIO.
3380 283 3435 322 lu

192 403 342 452 cum
388 386 468 449 ad
520 389 701 447 notas
742 386 997 445 ventum
1042 385 1225 454 esset,
1256 380 1316 443 ei
1373 376 1741 450 innotuerit,
1774 373 1928 436 mihi
1984 372 2239 455 quidem
2273 387 2399 432 non
2446 369 2660 447 liquet.
2696 373 2908 435 Restat
2936 373 3188 453 quintus
3220 367 3447 441 codex,

192 487 599 561 Bodleianus,
638 484 925 547 homilias
955 484 1332 564 posteriores
1381 500 1599 561 easque
1627 497 1753 540 non
1780 476 1957 558 plene
2010 474 2361 543 continens;
2390 490 2579 553 quem
2609 473 2714 535 diu
2739 473 3131 552 multumque
3161 485 3452 551 quaerens

191 587 426 651 frustra
456 589 569 661 fui,
600 588 802 650 donec
829 587 1063 659 inveni,
1096 602 1239 646 eum
1296 584 1362 645 in
1393 582 1683 659 Catalogo
1709 596 1881 642 num.
1916 575 2069 639 3019
2097 575 2211 637 sub
2239 575 2446 638 indice
2482 576 2903 651 tenebricoso,
2935 578 2996 637 J.
3027 571 3455 652 Chrysostomi

194 690 492 751 Humilia:
513 687 776 767 aliquot,
806 687 1019 749 latere.
1048 685 1247 765 Hujus
1272 700 1418 764 pars
1461 683 1718 761 antiqua
1748 686 1809 743 et
1839 677 2314 741 membranacea
2357 692 2484 738 non
2525 677 2667 756 plus
2698 694 2884 757 quam
2914 674 3358 749 xxxhomilias,
3388 672 3455 735 id

194 793 316 860 est,
351 805 385 846 a
432 804 499 865 p.
533 785 646 845 564
684 786 729 844 Β
765 783 843 845 ad
882 802 949 864 p.
998 782 1106 843 741
1151 787 1197 842 Α
1252 780 1730 859 complectitur;
1791 787 1853 839 et
1890 774 2096 856 quoad
2142 779 2344 836 textus
2375 777 2806 839 recensionem
2858 776 3262 839 arctissimam
3308 791 3455 837 cum

193 888 399 966 Regio
422 886 536 947 688
577 884 835 965 posthac
856 882 1268 945 describendo
1290 880 1650 943 afﬁnitatem
1677 894 1805 961 praa
1828 894 1893 940 se
1918 875 2341 955 fert.Reliqua
2364 876 2642 955 ejusdem
2670 876 3005 939 voluminis
3034 893 3178 956 pars
3210 874 3454 937 nullum

197 1005 466 1069 prorsus
518 986 597 1048 ad
634 984 897 1046 criticen
921 1000 1102 1045 usum
1140 982 1349 1044 habet.
1381 983 1599 1059 Itaque
1629 982 1893 1049 constat,
1918 980 2145 1055 praeter
2176 973 2406 1037 librum
2438 974 2897 1054 Redingianum
2949 974 3455 1037 recentissimum
3503 982 3528 1027 ι

198 1096 262 1151 et
292 1107 328 1149 a
352 1087 553 1149 scriba
587 1082 880 1164 imperito
908 1082 1313 1160 descriptum,
1338 1087 1466 1141 tres
1492 1082 1731 1139 tantum
1759 1075 2015 1138 codices
2042 1072 2268 1134 Savilio
2306 1082 2534 1152 praesto
2563 1074 2779 1149 fuisse,
2819 1075 2945 1138 duo
2968 1075 3253 1143 videlicet
3289 1076 3459 1154 prio-

198 1191 287 1254 ris
323 1191 538 1271 partis,
572 1194 633 1251 et
660 1204 882 1260 unum,
915 1199 1187 1264 eumque
1218 1181 1393 1245 valde
1421 1180 1731 1253 mutilum,
1752 1175 2138 1258 posterioris.
2162 1174 2348 1236 Ilisce
2377 1174 2671 1237 subsidiis
2701 1193 2849 1238 sane
2868 1176 3260 1238 tenuioribus
3289 1189 3454 1255 quo-

196 1270 398 1357 modo
444 1311 596 1355 usus
621 1290 831 1365 fuerit,
863 1303 1034 1350 nunc
1064 1283 1427 1346 videndum.
1465 1279 1796 1360 Exemplar
1844 1270 2400 1353 Heidelbergense,
2432 1276 2540 1354 qui
2570 1275 2629 1337 ei
2673 1275 2883 1339 Codex
2911 1295 3169 1337 excusus
3192 1281 3306 1349 est,
3340 1292 3455 1355 pro

197 1397 612 1461 fundamento
661 1408 840 1454 nova
899 1386 1189 1452 editionis
1247 1382 1476 1465 posuit.
1525 1383 1659 1444 Hoc
1692 1396 1933 1443 summa
1981 1376 2300 1455 diligentia
2334 1382 2395 1439 et
2429 1376 2551 1439 ﬁde
2586 1375 2663 1438 ad
2696 1376 2946 1439 codices
2975 1392 3144 1451 suos,
3175 1374 3455 1438 adhibito

200 1511 464 1576 quoque
492 1498 700 1554 vetere
751 1488 1118 1567 interprete,
1140 1478 1535 1559 recognovit;
1577 1494 1822 1540 errores
1851 1474 2365 1556 typographicos,
2397 1474 2450 1536 si
2480 1491 2609 1537 non
2641 1491 2883 1549 omnes,
2922 1481 3091 1539 certe
3122 1477 3451 1539 maximam

199 1605 473 1679 partem,
516 1594 890 1675 plerumque
938 1605 1068 1650 non
1106 1584 1345 1647 monito
1400 1581 1658 1656 lectore,
1690 1579 1952 1652 exemit;
2007 1577 2495 1651 distinctionem,
2526 1593 2668 1656 quae
2719 1577 2894 1656 prius
2921 1577 3148 1639 misere
3182 1577 3453 1657 jacebat,

198 1676 428 1765 sedulo
467 1695 782 1775 castigavit
808 1710 825 1769 ;
850 1708 1050 1755 uncos
1103 1683 1652 1756 Commelinianos,
1682 1683 1760 1744 de
1806 1681 2036 1761 quibus
2066 1678 2255 1760 paulo
2305 1684 2450 1740 ante
2478 1676 2714 1740 dictum
2744 1683 2858 1752 est,
2891 1677 3198 1758 plurimos
3232 1678 3457 1741 merito

200 1802 479 1877 sustulit,
517 1798 732 1880 paucis
784 1792 1019 1857 relictis
1046 1790 1224 1864 alios,
1258 1786 1367 1849 sed
1416 1785 1766 1866 pauciores,
1809 1784 1887 1845 de
1922 1799 2037 1844 suo
2075 1781 2141 1843 in
2169 1788 2407 1843 textum
2436 1779 2667 1842 intulit.
2698 1780 2874 1853 Quod
2896 1780 2971 1841 ad
2993 1780 3281 1843 ordinem
3314 1799 3455 1843 ver-

201 1908 429 1968 borum
458 1903 695 1975 attinet,
715 1900 782 1961 in
813 1914 942 1978 quo
973 1890 1412 1957 constituendo
1435 1886 1668 1950 librarii
1701 1884 1965 1947 multum
2020 1883 2186 1945 inter
2231 1900 2297 1945 se
2327 1881 2721 1955 dissentiunt,
2753 1882 2815 1942 in
2848 1881 3157 1961 prioribus
3186 1881 3458 1943 homiliis

198 2007 616 2084 archetypum
640 2016 781 2063 raro
812 1996 1083 2069 deserit;
1116 1995 1180 2055 in
1216 1988 1675 2073 posterioribus
1695 2003 1844 2049 vero
1870 2034 1885 2061 ,
1914 2001 2060 2065 ope,
2084 1989 2155 2045 ut
2182 1983 2447 2057 videtur,
2481 1983 2715 2045 codicis
2745 1984 2863 2057 sui,
2890 1983 3155 2063 plurima
3184 1984 3456 2048 novavit.

193 2081 509 2168 Praeterea
532 2103 727 2162 varias
771 2090 1093 2167 lectiones,
1124 2092 1231 2154 sed
1264 2107 1393 2152 non
1430 2089 1515 2150 ita
1562 2087 1949 2165 frequentes,
1975 2100 2101 2145 orae
2136 2081 2277 2143 libri
2298 2081 2604 2160 ascripsit,
2636 2092 2812 2142 more
2844 2081 2952 2161 qui
2979 2087 3129 2143 tunc
3156 2083 3458 2161 temporis

189 2208 467 2269 usitatus
502 2208 651 2265 erat.
676 2199 946 2270 Scilicet,
979 2194 1145 2257 nulla
1175 2190 1560 2269 singulorum
1584 2187 1873 2250 codicum
1898 2183 2218 2246 mentione
2238 2182 2421 2255 facta,
2454 2182 2506 2243 si
2529 2181 2681 2260 quid
2708 2181 2899 2243 textui
2925 2182 3003 2245 ab
3033 2182 3172 2263 ipso
3202 2189 3457 2264 recepto

192 2307 345 2370 libri
402 2301 809 2385 probabiliter
860 2296 1255 2377 adjiciebant,
1287 2290 1586 2353 asterisco
1636 2287 1703 2349 in
1739 2285 1900 2349 serie
1929 2283 2161 2365 posito,
2192 2282 2378 2343 verba
2409 2280 2708 2355 addititia,
2734 2281 3014 2343 eamdem
3048 2290 3261 2344 notam
3288 2299 3458 2361 prae-

190 2382 546 2482 tendentia,
574 2403 841 2482 margini
873 2400 1093 2473 illevit;
1123 2397 1176 2460 si
1229 2395 1379 2477 quid
1413 2393 1759 2466 mutabant,
1792 2389 2032 2452 duabus
2073 2384 2320 2447 lineolis
2352 2382 2716 2445 transversis
2751 2383 2768 2464 (
2798 2383 2869 2463 ")
2900 2383 2979 2445 ad
3010 2384 3255 2445 initiUm
3284 2383 3459 2446 verbi

194 2513 293 2574 vel
327 2513 841 2587 verborumque)
872 2520 906 2566 e
945 2509 1116 2566 textu
1154 2497 1458 2560 movenda
1488 2500 1684 2567 erant,
1717 2490 1985 2564 insertis,
2021 2489 2279 2551 verbum
2301 2486 2395 2547 vel
2422 2485 2631 2559 verba,
2654 2499 2795 2564 qua}
2830 2500 2906 2546 ex
2933 2483 3254 2547 codicibus
3283 2482 3458 2545 suﬂi-

197 2612 426 2677 cienda
472 2616 671 2683 erant,
718 2583 785 2669 in
816 2605 1159 2683 marginem
1207 2603 1385 2681 signo
1414 2627 1508 2679 γρ.
1542 2595 1882 2679 prmposito
1932 2591 2164 2655 retulit.
2203 2590 2337 2650 Hoc
2375 2603 2521 2649 vero
2578 2585 2635 2647 ei
2687 2585 3019 2648 infeliciter
3056 2585 3263 2659 cessit,
3286 2583 3455 2663 quod

199 2715 439 2777 nullam
490 2710 769 2774 notulam
800 2706 1090 2777 habebat,
1131 2722 1255 2784 qua
1283 2702 1761 2782 significaretur,
1785 2695 1864 2758 ad
1905 2699 2058 2774 quot
2080 2688 2381 2779 vocabula
2411 2703 2548 2749 sese
2586 2686 2877 2750 extendat
2904 2686 3273 2750 lineolarum
3305 2689 3457 2750 ista-

201 2835 342 2879 tum
384 2816 479 2876 vis
534 2837 548 2874 :
584 2828 726 2891 qua)
764 2828 865 2872 res
902 2807 1257 2870 Editoribus
1308 2802 1727 2867 Benedictinis
1764 2809 2221 2875 nonnunquam
2263 2791 2512 2854 errandi
2567 2789 2816 2853 occasio
2860 2789 3097 2852 exstitit
3122 2789 3229 2870 (a).
3263 2790 3457 2851 tidem

198 2936 332 2979 non
364 2932 497 2977 uno
540 2914 683 2977 loco
739 2918 921 2974 notas
968 2909 1315 2971 additionis
1351 2913 1411 2968 et
1455 2902 1821 2965 mutationis
1870 2900 2033 2961 inter
2071 2886 2138 2961 se
2187 2893 2662 2967 confundendo,
2698 2910 2890 2955 novas
2926 2891 3230 2963 lectiones
3268 2892 3457 2953 tinxe-

198 3023 349 3080 runt
383 3016 490 3096 (b).
520 3014 793 3076 Tertium
826 3012 1103 3073 (ictarum
1140 3008 1479 3070 lectionum
1510 3022 1707 3084 genus
1738 3021 1815 3065 ex
1842 3001 2040 3082 ipsius
2065 2999 2278 3062 Savilii
2308 2996 2548 3059 incuria
2578 2995 2884 3073 originem
2913 2994 3098 3067 traxit
3134 2991 3235 3074 (c).
3268 2994 3458 3054 Porro

200 3117 665 3181 observandum
732 3120 825 3177 est
862 3113 1156 3176 Savilium
1205 3111 1527 3192 plurimas,
1577 3116 1646 3170 ut
1680 3107 1832 3181 dixi,
1872 3103 2098 3167 veteris
2153 3102 2445 3165 editionis
2488 3099 2792 3161 lectiones
2840 3098 2975 3160 sine
3025 3096 3457 3159 admonitione

198 3230 507 3293 mutasse;
542 3219 598 3280 si
617 3234 764 3280 vero
797 3213 1136 3294 aliquando
1168 3213 1245 3274 de
1276 3200 1669 3275 correctione
1704 3210 1928 3269 Lector
1955 3203 2313 3268 monendus
2357 3206 2541 3274 esset,
2570 3199 2905 3261 lectionem
2933 3216 2967 3260 a
2999 3216 3065 3260 se
3095 3206 3364 3261 amotam
3392 3196 3455 3256 in

198 3322 485 3400 margine
513 3334 657 3381 cum
684 3316 864 3393 signo
900 3339 993 3391 γρ.
1033 3310 1340 3391 posuisse,
1364 3307 1530 3370 haud
1558 3322 1740 3369 secus
1771 3320 1958 3384 quam
1982 3303 2031 3365 si
2068 3319 2104 3364 e
2133 3302 2353 3365 codice
2382 3298 2652 3380 quodam
2688 3314 2876 3359 manu
2902 3298 3135 3379 scripto
3166 3305 3455 3379 excerpta

199 3425 441 3486 fuisset.
483 3421 618 3482 Hoc
662 3432 918 3497 quoque
951 3420 1044 3475 est
1074 3411 1180 3474 ubi
1218 3407 1642 3471 Benedictinis
1686 3404 1892 3468 fraudi
1948 3403 2065 3466 fuit
2103 3403 2215 3484 (d).
2274 3402 2448 3476 Quod
2482 3418 2630 3463 vero
2651 3400 2727 3463 ad
2756 3406 2959 3462 textus
2986 3400 3455 3479 castigationem

209 3527 441 3599 attinet,
472 3524 541 3589 in
574 3520 781 3602 priore
816 3516 1026 3597 cperis
1056 3518 1229 3594 parte
1251 3559 1266 3586 ,
1298 3510 1407 3573 ubi
1444 3509 1656 3590 plures
1684 3506 1938 3570 codices
1973 3506 2032 3567 ei
2065 3505 2144 3569 ad
2193 3521 2447 3566 manum
2490 3507 2686 3576 erant,
2714 3500 2911 3562 multo
2940 3500 3179 3563 cautius
3209 3505 3270 3563 et
3307 3500 3455 3562 reli-

205 3626 441 3704 giosius
488 3625 556 3684 in
602 3618 1058 3683 mutationibus
1108 3620 1243 3677 tum
1283 3611 1683 3674 admittendis
1724 3612 1875 3671 tum‘
1896 3607 2186 3670 notandis
2246 3611 2525 3667 versatus
2564 3613 2693 3677 est;
2734 3603 2800 3663 in
2850 3602 3195 3681 posteriore
3222 3608 3456 3677 autem,

203 3730 406 3794 codici
432 3746 573 3803 suo,
605 3734 676 3789 ut
705 3723 975 3797 videtur,
1007 3719 1268 3782 nimium
1300 3716 1606 3792 addictus,
1642 3716 1973 3777 innumera
2000 3711 2132 3775 fere
2155 3709 2421 3785 novavit,
2453 3709 2531 3770 de
2566 3707 2795 3787 quibus
2822 3722 3030 3784 neque
3060 3704 3123 3765 in
3154 3722 3263 3767 ora
3289 3704 3454 3777 libri,

202 3849 412 3912 neque
462 3832 530 3892 in
576 3827 742 3890 notis
770 3824 1026 3887 verbum
1076 3818 1341 3882 monuit.
1372 3819 1607 3879 Harum
1643 3814 2058 3877 mutationum
2102 3810 2437 3875 nonnullas
2469 3818 2575 3872 aut
2608 3810 2675 3870 in
2713 3806 3221 3871 adnotationibus
3247 3812 3353 3866 aut
3392 3807 3453 3868 in

204 3909 383 3994 variis
410 3920 1121 4013 lectionibusjndicavi;
1153 3918 1365 3998 plures
1390 3914 1640 3977 silentio
1667 3913 1959 3995 prmterii.
1985 3915 2288 3975 Caeterum
2320 3918 2546 3992 praeter
2571 3917 2751 3973 notas
2778 3909 3173 3989 marginales,
3197 3911 3453 3973 Savilius

206 4032 675 4099 observationes
704 4010 868 4098 suas,
916 4038 1145 4102 paucas
1176 4017 1431 4099 quidem
1461 4017 1571 4078 sed
1601 4017 1786 4077 bona;
1821 4014 2005 4093 frugi,
2040 4014 2106 4075 in
2138 4019 2313 4094 parte
2343 4011 2688 4092 posteriore
2716 4011 2871 4073 tomi
2900 4010 3099 4073 octavi
3135 4010 3453 4083 condidit;

207 4154 467 4218 quarum
504 4131 835 4194 maximam
864 4129 1105 4205 partem
1135 4122 1338 4185 amico
1370 4136 1508 4192 suo,
1530 4118 1755 4180 Joanni
1785 4116 1993 4177 Boisio
2019 4113 2119 4195 (e),
2148 4114 2451 4177 canonico
2483 4113 2735 4187 Eliensi,
2758 4114 2987 4175 debere
3007 4129 3073 4174 se
3105 4112 3447 4191 proﬁtetur.

208 4211 445 4319 incepti
492 4231 779 4297 Saviliani
812 4245 959 4290 vere
1003 4224 1315 4303 magnifici
1340 4228 1401 4284 et
1436 4220 1746 4301 privatum
1781 4234 2041 4281 censum
2088 4215 2520 4295 exsuperantis
2560 4214 2841 4275 notitiam
2873 4230 3074 4275 meam
3114 4211 3451 4284 absolvam,

209 4312 536 4419 postquam
568 4333 648 4394 de
672 4337 803 4391 toto
831 4342 1027 4408 Opere
1060 4338 1389 4395 monuere,
1417 4334 1754 4399 cperarum
1781 4321 2171 4378 correctores
2205 4314 2269 4375 in
2302 4312 2508 4376 oﬂicio
2536 4331 2651 4376 suo
2680 4312 3149 4391 diligentissime
3180 4317 3453 4373 versatos

209 4411 343 4501 esse
361 4411 392 4511 ;_
416 4444 489 4498 ut
518 4452 649 4497 non
682 4430 879 4510 magis
922 4434 1181 4490 externo
1218 4423 1445 4495 nitore,
1476 4435 1665 4499 quam
1693 4416 1991 4480 interiore
2024 4414 2421 4479 accuratione
2448 4430 2520 4475 ac
2550 4412 2671 4474 fide
2704 4412 2861 4473 liber
2882 4411 3169 4473 emineat.

282 4510 388 4600 III.
442 4537 532 4599 Ad
563 4533 807 4596 tertiam
844 4526 1182 4591 editionem
1208 4521 1308 4602 (Ι),
1340 4536 1483 4600 qua)
1540 4516 1783 4579 Morelli
1851 4522 1968 4591 est,
2027 4513 2501 4578 describendam
2545 4510 3009 4573 Montefalconii
3048 4510 3251 4573 verbis
3290 4517 3449 4572 utar.

209 4665 237 4695 α
266 4639 464 4701 Editio
492 4634 768 4698 Parisina
792 4627 1027 4693 Claudii
1046 4627 1195 4703 [imo
1210 4621 1444 4697 Caroli]
1466 4618 1707 4682 Morelli
1733 4635 1901 4680 anno
1930 4617 2327 4678 MDCXXXVI
2350 4614 2499 4690 [imo
2526 4613 2948 4689 MDCXXXIII]
2967 4612 3449 4686 data,Saviliana

207 4754 269 4803 et
317 4734 805 4801 Commeliniana
858 4728 1119 4791 inferior
1168 4730 1284 4800 est,
1332 4722 1448 4785 etsi
1482 4721 1621 4801 ipse
1650 4717 2084 4800 typographus
2122 4716 2461 4778 admodum
2490 4713 2660 4775 illam
2689 4714 3088 4775 commendet
3118 4713 3179 4774 in
3213 4713 3450 4775 Monito

206 4862 342 4909 suo.
373 4837 807 4917 Exemplaria,
829 4833 1054 4913 inquit,
1096 4830 1317 4911 quibus
1345 4830 1413 4889 in
1432 4826 1730 4906 praesenti
1757 4824 2026 4885 editione
2055 4823 2155 4883 usi
2184 4838 2392 4881 sumus
2414 4819 2613 4896 fuere,
2648 4818 3065 4879 authenticum
3108 4818 3265 4878 illud
3314 4820 3445 4895 An:

207 4945 464 5025 glicana:
523 4938 842 5010 editionis,
874 4948 1192 5011 nunquam
1254 4929 1410 4989 satis
1478 4924 1826 4998 laudatum,
1867 4925 1970 4986 cui
2025 4922 2314 5001 religiose
2369 4917 2736 4978 adhtesimus
2779 4919 2844 4978 in
2866 4919 3234 4997 corrigendo
3274 4927 3443 4978 texti.

212 5049 438 5122 erco,
469 5044 705 5105 notatis
738 5040 921 5121 prius
958 5056 1067 5098 suo
1106 5033 1444 5116 quibusque
1475 5030 1607 5092 loco
1645 5029 1909 5104 mendis,
1954 5046 2086 5109 quae
2124 5028 2190 5088 in
2228 5023 2389 5086 calce
2426 5021 2696 5103 ejusdem
2732 5022 3026 5084 editionis
3074 5028 3360 5082 accurate
3392 5028 3449 5083 et

280 5286 354 5356 (α)
383 5285 514 5340 Vide
546 5282 748 5338 Adnot.
792 5276 859 5333 ad
901 5294 954 5347 p.
981 5278 1107 5332 459.
1189 5350 1194 5355 η
1312 5284 1317 5289 ‘
1876 5274 2088 5356 libellus
2119 5270 2469 5356 utilissimus...
2498 5284 2600 5323 nec
2629 5268 2969 5356 satis‘_no't'us
3012 5287 3024 5319 :
3056 5262 3247 5356 lfpteris
3272 5262 3449 5356 inter;-

875 5331 967 5437 plp.
994 5366 1117 5431 546,
1151 5350 1275 5430 569,
1299 5364 1422 5431 615,
1456 5366 1577 5421 664,
1873 5346 2033 5447 agitis
2072 5359 2189 5396 cum
2205 5337 2343 5395 Beza
2374 5340 2594 5409 aliisque
2620 5337 2985 5391 recentioribus
3013 5334 3240 5388 collatio.
3272 5331 3445 5388 Lond.

286 5416 355 5447 κν,
395 5416 844 5431 --υνι-ι-ην--η
877 5416 1117 5437 ,υτ-νη,
1156 5416 1422 5431 τηρ-ν,
1987 5416 2013 5431 .,

758 5453 951 5561 iiiP-ll;
976 5449 1108 5561 223;
1878 5416 2373 5561 lizecneditio
2414 5477 2699 5561 interdum
2756 5476 3111 5561 rontpniana
3162 5473 3379 5554 dicitur,
3410 5486 3441 5522 η

290 5543 357 5610 (ά)
392 5538 521 5594 Vide
549 5538 752 5592 ΑίῘηοί·
788 5535 855 5588 ad
883 5550 972 5604 νβ’
1003 5534 1129 5597 207'
1173 5534 1297 5586 355°
1878 5534 2380 5608 Friinto-ne‘Ilucmo
2407 5548 2611 5603 Jcsuita
2652 5548 2871 5600 nomine
2901 5547 3065 5601 ducto
3090 5544 3215 5614 ;qui
3263 5534 3444 5597 tamen

294 5624 359 5694 ξε)
384 5624 548 5693 Ilujus
572 5622 702 5687 viri,
722 5620 923 5691 lingua!
948 5617 1230 5686 utriusque
1250 5614 1582 5689 peritissimi,
1603 5620 1779 5666 exstat

1412 5614 1582 5689 SSiml,
1603 5620 1779 5666 0351M
1879 5624 2140 5679 llomilias
2171 5624 2225 5678 in
2252 5622 2560 5676 Mattlueum
2596 5634 2699 5673 non
2734 5617 2923 5686 tetigit.
