3832 6178
350 287 402 329 1v
1580 250 1771 314 ‘FRIU.
1817 252 2016 309 ΗΕιο
2056 238 2452 307 ΡΒᾸΞῈᾹΤΙΟ.

342 380 615 462 ﬁdeliter
654 380 984 443 habentur.
1012 376 1292 441 Alterum
1329 378 1455 456 fuit
1494 377 1682 437 editio
1727 383 2041 455 postrema
2068 372 2449 435 Parisiensis
2476 370 2692 431 Latine
2725 375 2966 431 tantum
2997 388 3036 429 a
3069 369 3144 429 Β.
3172 369 3246 430 Ρ.
3283 364 3607 427 Frontem

346 482 565 543 Duch
594 483 876 543 societat.
906 483 1055 543 Iesu
1091 480 1421 560 Theologo,
1462 478 1779 558 etc.Atqui
1801 474 1971 556 quod
2003 474 2087 537 ait
2104 474 2211 538 ille
2236 490 2306 537 se
2346 472 2689 552 Anglicano
2710 471 3077 553 exemplari,
3109 471 3240 533 sive
3267 465 3604 537 Saviliano,

345 582 637 659 religiose
689 581 1053 656 adhaesisse,
1100 580 1331 644 mirum
1400 584 1705 660 quantum
1754 595 1789 639 a
1835 592 1985 637 vero
2041 575 2498 637 aberratznam
2543 571 2622 634 ab
2676 572 2786 634 illo
2821 569 3166 652 saepissime
3192 566 3281 629 ita
3300 565 3608 636 dissonat,

344 684 617 744 maxime
664 699 815 744 vero
865 683 1239 763 quibusdam
1286 683 1352 744 in
1386 682 1570 755 locis,
1602 686 1664 741 et
1700 677 1955 759 quidem
1998 684 2093 740 sat
2118 674 2573 756 frequentibus,
2613 679 2682 735 ut
2710 673 2969 754 planum
2999 671 3079 734 sit
3112 670 3295 734 illum
3324 684 3360 731 a
3389 664 3612 728 labore

349 780 482 841 haec
512 778 639 841 duo
669 778 1052 859 exemplaria
1081 778 1449 842 conferendi
1474 777 1570 840 vel
1602 777 1887 851 omnino,
1910 773 2006 836 vel
2036 775 2255 837 saltem
2277 766 2646 854 plerumque
2675 770 3073 835 abstinuisse.
3107 770 3371 831 Prorsus
3397 770 3612 828 autem

346 890 698 947 consonant
724 885 939 946 Graaca
968 882 1209 945 Morelli
1240 900 1381 946 cum
1413 882 1644 944 Graacis
1662 880 2171 943 Commelinianis
2195 896 2210 954 ;
2236 881 2322 943 ita
2347 884 2417 941 ut
2445 878 2631 942 etiam
2675 893 2864 939 voces
2915 892 3158 950 omnes,
3189 890 3333 954 quin
3359 867 3614 935 uncinis

345 983 755 1048 includuntur
780 985 845 1048 in
886 984 1376 1048 Commeliniana
1405 982 1707 1059 editione,
1735 982 1801 1044 id
1838 981 2011 1063 quod
2040 980 2273 1062 passim
2297 979 2591 1055 occurrit,
2621 978 2871 1041 uncinis
2898 976 3184 1040 similiter
3209 971 3615 1036 includantur

345 1082 414 1144 in
441 1084 953 1148 Morelliana......
986 1086 1166 1149 Unde
1207 1086 1390 1149 facile
1430 1085 1829 1160 crediderim,
1877 1101 2107 1165 operas
2159 1082 2411 1145 Morelli‘
2455 1074 2942 1163 typographicas
2975 1080 3053 1142 ad
3098 1073 3612 1163 Commeiiniana)

344 1179 642 1244 editionis
671 1182 858 1244 ﬁdem
902 1184 1115 1245 Graeca
1170 1182 1597 1263 Chrysostomi
1650 1183 1945 1246 edidisse.
1983 1185 2059 1245 Et
2083 1188 2290 1245 tamen
2323 1180 2491 1244 nulla
2515 1180 3021 1243 Commelinianaa
3052 1176 3344 1242 editionis
3370 1173 3613 1237 mentio

348 1276 616 1345 habetur
651 1284 717 1347 in
742 1284 979 1346 Monito
1009 1284 1273 1347 Morelli.
1298 1309 1325 1341 »
1348 1288 1498 1349 Hinc
1527 1287 1849 1350 verissime
1877 1303 1913 1348 a
1938 1283 2425 1349 Montefalconio
2447 1282 2610 1345 dicta
2640 1300 2777 1345 esse
2806 1287 3024 1357 testor,
3054 1278 3407 1362 praesertim
3437 1273 3614 1356 quod

350 1383 429 1447 de
458 1402 697 1448 summa
730 1386 1067 1450 concordia
1099 1388 1553 1469 exemplarium
1580 1390 1925 1453 Morelliani
1952 1394 2016 1451 et
2052 1385 2526 1451 Commeliniani
2563 1384 2821 1447 afﬁrmat
2846 1400 2862 1459 ;
2895 1384 2982 1447 ita
3013 1388 3104 1457 ut,
3136 1374 3618 1443 siamanifestis

349 1490 676 1568 utriusque
732 1505 1065 1568 operarum
1110 1490 1426 1553 erroribus
1481 1491 1845 1563 decesseris,
1890 1492 1993 1553 vix
2017 1490 2234 1553 decem
2265 1489 2422 1552 locis
2462 1504 2534 1551 ea
2569 1487 2736 1549 inter
2758 1503 2826 1548 se
2875 1484 3202 1547 dissentire
3234 1479 3613 1544 existimem.

350 1586 569 1669 Itaque
617 1608 758 1653 cum
787 1591 935 1652 satis
969 1592 1323 1667 constet,in
1358 1590 1475 1655 hac
1514 1592 1795 1654 editione
1833 1590 1989 1654 nihil
2046 1591 2308 1655 omnino
2337 1587 2568 1651 criticis
2631 1585 2777 1648 ﬁdei
2826 1590 2931 1647 aut
2960 1579 3345 1646 auctoritatis
3374 1578 3612 1649 inesse,

355 1707 610 1771 prorsus
638 1692 718 1755 de
746 1710 819 1755 ea
853 1694 1210 1771 tacuissem,
1243 1696 1365 1758 nisi
1400 1696 1542 1759 dua;
1578 1713 1793 1759 causa)
1834 1695 2219 1760 obstitissent
2252 1711 2266 1756 :
2295 1711 2444 1768 una,
2475 1691 2647 1773 quod
2672 1690 2794 1755 hoc
2824 1692 3030 1771 ipsum
3062 1685 3406 1767 exemplar,
3437 1682 3616 1763 cujus

355 1796 831 1875 depravationes
886 1805 1012 1860 tam
1064 1799 1318 1880 penitus
1370 1805 1732 1881 perspectas
1778 1798 1996 1862 habuit
2021 1795 2566 1871 Montefalconius,
2598 1799 2734 1876 ipse
2773 1805 2986 1877 spreto
3031 1791 3372 1871 Anglicano
3404 1785 3617 1868 operis

354 1894 484 1955 suis
537 1895 910 1958 imitandum
959 1897 1161 1973 dedit;
1184 1898 1398 1975 altera,
1439 1900 1609 1980 quod
1640 1900 1790 1963 dum
1821 1902 2035 1964 Graeca
2062 1917 2204 1964 mea
2237 1899 2560 1975 ornaham,
2584 1899 2926 1962 editionem
2953 1891 3505 1958 Commelinianam
3533 1886 3618 1948 ad

358 2012 611 2058 manum
642 1996 871 2060 habere
908 2016 1037 2061 non
1067 2000 1285 2080 potui:
1321 2008 1540 2085 postea
1572 2020 1717 2066 vero
1752 2002 2096 2084 exemplari
2133 2008 2520 2083 comparato,
2560 2000 2683 2063 vidi
2715 2001 2777 2064 in
2812 1999 3021 2061 locum
3044 1992 3288 2057 Merclli
3324 1993 3616 2054 Comme-

357 2099 467 2161 lini
496 2115 728 2161 nomen
746 2100 981 2181 ubique
1005 2100 1138 2163 fere
1163 2100 1362 2165 suﬂici
1389 2120 1576 2183 posse
1610 2103 1723 2185 (a).

432 2200 533 2262 IV.
576 2201 709 2262 Jam
748 2201 1000 2264 tandem
1037 2201 1115 2264 ad
1143 2202 1610 2267 Benedictinam
1643 2204 2029 2279 devenimus,
2063 2221 2206 2285 quae
2233 2221 2480 2268 summo
2511 2204 2783 2266 virorum
2818 2199 3147 2262 doctorum
3174 2193 3614 2256 indoctorum-

356 2319 481 2383 que
515 2318 832 2364 consensu
875 2301 953 2366 ad
990 2301 1161 2367 hunc
1208 2304 1377 2367 diem
1407 2305 1732 2367 Editionis
1754 2306 2001 2386 optimm
2022 2306 2230 2385 elogio
2261 2306 2615 2369 decoratur.
2654 2301 2895 2365 Prodiit
2921 2299 3110 2377 igitur
3128 2297 3401 2377 Operum
3423 2292 3616 2372 Chry-

355 2401 617 2465 sostomi
648 2407 854 2464 tomus
880 2403 1204 2483 septimus,
1237 2405 1347 2484 qui
1376 2422 1411 2467 a
1437 2406 1666 2468 nostris
1701 2406 1989 2469 Homiliis
2009 2413 2175 2470 totus
2204 2412 2570 2487 occupatur,
2592 2402 2841 2467 Parisiis
2874 2415 3040 2463 anno
3089 2396 3261 2459 1727.
3294 2397 3365 2457 In
3401 2395 3615 2456 fronte

356 2503 499 2567 libri
554 2504 634 2566 de
676 2503 1102 2585 Chrysostomi
1140 2506 1440 2586 cperibus
1487 2507 1555 2569 in
1610 2509 1973 2571 universum
2033 2508 2409 2588 praedicatur
2435 2555 2450 2582 ,
2485 2524 2563 2569 EA
2610 2523 2692 2567 AD
2735 2520 2869 2565 mss.
2914 2516 3170 2563 CODICES
3209 2510 3616 2589 GALLiCANOS,

356 2620 721 2679 VATICANOS,
763 2622 1172 2682 ANGLICANOS,
1213 2625 1752 2684 GERMANICOSQUE,
1799 2627 2049 2674 RECNON
2085 2630 2169 2674 AD
2212 2627 2586 2673 SAVILIANAM
2627 2625 2705 2670 ΕΤ
2737 2619 3228 2669 FRONTONIANAM
3266 2614 3619 2670 EDITIONES,

360 2710 699 2770 αΑετιόΑτΑ
743 2724 913 2770 assa.
965 2706 1141 2781 Quod
1206 2706 1313 2769 hic
1356 2708 1435 2770 de
1465 2710 1789 2773 codicibus
1816 2710 2656 2789 VaticanisGermanicisque
2693 2708 3243 2774 commemoratur,
3274 2699 3338 2762 id
3377 2697 3454 2761 ad
3496 2695 3621 2760 alia

358 2807 783 2888 Chrysostomi
814 2824 1009 2889 Opera
1044 2808 1317 2888 pertinet
1351 2826 1364 2869 :
1395 2809 1880 2889 Anglicanomm
1930 2830 2079 2877 vero
2116 2812 2405 2877 codicum
2432 2810 2671 2873 mentio
2716 2805 2966 2871 nonnisi
3025 2803 3285 2885 repetita
3325 2798 3622 2863 editionis

358 2907 684 2972 Savilianaa
713 2907 1058 2971 nominatio
1089 2919 1203 2971 est.
1241 2910 1502 2972 Restant
1528 2928 1678 2991 ergo
1704 2911 2028 2989 Gallicani,
2058 2931 2219 2993 quos
2242 2912 2319 2975 ad
2355 2913 2602 2983 initium
2631 2910 2907 2973 homiliaa
2935 2906 3155 2991 primae
3212 2902 3482 2965 breviter
3510 2900 3624 2961 de-

360 3008 646 3087 signavit.
679 3006 1093 3083 Contulimus,
1123 3009 1352 3089 inquit,
1393 3011 1634 3074 codices
1663 3015 1890 3095 Regios
1930 3012 2106 3091 1934,
2149 3013 2327 3090 1940,
2370 3013 2543 3075 1942.
2573 3011 2844 3077 Colbcrt.
2885 3008 3019 3083 166,
3049 3008 3188 3070 205.
3218 3002 3482 3067 Coislin.
3514 2999 3617 3062 66.

363 3108 569 3171 Alium
591 3109 733 3170 item
760 3109 931 3170 Dom.
980 3108 1299 3170 Foucault.
1335 3118 1391 3170 et
1435 3112 1849 3172 Turonensem
1896 3113 2075 3173 Dom.
2116 3110 2200 3173 du
2232 3110 2494 3185 Poirier,
2520 3108 2754 3171 Medici
2778 3100 3439 3168 eruditissimi.Habes
3474 3104 3622 3161 octo

360 3209 614 3273 codices
642 3209 808 3271 bene
846 3215 1229 3281 numeratos,
1261 3208 1324 3269 in
1351 3225 1626 3289 quorum
1651 3214 1859 3272 tamen
1898 3211 2116 3274 notitia
2149 3211 2365 3273 Virum
2393 3206 2967 3293 palwographicum
2996 3210 3058 3267 et
3079 3208 3280 3266 totum
3308 3202 3376 3264 in
3413 3216 3620 3262 mem-

360 3317 697 3380 branarum
726 3312 1150 3393 descriptione
1178 3318 1485 3374 versatum
1516 3312 1809 3393 equidem
1838 3330 1969 3376 non
2000 3329 2299 3392 agnosco.
2341 3312 2518 3387 Quod
2551 3310 2890 3392 plurimum
2940 3308 3223 3381 interest,
3253 3309 3464 3367 utrum
3485 3302 3620 3365 sin-

361 3412 492 3495 guli
521 3412 772 3475 codices
820 3411 1134 3491 integrum
1188 3428 1372 3491 opus,
1405 3428 1484 3474 an
1515 3411 1789 3492 priorem
1819 3418 2060 3475 tantum
2092 3412 2189 3475 vel
2235 3412 2652 3495 posteriorem
2693 3416 2935 3491 partem
2988 3406 3373 3480 contineant,
3418 3404 3483 3466 id
3540 3419 3622 3466 ne

360 3515 552 3575 vcrbo
604 3511 862 3593 quidem
902 3511 1255 3576 declaravit.
1318 3514 1448 3586 Qua
1478 3511 1559 3573 de
1614 3529 1681 3574 re
1728 3529 1925 3592 pauca
1958 3513 2141 3577 nobis
2178 3512 2444 3577 dicenda
2474 3517 2641 3574 sunt.
2688 3509 2981 3573 Codicem
3012 3504 3621 3584 Coislinianumipse

362 3613 619 3676 Montef.
674 3615 738 3675 in
803 3611 1186 3674 Bibliotheca
1226 3609 1479 3673 Coislin.
1540 3627 1606 3689 p.
1650 3607 1784 3685 129,
1829 3601 2031 3673 fusius
2083 3610 2412 3690 descripsit
2458 3627 2472 3671 :
2512 3608 2794 3673 continet
2842 3606 3133 3670 homilias
3167 3606 3318 3667 XLV
3346 3604 3620 3686 priores.

364 3718 598 3795 Regius
649 3714 822 3790 1940,
859 3715 1048 3777 hodie
1087 3713 1226 3786 673,
1256 3712 1507 3775 easdem
1540 3711 1748 3775 habet.
1784 3715 2017 3792 Regius
2063 3713 2236 3790 1942,
2267 3713 2459 3777 hodie
2503 3711 2641 3787 666,
2683 3718 2746 3775 et
2775 3714 2933 3791 Reg.
2972 3709 3224 3785 1934-3,
3254 3709 3447 3773 hodie
3473 3709 3620 3785 668,

364 3816 609 3898 priores
635 3815 816 3876 XLIV
846 3823 1111 3893 uterque
1136 3819 1441 3876 numerat.
1467 3815 1742 3887 Quatuor
1764 3815 1882 3878 hos
1903 3816 2153 3878 codices
2189 3815 2326 3895 ipse
2350 3814 2622 3895 inspexi,
2652 3812 3083 3892 lectionesque
3109 3812 3445 3874 nonnullas
3467 3811 3625 3876 inde

367 3921 715 3995 excerptas,
747 3913 814 3975 in
847 3911 1357 3976 adnotationibus
1385 3930 1527 3976 cum
1564 3915 1823 3977 Lectore
1873 3915 2350 3978 communicavi.
2390 3915 2624 3994 Regius
2658 3912 2909 3989 1934-4,
2940 3912 3130 4005 hqdie
3159 3910 3297 3987 685,
3323 3911 3480 3975 mihi
3522 3915 3621 3989 L.,

365 4014 778 4095 posteriorem
837 4013 1235 4078 homiliarum
1281 4021 1521 4096 partem
1561 4017 1862 4080 continet.
1896 4019 1983 4081 De
2005 4018 2250 4081 caeteris
2285 4017 2438 4080 nihil
2462 4024 2855 4098 compertum
2891 4016 3119 4078 habeo.
3161 4018 3466 4078 Cancrum
3508 4032 3623 4079 co-

365 4115 575 4178 dicum
604 4114 915 4178 indicibus
935 4115 1002 4176 in
1042 4115 1251 4178 fronte
1291 4116 1502 4197 aperis
1541 4117 1783 4197 positis,
1817 4124 2035 4197 postea
2088 4136 2123 4181 a
2156 4118 2358 4199 prima
2403 4117 2661 4180 homilia
2706 4132 2911 4197 usque
2947 4115 3022 4179 ad
3086 4115 3490 4199 novissimam
3539 4133 3623 4178 ne

365 4235 563 4283 unum
603 4209 871 4298 quidem
898 4216 1267 4279 nominatim
1297 4216 1598 4297 appellat;
1628 4217 1736 4279 sed
1793 4236 2005 4292 unum,
2041 4218 2187 4293 duo,
2234 4217 2416 4292 alios,
2457 4217 2754 4297 quosdam
2810 4215 3113 4295 plurimos
3138 4263 3154 4290 ,
3188 4214 3311 4278 hoc
3337 4214 3433 4277 vel
3462 4214 3619 4279 illud

365 4318 578 4398 legere
623 4334 913 4393 monens,
948 4316 1188 4379 umbris
1230 4331 1303 4379 ac
1363 4316 1711 4378 simulacris
1750 4316 2048 4379 lectorem
2101 4316 2259 4380 ludit
2290 4316 2401 4399 (b).
2459 4316 2642 4378 Plura
2673 4316 2754 4378 de
2801 4314 2980 4378 istius
3019 4313 3294 4377 hominis
3327 4314 3621 4379 codicum

366 4420 733 4484 tractatione
769 4419 837 4481 in
884 4417 1392 4481 adnotationibus
1448 4417 1599 4491 dixi,
1638 4434 1779 4498 quae
1809 4435 1979 4481 nunc
2025 4425 2314 4499 repetere
2343 4435 2470 4482 non
2499 4417 2726 4499 placet.
2774 4418 3029 4480 Summa
3072 4422 3285 4480 autem
3310 4417 3448 4481 haec
3479 4424 3617 4481 est:

368 4526 628 4589 Codices
662 4541 794 4586 non
836 4522 1027 4585 modo
1056 4538 1185 4584 non
1226 4520 1486 4583 contulit
1525 4522 1731 4585 bonus
1750 4521 2120 4598 monachus,
2152 4522 2263 4585 sed
2292 4521 2606 4586 interdum
2634 4522 2819 4585 etiam
2854 4521 2921 4583 in
2950 4521 3107 4584 locis
3135 4520 3619 4599 difﬁcilioribus,

371 4632 433 4689 et
459 4626 570 4688 ubi
595 4642 661 4687 se
690 4624 931 4686 haerere
966 4623 1319 4703 profitetur,
1340 4639 1421 4685 ne
1451 4623 1729 4702 inspexit
1766 4623 2024 4703 quidem
2057 4622 2157 4704 (ο).
2189 4624 2511 4686 Variarum
2542 4623 2883 4685 lectionum
2925 4639 2998 4684 ex
3030 4629 3124 4686 tot
3157 4624 3450 4687 subsidiis
3477 4641 3515 4687 a
3549 4644 3622 4689 se

371 4728 633 4793 evolutis
664 4728 763 4789 vix
792 4727 978 4789 unius
1007 4725 1276 4789 codicilli
1297 4740 1564 4789 messem
1593 4725 1843 4805 collegit
1862 4725 1974 4807 (d).
2010 4728 2374 4791 Notularum
2407 4744 2627 4805 magna
2652 4744 2796 4808 pars
2823 4728 2887 4789 in
2926 4728 3085 4792 vitiis
3112 4729 3213 4792 ed.
3235 4730 3620 4794 Morellianaa

441 4935 531 5008 (oi
554 4933 729 5008 Editio
755 4931 974 5008 Morclli
990 4931 1218 5008 repetita
1247 4941 1330 4987 est
1352 4930 1692 4987 Francol‘urti
1720 4934 1861 5003 apud
1882 4934 1939 4987 Β.
2052 4953 2070 4985 ι
2115 4933 2334 4988 Montef.
2364 4934 2524 5008 tacite
2537 4935 2775 5008 exclusit
2790 4934 2918 4989 τῶν.
2942 4934 3075 5008 Nam
3104 4937 3320 5008 codices
3344 4937 3620 5008 inspicere

368 5005 431 5063 C.
467 5005 756 5078 Wustium,
789 5018 933 5078 anno
957 5003 1111 5058 i698.
1135 5072 1235 5078 η-
1505 5070 1519 5078 _
1640 5073 1669 5078 __
2051 5024 2069 5055 ι
2099 5003 2410 5078 properanti
2461 5004 2663 5078 Critico
2688 5075 2702 5078 _
2723 5020 2834 5078 non
2869 5006 3170 5078 vacabat.)
3205 5006 3342 5078 Ibid.
3372 5003 3563 5078 p.156
3598 5027 3616 5066 :

446 5076 516 5146 (b)
554 5074 736 5148 Semel
766 5074 1005 5148 quidem,
1045 5088 1098 5142 p.
1131 5072 1257 5134 287,
1289 5080 1384 5126 not
1412 5113 1426 5136 ,
1454 5070 1521 5127 ad
1556 5073 1792 5148 codicum
1827 5091 1941 5127 om-
2051 5094 2069 5125 ι
2100 5070 2334 5148 ζξοᾶἰεθξ
2358 5074 2643 5130 consulere
2672 5075 2904 5148 debebat
2930 5074 3150 5148 Montef.
3179 5095 3197 5128 ι
3221 5070 3441 5148 ΙὺὶἁῙι).
3471 5079 3611 5135 139:

371 5143 516 5198 niu'm
551 5145 1319 5215 emendatissimumprovocat.
1350 5157 1452 5215 nec
1477 5143 1939 5215 nominatitamen.
2051 5163 2069 5195 ι
2105 5145 2274 5200 Vetus
2313 5144 2588 5215 Interpres
2637 5145 2893 5215 multum
2921 5145 3194 5215 di8crepat
3219 5143 3473 5203 aGrae'co.
3509 5149 3614 5205 Hic

369 5214 439 5267 Cf
502 5222 622 5283 qua:
661 5212 769 5267 dixi
825 5214 882 5266 in
928 5213 1122 5268 Adnot.
1138 5212 1217 5283 ad
1259 5228 1312 5283 p.
1344 5211 1469 5283 265.
1503 5212 1758 5283 Matthaei,
1801 5213 1939 5283 Nov.
2050 5233 2069 5265 ι
2105 5229 2234 5283 ergo
2256 5211 2573 5269 consulendi
2601 5223 2756 5269 erant
2783 5214 3015 5270 codices.
3063 5211 3187 5270 {Et
3207 5217 3285 5271 sic
3313 5217 3539 5273 centies.

371 5230 429 5267 ιιι
502 5230 622 5283 quae
661 5230 769 5267 om
825 5230 882 5266 in
928 5230 1122 5268 Λαιιοι.
1149 5230 1217 5267 ao
1259 5230 1312 5281 p.
1344 5230 1469 5266 zuo.
1503 5230 1758 5275 ωειιιιιωι,
1801 5230 1936 5268 nov.
2050 5233 2069 5265 ι
2105 5230 2166 5269 er
2201 5230 2234 5268 o
2256 5230 2573 5269 consulendi
2601 5230 2756 5269 erant
2783 5230 3015 5270 COGICCS.
3063 5233 3082 5265 ι
3117 5230 3285 5271 msnc
3313 5230 3539 5273 centies.

371 5283 553 5357 liclog.
578 5296 633 5357 ρ.
665 5283 771 5357 23-5
792 5300 805 5336 :
830 5300 848 5332 ι
880 5284 958 5357 με
986 5297 1114 5357 ergo
1135 5280 1667 5357 invenit_Montef._in
1697 5283 1808 5357 suis
1823 5282 1943 5337 XIV
2118 5230 2200 5357 (ei
2225 5283 2339 5337 Hoc
2364 5283 2421 5337 in
2453 5282 2868 5357 Commentariis
2901 5285 2968 5339 ad
2990 5284 3162 5357 fanti
3192 5286 3461 5356 Epistolas
3512 5303 3619 5357 po-

377 5371 396 5403 (
426 5349 705 5407 codicibus
732 5350 833 5422 [δε.
873 5349 1222 5405 Homiliarum
1243 5352 1300 5404 in
1338 5349 1618 5421 Joannem]
1644 5353 1782 5421 apud
1815 5368 1945 5407 suos
2045 5349 2305 5408 ste‘riores
2331 5352 2672 5408 manifestius
2697 5355 2929 5420 videtur,
2952 5354 3044 5410 ubi
3071 5354 3126 5409 in
3148 5349 3356 5422 intégra
3387 5349 3615 5414 homilia

381 5442 398 5503 Ie
439 5421 795 5503 quosdamJet
827 5421 969 5492 apud
1006 5436 1133 5476 suos
1182 5421 1336 5488 alios,
1376 5436 1512 5490 quos
1549 5437 1710 5476 nemo
1749 5432 1945 5493 praeter
2042 5439 2208 5503 gnam
2239 5423 2511 5478 interdum
2562 5422 2960 5503 lectiuncnlaqi
2986 5440 3053 5503 ex
3100 5421 3378 5503 codicibus
3426 5427 3612 5503 aticrt.

375 5490 559 5563 ipsum
582 5490 807 5563 novit.)
862 5490 875 5492 ⁷
997 5558 1013 5563 _
1376 5559 1472 5563 ,ω
1722 5490 1765 5563 ξ
1794 5562 1797 5563 ν
1834 5562 1843 5563 ί
2043 5492 2225 5548 Valck.
2258 5508 2446 5563 opusc.
2491 5509 2548 5556 ιι,
2582 5510 2635 5563 p.
2677 5493 2776 5547 198
2808 5512 2821 5549 :
2860 5514 2878 5546 ι
2906 5494 3037 5549 [llud
3059 5511 3189 5551 vero
3212 5496 3396 5562 miror,
3423 5495 3479 5553 in
3510 5498 3613 5553 ista

450 5561 521 5638 (c)_
548 5561 683 5638 Vide
704 5562 904 5616 Adnot.
947 5558 1016 5615 ad
1052 5574 1145 5629 pp.
1185 5559 1307 5622 155,
1369 5559 1496 5638 295,
1532 5567 1593 5638 et
1611 5561 1755 5638 alibi.
1790 5562 1939 5638 Ide_m
2045 5558 2323 5638 splendida
2357 5563 2487 5617 edit.
2514 5558 2619 5638 tam
2660 5580 2808 5619 raras
2833 5580 2898 5619 ex
2931 5564 3088 5619 codd.
3114 5564 3294 5638 Regiis
3321 5558 3613 5624 adnotatas

379 5630 646 5686 Matthmio
671 5645 885 5702 quoque
915 5644 1231 5701 persuasum
1257 5639 1356 5685 est.
1391 5630 1523 5685 Nov.
1553 5631 1735 5702 Eclog.
1780 5649 1831 5702 p.
1866 5633 1895 5685 7
1924 5651 1936 5686 :
2046 5630 2146 5701 legi
2177 5633 2460 5701 scriptura:
2492 5634 2800 5689 varietates.
2836 5653 2854 5685 ›
