3832 6178
355 284 447 323 \‘lll
1575 261 1758 317 FRID.
1799 259 1863 315 Fl

1575 261 1758 317 FRID.
1799 259 2001 315 FIELD
2056 259 2439 319 PREFATIO.

357 386 500 450 qum
529 387 604 434 ex
637 374 924 439 Homiliis
961 378 1026 440 in
1063 379 1420 442 Matthaaum
1477 389 1771 462 excerpta
1801 386 1970 457 sunt,
2002 382 2308 457 omnium,
2345 381 2408 442 ni
2432 380 2634 456 fallor,
2668 379 2921 442 sedibus
2949 376 3278 456 indagatis,
3308 375 3618 439 lectiones
3684 384 3691 389 ·

356 490 477 540 nec
507 494 737 556 paucas
767 497 881 543 nec
909 485 1424 560 contemnendas,
1456 502 1585 548 non
1616 486 1751 548 sine
1783 501 2014 564 magno
2041 485 2258 549 labore
2293 491 2513 548 nactus
2544 501 2704 546 sum.

429 577 892 739 :‘heophylacti
921 585 1414 648 Commentarius
1445 587 1510 648 in
1541 587 1920 662 Matthznum,
1961 587 2149 667 hujus
2184 587 2397 656 oneris
2426 587 2489 648 in
2522 585 2786 664 gratiam
2814 601 2851 647 a
2876 583 3060 650 nobis
3097 599 3422 670 excussus.
3448 597 3616 642 nou-

477 678 516 739 il
545 680 808 739 subsidii
838 683 1062 739 attulit-

359 677 516 739 nihil
545 680 808 742 subsidii
838 683 1062 746 attulit.

435 808 710 888 Majorc,
757 811 884 873 imo
954 812 1228 874 maximo
1297 831 1439 875 cum
1491 812 1724 890 fructu,
1766 814 2147 876 contulimus
2187 814 2506 895 Euthymii
2555 814 2850 894 Zigabeni
2883 830 3067 893 Opust,
3114 808 3285 892 quod
3326 824 3619 888 magnam

359 911 602 984 partem
633 924 709 969 ex
757 907 1181 989 Chrysostomi
1232 914 1722 984 commentariis,
1755 913 1961 976 verbis
2017 913 2343 993 paululum
2394 915 2668 991 mutatis,
2717 915 3088 995 decerptum
3128 928 3288 983 esse,
3323 910 3623 972 omnibus

362 1014 580 1071 notum
613 1017 727 1073 est.
761 1013 960 1094 Hujus
989 1015 1200 1094 operis
1231 1015 1424 1078 editio
1456 1019 1668 1081 Latina
1705 1037 1740 1081 a
1771 1020 2013 1080 Joanne
2048 1019 2359 1081 lIentenio
2397 1018 2707 1094 confecta,
2738 1018 2888 1080 inde
2923 1018 3001 1080 ab
3039 1031 3206 1078 anno
3244 1011 3393 1075 1544
3420 1011 3623 1074 exsti-

361 1111 434 1174 tit
468 1129 481 1172 :
515 1113 769 1199 Graecus
806 1123 1013 1178 autem
1064 1123 1271 1180 textus
1310 1121 1584 1201 primum
1628 1137 1664 1182 a
1710 1119 2025 1182 Matthmio
2074 1139 2243 1184 anno
2288 1121 2436 1185 1792
2468 1139 2545 1184 ex
2583 1120 2831 1183 duobus
2877 1118 3064 1181 codd.
3096 1119 3340 1196 Mosqq.
3380 1112 3624 1194 publici

359 1211 516 1292 juris
558 1212 781 1280 factus.
809 1234 976 1278 nunc
1008 1217 1261 1280 tandem
1288 1219 1364 1284 ad
1389 1219 1562 1300 ipsos
1599 1218 1807 1282 fontes
1843 1221 2208 1300 purgandos
2229 1241 2264 1284 a
2308 1221 2491 1284 nobis
2528 1220 2844 1284 adhibitus
2872 1225 2985 1281 est.

437 1337 858 1410 Quaestionem
897 1339 976 1402 de
1004 1341 1268 1416 Aniano,
1305 1349 1513 1404 vetere
1536 1342 1758 1404 harum
1800 1343 2210 1405 Homiliarum
2238 1345 2606 1425 interprete,
2641 1345 2927 1425 pluribus
2960 1342 3240 1405 tractavit
3286 1339 3611 1402 Montefal-

362 1438 585 1501 conius
629 1438 694 1500 in
741 1439 1137 1514 Praefatione,
1179 1447 1331 1504 sect.
1367 1459 1402 1502 ν
1440 1459 1454 1502 :
1492 1460 1634 1521 quae
1657 1461 1826 1506 nunc
1859 1452 2145 1524 repetere
2176 1461 2306 1506 non
2326 1436 2523 1508 vacat.
2553 1446 2754 1525 Hujus
2781 1444 3087 1508 versionis
3106 1443 3362 1516 Latina),
3389 1439 3626 1503 smculo

361 1557 404 1601 ν
427 1541 757 1617 confectae,
791 1563 937 1623 pars
961 1545 1242 1620 minima,
1269 1564 1409 1625 quae
1447 1548 1686 1610 scilicet
1717 1555 1860 1610 octo
1892 1547 2138 1628 priores
2168 1548 2458 1611 homilias
2485 1549 2787 1622 continet,
2830 1546 3020 1610 hodie
3046 1546 3112 1607 in
3151 1545 3332 1607 editis
3369 1559 3628 1622 compa-

362 1644 456 1702 ret
488 1657 501 1699 :
534 1647 734 1703 totum
766 1659 912 1705 vero
945 1644 1173 1705 librum
1203 1647 1282 1708 ab
1315 1663 1394 1708 eo
1431 1664 1810 1710 conversum
1840 1663 2000 1722 esse,
2040 1647 2167 1709 imo
2199 1648 2507 1726 integram
2533 1647 2666 1727 ejus
2691 1646 3045 1708 versionem
3067 1643 3144 1704 ad
3179 1642 3353 1704 hunc
3370 1641 3533 1702 diem
3558 1642 3627 1702 in

363 1739 885 1804 bibliothecarum
917 1743 1171 1812 latebris
1207 1744 1574 1809 delitescere
1599 1763 1811 1826 posse,
1843 1746 2276 1826 probabilibus
2303 1747 2690 1825 argumentis
2719 1745 2932 1809 docuit
2952 1742 3473 1806 Montet‘alconius
3505 1737 3590 1820 (α)
3608 1787 3622 1800 .

440 1844 745 1906 Homilias
784 1863 1007 1909 omnes
1036 1865 1072 1909 a
1100 1863 1268 1909 nona
1293 1848 1371 1909 ad
1399 1847 1680 1910 ultimam
1703 1848 1919 1910 Latine
1957 1850 2215 1910 vertisse
2250 1849 2437 1928 vulgo
2466 1849 2742 1912 creditur
2785 1847 3090 1925 Georgius
3127 1842 3622 1924 Trapezuntius:

363 1947 534 2026 quod
563 1952 774 2008 tamen
810 1965 940 2009 non
975 1950 1151 2010 omni
1181 1967 1258 2010 ex
1287 1955 1466 2030 parte
1495 1966 1713 2010 verum
1743 1964 1882 2010 esse
1911 1947 2100 2010 docui
2125 1949 2196 2014 in
2213 1949 2440 2012 Adnot.
2476 1950 2554 2012 ad
2583 1968 2648 2029 p.
2681 1948 2819 2010 838.
2843 1951 3190 2027 Utrumque
3217 1945 3626 2024 interpretem

365 2053 508 2126 post
534 2047 813 2109 Boisium
852 2052 914 2108 et
944 2046 1238 2108 Savilium
1289 2047 1499 2108 denuo
1529 2046 1607 2108 ad
1665 2045 2094 2107 dissensiones
2141 2046 2433 2108 codicum
2489 2045 2918 2126 dijudicandas
2965 2043 3291 2117 advocavi;
3349 2041 3628 2104 adhibita

367 2150 578 2211 tamen
607 2163 851 2210 summa
889 2145 1204 2220 cautione,
1241 2162 1321 2207 ne
1345 2163 1422 2207 ex
1459 2143 1678 2207 solutis
1697 2145 2131 2223 verbosisque,
2163 2145 2480 2207 interdum
2511 2144 2696 2206 etiam
2727 2143 2898 2205 falsis
2926 2143 3339 2223 interpretum
3371 2158 3632 2204 conver-

363 2247 674 2322 sionibus,
712 2263 904 2310 novas
924 2244 1229 2308 lectiones
1265 2245 1798 2308 comminiscerer.
1835 2243 2193 2324 Exemplari
2225 2250 2434 2306 autem
2464 2260 2614 2304 usus
2641 2259 2800 2314 sum,
2849 2239 3021 2321 quod
3051 2239 3117 2301 in
3147 2246 3319 2302 tomo
3348 2240 3632 2301 secundo

364 2349 658 2413 editionis
687 2347 1136 2428 Cbrysostomi,
1169 2345 1421 2409 Parisiis
1447 2363 1614 2410 anno
1647 2344 1795 2407 1580
1825 2345 2039 2407 Latine
2064 2362 2336 2419 excusas,
2373 2350 2608 2417 exstat;
2641 2343 2751 2406 ubi
2781 2343 2859 2405 ad
2888 2343 3127 2405 calcem
3148 2343 3322 2406 hom.
3353 2360 3456 2404 xc:
3487 2341 3629 2410 haec

366 2450 657 2528 leguntur
690 2449 873 2534 :Divt’
900 2449 1168 2510 Joannis
1203 2446 1630 2524 Chrysostomi
1655 2444 2078 2506 Homiliarum
2113 2446 2262 2510 XCI
2302 2446 2369 2506 in
2405 2444 2770 2506 Matthwum
2797 2444 2963 2521 ﬁnis,
3005 2463 3122 2524 per
3148 2441 3421 2525 Philipp.
3461 2447 3634 2507 Mon-

364 2559 580 2613 tanum
608 2553 1078 2630 recognitarum
1106 2551 1190 2611 ad
1223 2547 1608 2627 exemplaria
1636 2551 1851 2614 Graeca
1889 2552 2012 2613 duo
2045 2553 2489 2625 vetustissima,
2528 2570 2660 2631 qua:
2686 2550 2866 2612 nobis
2894 2550 3402 2628 suppeditaverat
3432 2551 3636 2630 Regia

365 2654 535 2734 apud
566 2653 983 2735 Bella-Aqua
1011 2655 1247 2734 fontem
1271 2646 1666 2716 bibliotheca;
1685 2652 1932 2716 Scilicet
1959 2659 2134 2715 textu
2156 2652 2374 2715 Latino
2399 2652 2646 2731 integro
2679 2656 2946 2725 servato,
2975 2653 3308 2714 Montanus
3338 2651 3636 2714 emenda~

368 2757 573 2819 tiones
601 2773 747 2820 suas
780 2772 912 2819 non
940 2755 1026 2817 ita
1059 2755 1288 2817 multas
1319 2755 1386 2816 in
1414 2752 1698 2832 margine
1721 2752 1940 2816 illevit.

453 2908 769 2972 Versionis
802 2907 1084 2969 Armenw
1109 2905 1332 2967 harum
1369 2902 1781 2966 Homiliarum
1818 2903 2104 2965 notitiam
2135 2904 2340 2967 debeo
2374 2903 2522 2966 viris
2555 2904 2838 2978 eruditis,
2871 2903 3298 2967 Benedictinaa
3337 2901 3626 2985 repetita;

369 3009 748 3084 editoribus;
805 3007 915 3089 qui
951 3008 1019 3069 in
1063 3005 1402 3070 Corollario
1433 3006 1512 3068 ad
1554 3004 2024 3069 Montefalconii
2072 3003 2508 3068 Prazfatiouem
2557 3005 2695 3069 haec
2721 3006 3114 3087 scripserunt
3147 3024 3160 3067 :
3197 3029 3226 3062 α
3261 3006 3640 3075 Versioncm

369 3121 703 3179 Armenam
731 3113 966 3178 saiculo
1000 3131 1043 3174 v
1073 3112 1427 3184 confectam
1459 3115 1522 3174 S.
1549 3111 1810 3175 Joannis
1836 3109 2263 3189 Chrysostomi
2300 3111 2904 3174 Commentariorum
2930 3111 2995 3172 in
3028 3112 3091 3172 S.
3126 3109 3404 3172 Matthtei
3430 3111 3636 3171 Evan-

371 3221 605 3302 gelium
637 3217 807 3299 typis
843 3217 1272 3296 vulgaverunt,
1305 3215 1554 3278 duobus
1582 3212 2012 3278 voluminibus
2049 3213 2116 3273 in
2143 3220 2382 3288 octavo,
2414 3213 2850 3276 Mechitaristaa
2899 3217 3088 3276 Revv.
3128 3216 3342 3278 Patres
3381 3218 3640 3278 Armeni

370 3325 435 3386 in
472 3322 676 3386 insula
701 3323 764 3383 S.
795 3320 1028 3394 Lazart,
1063 3319 1365 3393 Venetiis,
1401 3335 1569 3382 anno
1608 3316 1782 3391 1826,
1813 3317 2005 3386 nullis
2039 3316 2267 3380 additis
2295 3315 2460 3379 notis
2489 3317 2744 3391 Latinis,
2776 3321 2838 3378 et
2861 3316 2998 3379 sine
3028 3317 3432 3380 translatione
3459 3318 3588 3379 ulla
3619 3336 3632 3379 :

369 3427 455 3490 ita
480 3433 550 3490 ut
597 3427 804 3500 nobis,
855 3430 1141 3487 Armenta
1172 3422 1404 3501 linguas
1457 3421 1715 3500 ignaris,
1771 3420 1892 3483 hoc
1922 3419 2082 3483 libro
2120 3419 2210 3481 uti
2232 3437 2362 3481 non
2409 3435 2781 3482 concessum
2813 3418 3024 3483 fuerit.
3060 3441 3090 3476 »
3133 3419 3386 3481 Librum
3424 3420 3639 3481 statim

371 3529 751 3609 comparavi,
785 3533 847 3589 et
878 3542 994 3607 pro
1024 3542 1164 3587 mea
1190 3523 1369 3586 istius
1397 3522 1630 3602 lingure
1660 3522 1945 3596 scientia,
1975 3538 2118 3600 qua)
2157 3537 2463 3600 perquam
2493 3521 2717 3599 exigua
2753 3527 2866 3593 est,
2893 3537 3121 3600 magna
3142 3539 3286 3583 cum
3315 3521 3643 3601 voluptate

372 3627 594 3700 evolvi.
652 3627 942 3690 Continet
995 3622 1284 3686 homilias
1319 3639 1423 3684 LIII
1474 3622 1741 3702 priores.
1799 3622 2117 3702 Interprcs
2161 3621 2375 3682 Graeca
2404 3620 2604 3700 probe
2658 3620 2992 3696 intellexit,
3038 3627 3204 3683 terse
3254 3639 3326 3684 ac
3368 3622 3641 3685 ﬁdeliter

371 3731 712 3812 expressit;
745 3727 1062 3791 interdum
1090 3742 1255 3787 unus
1284 3723 1569 3787 omnium
1595 3741 1814 3786 verum
1845 3721 1997 3783 vidit
2033 3721 2141 3801 (b).
2173 3725 2484 3795 Quantum
2523 3739 2672 3784 vero
2702 3722 2983 3784 utilitatis
3013 3723 3091 3785 ad
3122 3723 3464 3801 genuinum
3513 3725 3641 3785 No-

370 3833 484 3896 stri
506 3848 728 3895 aurum
749 3847 782 3892 e
813 3829 1106 3891 sordibus
1135 3825 1485 3889 eruendum
1515 3826 1662 3888 inde
1691 3826 2184 3906 perceperimus,
2217 3843 2334 3906 pro
2365 3843 2433 3888 se
2462 3825 2731 3907 quisque
2761 3825 2901 3907 ipso
2931 3827 3432 3907 opereinsnecto
3459 3823 3639 3907 judié

371 3951 516 3998 care
539 3931 773 4014 poterit
814 3930 922 4010 (b).

451 4054 630 4128 Quod
660 4060 970 4133 superest,
1005 4069 1246 4116 merces
1265 4069 1438 4113 meas
1467 4068 1617 4114 sane
1648 4050 2174 4132 locupletissimas
2202 4053 2530 4134 quomodo
2559 4053 2627 4114 in
2650 4051 2880 4114 chartis
2903 4052 3337 4133 explicuerim,
3362 4054 3638 4119 breviter

373 4155 825 4236 exponendum
856 4161 970 4217 est.
1008 4156 1226 4234 Itaque
1261 4153 1460 4216 varias
1506 4151 1833 4226 lectiones,
1881 4171 1962 4216 ne
1997 4154 2210 4234 Operis
2247 4173 2362 4234 per
2417 4172 2485 4216 se
2539 4154 2861 4218 crassioris
2904 4153 3105 4216 moles
3151 4173 3341 4236 supra
3374 4157 3640 4221 modum

375 4265 756 4334 cxcurreret,
788 4276 933 4321 cum
957 4257 1202 4320 delectu
1218 4257 1525 4320 notandas
1552 4256 1724 4318 duxi.
1753 4259 1823 4318 In
1856 4275 1985 4337 quo
2010 4257 2396 4333 adhibendo,
2420 4259 2648 4320 accidit
2670 4257 2847 4333 mihi,
2869 4258 3042 4338 quod
3064 4260 3378 4334 omnibus,
3415 4262 3636 4337 credo,

374 4358 484 4440 qui
517 4356 594 4418 ad
627 4375 760 4418 rem
784 4357 1061 4420 criticam
1107 4357 1493 4418 tractandam
1527 4353 1717 4435 paulo
1749 4354 2036 4417 rudiores
2063 4357 2466 4431 accesserint,
2505 4363 2573 4418 ut
2604 4357 2862 4419 ineunte
2894 4373 3090 4436 Opere
3132 4359 3434 4421 nonnulla
3468 4379 3639 4440 prae-

375 4459 806 4532 termitterem,
838 4475 980 4538 quae
1010 4464 1224 4538 postea
1257 4456 1645 4538 experientia
1670 4456 1892 4518 doctus
1921 4455 2096 4518 nullo
2127 4457 2320 4518 modo
2359 4457 2826 4520 contemnenda
2857 4473 2995 4520 esse
3024 4457 3172 4519 vidi.
3211 4458 3370 4520 Hinc
3403 4458 3638 4521 factum

375 4568 489 4635 est,
520 4567 588 4624 ut
610 4561 802 4622 altera
834 4578 976 4640 pars
1000 4559 1413 4622 Homiliarum
1442 4558 1804 4622 uberiorem
1831 4560 2204 4622 variantium
2237 4560 2584 4624 lectionum
2618 4566 2896 4639 segetem
2928 4560 3167 4640 jactare
3193 4562 3503 4638 videatur;
3535 4565 3640 4626 cui

376 4671 584 4725 tamen
609 4660 1038 4741 inmqualitati,
1069 4661 1305 4736 multis,
1340 4677 1481 4740 qua;
1505 4661 1681 4741 prius
1710 4661 2069 4737 omiseram,
2110 4663 2176 4724 in
2200 4662 2645 4725 adnotationes
2673 4662 2907 4738 relatis,
2934 4663 3197 4726 remedii
3215 4663 3452 4744 aliquid
3481 4665 3641 4727 alla-

375 4774 505 4829 tum
539 4773 652 4828 est.
686 4768 995 4829 Praeterea
1021 4766 1074 4828 si
1099 4765 1261 4829 forte
1288 4765 1592 4829 lectiones
1619 4768 2006 4830 Oxonicnses
2036 4767 2236 4830 serius
2267 4767 2672 4842 advenerant,
2701 4785 2891 4849 quam
2927 4775 2997 4831 ut
3027 4785 3144 4832 suo
3173 4785 3442 4850 quaeque
3491 4769 3640 4836 loco

375 4874 761 4940 notarentur,
793 4867 873 4930 de
905 4867 1003 4930 his
1025 4885 1283 4948 quoque
1310 4868 1376 4930 in
1405 4866 1920 4932 adnotationibus
1945 4869 2168 4933 sedulo
2193 4869 2509 4936 monitum
2530 4877 2648 4933 est.

447 4996 518 5057 In
550 4995 731 5057 variis
759 4994 1138 5058 lectionibus
1171 4993 1529 5073 digerendis
1549 4995 1662 5058 has
1693 4996 1828 5059 fere
1857 4996 2104 5076 regulas
2143 5001 2397 5059 secutus
2428 5010 2568 5057 sum
2611 5011 2625 5054 :

451 5124 498 5183 ῐ.
538 5121 820 5197 Codices,
849 5123 959 5202 qui
1007 5141 1138 5186 non
1168 5130 1618 5198 memorantur,
1671 5123 1790 5184 nisi
1825 5122 1985 5186 forte
2030 5124 2253 5187 lacuna
2279 5128 2502 5196 exstet,
2535 5138 2683 5183 cum
2720 5126 2898 5182 textu
2941 5122 3159 5181 nostro
3196 5119 3640 5181 consentiunt.

444 5359 677 5444 (21}qu
703 5359 985 5444 pertinere
1003 5359 1216 5444 videtur
1235 5356 1541 5444 exemplum
1566 5358 1618 5444 in
1651 5356 1948 5444 adnotuall
2055 5356 2333 5444 glirysost.
2355 5356 2453 5411 ista
2473 5356 2746 5444 teguntur.
2777 5351 3129 5444 Hujusvemrba
3294 5351 3502 5444 (εἰδῇ,
3513 5353 3642 5444 fit

375 5423 568 5502 p.133}
591 5423 837 5502 allatum.
869 5427 1020 5482 Adde
1051 5427 1240 5502 Petav;
1279 5428 1348 5502 ad
1377 5423 1567 5502 Synes.
1602 5436 1745 5502 notae
1774 5444 1828 5502 p_.
1858 5429 1888 5481 5

2124 5423 2184 5479 év'
2234 5423 2548 5502 πρρταγείιέ
2595 5424 2825 5494 σίτησις.
2880 5423 3125 5476 Anianus
3151 5423 3637 5502 verooitahreddit,

1052 5479 1944 5568 idéiﬁScéiiigé‘rmnietiamid,
2055 5479 2146 5550 ἀρε
2179 5479 2389 5567 ριιιίιὶερ
2413 5498 2468 5549 in
2499 5479 2764 5568 Prytaneo
2785 5479 3063 5568 apparata
3097 5492 3356 5568 convivia.
3387 5491 3480 5548 Sic
3505 5479 3636 5549 ille;

378 5571 545 5652 veteri
584 5567 957 5652 Chrysostorni
1008 5568 1327 5652 interprete,
1358 5562 1704 5652 coniectatur
1726 5562 1945 5652 ppu-ca;
2052 5562 2332 5652 nec‘vulgo
2357 5575 2550 5652 exstat,
2577 5562 2676 5652 'nec
2711 5565 2766 5617 in
2798 5563 3060 5652 ιζὶςξιεςιὶνξςτο
3087 5562 3351 5652 sportula.
3397 5579 3416 5612 ι

379 5645 490 5696 νεῖα
513 5633 810 5711 sumpsisse
839 5633 1284 5711 Chrysostomum
1318 5654 1418 5711 pro
1451 5633 1686 5706 sportula
1718 5633 1892 5709 in'Prg

1718 5633 1944 5709 in'Pry-
2123 5639 2194 5708 (υ)
2219 5633 2792 5711 Υἷᾴθᾉάηφῑηίιόρρ.
2821 5635 2908 5698 89,
2933 5633 3059 5711 βω,
3081 5633 3207 5711 t5}.

376 5723 550 5782 unico.
601 5702 801 5766 V'crum
840 5702 1016 5780 neque
1067 5708 1209 5779 apud
1245 5702 1535 5775 Ali—ianum,
1582 5724 1756 5778 neque
1802 5702 1943 5778 apud
2123 5702 2413 5774 (cWideiu
2442 5707 2632 5778 primis
2662 5702 2946 5760 Aduot.ad
2967 5703 3194 5773 pp.ll5,
3221 5702 3342 5770 117,
3371 5703 3490 5758 167.
