3832 6178
1392 262 1571 320 FltlD.
1616 264 1818 319 FIELD
1859 248 2256 327 PREFAT'IO.
3300 299 3355 343 ιι
3384 330 3391 335 .

136 380 234 443 [ibi
269 397 412 442 vero
457 382 735 457 conices,
780 384 889 463 qui
940 386 1363 461 nominantur,
1404 396 1720 470 receptam
1765 392 2106 455 lectionem
2152 392 2422 467 habent;
2452 398 2714 457 caeteros
2747 413 2861 470 pro
2902 398 3128 476 rejecta
3170 403 3350 473 stare,

138 499 236 560 per
262 499 322 542 se
353 484 502 545 satis
531 485 920 563 intelligitur.

208 606 273 665 il.
316 606 557 669 Dealiis
580 610 861 683 testibus,
894 610 1002 690 qui
1054 612 1309 674 nonnisi
1337 614 1522 676 certis
1544 614 1701 679 locis
1720 615 2026 696 appellari
2047 622 2334 695 possunt,
2363 635 2420 679 e.
2454 635 2513 697 g.
2534 618 2649 699 Ep.
2673 617 2859 685 Euth.
2882 616 3169 697 Theoph.
3193 616 3336 678 Flor

142 712 195 764 et
218 706 487 783 Interpp.
522 707 641 767 nisi
671 707 898 770 diserte
934 712 1358 787 nominentur,
1391 714 1547 774 nihil
1582 731 1618 775 a
1649 717 1909 778 Lectore
1950 715 2155 795 colligi
2194 724 2421 795 potest.

212 834 306 892 III.
334 832 655 896 Editorum
684 836 987 899 librorum
1014 838 1317 902 lectiones
1351 858 1605 922 semper
1626 850 1686 905 et
1730 844 1971 923 ubique
2010 861 2505 907 commemorare
2548 860 2678 905 non
2706 841 2903 903 nostri
2941 840 3055 901 fuit
3100 840 3359 919 incepti.

146 934 339 1009 Itaque
372 948 541 1010 saape
573 933 819 1008 accidit,
854 942 922 995 ut
954 935 1141 999 lectio
1178 937 1385 999 minus
1414 940 1782 1019 probabilis,
1824 959 1900 1003 ex
1928 959 2059 1003 uno
2089 948 2195 1003 aut
2223 941 2509 1021 pluribus
2537 941 2723 1003 codd.
2755 942 2820 1001 in
2851 940 3128 1017 margine
3154 938 3359 1013 allata,

148 1053 207 1095 ea
232 1036 359 1111 ipsa
388 1032 487 1104 sit,
525 1050 667 1111 quae
695 1036 760 1095 in
790 1035 935 1097 edd.
965 1043 1069 1097 aut
1097 1037 1494 1117 quibusdam,
1535 1046 1641 1102 aut
1668 1041 1851 1103 etiam
1880 1041 2173 1103 omnibus
2207 1042 2571 1121 reperiatur.

220 1161 310 1219 IV.
342 1158 459 1218 Ubi
488 1175 604 1237 pro
636 1158 827 1220 altera
851 1159 1120 1221 lectione
1151 1179 1357 1221 omnes
1389 1161 1625 1241 scripti,
1659 1180 1775 1241 pro
1798 1162 1988 1225 altera
2011 1181 2153 1225 vero
2180 1182 2383 1224 omnes
2409 1163 2557 1226 editi
2585 1163 2726 1226 libri
2747 1169 3047 1244 pugnant,
3079 1162 3364 1225 codicum

149 1260 397 1323 lectione
427 1266 703 1337 recepta,
733 1259 962 1321 editam
995 1259 1060 1321 in
1098 1260 1377 1338 margine
1405 1263 1648 1341 scripsi,
1680 1281 1823 1324 cum
1856 1270 2026 1338 nota,
2065 1288 2092 1319 «
2125 1264 2280 1325 Edd.
2311 1288 2339 1321 η

227 1382 289 1439 ν.
336 1379 452 1441 Ubi
480 1379 544 1439 in
574 1378 781 1458 aliqua
808 1379 1081 1441 lectione
1110 1381 1340 1442 tuenda
1375 1398 1519 1442 cum
1547 1388 1715 1442 textu
1748 1382 2056 1445 Saviliano
2093 1386 2492 1447 consentiunt
2526 1405 2731 1447 omnes
2758 1387 3030 1461 codices,
3060 1387 3221 1449 hanc
3264 1388 3365 1448 in-

152 1483 413 1546 numeris
450 1480 627 1553 locis,
664 1482 893 1560 rejecta
929 1480 1199 1543 lectione
1229 1483 1963 1560 Morello-Benedictina,
1997 1489 2180 1547 tacite
2217 1488 2464 1549 excudi.

220 1604 316 1664 VI.
359 1605 428 1663 In
462 1600 682 1662 ordine
711 1602 1043 1663 verborum
1080 1604 1519 1666 constituendo
1550 1605 1811 1683 singulis
1846 1607 2001 1669 locis
2024 1608 2236 1688 plures
2271 1615 2332 1671 et
2362 1610 2654 1673 meliores
2684 1610 2877 1673 libros
2920 1619 3169 1675 secutus
3205 1629 3367 1682 sum,

152 1703 329 1782 idque
356 1702 687 1763 maximam
733 1709 969 1780 partem
1014 1718 1144 1761 non
1186 1703 1426 1765 monito
1471 1706 1763 1780 Lectore;
1797 1724 1937 1768 cum
1973 1707 2231 1769 inﬁnita:
2266 1708 2448 1770 molis
2490 1708 2729 1783 fuisset,
2764 1727 2983 1772 omnes
3011 1708 3370 1794 hujusmodi

152 1804 509 1869 mutationes
536 1804 601 1864 in
629 1802 886 1865 tabellas
916 1802 1173 1866 referre.

224 1948 557 2010 Moralium
589 1949 760 2010 initia
782 1950 909 2029 jam
934 1957 1076 2012 ante
1108 1967 1224 2012 nos
1254 1951 1620 2014 distinxerat
1648 1953 1939 2028 Savilius;
1972 1954 2333 2016 eorumdem
2356 1969 2504 2015 vero
2527 1959 2888 2031 argumenta
2910 1969 3075 2014 nunc
3100 1952 3372 2029 primum

152 2073 189 2115 e
213 2054 529 2116 codicibus
566 2051 809 2134 prolata
833 2060 1000 2114 sunt.
1031 2053 1179 2114 Hinc
1208 2053 1275 2113 in
1304 2054 1629 2116 codicibus
1659 2072 1788 2117 non
1820 2057 2113 2118 omnibus
2143 2056 2360 2119 eadem
2384 2055 2713 2134 leguntur:
2739 2055 2856 2118 alia
2884 2074 3000 2117 nos
3031 2056 3364 2130 edidimus,

152 2158 259 2217 alia
294 2155 504 2216 Latine
532 2172 707 2215 versa
745 2154 809 2214 in
837 2153 1041 2214 fronte
1071 2155 1281 2232 Operis
1308 2152 1480 2213 dedit
1510 2155 1823 2216 Morellus.
1860 2156 1945 2218 De
1968 2156 2064 2216 his
2095 2164 2292 2218 exstat
2321 2157 2624 2219 Monitum
2654 2157 2720 2217 in
2757 2157 2973 2219 codice
3000 2158 3247 2219 Coislin.
3274 2158 3371 2231 66,

152 2256 309 2335 quod
340 2254 437 2317 hic
471 2254 825 2317 exscribere
864 2254 949 2314 nil
991 2260 1169 2315 vetat.
1214 2253 1431 2324 Ἐπειδὴ
1464 2252 1583 2317 ἔθος
1614 2250 1665 2325 ﬁt

1860 2256 2210 2327 κκαριωτάτῳ
2234 2254 2448 2328 Ἰωάννῃ
2474 2256 2549 2326 τῷ
2582 2255 2947 2325 Χρυσοστόμῳ
2974 2255 3110 2325 μετὰ
3130 2255 3373 2327 cum",

156 2361 328 2413 νεῦςαι
360 2360 419 2412 τὸ
450 2359 576 2429 παρ’
606 2359 770 2412 αὑτοῦ
801 2358 1061 2429 προτεθὲν
1091 2358 1443 2425 εὐαγγελικὸν
1472 2359 1634 2429 ῥητὸν
1660 2360 1741 2424 εἰς
1769 2359 1959 2431 ἠθικὸν
1995 2360 2331 2431 καταπαύειν
2367 2361 2455 2414 τὸν
2480 2361 2657 2426 λόγον,
2684 2361 2980 2427 ἀναγκαῖον
3026 2358 3248 2428 ἐνόμισα
3285 2359 3377 2411 καὶ

149 2458 211 2509 τὰ
241 2456 363 2525 παρ’
388 2426 550 2509 αὑτοΰ
581 2455 639 2506 ὲν
668 2455 745 2525 τῷ
794 2426 967 2525 ὴόικῷ
1005 2454 1144 2507 κατὰ
1172 2453 1371 2517 πλάτος
1402 2426 1672 2524 εἱρηνμένα
1698 2456 1755 2507 ὲν
1784 2426 2034 2525 ουντόμῳ
2060 2426 2345 2526 προτάξαί,
2378 2454 2465 2509 ἵνα
2503 2454 2599 2525 ἔχῃ
2630 2456 2657 2507 ὁ
2681 2454 2997 2525 βουλόμενος
3151 2451 3377 2520 δύναμιν

147 2553 234 2604 τοῦ
255 2550 451 2613 παντὸς
476 2549 668 2619 ἠθικοῦ
700 2550 914 2612 ἀπόνως
941 2550 1033 2602 καὶ
1064 2550 1121 2601 ὲν
1151 2549 1398 2619 συντόμῳ
1424 2550 1660 2619 εὑρίσκει

1870 2550 2251 2629 Plerumque
2272 2567 2418 2612 vero
2449 2566 2578 2611 non
2606 2550 2671 2610 in
2696 2548 2903 2610 fronte
2934 2548 3166 2627 operis,
3206 2546 3372 2608 indi-

149 2656 231 2716 cis
271 2653 481 2725 modo,
518 2652 629 2713 sed
655 2651 781 2712 suis
810 2666 1076 2729 quasque
1101 2649 1255 2711 locis
1283 2650 1348 2710 in
1370 2651 1651 2726 margine
1677 2650 1843 2725 libri,
1876 2650 2047 2729 quod
2084 2667 2202 2712 nos
2236 2649 2522 2723 fecimus,
2554 2655 2921 2725 argumenta
2954 2653 3272 2709 notantur.

220 2782 283 2840 In
322 2778 847 2850 adnotationibus,
879 2782 1107 2857 praeter
1135 2793 1205 2837 ea
1236 2794 1378 2856 quae
1407 2777 1498 2838 vel
1538 2776 1612 2837 ad
1645 2776 1904 2837 criticen
1926 2774 2021 2836 vel
2064 2775 2143 2837 ad
2188 2773 2773 2853 interpretationem
2820 2768 3166 2832 necessaria
3208 2765 3376 2827 vide-

150 2882 380 2953 bantur,
417 2880 714 2960 pauculas
738 2880 1128 2958 conjecturas
1158 2884 1399 2940 nostras
1433 2877 1511 2940 ad
1545 2877 1666 2939 alia
1704 2877 2140 2955 gratiosissimi
2188 2875 2473 2945 Auctoris
2505 2874 2735 2953 scripta
2782 2871 3194 2952 pertinentes,
3234 2884 3379 2929 cum

148 2987 391 3046 Lectore
414 2981 1033 3045 communicavimus.

224 3114 537 3173 Postremo
590 3110 665 3171 ad
702 3109 950 3171 Indices
1003 3112 1339 3170 consuetos
1387 3106 1646 3169 accessit
1682 3106 1840 3168 alius
1874 3108 2158 3178 Graecus;
2198 3105 2263 3165 in
2293 3121 2419 3184 quo
2456 3102 2851 3166 conﬁciendo
2890 3101 2953 3162 id
2985 3097 3382 3179 potissimum

154 3212 293 3275 mihi
330 3211 717 3291 propositum
753 3217 868 3282 est,
900 3215 969 3270 ut
1003 3226 1218 3270 eorum
1266 3207 1615 3269 commodis
1648 3208 2005 3280 inserviam,
2048 3206 2156 3286 qui
2186 3204 2447 3285 posthac
2485 3204 2604 3266 alia
2650 3203 2916 3265 fortasse
2957 3199 3382 3279 Chrysostomi

154 3334 336 3395 opera
372 3315 692 3393 purganda
728 3314 1109 3392 suscipient;
1158 3311 1330 3391 quod
1369 3312 1690 3389 negotium
1736 3318 1860 3373 tam
1912 3309 2299 3391 expeditum,
2338 3327 2527 3389 quam
2561 3307 2987 3373 necessarium
3029 3320 3189 3378 esse,
3241 3307 3384 3382 post

156 3435 353 3481 meum
380 3417 654 3479 laborem
694 3431 904 3487 nemo,
938 3413 1185 3492 Opinor,
1218 3411 1489 3489 negabit.

233 3540 580 3603 Scribebam
608 3534 1034 3612 Cantabrigim,
1083 3532 1182 3593 die
1212 3532 1348 3592 XIX
1372 3530 1598 3610 Aprilis
1628 3531 2134 3592 MDCCCKXXIX.

230 3758 300 3825 (α)
350 3761 469 3814 11330
520 3761 634 3830 ipse
688 3778 755 3816 ex
803 3761 986 3816 codice
1044 3760 1323 3829 exscripsi.
1358 3761 1511 3816 Nunc
1550 3761 1707 3817 video

1869 3761 1913 3814 ia
1939 3760 2100 3814 αὐτὸν
2126 3758 2449 3831 προτέροθεν
2470 3757 2643 3831 dedit.
2669 3756 2774 3811 Sed
2806 3758 3176 3827 apograptium
3202 3766 3382 3806 meum

165 3832 339 3884 eadem
364 3847 391 3883 a
414 3828 826 3887 Montefzilconio
847 3833 901 3885 in
922 3831 1056 3885 Bibl.
1082 3828 1296 3886 Coislin.
1330 3848 1383 3901 p.
1430 3832 1530 3886 150
1560 3832 1705 3887 edita
1814 3832 1996 3888 verius
2025 3828 2178 3899 esse,
2200 3828 2374 3901 quivis
2400 3828 2564 3883 videt.

165 3914 295 3967 esse,
325 3902 409 3971 qui
434 3912 610 3958 tamen
646 3918 746 3974 pro
765 3903 947 3959 verbis
995 3902 1057 3955 τὸ
1080 3904 1206 3972 παρ’
1235 3902 1398 3955 αὑτοῦ
1424 3902 1702 3975 προτεθὲν,
