3832 6178
441 211 507 273 Π
1172 217 1228 279 S.
1253 214 1534 279 JOANNIIS
1564 221 1954 278 CHRYSOSTC

2214 222 2386 277 lllEP.
2421 221 2961 279 CONSTANTINOP.
3668 218 3727 280 ιι

439 308 552 386 qui
590 307 674 397 ob
701 303 992 397 divisam
1020 307 1086 366 in
1113 305 1274 397 duas
1308 308 1621 370 decimam
1658 324 1923 397 nonam,
1957 311 2309 397 nqnaginta
2338 315 2400 372 et
2431 329 2629 375 unam
2660 315 2957 378 homilias
2986 318 3316 380 numerari
3347 317 3629 394 videbat,
3666 326 3726 382 iu

439 385 730 448 eamdem
749 385 1105 464 Epistolam
1133 386 1270 448 XCI
1298 405 1639 468 numerum
1664 387 1996 449 inductum
2026 385 2247 451 fuisse.

441 527 469 599 ἓ
519 525 625 585 \"l.
659 561 732 569 —
760 527 850 587 De
879 526 1398 608 interpretatione
1424 529 1686 610 Georgii
1717 531 2164 610 Trapezuntt'i,
2228 531 2386 610 etde
2415 551 2580 596 nova
2635 535 3062 600 Homiliarum
3100 495 3377 602 omnium
3424 542 3492 603 in
3534 539 3712 602 Mat-

1638 609 1861 670 thamm
1901 630 1939 669 a
1968 609 2150 672 nobis
2189 609 2522 673 adornata.

469 826 482 839 .
518 745 588 806 In
614 746 814 839 Editis
837 747 1080 839 Latinis
1107 767 1378 839 operum
1408 753 1874 839 Cbrysoslomi,
1930 754 2209 839 itemque
2251 755 2790 839 in_Grtncolatinis
2822 758 3330 823 Commeliuiano
3379 767 3443 824 et
3468 763 3726 825 Morel-

437 819 641 922 liapo,
675 833 822 905 post
851 832 996 889 octo
1043 819 1291 922 priores
1317 819 1642 922 homilias,
1674 819 2303 922 quarum_in_terpres
2330 835 2598 922 Latinus
2625 839 2939 922 _.f\nianus
2972 819 3730 922 _es‘t,'uti:iamvdi;ivmuvs,

439 912 684 998 caetera}
710 924 933 969 omnes
952 926 1110 998 cum
1153 910 1986 998 intigrpretatione’Georgii
2016 910 2433 998 Trapezuntii
2484 917 2824 998 prodiere;
2883 919 2994 981 sed
3050 910 3119 981 in
3148 910 3533 984 Mo'rclliana
3590 910 3730 983 tam

439 986 672 1046 Auiani
703 1004 902 1058 quam
947 986 1205 1056 Georgii
1232 986 1648 1069 Trapezuhtii
1677 986 2012 1056 versiones
2039 986 2430 1067 retractatae,
2461 986 2523 1056 e't
2550 996 2615 1056 in
2647 986 2864 1059 multis
2919 1004 3182 1062 mutatte
3218 1007 3626 1090 comparent.
3661 1006 3731 1060 ut

485 1395 3729 1444 ww

537 1431 976 1441 ...ἡ-...υς-
1013 1429 3346 1444 m—
3708 1441 3728 1444 4

1256 1703 1736 1795 SANCTI
1845 1705 2329 1797 PATRIS
2431 1710 2930 1805 NOSTRI

619 2014 1653 2200 JOANNIS
1830 2015 3585 2212 CHRYSOSTOMI

1385 2403 1904 2462 ARCIIIEPISCOPI
1957 2403 2802 2475 CONSTANTINOPOLITANI,

1570 2675 2029 2790 OPERA
2106 2674 2601 2789 OMNIA.

1971 2968 2229 2982 ——

737 3181 1423 3248 COMMENTARIUS
1464 3181 1567 3248 IN
1604 3181 2016 3247 SANCTUM
2052 3183 2250 3246 MAT.

1924 3181 2016 3246 VM
2052 3183 2578 3247 MATTHEUM
2618 3182 3292 3248 EVANGELASTAM
3330 3185 3437 3266 (a).

1963 3440 2224 3452 —._——-—.

1931 3685 2216 3743 HOMILIA
2241 3675 2284 3740 ι.

537 3954 585 4010 l.
615 3953 750 4008 Libri
779 3952 1063 4023 Scriptura
1081 3968 1172 4007 cur
1211 3952 1339 4007 dati.
1365 3939 1474 4007 Lex
1499 3939 1701 4023 quando
1723 3961 1770 4006 et
1796 3937 2046 4023 qubmodo

454 4047 599 4101 data.
631 4046 832 4102 Nouum
857 4044 1232 4101 Testamentum
1255 4048 1462 4119 quando
1501 4055 1546 4101 et
1572 4045 1824 4117 quomodo
1848 4046 2041 4099 datum.

2152 3936 2248 4007 sed
2279 3952 2332 4007 in
2361 3943 2492 4007 Novi
2520 3951 2679 4009 etiam
2705 3953 3036 4013 Testamenti
3060 3960 3260 4015 sanctis
3287 3960 3482 4016 factum
3522 3972 3821 4038 compn-

2151 4042 2338 4098 rimus.
2355 4042 2539 4114 Neque
2554 4045 2694 4100 enim
2723 4048 2977 4115 apostolis
2999 4049 3197 4119 scripto
3224 4051 3500 4121 quidpiam
3529 4057 3822 4115 tradidit

457 4139 650 4194 --Par
677 4149 820 4195 esset
844 4138 1057 4210 quidem
1096 4155 1194 4194 nos
1234 4139 1375 4193 nulla
1410 4153 1568 4209 egere
1614 4137 1888 4194 literarum
1919 4151 2042 4205 ope,

457 4231 552 4287 sed
595 4231 666 4285 ita
709 4246 893 4301 puram
939 4231 1190 4286 exhibere
1227 4232 1412 4298 vitam,
1444 4238 1502 4284 ut
1527 4229 1755 4301 Spiritus
1781 4230 1945 4299 gratia
1976 4229 2043 4282 li-

459 4324 676 4379 brorum
712 4326 879 4380 instar
903 4325 1057 4380 nobis
1097 4335 1242 4381 esset
1276 4342 1290 4380 :
1319 4339 1383 4381 ac
1408 4323 1548 4380 sicut
1574 4323 1692 4379 libri
1722 4331 2041 4386 atramento,

454 4419 536 4472 sic
572 4419 734 4473 corda
773 4428 952 4474 nostra
991 4417 1190 4488 Spiritu
1236 4419 1353 4489 ipso
1381 4427 1564 4475 essent
1605 4417 1877 4486 inscripta.
1909 4416 2044 4485 Quia

455 4525 586 4564 vero
614 4509 920 4579 huiusmodi
962 4511 1189 4580 gratiam
1229 4511 1548 4580 depulimus,
1586 4525 1704 4582 age.
1749 4511 2040 4566 secundum

454 4601 804 4672 navigationis
825 4615 1042 4656 cursum
1066 4601 1436 4670 suscipiamus.
1459 4601 1617 4656 Certe
1637 4601 1870 4672 primum
1897 4600 2041 4655 illum

451 4707 670 4748 cursum
704 4691 1125 4761 przestantiorem
1170 4690 1356 4756 fuisse,
1388 4701 1444 4746 et
1486 4692 1663 4747 verbis
1701 4701 1754 4748 et
1793 4692 2044 4762 operibus

457 4785 587 4854 ipsis
613 4784 848 4838 ostendit
876 4783 1035 4840 Deus.
1067 4783 1338 4855 Siquidem
1368 4783 1479 4839 Noe
1509 4792 1564 4839 et
1603 4784 1906 4839 Abrahamo
1945 4798 2040 4837 ne-

457 4879 776 4950 potibusque
802 4878 940 4947 ejus,
975 4892 1184 4934 necnon
1213 4875 1349 4933 Jobo
1379 4876 1583 4948 ipsique
1603 4876 1793 4948 Moysi.
1822 4892 1928 4930 non
1951 4890 2044 4945 per

450 4972 638 5027 literas
663 4970 996 5040 loquebatur,
1031 4970 1122 5026 sed
1164 4985 1257 5040 per
1295 4983 1354 5024 se
1395 4969 1527 5038 ipse,
1572 4968 1714 5039 quod
1757 4981 1947 5038 purum
1989 4968 2040 5020 in

453 5062 584 5132 ipsis
622 5064 859 5117 animum
895 5061 1178 5131 reperiret.
1222 5060 1504 5129 Postquam
1543 5068 1723 5115 autem
1762 5059 2043 5113 universus

454 5152 801 5207 llebrzeorum
840 5153 1063 5223 populus
1091 5153 1142 5206 iu
1172 5151 1488 5222 profundum
1515 5151 1766 5221 nequitite
1791 5151 2043 5221 delapsus

452 5253 556 5310 est,
589 5257 807 5300 necesse
835 5244 1045 5298 demum
1074 5244 1169 5298 fuit
1195 5253 1252 5297 ut
1281 5243 1446 5296 literis
1472 5250 1525 5298 et
1553 5240 1745 5296 tabulis
1771 5241 1834 5297 ad
1856 5256 2040 5296 eorum

451 5336 925 5394 commonitionem
946 5346 1215 5402 uteretur;
1241 5334 1398 5406 idque
1419 5334 1593 5389 nonin
1617 5333 1826 5389 Veteris
1843 5335 2036 5400 solum,

541 5494 592 5557 (ι)
620 5491 921 5557 Contulimus
939 5490 1150 5557 Codices
1171 5499 1288 5557 Reg.
1317 5491 1456 5557 193},
1486 5491 1626 5557 1949,
1663 5490 1801 5549 1942,
1823 5489 2039 5557 Oolbert.

454 5552 704 5622 168,306,
731 5553 1070 5622 Coisliuianum
1091 5554 1169 5622 66.
1201 5552 1361 5622 Alium
1401 5555 1520 5622 item
1554 5552 1698 5622 Dom.
1725 5553 1963 5616 Foucault,
1991 5561 2043 5605 et

453 5615 785 5676 tui-ouens'em
808 5622 872 5676 D.
893 5623 957 5674 du
981 5618 1164 5672 Poirier
1187 5615 1364 5672 medici
1387 5616 1716 5671 erutlitisstmi.

2154 4133 2315 4201 Deus,
2343 4133 2438 4188 sed
2470 4151 2566 4205 pro
2595 4136 2764 4192 literis
2792 4135 3018 4207 Spiritus
3045 4141 3268 4209 gratiam
3295 4157 3352 4197 se
3390 4141 3692 4202 daturum
3737 4151 3822 4204 il«

2150 4223 2217 4280 lis
2245 4225 2507 4294 pollicitus
2535 4236 2614 4281 est
2657 4246 2668 4280 :
2703 4245 2823 4283 nam
2855 4228 2970 4293 Ille.
3011 4232 3107 4298 ait,
3135 4241 3363 4304 suggeret
3398 4236 3552 4290 vobis
3590 4245 3822 4297 omnia

2151 4314 2334 4385 (Joau.
2365 4319 2449 4373 14.
2475 4318 2589 4392 26).
2609 4319 2678 4376 Ut
2698 4337 2825 4376 vero
2842 4322 3017 4378 discas
3036 4324 3136 4379 hoc
3157 4325 3312 4397 longe
3335 4328 3535 4385 melius
3560 4331 3822 4404 fuisse,

2148 4411 2274 4466 audi
2299 4412 2428 4482 quid
2453 4429 2548 4482 per
2574 4414 2888 4484 prophetam
2912 4417 3055 4472 dicat
3078 4435 3090 4470 :
3119 4417 3394 4490 Disponam
3426 4423 3588 4479 vobis
3619 4437 3822 4484 leua.

2148 4513 2372 4557 mentum
2401 4521 2603 4572 novum,
2635 4507 2762 4561 dans
2793 4508 2924 4578 leges
2953 4526 3089 4564 meas
3117 4511 3170 4564 in
3200 4522 3362 4566 mente
3381 4529 3603 4584 eorum,
3649 4532 3724 4575 et
3768 4525 3822 4577 is

2147 4595 2382 4650 cordibus
2419 4611 2595 4650 eorum
2634 4599 2850 4652 scribam
2891 4615 2995 4667 eas,
3040 4608 3086 4655 et
3127 4611 3274 4656 erunt
3313 4618 3490 4658 omnes
3538 4606 3740 4665 docti
3802 4633 3822 4667 ε

2149 4685 2258 4742 Deo
2284 4685 2417 4756 (Jer.
2447 4688 2535 4743 51.
2570 4690 2656 4744 5|.
2689 4689 2803 4760 35).
2833 4690 3027 4746 Paulus
3053 4706 3265 4764 quoque
3294 4693 3429 4750 hanc
3455 4699 3822 4760 declat-an:

2148 4779 2530 4848 praestantiam,
2559 4779 2766 4836 dicebat
2796 4784 3065 4852 accepisse
3095 4800 3156 4840 se
3188 4785 3378 4856 legem,
3423 4785 3563 4843 Non
3605 4793 3688 4848 in
3733 4809 3822 4853 ια,

2150 4872 2279 4925 bulis
2307 4871 2542 4942 lapideis,
2574 4872 2662 4926 sed
2699 4873 2753 4927 in
2787 4873 2970 4929 tabulis
2998 4875 3164 4930 cordis
3189 4877 3479 4932 carnalibus
3513 4879 3616 4953 (2.
3663 4889 3822 4944 Cor

2147 4967 2200 5021 3.
2230 4967 2306 5036 5).
2335 4967 2466 5032 Quia
2486 4981 2614 5022 vero
2635 4976 2756 5033 post
2781 4968 3003 5023 multum
3034 4971 3288 5039 temporis
3312 4970 3398 5025 alii
3425 4972 3604 5030 circa
3645 4981 3822 5057 dOg

2148 5067 2311 5126 mata,
2356 5059 2446 5114 alii
2471 5060 2613 5115 circa
2658 5061 2820 5116 vitam
2845 5071 2901 5116 et
2937 5077 3118 5119 mores
3159 5063 3525 5135 impegerunt,
3560 5084 3822 5137 neces

2147 5152 2284 5206 saria
2325 5151 2501 5207 denuo
2545 5152 2640 5206 l'uit
2667 5153 2754 5207 illa
2799 5169 2895 5223 per
2938 5154 3122 5209 literas
3165 5155 3442 5211 institutio.
3485 5160 3822 5228 Animad

2147 5252 2322 5298 vertas
2342 5244 2524 5311 velim,
2551 5254 2804 5314 quantum
2829 5245 2957 5300 illud
2978 5245 3176 5301 malum
3202 5247 3299 5314 sit;
3323 5248 3465 5319 quod
3496 5256 3632 5310 etsi
3667 5276 3822 5319 cu;

2148 5341 2289 5387 tanta
2330 5335 2557 5404 puritate
2595 5337 2758 5391 vitam
2807 5353 2966 5408 agere
3012 5337 3320 5406 debeamus,
3367 5349 3424 5394 ut
3470 5357 3552 5399 ne
3627 5349 3816 5412 libr

2144 5424 2359 5496 quidem
2391 5426 2460 5481 sit
2487 5442 2642 5496 Opus,
2685 5428 2780 5483 sed
2826 5429 3078 5484 librorum
3109 5429 3225 5485 vice
3255 5429 3416 5485 c0rda
3463 5433 3822 5504 Oilei-end

2147 5517 2253 5572 sint
2298 5517 2517 5587 Spiritui
2566 5527 2750 5574 sancto
2797 5520 3150 5588 instituenda;
3201 5531 3490 5594 postquam
3543 5535 3822 5597 unum

2150 5611 2409 5664 honorem
2452 5609 2747 5679 amisimus,
2782 5620 2942 5684 atque
2980 5627 3046 5669 eo
3087 5613 3287 5670 redacti
3330 5628 3556 5689 sumus,
3602 5637 3715 5684 ιιι
3789 5635 3814 5688 ι
