3858 6272
409 176 474 228 ίῖί
1124 166 1181 221 S.
1217 159 1504 224 JOANNIS
1541 167 2026 225 CHRYSOSTOMI
2061 167 2380 224 ARCHIEP.
2416 168 2962 226 CONSTANTINOP.
3607 172 3674 231 18

400 281 803 338 ἐπισπάσασθαι
829 281 850 312 ⁷
892 281 1070 352 χάριν,
1111 283 1382 352 σκόπησον
1425 284 1584 355 ἡλίκη
1630 283 1964 354 κατηγορία,

398 374 627 445 τδ’μηδέ
669 373 806 444 μετά
832 373 932 445 τήν
971 373 1221 445 βοήθειαν
1263 375 1463 445 ταύτην
1506 375 1709 430 ἐθέλειν
1753 374 1968 445 κερδαίο

395 485 531 533 νειν,
571 464 686 520 ἀλλ’
712 465 790 530 ὡς
814 467 934 538 εἰκῆ
967 468 1062 520 καὶ
1095 468 1268 538 μάτην
1305 467 1531 538 κείμενα
1559 466 1629 520 τά
1667 467 1970 537 γράμματα

402 559 684 632 περισρᾷν,
730 558 825 612 καὶ
879 558 1101 630 μείζονα
1149 557 1480 612 ἐπισπᾶσθαι
1511 558 1534 589 ⁸
1577 557 1678 629 τήν
1725 559 1966 611 κόλασιν.

401 647 579 720 Ὅπερ
600 649 689 704 ἴνα
722 649 798 722 μὴ
831 650 1073 721 γένηται,
1106 649 1462 722 προσέχωμεν
1510 649 1648 718 μετά
1686 647 1969 719 ἀκριϐείας

401 744 512 804 τοῖς
547 740 971 812 γεγραμμένοις,
999 740 1092 794 καὶ
1127 739 1386 812 μάθωμεν
1423 737 1506 813 [5]
1529 737 1648 803 πῶς
1683 737 1781 810 μὲν
1812 740 1840 791 ό
1870 754 1970 791 πα-

401 827 552 893 λαιὸς
589 830 742 901 ἐδόθη
782 830 975 900 νόμος,
1005 830 1124 894 πῶς
1159 831 1216 883 δὲ
1255 833 1289 902 ή
1330 833 1506 900 Καινὴ
1539 830 1800 900 Διαθήκη.
1845 828 1970 892 Πῶς

400 916 494 973 οῦν
520 921 548 972 ό
579 921 739 990 νόμος
769 921 971 982 ἐκεῖνος
998 919 1152 990 ἐδόθη
1196 919 1340 985 τότε,
1384 920 1479 973 καὶ
1523 918 1654 972 πότε
1698 918 1790 971 καὶ
1829 916 1968 980 ποῦς

401 1009 555 1065 Μετὰ
581 1009 672 1061 τὸν
697 1007 805 1062 τῶν
841 1009 1152 1077 Αἰγυπτίων
1187 1009 1425 1080 ὄλεθρον,
1473 1010 1566 1063 ἐπὶ
1605 1009 1705 1080 τῆς
1741 1009 1969 1078 ἐρήμου,

401 1101 459 1151 ἐν
488 1097 566 1170 τῷ
612 1097 730 1169 ὄρει
774 1099 926 1162 Σινᾶ,
965 1098 1172 1154 καπνοῦ
1218 1100 1310 1152 ml
1346 1100 1557 1171 πυρὸς⁹
1590 1099 1830 1162 ἀνιόντος
1864 1097 1972 1150 ἀπὸ

398 1190 495 1244 τοῦ
531 1189 709 1260 ὅρους,
740 1189 1037 1260 σάλπιγγος
1063 1189 1318 1261 ήχούσης,
1352 1189 1588 1262 βροντῶν
1633 1191 1728 1244 καὶ
1769 1190 1974 1259 ἀστρα-

401 1281 521 1334 πῶν
551 1280 851 1352 γινομένων
875 1282 940 1346 ¹⁰,
974 1280 1068 1334 τοῦ
1098 1282 1375 1345 Μωῦσέως
1406 1284 1486 1344 εἰς
1518 1280 1680 1334 αὑτὸν
1717 1279 1974 1341 εἰσιόντος

402 1368 496 1422 τδν
531 1369 750 1438 γνόφον.
793 1370 883 1423 Ἑν
924 1373 990 1442 τῇ
1041 1372 1216 1442 Καινῇ
1267 1372 1323 1425 δὲ
1367 1372 1464 1442 ούχ
1508 1371 1711 1434 οὕτως·
1742 1369 1866 1424 οὗτε
1915 1369 1974 1420 ἐν

403 1462 620 1532 ἐρήμῳ,
649 1460 770 1515 οὔτε
801 1464 859 1515 ἐν
891 1463 1027 1533 δρει,
1057 1461 1180 1516 οῦτε
1219 1462 1355 1533 μετὰ
1383 1461 1591 1516 καπνοῦ
1621 1462 1715 1514 ml
1749 1461 1975 1522 σκότους

405 1554 500 1628 καὶ
523 1552 720 1623 γνόφου
757 1553 853 1606 καὶ
887 1552 1111 1624 θυέλλης
1129 1570 1142 1583 ·
1173 1553 1286 1606 ἀλλ’
1308 1553 1617 1624 ἀρχομένης
1645 1551 1878 1623 ἡμέρας.
1916 1552 1974 1603 ἐν

404 1643 587 1714 οἰκίᾳ,
645 1643 862 1696 πάντων
920 1643 1368 1715 συγκαθημένων,
1417 1642 1557 1714 μετά
1612 1642 1813 1712 πολλῆς
1874 1642 1974 1713 τῆς

406 1733 742 1805 ἡμερότητος
781 1733 961 1787 πάντα
989 1734 1230 1803 ἐγίνετο.
1270 1735 1394 1797 Τοῖς
1441 1733 1538 1804 μὲν
1573 1737 1679 1804 γὰρ
1709 1731 1978 1800 ἀλογωτέ-

404 1840 522 1894 ροις
559 1825 657 1880 καὶ
692 1824 962 1893 δυσηνίοις
1003 1823 1319 1893 σωματικῆς
1361 1823 1468 1876 ἔδει
1514 1822 1832 1892 φαντασίας,
1863 1817 1976 1876 οἷον

408 1915 665 1985 ἐρημίας,
714 1914 893 1985 ὅρους,
940 1915 1170 1978 καπνοῦ,
1214 1915 1510 1984 σάλπιγγος
1537 1916 1695 1987 ἠχῆς,
1744 1917 1836 1968 ml
1867 1914 1976 1968 τῶν

409 2003 584 2060 ἄλλων
605 2003 716 2058 τῶν
748 2003 1028 2058 τοιούτων
1058 2008 1172 2069 τοῖς
1200 2004 1258 2058 δέ
1287 2005 1636 2079 ὑψηλοτέροις
1674 2007 1768 2058 ml
1809 2021 1978 2058 κατα-

410 2093 621 2148 πειθέσι
654 2095 747 2148 καὶ
787 2095 889 2166 τὴν
919 2095 1027 2149 τῶν
1075 2096 1355 2167 σωμάτων¹
1386 2094 1593 2150 ἔννοιαν
1637 2095 1975 2167 ύπεραναϐε-

411 2186 655 2257 ϐηκόσιν,
685 2185 896 2251 ούδενδς
921 2182 988 2259 ἦν
1019 2187 1220 2241 τούτων
1249 2187 1427 2260 χρεία.
1459 2188 1521 2240 Εἰ
1549 2187 1608 2240 δὲ
1642 2188 1735 2241 καὶ
1767 2188 1854 2241 ἐπ’
1881 2187 1976 2240 αύ-

409 2279 518 2332 τῶν
545 2274 678 2350 ἦχος
707 2279 939 2346 ἐγένετο,
964 2280 1024 2331 ού
1055 2279 1144 2332 διά
1171 2281 1296 2342 τοὺς
1345 2277 1692 2342 ἀποστόλους,
1727 2277 1862 2331 ἀλλά
1887 2277 1978 2331 διά

409 2371 538 2433 τοὺς
577 2370 848 2441 παρόντας
880 2369 1190 2436 Ἰουδαίους,
1238 2370 1306 2423 δι’
1334 2369 1427 2434 οὓς
1455 2370 1551 2424 ml
1579 2371 1638 2423 αἱ
1663 2369 1757 2423 τοῦ
1805 2369 1976 2434 πυρὸς

399 2460 668 2529 ὤφθησαν
705 2459 971 2527 γλῶσσαι..
1007 2457 1071 2509 Εἰ
1111 2455 1221 2527 γάρ
1259 2456 1356 2511 καὶ
1387 2457 1525 2528 μετά
1567 2455 1726 2512 τοῦτο
1775 2457 1984 2528 ἐλεγονο

407 2551 488 2604 ὅτι
517 2549 784 2612 Γλεύκους
828 2546 1238 2618 μεμεστωμένοι
1267 2547 1404 2613 εἰσί,
1451 2546 1634 2618 πολλῷ
1680 2548 1900 2618 μᾶλλον,
1935 2549 1986 2602 εἰ

313 2699 317 2702 _
408 2640 575 2712 μηδὲν
607 2637 812 2692 τούτων
863 2633 1022 2701 εἶδον,
1069 2637 1240 2693 ταῦτα
1271 2639 1338 2693 ἂν
1387 2635 1559 2694 εἷπον.
1585 2642 1706 2694 ’Καὶ
1736 2642 1838 2695 ἐπὶ
1888 2642 1985 2712 μὲν

404 2733 505 2800 τῆς
554 2729 832 2792 Παλαιᾶς,
879 2728 1158 2793 Μωῦσέως
1207 2730 1537 2797 ἀναϐάντος,
1577 2731 1749 2797 οὕτως
1781 2733 1810 2784 ό
1851 2732 1986 2797 Θεὸς

405 2821 641 2892 κατέόη·
671 2819 900 2874 ἐνταῦθα
935 2819 993 2873 δέ
1035 2820 1136 2888 τῆς
1169 2821 1385 2891 φύσεως
1430 2823 1532 2892 τῆς
1580 2824 1856 2894 ἡμετέρας
1903 2824 2003 2888 εἰς’

403 2912 496 2965 τὸν
521 2911 766 2982 οὐρανὸν,
801 2910 1000 2981 μᾶλλον
1028 2911 1086 2965 δὲ
1116 2913 1196 2975 εἰς
1234 2911 1325 2966 τὸν
1355 2911 1544 2984 θρόνον
1581 2913 1672 2966 τὸν
1704 2913 1983 2983 βασιλικὸν

404 3006 814 3077 ἀνενεχθείσης,
854 3004 996 3060 οὕτω
1032 3007 1094 3059 τὸ
1131 3006 1354 3077 Πνεῦμα
1399 3009 1664 3065 κάτεισιν.
1715 3011 1779 3064 Εἰ
1815 3009 1872 3064 δὲ
1917 3010 1984 3065 τὺ

404 3096 634 3166 Πνεῦμα
673 3096 916 3162 ἐλαττον,
951 3098 1052 3152 ούκ
1087 3097 1154 3152 ἂν
1186 3097 1414 3170 μείζονα
1451 3097 1520 3172 ἦν
1552 3101 1622 3156 τὰ
1649 3102 1913 3174 γενόμενα
1937 3103 1979 3135 ¹⁸

404 3188 500 3241 καὶ
524 3187 957 3260 θαυμαστότερα.
998 3190 1107 3243 Kal
1139 3189 1246 3261 γάρ
1279 3192 1332 3244 αἰ
1352 3192 1566 3256 ’πλάκες
1607 3189 1765 3248 αῦται
1803 3193 1981 3264 πολλῷ

406 3277 648 3349 βελτίους
675 3280 740 3342 ι’,
786 3280 879 3332 καὶ
922 3280 992 3332 τὰ
1040 3280 1438 3352 κατορθώματα
1471 3283 1848 3357 λαμπρότερα.
1900 3285 1978 3340 Ού

403 3372 512 3442 γάρ
539 3370 599 3435 ἐξ
627 3371 788 3442 ὅρους
824 3370 1091 3442 κατῄεσαν
1125 3372 1324 3443 στήλας
1358 3372 1615 3444 φέροντες
1645 3375 1852 3439 λιθίνας
1888 3376 1980 3429 ἐπὶ

403 3463 514 3516 τῶν
551 3461 749 3533 χειρῶν
787 3463 835 3516 οἰ
875 3462 1190 3528 ἀπόστολοι,
1224 3463 1474 3534 καθάπερ
1526 3466 1803 3538 Μωῦσῆςο
1845 3465 1981 3521 ἀλλὰ

401 3553 463 3605 τὸ
497 3551 718 3623 Πνεῦμα
743 3553 800 3604 ἐν
837 3554 903 3623 τῇ
948 3553 1155 3625 διανοίᾳ
1202 3555 1610 3628 περιφέροντες,
1641 3557 1736 3610 καὶ
1769 3557 1972 3629 θησαυ-

405 3644 496 3713 ρόν
539 3659 660 3696 τινα
687 3643 782 3695 ml
811 3643 990 3713 πηγὴν
1023 3643 1308 3712 δογμάτων
1349 3646 1443 3698 ml
1489 3648 1847 3718 χαρισμάτων
1877 3650 1971 3702 καὶ

403 3733 621 3784 πάντων
663 3730 770 3783 τῶν
805 3730 1022 3798 ἀγαθῶν
1059 3733 1481 3800 ἀναϐλύζοντες,
1517 3736 1660 3790 οῦτω
1703 3739 1977 3808 πανταχοῦ

403 3820 722 3892 περιῄεσαν,
772 3819 951 3890 βιϐλία
997 3821 1092 3874 καὶ
1125 3821 1278 3893 νόμοι
1325 3824 1598 3895 γινόμενοι
1631 3825 1721 3880 διά
1766 3827 1868 3898 τῆς
1900 3826 1977 3899 [ό]

402 3913 624 3985 χάριτος
655 3911 906 3981 ἐμψυχοι.
934 3910 1092 3965 Οὕτω
1129 3913 1256 3977 τοὺς
1285 3915 1634 3986 τρισχιλίους,
1670 3917 1812 3972 οὕτω
1854 3920 1980 3981 τοὺς

401 4001 891 4073 πεντακισχιλίους,
917 4002 1059 4056 οὕτω
1089 4005 1218 4070 τοῦς
1249 4005 1349 4077 τῆς
1382 4007 1708 4080 οἰκουμένης
1737 4010 1979 4064 ἐπεσπά-

403 4111 564 4148 σαντο
599 4095 832 4165 δήμους,
864 4093 959 4147 τοῦ
993 4094 1127 4148 Θεοῦ
1174 4096 1262 4150 διά
1310 4098 1408 4170 τῆς
1457 4099 1681 4155 ἐκείνων
1733 4101 1980 4170 γλώττης

399 4187 519 4248 τοῖς·
553 4183 866 4256 προσιοῦσιν
912 4185 1082 4239 ἅπασι
1126 4187 1529 4260 διαλεγομένου.
1570 4191 1688 4260 Ἀφ’
1720 4187 1783 4247 οῦ
1825 4194 1917 4246 καὶ
1951 4194 1980 4245 ό

399 4275 675 4340 Ματθαῖος
715 4274 809 4330 τοῦ
839 4275 1159 4345 Πνεύματος
1190 4269 1524 4350 ἐμπλησθεὶς
1556 4281 1795 4352 ἔγραψεν
1830 4283 1975 4354 άπερ

399 4364 640 4436 ἔγραψε·
686 4366 963 4431 Ματθαίος
998 4369 1028 4422 ό
1065 4367 1333 4442 τελώνηςλο
1371 4372 1431 4424 ού
1488 4372 1596 4444 γὰρ
1652 4373 1979 4445 αἰσχύνομαι

400 4457 580 4511 καλῶν
607 4460 767 4512 αὐτὸν
794 4461 901 4515 ἀπὸ
927 4461 1024 4531 τῆς
1059 4459 1272 4531 τέχνης,
1300 4460 1424 4515 οὔτε
1453 4462 1660 4528 τοῦτον,
1688 4463 1814 4519 οὔτε
1851 4469 1978 4531 τοὺς

399 4549 614 4611 ἄλλους.
655 4550 824 4604 Τοῦτο
875 4553 985 4622 γάρ
1042 4552 1276 4623 μάλιστα
1313 4553 1561 4608 ’δείκνυσι
1602 4555 1696 4609 καὶ
1738 4555 1838 4630 τὴν
1880 4558 1974 4611 τοῦ

399 4639 717 4709 Ηνεύματος
742 4640 922 4712 χάριν,
954 4643 1048 4696 ml
1077 4643 1177 4713 τήν
1217 4645 1438 4698 ἐκείνων
1477 4646 1701 4717 ἀρετήν.

471 4730 538 4800 β’.
566 4731 892 4799 Εύαγγέλιον
916 4732 972 4787 δέ
995 4735 1156 4788 αὐτοῦ
1195 4736 1294 4805 τὴν
1333 4737 1714 4808 πραγματείαν
1753 4738 1976 4803 είκότως

397 4821 642 4875 ἐκάλεσε.
671 4823 781 4876 Καὶ
807 4822 915 4895 γὰρ
943 4825 1216 4889 κολάσεως
1253 4828 1556 4897 ἀναίρεσιν,
1589 4830 1687 4884 καὶ
1724 4831 1974 4902 ἁμαρτη-

301 4953 304 4957 .
401 4913 583 4982 μάτων
616 4913 795 4992 λύσιν,
830 4916 922 4967 ml
957 4917 1332 4987 δικαιοσύνην,
1381 4920 1478 4972 καὶ
1539 4921 1830 4992 ἀγιασμδν,
1879 4923 1974 4975 ml

397 4991 800 5070 ἀπολύτρωσινξ
847 4999 941 5052 ml
984 5001 1270 5066 υἱοθεσίαν,
1312 5007 1416 5057 ’καὶ
1460 4991 1822 5077 κληρονομίαν
1867 5023 1992 5078 τιυι,

397 5091 663 5156 οὐρανῶν,
711 5092 809 5145 καὶ
849 5091 1169 5160 συγ-γένειαν
1205 5093 1342 5165 πρὸς
1388 5095 1481 5148 τὸν
1514 5095 1641 5150 Υλίδν
1674 5095 1768 5151 τοῦ
1816 5097 1972 5158 Θεοῦ,

399 5185 567 5237 πᾶσιν
610 5178 772 5253 ἦλθεν
812 5182 1204 5252 ἀπαγγέλλων
1237 5187 1350 5250 τοῖς
1389 5187 1624 5258 ἐχθροῖς.
1656 5193 1769 5254 τοῖς
1801 5191 1972 5258 ἀγνεῖι-

405 5291 568 5345 μοσι,
610 5276 723 5338 τοῖς
759 5275 817 5326 ἐν
864 5275 1040 5344 σκότῳ
1091 5275 1439 5348 καθημένοις,
1483 5279 1552 5331 Τί
1583 5282 1703 5334 ποτ’
1745 5277 1838 5336 οῦν
1870 5284 1971 5335 τῶε.

367 5364 738 5434 ⁴εὒαγγελίων
781 5363 986 5417 τούτων
1025 5359 1143 5420 ἴσον
1169 5367 1366 5435 γένοιτ’
1395 5370 1491 5434 ἄν;
1532 5369 1665 5434 Θεδς
1707 5373 1801 5426 ἐπὶ
1842 5374 1974 5444 γῆς,

403 5455 688 5522 ἄνθρωπος
726 5453 786 5505 ἐν
830 5452 1076 5524 ούρανῷο
1113 5455 1212 5508 καὶ
1263 5457 1441 5511 πάντα
1498 5459 1701 5530 ἀναμὶξ
1741 5462 1975 5530 ἐγένετο,

2090 275 2311 344 ἄγγελοι
2349 274 2699 346 συνεχόρευον
2732 277 3062 349 ἀνθρώποις,
3093 281 3370 354 ἅνθρωποι
3415 290 3532 350 τοῖς
3573 290 3673 356 ἀγ.

2103 367 2268 436 ίέλοις
2311 366 2648 434 ἐκοινώνουν,
2675 367 2770 422 καί
2799 371 2920 432 ταῖς
2963 371 3151 436 ἄλλαις
3192 378 3313 440 ταῖς
3359 378 3473 432 ἄνω
3509 379 3675 434 δυνά.

2093 475 2248 530 μεσιο
2280 458 2373 512 ml
2398 454 2471 530 ἦν
2500 458 2631 513 ἰδεῖν
2660 459 2751 514 τὸν
2780 462 2993 532 χρόνιον
3022 464 3249 520 λυθέντα
3286 468 3544 541 πόλεμον,
3573 472 3675 526 καὶ

2088 549 2437 618 καταλλαγὰς
2480 549 2614 603 Θεοῦ
2657 554 2792 622 πρὸς
2835 552 2936 624 τὴν
2970 556 3246 628 ἡμετέραν
3293 561 3676 631 γεγενημένας

2091 639 2273 709 φύσιν,
2301 640 2544 694 διάϐολον
2577 643 2985 714 αἰσχυνόμενον,
3015 646 3276 718 δαίμονας
3309 651 3676 720 δραπετεύον-
3749 679 3752 681 λ

2088 748 2208 795 τας,
2240 731 2466 785 θάνατον
2505 731 2796 802 λελυμένον
2822 733 2886 800 η,
2923 736 3246 806 παράδεισον
3293 739 3674 811 ἀνοιγόμενον,

2090 822 2336 893 κατάραν
2373 817 2770 902 ἠφανισμένην,
2820 825 3095 896 ἁμαρτίαν
3140 829 3386 883 ἐκποδὼν
3433 848 3676 902 γεγενη-

2094 913 2283 984 μένην,
2330 913 2538 983 πλάνην
2575 913 3015 986 ἀπεληλαμένην,
3059 917 3315 990 ἀλήθειαν
3345 922 3676 977 ἐπανελθοῦσ

2093 1023 2214 1079 σαν,
2257 1008 2357 1077 τῆς
2388 1005 2668 1069 εὐσεϐείας
2696 1006 2790 1061 τὸν
2836 1006 2994 1077 λόγον
3039 1012 3313 1082 πανταχοῦ
3370 1030 3680 1068 κατάσπει-

2095 1097 2319 1167 ρόμενον
2358 1097 2452 1149 καὶ
2495 1097 2773 1167 κομῶντα,
2818 1099 2914 1170 τὴν
2943 1099 3050 1153 τῶν
3083 1101 3194 1155 άνω
3243 1103 3520 1158 πολιτείαν
3579 1105 3682 1158 ἐπὶ

2091 1188 2188 1258 τῆς
2223 1188 2325 1256 γῆς
2371 1189 2806 1260 πεφυτευμένην,
2853 1190 2992 1261 μετὰ
3036 1192 3217 1258 ἀδείας
3268 1195 3364 1260 τάς
3414 1192 3680 1268 δυνάμεις

2091 1277 2304 1340 ἐκείνας
2328 1277 2620 1347 όμιλούσας
2645 1281 2798 1350 ἡμῖν,
2827 1282 2922 1334 ml
2947 1285 3013 1354 τῇ
3039 1287 3108 1354 γῇ
3136 1285 3376 1356 συνεχῶς
3404 1287 3682 1357 ἀγγέλους

2092 1368 2591 1442 ἐπιχωρτάζοντας,
2636 1372 2732 1424 καὶ
2788 1373 2990 1445 πολλὴν
3030 1375 3172 1448 ὑπὲρ
3214 1377 3322 1430 τῶν
3370 1379 3680 1450 μελλόντων

2090 1461 2190 1532 τὴν
2225 1459 2416 1513 ἐλπίδα
2465 1456 2660 1516 οὖσαν..
2693 1462 2793 1515 Διὰ
2821 1463 2978 1518 τοῦτο
3008 1466 3342 1536 Εύαγγέλιον
3377 1470 3478 1541 τήν
3527 1473 3682 1525 ἰστο-

2093 1553 2215 1625 ρίαν
2249 1551 2525 1618 ἐκάλεσεν,
2557 1551 2634 1617 ὡς
2671 1553 2739 1608 τά
2772 1571 2835 1623 γε
2867 1554 3002 1611 ἄλλα
3036 1558 3214 1612 πάντα
3250 1562 3471 1632 ῥήματα
3510 1565 3680 1634 μόνον

2092 1646 2209 1723 ἐστί
2246 1645 2586 1716 πραγμάτων
2621 1645 2824 1718 ἔρημα,
2865 1647 2975 1703 οἷον
3004 1653 3301 1724 χρημάτων
3341 1652 3418 1726 [5]
3452 1672 3682 1727 περιουο

2093 1741 2218 1803 σία,
2265 1738 2583 1802 δυναστείας
2621 1739 2868 1809 μέγεθος,
2910 1745 3008 1798 καὶ
3045 1745 3211 1816 ἀρχαὶ
3243 1748 3338 1800 καὶ
3382 1748 3532 1816 δόξαι
3579 1752 3682 1802 καὶ

2091 1833 2278 1903 τιμαὶ,
2325 1833 2419 1886 ml
2469 1835 2538 1888 τά
2597 1833 2732 1889 ἄλλα
2771 1835 2874 1890 ὅσα
2923 1837 3074 1916 παρά
3123 1838 3434 1910 ἀνθρώποις
3491 1843 3682 1911 ἀγαθά

2093 1921 2233 1978 εἶναι
2277 1925 2574 1998 νομίζεται.
2615 1927 2696 1981 Τά
2745 1927 2803 1981 δέ
2837 1928 2986 1999 παρά
3030 1928 3139 1981 τῶν
3166 1929 3362 1984 ἀλιέων
3391 1932 3678 2001 ἀπαγγελ-

2095 2017 2256 2071 θέντα
2282 2017 2517 2088 γνησίως
2541 2037 2600 2074 τε
2631 2019 2725 2073 ml
2754 2020 2959 2092 κυρίως
2981 2001 3275 2089 εὐαγγέλια
3301 2019 3367 2074 ἂν
3384 2021 3644 2075 ’καλοῖντο
3661 2041 3679 2053 ο

2093 2109 2195 2163 ούκ
2232 2110 2418 2183 ἐπειδὴ
2453 2109 2645 2182 βέϐαια
2678 2110 2773 2165 ml
2820 2109 3055 2181 ἀκίνητα
3091 2112 3249 2182 μόνον
3289 2113 3436 2167 ἐστὶν
3468 2113 3680 2182 ἀγαθά.

2095 2201 2189 2254 καὶ
2215 2201 2354 2273 ὑπὲρ
2389 2202 2489 2269 τὴν
2517 2202 2672 2270 ἀξίαν
2711 2202 2809 2273 τὴν
2838 2201 3132 2273 ἡμετέραν,
3165 2203 3278 2256 ἀλλ’
3316 2204 3396 2257 ὅτι
3426 2204 3680 2275 καὶ’μετ’

2094 2291 2341 2356 εὐκολίας
2375 2293 2590 2364 ἀπάσης
2637 2296 2771 2366 ήμῖν
2807 2294 2986 2365 ἐδόθη.
3024 2294 3158 2347 Ούδέ
3186 2293 3294 2366 γὰρ
3333 2297 3680 2367 πονήσαντες

2093 2385 2192 2438 ml
2229 2383 2576 2456 ἱδρώσαντες,
2603 2386 2665 2440 οὺ
2699 2385 2966 2457 καμόντες
2995 2386 3088 2440 καὶ
3128 2387 3676 2459 ταλαιπωρηθέντες,

2095 2476 2211 2531 ἀλλ’
2255 2477 2630 2549 ἀγαπηθέντες
2673 2477 2829 2550 παρά
2870 2477 2966 2532 τοῦ
3001 2477 3136 2531 Θεοῦ
3180 2479 3362 2548 μόνον,
3406 2479 3682 2551 ἐλάϐομεν

2095 2569 2240 2641 ἅπερ
2269 2569 2555 2641 ἐλάϐομεν.
2599 2570 2710 2624 Kal
2742 2571 2795 2624 τί
2835 2571 3034 2642 δήποτε
3061 2571 3331 2625 τοσούτων
3368 2571 3533 2628 όντων
3563 2573 3682 2627 τῶν

2105 2656 2396 2725 μαθητῶν,
2425 2652 2518 2706 δύο
2547 2654 2850 2723 γράφουσιν
2895 2653 2958 2706 ἐκ
2995 2670 3102 2706 των
3147 2656 3456 2708 ἁ“πυστό).ων
3488 2655 3643 2724 μόνοι
3665 2695 3679 2718 ,

2101 2747 2195 2800 καὶ
2215 2745 2308 2799 δύο
2336 2748 2400 2799 ἐκ
2429 2744 2538 2799 τῶν
2558 2743 2765 2810 τούτοις
2793 2743 3137 2809 ἀκολούθων;
3177 2746 3235 2796 '0
3267 2746 3363 2815 μὲν
3392 2745 3499 2816 γάρ
3524 2746 3684 2800 Παύ-

2100 2836 2216 2901 λου,
2259 2839 2287 2890 ό
2321 2838 2378 2890 δέ
2412 2838 2618 2909 Πέτρου
2665 2837 2913 2909 μαθητὴς
2959 2835 3056 2904 ῶν,
3105 2837 3243 2908 μετὰ.
3280 2838 3520 2891 Ἰωάννου
3580 2839 3681 2890 καὶ

2099 2927 2383 2983 Ματθαίου
2414 2929 2483 2982 τά
2528 2928 2837 2998 Εύαγγέλια
2879 2927 3143 2999 ἔγραψαν.
3174 2929 3295 2980 Ὅτι
3339 2927 3489 2980 ούδέν
3534 2927 3682 2997 πρὸς

2101 3019 2410 3090 φιλοτιμίαν
2459 3019 2696 3083 ἐποίουν,
2743 3018 2878 3072 ἀλλά
2933 3019 3112 3074 πάντα
3165 3018 3302 3091 πρὸς
3349 3017 3554 3090 χρείαν.
3606 3019 3680 3071 Τί

2095 3106 2232 3175 οῦν;
2285 3111 2398 3164 Οὐκ
2451 3110 2611 3183 ἤρκει
2665 3106 2748 3174 εἷς
2795 3109 3179 3181 εύαγγελιστής
3237 3112 3412 3164 πάντα
3464 3111 3680 3174 εἰπεῖνς

2102 3205 2301 3275 ’Ἤρκει
2335 3203 2461 3273 μέν’
2497 3203 2634 3256 άλλά
2667 3205 2770 3256 κᾶν
2803 3203 3062 3274 τέσσαρες
3101 3196 3234 3255 ὦσιν
3272 3205 3319 3256 οί
3351 3203 3679 3275 γράφοντες.

2104 3295 2242 3366 μήτε
2271 3293 2413 3348 κατά
2439 3295 2564 3356 τοὺς
2594 3294 2789 3356 αὐτοὺς
2815 3294 3059 3364 καιροὺς,
3094 3295 3229 3363 μήτε
3262 3295 3319 3345 ἐν
3348 3295 3459 3356 τοῖς
3487 3294 3682 3358 αὐτοῖς

2099 3385 2304 3448 τόποις,
2338 3386 2473 3456 μήτε
2506 3383 2965 3459 συνελθόντες,καί
2994 3383 3362 3454 διαλεχθέντες
3400 3383 3679 3455 ἀλλήλοις,

2099 3470 2217 3529 εἶτα
2244 3476 2433 3545 ῶσπερ
2461 3475 2554 3543 ἀφ’
2585 3474 2702 3539 ἐνὸς
2731 3475 2995 3545 στόματος
3023 3474 3200 3527 πάντα
3233 3473 3574 3543 φθέγγωνται
3606 3474 3680 3540 ¹⁶,

2097 3568 2330 3640 μεγίστη
2367 3568 2466 3638 τῆς
2494 3565 2748 3638 ἀληθείας
2774 3565 3045 3633 ἀπόδειξις
3077 3566 3234 3620 τοῦτο
3268 3567 3493 3635 γίνεται.

2170 3661 2281 3715 Kal
2312 3661 2418 3731 μὴν
2448 3658 2757 3714 τούναντίον
2783 3657 3002 3730 συνέϐη,
3047 3659 3213 3729 φησί’
3246 3659 3511 3730 πολλαχοῦ
3560 3659 3680 3732 γάρ

2097 3750 2488 3820 διαφωνοῦντες
2531 3750 2862 3820 ἐλέγχονται.
2907 3749 3048 3802 Δύτὸ
3098 3749 3197 3820 μὲν
3245 3745 3339 3803 οὖν
3383 3749 3540 3804 τοῦτο
3577 3755 3680 3822 μέν

2098 3859 2284 3913 γιστον
2315 3841 2514 3913 δεῖγμα
2561 3841 2662 3911 τῆς
2712 3840 2969 3913 ἀληθείας
3017 3840 3186 3896 ἐστίν.
3238 3843 3300 3897 Εἰ
3349 3841 3458 3914 γὰρ
3497 3844 3682 3900 πάντα

2104 3931 2487 4003 συνεφώνησαν
2521 3933 2658 4003 μετά
2686 3931 2993 4007 ἀκριϐείας,
3020 3933 3115 3987 ml
3146 3934 3307 4006 μέχρι
3336 3935 3549 4008 καιροῦ,
3581 3939 3682 3991 καὶ

2104 4025 2266 4097 μέχρι
2298 4025 2483 4088 τόπου,
2512 4025 2606 4078 ml
2639 4025 2800 4096 μέχρι
2839 4025 3104 4097 ῥημάτων
3145 4025 3347 4092 αὐτῶν,
3391 4027 3564 4092 οὐδεὶς
3609 4028 3683 4082 ἂν

2099 4117 2387 4171 ἐπίστευσε
2417 4116 2524 4170 τῶν
2559 4115 2790 4188 ἐχθρῶν,
2817 4117 2899 4170 ὅτι
2934 4115 3007 4188 μὴ
3044 4116 3386 4183 συνελθόντες
3414 4117 3520 4172 ἀπὸ
3554 4136 3695 4172 συν-γ

2101 4208 2272 4279 θήκης
2297 4207 2439 4271 τινὸς
2466 4206 2813 4278 ἀνθρωπίνης
2854 4206 3098 4278 ἔγραψαν
3129 4207 3272 4280 ἅπερ
3303 4207 3576 4278 ἔγραψανο
3611 4210 3679 4262 οὐ

2097 4299 2208 4372 γὰρ
2246 4294 2384 4352 εἶναι
2416 4299 2514 4368 τῆς
2546 4296 2845 4368 ἁπλότητος
2873 4297 2970 4368 τὴν
3015 4299 3282 4369 τοσαύτην
3333 4300 3676 4370 συμφωνίαν,

2096 4392 2233 4445 Νυνὶ
2281 4391 2336 4444 δὲ
2374 4391 2465 4442 ml
2509 4391 2542 4460 ή
2580 4388 2809 4442 δοκοῦσα
2858 4390 2914 4442 ἐν
2966 4393 3180 4460 μικροῖς
3227 4385 3366 4443 εἶναι
3410 4390 3681 4458 διαφωνία

2100 4485 2278 4555 πάσης
2331 4479 2660 4536 ἀπαλλάττει
2701 4479 2894 4544 αὐτοὺς
2939 4479 3206 4549 ὑποψίας,
3255 4482 3347 4534 καὶ
3407 4479 3681 4555 λαμπρῶς

2097 4577 2238 4648 ὑπὲρ
2274 4575 2367 4629 τοῦ
2400 4573 2600 4645 τρόπου
2623 4573 2731 4626 τῶν
2758 4572 3084 4644 γραψάντων
3123 4573 3488 4638 ἀπολογεῖται.
3521 4574 3584 4626 Εἰ
3617 4573 3680 4627 δέ

2081 4685 2148 4722 -τι
2176 4669 2303 4739 περί
2328 4664 2535 4737 καιρῶν
2564 4665 2598 4734 ἣ
2624 4663 2803 4718 τόπων
2832 4664 3102 4736 διαφόρως
3127 4665 3486 4737 ἀπήγγειλαν,
3514 4664 3680 4719 τοῦτο

2095 4757 2244 4812 οὐδὲν
2280 4757 2506 4828 βλάπτει
2533 4757 2642 4811 τῶν
2668 4755 2971 4829 εἰρημένων
2999 4755 3095 4827 τήν
3141 4755 3416 4826 ἀλήθειαν.
3445 4753 3526 4829 [6]
3563 4757 3681 4810 Kal

2094 4849 2267 4904 ταῦτα
2310 4850 2365 4903 δὲ
2393 4849 2458 4914 ¹⁸,
2499 4849 2574 4913 ὡς
2621 4848 2687 4903 ἂν
2727 4850 2755 4903 ό
2807 4848 2938 4913 Θεὸς
2994 4849 3244 4924 παρέχῃ,
3298 4849 3680 4924 πειρασόμεθα

2097 4943 2374 5012 προϊόντες
2426 4940 2738 5009 ἀποδεῖξαι,
2791 4941 2967 4995 ἐκεῖνο
3020 4941 3160 5012 μετά
3208 4941 3317 4997 τῶν
3368 4943 3678 5014 εἰρημένων

2095 5031 2371 5098 ἀξιοῦντες
2401 5032 2544 5106 ὑμᾶς
2574 5034 2930 5104 παρατηρεῖν,
2962 5033 3043 5086 ὅτι
3071 5033 3129 5087 ἐν
3155 5034 3266 5096 τοῖς
3293 5034 3608 5104 κεφαλαίοις
3631 5036 3678 5066 ’⁵

2098 5123 2193 5176 καὶ
2225 5123 2534 5194 συνέχουσιν
2567 5122 2721 5193 ἡμῶν
2745 5123 2842 5194 τὴν
2874 5122 3017 5194 ζωὴν
3047 5124 3142 5178 καὶ
3165 5124 3225 5177 τὸ
3254 5125 3514 5198 κήρυγμα
3541 5142 3674 5195 συγ-

2097 5211 2402 5285 κροτοῦσιν,
2431 5213 2667 5284 ούδαμοῦ
2697 5232 2781 5280 τις
2828 5214 3008 5269 αὐτῶν
3053 5214 3174 5270 ούδέ
3223 5216 3419 5288 μικρὸν
3465 5217 3674 5286 διαφω-

2094 5307 2264 5375 νήσας
2296 5305 2626 5375 εὑρίσκεται.
2653 5305 2786 5360 Τίνα
2812 5306 2868 5360 δέ
2907 5305 3082 5361 ταῦτά
3127 5308 3310 5374 ἐστιν;
3344 5301 3488 5375 Οἰον,
3524 5308 3606 5362 ὅτι
3645 5312 3675 5363 ό

2093 5397 2228 5462 Θεὸς
2267 5397 2551 5469 ἄνθρωπος
2583 5396 2820 5468 ἐγένετο,
2861 5399 2942 5454 ὅτι
2983 5398 3238 5469 θαύματα
3282 5399 3552 5472 ἐποίησεν,
3587 5401 3673 5454 ὅτι

2095 5487 2436 5564 ἐσταυρώθη,
2468 5491 2550 5545 ὅτι
2583 5491 2777 5565 ἐτάφη,
2808 5493 2888 5546 ὅτι
2923 5491 3142 5563 ἀνέστη.
3179 5493 3261 5547 ὅτι
3305 5493 3552 5566 ἀνῆλθεν,
3589 5494 3672 5547 ὅτι

471 5663 1334 5772 ἰὲἐῖτιρτξξῆσιρσθιήιι]νέφέλκεσθῗι
1510 5670 1962 5772 λέἰτιρτεάσασθαλι
1990 5700 2077 5772 Iplr.
2111 5684 2173 5738 ῐ).
2202 5755 2214 5772 Ι
2254 5687 2273 5716 ⁹
2299 5686 2391 5772 κεί
2427 5685 2756 5772 τοῦκαπνοῦ
2784 5688 2999 5772 καὶῖτοιῦ
3041 5690 3208 5760 πυρός
3238 5691 3299 5747 C.
3333 5693 3398 5747 D.
3485 5693 3529 5726 ⁸⁸
3551 5709 3646 5762 γε·

402 5734 816 5836 χομένωνίξῖιέιξέ
849 5734 1233 5836 αιίπγινόομενα
1271 5743 1421 5836 A.I_C.
1514 5744 1874 5836 ⁸ςυβελτίους]
1922 5752 1976 5836 έξι

2099 5734 2188 5806 ἐκέ
2200 5734 2330 5836 ίγωῦ
2439 5734 2450 5738 ⁷
2467 5734 2530 5787 *³⁷³
2885 5758 2904 5831 Ἰ
2915 5734 3030 5836 ’ξῖῡ
3328 5734 3645 5836 ,νέεδεμέθξν

398 5805 459 5858 Λ.
495 5805 555 5860 Ε.
645 5807 687 5836 ”
728 5807 816 5863 Sic
849 5805 1038 5879 Steph.
1081 5805 1206 5867 Sav.
1245 5815 1464 5870 codices
1494 5805 1838 5886 φθέγγονταί.

1922 5825 1962 5855 ⁸⁵
1987 5826 2040 5878 δέ
2069 5841 2176 5879 om.
2205 5826 2266 5880 Λ.
2347 5829 2390 5859 ⁸⁸
2423 5825 2763 5903 κεφαλαίοις]
2800 5825 3028 5902 καιρίοις
3051 5831 3112 5885 Λ.
3145 5831 3308 5887 Ευιιι.
