3832 6178
233 232 293 286 95
1396 232 1458 285 IN
1502 231 1793 287 ΜΛΤΤΙΙΑ

1904 233 1917 286 l
1985 230 2217 289 ΗΟΜΙΙ..
2261 231 2298 285 Ι.
3407 224 3470 280 l8

222 339 326 394 bris
352 351 492 406 epus
518 339 843 401 habeamus;
886 354 951 393 ne
981 338 1082 392 hoc
1120 337 1356 393 secundo
1381 339 1593 409 quidem
1620 354 1799 395 reme-

219 431 306 483 dio
335 438 392 481 ut
424 444 521 497 par
545 438 691 483 esset
712 439 939 483 utamur.
971 430 1101 484 Nam
1129 432 1173 485 si
1199 446 1303 486 non
1324 431 1478 500 culpa
1504 441 1655 486 vacat
1683 432 1797 487 lite-

218 523 288 575 ris
309 534 494 590 egere,
526 535 624 576 nec
652 536 745 590 per
768 536 827 576 se
853 521 1080 591 Spiritus
1108 523 1331 592 gratiam
1371 522 1670 589 attrahere;
1703 539 1800 578 co-

214 612 317 681 gita
349 621 610 683 quantum
638 613 841 668 crimen
879 615 947 669 sit
988 628 1055 669 ne
1093 614 1194 669 hoc
1228 613 1441 684 quidem
1482 615 1680 670 auxilio
1724 616 1799 670 utl

216 705 371 769 velle,
414 704 510 759 sed
541 705 721 759 literas
746 705 863 759 illas
893 705 1043 775 quasi
1068 706 1261 760 frustm
1290 716 1343 761 et
1368 716 1570 761 temere
1600 696 1801 776 positas

214 793 510 860 despicere,
554 804 610 848 et
642 794 898 863 majorem
931 796 983 850 in
1012 809 1071 850 se
1095 796 1363 851 attrahere
1385 811 1617 866 poenam.
1647 796 1800 863 Quod

215 898 278 937 ne
302 883 534 949 accidat,
564 884 854 955 Scripturis
895 895 1140 940 accurate
1166 886 1512 942 adhibeamus
1537 888 1797 955 animum,

214 988 272 1027 ac
298 972 572 1028 discamus
595 976 863 1044 quomodo
882 986 1036 1032 vetus
1068 977 1152 1031 lex
1182 978 1304 1033 data
1331 978 1507 1044 fuerit,
1532 979 1799 1049 quomodo

215 1074 395 1131 postea
428 1064 633 1119 Novum
659 1066 1080 1122 Testamentum.
1103 1068 1221 1134 Quo
1246 1070 1403 1139 igitur
1422 1070 1580 1125 modo
1604 1070 1689 1125 lex
1709 1071 1799 1127 illa

216 1155 329 1208 data
359 1165 471 1209 tum
501 1156 635 1210 fuit?
658 1158 872 1227 quando
896 1168 950 1213 et
980 1159 1231 1214 ubinam?
1276 1161 1402 1214 Post
1427 1159 1797 1232 [Egyptiorum

219 1247 525 1315 perniciem,
551 1248 603 1302 in
631 1247 864 1316 deserto,
895 1258 948 1304 et
975 1250 1027 1303 in
1053 1259 1235 1305 monte
1259 1250 1405 1318 Sina,
1435 1252 1580 1307 fumo
1603 1259 1658 1307 et
1679 1251 1799 1322 igne

218 1339 280 1394 de
326 1348 510 1395 monte
552 1350 887 1412 erumpente,
930 1342 1051 1396 tuba
1091 1342 1391 1412 clangente,
1432 1341 1798 1414 frequentibus

219 1428 507 1499 fulguribus
534 1439 696 1500 atque
726 1432 991 1509 tonitruis,
1024 1431 1310 1503 Moyseque
1337 1432 1388 1485 in
1418 1433 1586 1501 ipsam
1614 1434 1799 1503 caligi-

219 1537 331 1576 nem
367 1524 616 1577 intrante.
658 1524 714 1577 ln
749 1523 899 1579 Novo
924 1534 1098 1578 autem
1135 1539 1240 1577 non
1282 1524 1350 1577 ita
1378 1538 1476 1579 nec
1504 1524 1556 1578 in
1583 1524 1799 1579 deserto

219 1628 311 1667 nec
332 1614 384 1668 in
416 1625 616 1678 monte,
640 1631 745 1668 non
766 1631 887 1669 cum
920 1614 1083 1681 fumo,
1106 1615 1359 1678 tenebris,
1389 1616 1613 1685 caligine
1638 1626 1798 1687 atque

220 1705 469 1773 procella,
500 1705 595 1761 sed
623 1706 841 1762 ineunte
867 1706 972 1773 die,
1001 1706 1165 1774 domi,
1197 1707 1447 1763 omnibus
1478 1723 1579 1762 una
1607 1709 1801 1765 seden-

220 1796 373 1862 tibus,
418 1810 605 1865 magna
647 1812 770 1851 cum
813 1794 1193 1867 tranquillitate
1234 1809 1379 1867 gesta
1425 1808 1549 1853 sunt
1595 1800 1791 1855 omnia.

219 1883 585 1941 Ferocioribus
619 1889 817 1956 quippe
844 1887 945 1941 illis
970 1895 1021 1941 et
1048 1885 1498 1954 eﬁrenatioribus,
1540 1902 1796 1959 corporea

218 1976 388 2043 specie
433 1990 568 2045 opus
606 1986 754 2041 erat;
795 1991 985 2047 nempe
1022 1977 1338 2045 solitudine,
1384 1985 1585 2044 monte,
1628 1979 1795 2047 fumo,

220 2069 354 2123 tuba:
397 2069 650 2139 clangore
689 2080 744 2126 et
788 2070 1081 2137 similibus;
1129 2070 1527 2127 sublimioribus
1573 2088 1701 2128 vero
1743 2082 1799 2129 et

220 2159 731 2228 obsequentioribus,
777 2160 869 2230 qui
913 2174 1197 2231 corporeas
1242 2161 1591 2232 cogitationes
1642 2163 1799 2234 longe

218 2259 619 2328 exsuperabaut,
652 2256 953 2328 hujusmodi
980 2258 1139 2313 rebus
1165 2257 1297 2313 nihil
1326 2274 1459 2329 opus
1481 2267 1615 2314 erat.
1645 2258 1797 2326 Quod

218 2351 260 2403 si
301 2360 355 2405 et
409 2350 549 2420 apud
599 2350 719 2405 illos
772 2365 939 2404 sonus
983 2350 1213 2405 emissus
1262 2357 1377 2415 est,
1420 2349 1471 2404 id
1515 2365 1621 2404 non
1664 2365 1799 2420 apo-

219 2441 513 2509 stolorum,
568 2440 662 2496 sed
706 2440 1013 2496 Iudaeorum
1057 2451 1181 2495 tunc
1244 2440 1583 2511 praesentium
1637 2456 1797 2497 causa

225 2528 415 2585 factum
483 2540 589 2594 est,
667 2532 928 2603 simulque
993 2532 1160 2603 igneae
1223 2533 1417 2602 linguae
1466 2534 1595 2586 visae
1650 2544 1794 2587 sunt.

214 2609 341 2665 Nam
410 2612 455 2665 si
503 2612 587 2666 his
644 2615 715 2666 ita
760 2613 925 2681 gestis
956 2653 972 2679 ,
1026 2612 1171 2684 ipsos
1218 2623 1396 2669 musto
1449 2614 1636 2685 plenos
1671 2629 1791 2673 esse

215 2702 454 2758 dicebant
479 2704 615 2773 (Act.
658 2704 713 2758 2.
755 2706 879 2775 l3);
909 2706 1072 2761 multo
1099 2707 1266 2778 magis
1308 2708 1359 2762 id
1394 2707 1586 2764 dicturi
1615 2717 1794 2773 erant,

214 2794 256 2848 si
286 2795 412 2849 nihil
450 2796 642 2850 horum
672 2796 948 2851 vidissent.
989 2797 1058 2851 Et
1102 2798 1155 2852 in
1199 2799 1366 2854 veteri
1396 2797 1612 2869 quidem
1651 2797 1788 2868 lege,

213 2902 324 2941 cum
368 2887 581 2958 Moyses
618 2886 968 2950 ascendisset.
1010 2887 1288 2945 descendit
1330 2888 1467 2944 Deus
1499 2905 1514 2944 :
1542 2889 1631 2943 hic
1666 2901 1792 2943 vero

214 2991 485 3050 postquam
512 2991 702 3034 natura
733 2990 914 3034 nostra
944 2980 995 3035 in
1030 2982 1239 3049 caelum,
1273 2981 1381 3035 imo
1406 2980 1460 3036 in
1487 2978 1677 3036 solium
1705 2994 1787 3036 re-

211 3076 345 3142 gium
374 3084 563 3129 evecta
590 3084 754 3136 esset.
785 3074 1013 3145 Spiritus
1037 3075 1332 3131 descendit.
1364 3076 1420 3132 Si
1450 3086 1631 3131 autem
1666 3074 1787 3145 Spi-

214 3165 339 3217 ritus
364 3164 540 3218 minor
566 3176 727 3229 esset,
756 3164 871 3220 haec
899 3181 1003 3220 non
1035 3166 1138 3220 illis
1162 3166 1351 3236 priscis
1379 3166 1579 3236 majora
1621 3166 1789 3222 mira-

209 3253 499 3324 bilioraque
531 3254 776 3309 fuissent.
820 3254 952 3310 Nam
996 3256 1077 3312 hae
1118 3257 1312 3311 tabulae
1352 3258 1509 3327 longe
1540 3267 1770 3327 praestan

210 3344 368 3397 tiores
398 3353 525 3399 sunt
555 3345 689 3411 illis,
716 3355 773 3400 ut
802 3354 858 3401 et
883 3361 971 3401 res
991 3356 1154 3417 gesta:
1180 3347 1588 3416 Splendidiorcs.
1614 3346 1795 3417 Neque

208 3435 344 3489 enim
370 3436 602 3505 apostoli
633 3451 699 3492 ex
735 3446 916 3492 monte
956 3437 1348 3493 descenderunt
1384 3437 1587 3492 tabulas
1626 3439 1795 3492 mani-

211 3526 303 3578 bus
351 3535 661 3595 gestantes,
698 3535 755 3581 ut
792 3526 1035 3598 Moyses;
1076 3528 1171 3583 sed
1221 3528 1477 3597 Spiritum
1521 3528 1576 3582 in
1618 3539 1796 3584 mente

209 3616 777 3699 circumferenteshae
824 3619 1130 3673 thesaurum
1176 3618 1460 3689 quemdam
1500 3627 1556 3675 et
1592 3618 1794 3675 fontem

207 3707 514 3775 dogmatnm
557 3718 612 3763 et
639 3692 903 3763 donorum
946 3708 1313 3779 bonorumque
1343 3710 1579 3764 omnium
1623 3709 1794 3765 eil'un-

206 3796 425 3863 dentes,
460 3798 540 3853 sic
564 3813 970 3868 quoquoversus
1009 3800 1326 3866 circuibant,
1359 3800 1458 3870 ipsi
1486 3815 1699 3871 quoque
1727 3801 1793 3856 li-

206 3888 282 3943 bri
312 3890 558 3946 viventes
588 3899 748 3961 atque
776 3892 922 3963 leges
949 3906 1045 3962 per
1070 3893 1292 3963 gratiam
1328 3891 1499 3948 eil‘ecti
1532 3912 1545 3949 ε
1587 3894 1667 3950 sic
1697 3894 1796 3949 tria

206 3981 394 4047 millia,
422 3982 504 4036 sic
544 3983 777 4053 quinque
807 3982 997 4049 millia,
1034 3984 1111 4038 sic
1139 3983 1416 4038 universos
1443 3982 1588 4039 orbis
1628 3999 1797 4054 popu-

208 4072 286 4126 los
314 4082 672 4140 attraxerunt,
712 4075 821 4129 Deo
850 4090 950 4145 per
979 4090 1164 4130 eorum
1207 4076 1438 4151 linguam
1479 4074 1796 4132 accedentes

206 4164 509 4234 alloquente
535 4165 671 4236 (Act.
707 4165 759 4219 2.
787 4166 879 4221 41.
920 4176 965 4220 et
990 4167 1042 4222 4.
1072 4165 1148 4238 4).
1177 4167 1293 4233 Quo
1319 4167 1453 4224 duce
1476 4169 1634 4223 etiam
1664 4168 1796 4222 Mat-

207 4256 376 4311 thsus
386 4258 588 4324 Spiritu
603 4258 834 4328 repletus
851 4258 967 4315 hare
980 4257 1185 4328 scripsit
1206 4258 1532 4326 ;Mattha:us,
1555 4260 1791 4330 inquam,

210 4348 295 4404 ille
336 4348 653 4419 publicanus
687 4371 699 4405 :
732 4365 837 4405 non
883 4350 1023 4405 enim
1071 4351 1231 4421 pudet
1272 4366 1392 4405 eum
1435 4352 1503 4406 ab
1541 4360 1655 4407 arte
1697 4365 1795 4406 sua

210 4458 552 4511 nuncupare;
605 4458 778 4512 neque
825 4442 1005 4509 illum,
1061 4458 1231 4513 neque
1283 4443 1436 4498 alios.
1489 4443 1601 4499 lloc
1652 4444 1793 4498 enim

209 4538 437 4592 maxime
465 4546 521 4592 et
544 4537 772 4607 Spiritus
797 4538 1022 4607 gratiam
1051 4546 1103 4591 et
1131 4538 1338 4591 illorum
1373 4537 1621 4591 virtutem
1647 4550 1794 4592 COlll-

210 4632 439 4685 mendat.

270 4884 325 4936 2.
363 4883 513 4952 Opus
554 4892 734 4937 autem
777 4898 935 4937 suum
976 4882 1096 4951 jure
1126 4882 1468 4953 Evangelium
1495 4882 1785 4953 inscripsit.

208 4974 475 5040 Siquidem
520 4975 783 5029 sublatam
839 4973 1093 5028 ultionem
1173 4983 1507 5042 peccatorum
1554 4976 1787 5044 veniam,

210 5064 480 5133 justitiam,
509 5068 1011 5138 sanctificationem,
1062 5070 1503 5141 redemptionem,
1541 5071 1789 5141 adoptio-

212 5172 345 5221 nem,
385 5158 645 5215 culorum
677 5160 1027 5217 hereditatem
1058 5171 1111 5218 et
1140 5162 1508 5231 cognationem
1547 5178 1667 5219 cum
1698 5162 1788 5217 Fi-

213 5246 279 5304 lio
306 5252 420 5319 Dei,
448 5254 705 5309 omnibus
726 5256 1094 5309 annuntiatum
1122 5254 1288 5322 venit,
1319 5255 1566 5321 inimicis,
1596 5255 1789 5325 impro-

215 5338 306 5403 bis,
346 5345 660 5401 sedentibus
704 5346 757 5400 in
798 5347 1056 5411 tenebris.
1100 5347 1236 5414 Quid
1276 5355 1382 5402 tam
1420 5346 1562 5404 bono
1602 5347 1789 5402 nuntio

214 5440 369 5507 possit
404 5440 650 5509 aequari?
691 5439 831 5495 Deus
869 5443 921 5495 in
958 5450 1119 5507 terra,
1154 5441 1315 5496 homo
1337 5440 1387 5495 in
1414 5440 1547 5496 casio
1579 5458 1592 5494 :
1621 5440 1787 5496 facta-

214 5547 309 5598 que
350 5530 589 5588 omnium
636 5534 1023 5589 commixtione
1074 5535 1249 5605 angeli
1304 5548 1427 5589 cum
1483 5533 1787 5589 hominibus

214 5622 422 5681 choreas
450 5626 703 5697 agebant,
746 5626 993 5683 homines
1034 5642 1154 5683 cum
1183 5628 1386 5699 angelis
1430 5626 1657 5700 aliisque
1694 5642 1786 5687 διι-

1903 352 2083 408 pertus
2115 336 2464 409 potestatibus
2489 332 2839 390 versabantur
2870 350 2881 385 :
2910 326 3199 396 Videreque
3227 338 3342 380 erat
3366 325 3483 379 diu-

1903 440 2116 485 turnum
2144 429 2342 485 bellum
2388 426 2639 491 solutum,
2668 431 2722 478 et
2747 429 2899 491 pacta
2926 434 2953 472 a
2984 419 3093 473 Deo
3132 432 3252 473 cum
3294 425 3480 471 natura

1903 530 2083 575 nostra
2126 518 2292 585 inita;
2338 516 2608 571 diabolum
2656 512 2859 584 pudore
2902 507 3169 572 allectum,
3210 507 3482 561 daamonas

1904 612 2138 679 fugatos,
2191 617 2420 664 mortem
2453 603 2805 668 dissolutam,
2856 599 3161 671 paradisum
3206 606 3479 667 apertum,

1903 702 2330 757 tnaledictionem
2355 700 2607 763 ablatam,
2656 704 2929 764 peccatum
2975 692 3043 746 de
3086 688 3264 745 medio
3305 687 3483 742 subla~

1903 802 2035 861 tum,
2059 807 2295 848 errorem
2317 790 2616 860 depulsum,
2641 787 2917 841 veritatem
2949 797 3235 844 reversam,
3263 779 3483 835 verbum

1902 884 2113 955 pietatis
2148 882 2344 953 ubique
2369 880 2769 936 disseminatum
2801 888 2855 931 et
2879 889 3149 939 crescens,
3196 886 3483 942 supernam

1905 978 2028 1033 vita:
2053 977 2315 1031 rationem
2340 976 2393 1029 in
2426 982 2567 1029 terra
2596 970 2828 1032 insitam,
2860 968 3085 1022 virtutes
3112 965 3229 1020 illas
3264 962 3487 1018 familia-
3530 994 3536 998 -

1905 1069 2034 1123 riter
2074 1067 2351 1122 nobiscum
2393 1072 2629 1134 agentes,
2659 1059 2878 1131 angelos
2919 1057 3226 1127 frequenter
3255 1055 3305 1109 in
3347 1063 3484 1109 terra

1906 1168 2198 1223 versantes,
2226 1171 2579 1227 magnamque
2624 1169 2772 1224 spem
2804 1153 3120 1206 futurorum.
3157 1149 3282 1204 Ideo
3320 1148 3487 1202 histo-

1906 1248 2035 1305 riam
2066 1249 2415 1319 Evangelium
2442 1246 2653 1301 vocavit
2696 1262 2709 1299 :
2747 1243 2896 1315 quasi
2935 1242 3138 1296 scilicet
3165 1240 3265 1294 alia
3306 1238 3484 1293 omnia

1898 1342 2063 1399 verba
2090 1343 2251 1397 rebus
2280 1340 2387 1395 sint
2415 1354 2602 1402 vacua,
2632 1344 2691 1391 ut
2712 1349 2843 1406 opes
2870 1334 3071 1397 multae,
3103 1332 3186 1386 vis
3212 1330 3484 1399 potentiae,

1903 1433 2251 1505 principatus,
2284 1431 2471 1501 gloria,
2505 1429 2756 1493 honores,
2786 1433 3085 1493 caeteraque
3124 1422 3327 1486 omnia,
3367 1434 3487 1489 qua:

1900 1524 2042 1597 apud
2091 1524 2335 1579 homines
2382 1523 2520 1577 bona
2569 1534 2690 1575 esse
2734 1525 3022 1588 putantur;
3067 1529 3188 1584 quae
3231 1521 3411 1567 autem
3456 1527 3485 1563 a

1904 1617 2256 1690 piscatoribus
2283 1615 2542 1686 promissa
2578 1612 2747 1676 fuere,
2781 1623 2909 1664 vere
2934 1622 2997 1661 ac
3026 1605 3239 1676 proprie
3258 1617 3487 1672 evange-

1903 1711 1973 1765 lia
2003 1709 2248 1765 dicantur
2299 1721 2452 1762 :nou
2497 1704 2669 1759 solum
2718 1702 2841 1771 quia
2892 1700 3043 1753 lirma
3088 1694 3487 1764 immobiliaque

1903 1802 2041 1857 bona
2072 1807 2218 1865 sunt,
2250 1805 2597 1865 nostramque
2626 1791 3000 1860 exsuperantia
3028 1787 3360 1858 dignitatem,
3391 1786 3487 1840 sed

1902 1892 2064 1949 etiam
2091 1891 2213 1961 quia
2247 1904 2369 1943 cum
2399 1887 2544 1943 omni
2578 1884 2828 1939 facilitate
2864 1881 3019 1936 nobis
3044 1879 3166 1934 data
3196 1888 3338 1933 sunt.
3366 1876 3484 1932 Non

1902 1982 2049 2039 enim
2071 1998 2138 2037 ex
2168 1980 2352 2036 labore
2388 1986 2445 2033 et
2473 1975 2671 2031 sudore
2718 1980 2922 2036 nostro,
2956 1986 3062 2024 non
3100 1985 3167 2025 ex
3210 1967 3485 2031 aerumnis,

1903 2076 1999 2132 sed
2041 2091 2107 2130 ex
2151 2073 2244 2129 Dei
2286 2085 2411 2142 erga
2456 2085 2555 2125 nos
2595 2081 2781 2123 amore
2828 2066 2944 2119 luec
2983 2062 3337 2145 suscepimus.
3380 2060 3488 2137 Cur

1905 2176 2069 2238 porro
2105 2180 2224 2221 cum
2272 2174 2449 2219 tantus
2493 2163 2563 2216 sit
2602 2158 2982 2229 discipulorum
3025 2169 3285 2211 numerus
3312 2194 3329 2221 ,
3376 2153 3484 2208 duo

1908 2267 2108 2315 tantum
2156 2274 2221 2313 ex
2253 2256 2508 2327 apostolis
2533 2253 2792 2318 scribunt,
2840 2258 2896 2307 et
2936 2250 3042 2305 duo
3076 2264 3141 2305 ex
3187 2262 3374 2303 eorum
3398 2261 3488 2301 se-

1905 2351 2197 2423 quacibus?
2238 2351 2371 2406 Nam
2412 2350 2546 2404 alter
2589 2346 2758 2412 Pauli,
2805 2344 2943 2400 alter
2989 2342 3135 2398 Petri
3174 2340 3489 2410 discipulus.

1904 2460 2027 2501 cum
2051 2444 2256 2500 Joanne
2285 2453 2339 2501 et
2365 2445 2615 2500 Matthzeo
2641 2444 2927 2515 Evangelia
2954 2445 3307 2515 scripserunt.
3348 2444 3482 2514 Quia

1903 2534 2032 2589 nihil
2060 2551 2154 2605 per
2181 2537 2596 2591 ostentationem
2626 2534 2909 2600 faciebant,
2938 2534 3033 2590 sed
3070 2535 3250 2589 omnia
3279 2534 3345 2589 ad
3378 2536 3484 2589 uti-

1904 2629 2128 2684 litatem.
2161 2628 2300 2695 Quid
2326 2629 2523 2698 igitur?
2547 2642 2728 2682 annon
2768 2626 3068 2681 sufficiebat
3095 2641 3232 2681 unus
3254 2641 3456 2696 evange
3472 2656 3487 2665 -

1904 2719 2047 2787 lista,
2094 2720 2183 2789 qui
2224 2721 2402 2774 omnia
2456 2719 2736 2774 narraret?
2779 2718 3088 2773 Sufflciebat
3133 2717 3349 2787 quidem
3384 2732 3486 2771 :ac

1903 2810 2031 2865 licet
2085 2821 2313 2879 quatuor
2352 2810 2696 2880 scripserint,
2760 2823 2937 2879 neque
2979 2808 3170 2863 eodem
3224 2818 3483 2877 tempore,

1904 2917 2080 2972 neque
2106 2902 2297 2957 eodem
2324 2902 2539 2966 inloco,
2580 2916 2756 2970 neque
2798 2899 3104 2970 congregati
3149 2898 3307 2953 simul
3332 2907 3387 2953 et
3420 2913 3484 2952 ex

1906 3003 2091 3049 mutuo
2119 3007 2409 3064 congressu
2449 3010 2465 3047 ζ
2509 3002 2563 3048 et
2591 3002 2769 3048 tamen
2811 3008 2933 3047 cum
2960 2994 3111 3062 (ιιιθεί
3149 3009 3213 3047 ex
3247 3008 3353 3046 uno
3394 3007 3487 3047 01⁵6

1907 3087 2081 3140 omnia
2110 3080 2475 3155 pronuntient,
2504 3086 2630 3141 hinc
2656 3101 2846 3156 magna
2874 3086 3101 3147 emergit
3131 3085 3373 3140 veritatis
3393 3085 3488 3139 de-

1906 3180 2241 3233 monstratio.
2824 3190 2827 3191 '

1981 3406 2262 3480 Evangcila
2286 3426 2381 3465 cur
2400 3410 2673 3483 aliquando
2701 3413 2829 3465 inter
2848 3429 2899 3465 se
2923 3412 3184 3467 dissentire
3206 3412 3488 3467 uideantur.

1905 3502 2160 3573 —A,tqui,
2194 3503 2420 3573 inquies,
2442 3505 2661 3560 omnino
2697 3513 2879 3558 contra
2901 3504 3095 3559 accidit.
3120 3521 3133 3559 :
3175 3518 3318 3573 sa‘pe
3347 3506 3491 3560 enim

1908 3576 2047 3646 inter
2066 3608 2125 3647 se
2144 3592 2428 3649 dissentire
2457 3594 2949 3664 deprehenduntur.
2975 3593 3133 3651 Certe
3163 3596 3287 3651 illud
3317 3597 3492 3667 ipsum

1908 3699 2154 3755 maguum
2177 3695 2259 3741 est
2280 3700 2379 3756 pro
2401 3686 2623 3741 veritate
2648 3696 3040 3757 argumentum.
3065 3686 3122 3741 Si
3146 3689 3288 3742 enim
3310 3690 3489 3743 omnia

1905 3788 2150 3834 accurate
2170 3788 2555 3834 consonasseut
2571 3788 2621 3834 ει
2643 3788 2898 3849 quantum
2918 3779 2983 3835 ad
3004 3790 3231 3850 tempus,
3254 3788 3487 3851 etquan—

1905 3880 2020 3926 tum
2046 3870 2115 3927 ad
2140 3873 2284 3937 loca,
2331 3880 2386 3926 et
2424 3880 2684 3942 quantum
2711 3871 2778 3926 ad
2808 3872 2919 3941 ipsa
2945 3871 3140 3939 verba,
3168 3887 3231 3927 ex
3264 3871 3488 3927 inimicis

1905 3977 2065 4017 nemo
2085 3962 2383 4017 crediturus
2403 3972 2553 4030 erat,
2580 3962 2673 4017 sed
2699 3978 2763 4018 ex
2785 3972 2969 4018 mutuo
2990 3963 3330 4034 humanoque
3355 3976 3490 4019 con-

1905 4075 2067 4116 sensu
2096 4059 2210 4114 hree
2236 4060 2431 4129 scripta
2464 4058 2628 4115 fuisse
2658 4066 2968 4128 putassent,
2999 4068 3157 4129 atque
3186 4056 3489 4127 hujusmodi

1905 4151 2311 4206 consonantiam
2335 4164 2441 4205 non
2460 4165 2527 4205 ex
2551 4149 2911 4219 simplicitate,
2935 4150 3345 4219 sinceritateque
3367 4164 3490 4219 pro-

1903 4240 2116 4296 cedere.
2138 4239 2257 4297 .lam
2278 4254 2408 4294 vero
2429 4239 2518 4293 illa
2540 4255 2657 4309 qua:
2679 4239 2732 4293 in
2753 4239 2955 4309 exiguis
2984 4238 3143 4295 rebus
3163 4239 3489 4307 deprehendi

1902 4334 2113 4390 videtur
2142 4318 2458 4397 diversitas,
2490 4347 2707 4387 omnem
2733 4332 2800 4386 ab
2831 4332 2958 4401 ipsis
3000 4331 3358 4401 suspicionem
3389 4331 3487 4387 de-

1903 4426 2081 4495 pellit,
2132 4424 2590 4494 scribentiumque
2623 4422 2782 4477 fidem
2808 4422 2953 4478 clare
2982 4422 3232 4477 vindicat.
3261 4422 3413 4490 Quod
3444 4424 3491 4477 si

1903 4519 2030 4587 quid
2060 4519 2206 4573 circa
2232 4527 2471 4588 tempora
2500 4525 2554 4572 et
2593 4516 2707 4571 loca
2737 4516 3006 4571 varietatis
3052 4515 3402 4585 protulerint,
3435 4515 3487 4569 id

1905 4610 2035 4666 nihil
2063 4610 2229 4666 oflicit
2256 4609 2464 4665 veritati
2492 4608 2843 4674 narrationis;
2875 4607 2927 4662 id
2956 4606 3096 4676 quod
3117 4646 3132 4673 ,
3168 4608 3275 4662 Deo
3302 4607 3484 4673 dante,

1902 4705 1954 4759 in
1974 4704 2317 4775 sequentibus
2332 4703 2703 4759 demonstrare
2722 4700 3057 4757 conabimur.
3084 4700 3285 4756 Prreter
3303 4710 3483 4755 autem

1900 4811 2058 4867 supra
2088 4795 2228 4851 dicta
2264 4836 2278 4860 ,
2313 4794 2442 4849 illud
2471 4794 2630 4849 etiam
2661 4806 2757 4847 vos
2786 4791 3076 4847 observare
3104 4806 3354 4861 rogamus
3373 4831 3390 4858 ,
3431 4792 3483 4844 in

1900 4892 2060 4946 rebus
2091 4890 2369 4960 prazcipuis
2389 4927 2403 4953 ,
2434 4901 2554 4958 quae
2578 4886 2646 4941 ad
2672 4886 2836 4941 vitam
2863 4893 3098 4940 nostram
3128 4892 3183 4939 et
3215 4881 3283 4937 ad
3314 4883 3483 4951 ipsam

1900 4981 2331 5051 praedicationem
2358 4977 2608 5035 tuendam
2631 4977 2931 5048 pertinent,
2960 4974 3162 5029 nullum
3187 4988 3372 5029 eorum
3396 4988 3482 5028 us.

1900 5075 2042 5145 piam
2071 5073 2140 5129 ab
2183 5074 2305 5129 aliis
2345 5073 2430 5129 vel
2478 5070 2757 5129 minimum
2808 5067 3093 5123 dissentire
3133 5066 3486 5136 deprehendi.

1899 5163 2154 5232 Quaenam
2185 5172 2364 5219 autem
2395 5163 2483 5219 illa
2513 5161 2778 5234 praecipua
2808 5157 2971 5215 sunt?
3002 5156 3168 5213 Deum
3210 5156 3483 5215 hominem

1903 5258 2098 5312 factum
2130 5272 2268 5322 esse,
2310 5256 2567 5311 miracula
2597 5252 2847 5317 edidisse,
2878 5251 3189 5307 cruciﬁxum
3211 5266 3275 5305 ac
3305 5254 3483 5320 sepul-

1908 5364 2020 5410 tum
2049 5352 2247 5419 fuisse,
2276 5350 2635 5407 resurrexisse
2654 5390 2669 5414 ,
2699 5348 2754 5403 in
2796 5348 2985 5404 caelum
3030 5347 3335 5403 ascendisse
3355 5389 3371 5413 ,
3396 5347 3486 5417 ju-

1904 5447 2204 5507 dicaturum
2231 5458 2384 5509 esse,
2427 5441 2677 5497 salutaria
2723 5440 2937 5496 dedisse
2981 5448 3244 5510 praecepta
3271 5480 3285 5503 ,
3317 5440 3486 5508 legent

1901 5540 2070 5594 veteri
2100 5553 2205 5592 non
2235 5533 2555 5591 contrariam
2589 5531 2895 5587 induxisse:
2929 5531 3098 5600 ipsum
3122 5530 3313 5584 Filium
3331 5544 3479 5591 esse.

1905 5630 2263 5705 Unigenitum,
2300 5629 2606 5701 genuinum,
2638 5625 2877 5696 ejusdem
2904 5640 3024 5681 cum
3056 5624 3211 5681 Patre
3237 5623 3484 5680 substan-
