3832 6178
316 171 384 227 17
1003 182 1060 237 S.
1097 184 1381 243 .IOANNIS
1419 189 1913 253 CHRYSOSTOMI
1953 198 2272 254 AliClllEP.
2313 198 2859 257 CONSTANTINOP.
3485 208 3553 261 18

308 269 392 319 tiae
422 282 436 321 :
460 274 516 322 et
547 263 631 322 his
656 264 870 321 similia.
897 265 1050 324 Circa
1081 268 1267 326 istlttec
1291 272 1434 328 enim
1463 284 1705 345 magnam
1739 278 1883 333 iuve-

305 354 512 409 niemus
533 354 671 411 inter
697 355 842 427 ipsos
860 359 1284 414 consonantiam.
1309 362 1363 418 Si
1390 378 1515 420 vero
1539 365 1589 419 in
1614 367 1883 426 miraculis

302 462 411 501 non
431 460 617 503 omnes
639 448 816 504 omnia
841 449 1092 506 diserunt
1110 492 1126 519 ,
1149 453 1243 509 sed
1266 454 1401 509 alius
1429 453 1543 511 hinc
1565 496 1582 524 ,
1611 457 1745 516 alius
1772 459 1880 528 illa,

301 551 369 591 ne
412 536 532 592 ideo
577 537 839 607 turbaris;
889 556 1013 595 nam
1039 541 1084 596 si
1114 558 1252 599 unus
1282 546 1457 600 omnia
1503 545 1759 612 dixisset,
1787 564 1880 604 su-

300 626 535 697 perﬁdus
557 637 703 684 esset
725 629 1049 700 reliquorum
1080 648 1364 701 numerus;
1392 636 1477 691 sin
1501 652 1685 693 omnes
1708 639 1883 693 diver-

297 732 355 772 sa
381 718 397 749 ⁸
424 727 481 775 et
521 734 658 775 nova
687 722 1061 791 scripsissent,
1105 724 1310 780 nullum
1355 739 1663 796 suppeteret
1690 744 1881 784 conso-

294 810 494 865 nantia:
525 822 917 882 argumentum.
960 814 1085 870 ldeo
1115 816 1281 871 multa
1307 819 1327 848 ²
1357 816 1537 887 plures
1564 819 1721 874 simul
1753 836 1878 873 uar-

284 907 499 967 rarum,
522 908 580 957 et
601 901 793 972 singuli
813 904 1079 974 quidpiam
1110 906 1209 961 sibi
1232 908 1504 977 preprium
1532 909 1872 966 scribendum

290 1000 682 1060 susceperunt,
725 1009 795 1049 ne
823 995 947 1065 quid
990 997 1316 1066 superfluum
1346 999 1430 1055 vel
1460 1008 1662 1056 temere
1691 1002 1873 1072 proje-

290 1088 437 1134 ctum
461 1081 660 1137 dixisse
682 1084 979 1149 videantur,
1007 1096 1168 1157 utque
1190 1089 1426 1145 veritatis
1451 1102 1751 1147 accuratam
1780 1110 1872 1148 no-

294 1168 375 1223 bis
395 1171 759 1238 probationem
783 1176 1055 1231 olferrcnt.

357 1381 415 1439 5.
443 1380 616 1445 Lucas
634 1383 796 1453 igitur
814 1386 975 1438 etiam
1001 1399 1217 1439 causam
1246 1384 1401 1439 nobis
1426 1384 1649 1452 profert,
1675 1399 1781 1454 qua
1801 1386 1869 1438 ad

284 1472 625 1529 scribendum
653 1474 902 1529 inductus
928 1483 1044 1540 est;
1101 1475 1168 1531 Ut
1197 1475 1381 1530 habeas
1402 1515 1417 1540 ,
1450 1474 1656 1544 inquit,
1694 1492 1865 1530 eorum

283 1563 580 1630 miserunt,
612 1565 675 1619 de
710 1564 888 1634 quibus
925 1565 1177 1621 institutus
1214 1582 1299 1630 es,
1345 1567 1602 1620 veritatem
1626 1567 1789 1638 (Luc.
1814 1568 1866 1622 1.

282 1653 392 1724 6);
420 1652 477 1708 id
502 1662 619 1720 est,
649 1653 715 1710 Ut
745 1669 887 1725 saepe
914 1656 1270 1712 commonitus
1296 1669 1475 1713 certus
1498 1658 1574 1712 sis
1596 1698 1612 1726 ,
1646 1673 1866 1728 persua-

280 1760 483 1816 susque
495 1761 737 1804 maneas.
757 1746 992 1803 Joannes
1008 1763 1134 1804 vero
1148 1764 1362 1805 causam
1385 1751 1652 1807 scribendi
1671 1752 1864 1817 tacuit;

280 1848 341 1894 ut
378 1846 557 1894 autem
583 1839 695 1909 jam
721 1840 851 1896 olim
874 1856 907 1895 a
950 1841 1240 1912 majoribus
1269 1852 1325 1898 et
1367 1844 1607 1913 patribus
1650 1846 1867 1915 accepi-

280 1944 400 1984 mus
418 1968 436 1994 ,
460 1944 568 1984 non
589 1930 707 1986 sine
730 1946 887 1986 causa
906 1932 974 1986 ad
995 1933 1336 1989 scribendum
1362 1936 1599 1991 animum
1617 1937 1824 2006 appulit
1848 1955 1862 1991 :

278 2020 373 2076 sed
403 2021 525 2091 quia
551 2022 788 2092 priorum
816 2024 973 2077 trium
1006 2023 1089 2079 hic
1120 2039 1314 2095 scopus
1358 2026 1531 2083 fuerat
1551 2066 1566 2094 ,
1599 2038 1658 2085 ut
1683 2028 1751 2084 de
1775 2043 1863 2084 as~

280 2121 490 2181 sumpta
511 2128 673 2170 carne
691 2114 930 2184 pluribus
949 2125 1188 2187 agerent,
1212 2119 1616 2190 periculumque
1636 2130 1773 2190 erat,
1797 2136 1865 2177 ne

280 2202 573 2259 divinitatis
614 2204 861 2275 dogmata
889 2214 1193 2264 tacerentur
1216 2248 1233 2275 ,
1259 2203 1475 2265 Christo
1500 2210 1715 2267 demum
1743 2227 1863 2267 mo-

278 2302 436 2349 vente
468 2293 537 2349 ad
566 2294 912 2366 Evangelium
940 2298 1280 2357 scribendum
1324 2299 1571 2356 inductus
1595 2311 1697 2358 est.
1730 2301 1861 2357 illud

277 2398 410 2440 vero
436 2385 608 2454 palam
632 2396 717 2444 est
744 2403 811 2443 ex
839 2387 952 2459 ipsa
980 2388 1206 2445 historia
1232 2400 1288 2446 et
1311 2406 1375 2446 ex
1407 2392 1681 2463 Evangelii
1708 2408 1861 2448 exor-

279 2481 387 2534 dio.
433 2482 614 2551 Neque
656 2484 800 2541 enim
847 2485 1067 2552 perinde
1094 2494 1256 2555 atque
1280 2487 1368 2541 alii
1410 2486 1483 2541 ab
1522 2486 1860 2544 inferioribus

275 2573 465 2641 coepit;
488 2573 584 2629 sed
605 2590 634 2629 a
656 2575 1020 2645 superioribus
1036 2619 1052 2643 ,
1084 2577 1137 2632 id
1155 2578 1295 2647 quod
1321 2578 1423 2635 sibi
1445 2580 1500 2634 in
1524 2594 1692 2651 scopo
1718 2589 1851 2638 erat.

276 2664 504 2736 Ideoque
520 2674 687 2723 totum
700 2668 893 2725 librum
910 2668 1094 2724 edidit.
1113 2670 1295 2741 Neque
1311 2680 1515 2728 tantum
1539 2674 1593 2728 in
1610 2675 1848 2738 exordio,

272 2758 368 2813 sed
394 2759 628 2840 etiamin
655 2768 768 2815 toto
798 2760 1071 2831 Evangelii
1093 2762 1319 2819 decursu
1340 2765 1556 2820 caeteris
1577 2766 1853 2821 sublimior

269 2860 372 2907 est.
403 2851 661 2907 Narratur
686 2867 846 2922 porro
870 2853 1175 2910 Mattiueum
1199 2895 1216 2923 ,
1247 2856 1627 2930 accedentibus
1653 2870 1851 2927 rogau-

269 2944 521 3013 tibusque
543 2943 742 3000 Judreis
765 2945 855 3014 qui
886 2945 1259 3013 crediderant,
1291 2962 1353 3001 ea
1377 2963 1497 3016 quae
1526 2947 1703 3003 verbis
1733 2963 1856 3017 pro-

269 3035 465 3090 tulerat
488 3035 654 3091 literis
673 3035 936 3106 descripta
964 3037 1154 3095 iisdem
1178 3038 1459 3109 reliquisse
1477 3080 1492 3105 ,
1514 3048 1569 3097 et
1592 3039 1851 3097 Hebraicis

270 3125 619 3195 Evangelium
650 3127 969 3199 scripsisse:
1002 3128 1232 3184 Marcum
1257 3114 1382 3185 item
1409 3130 1460 3184 in
1483 3130 1717 3201 Egypto
1758 3147 1854 3186 τοο

266 3225 391 3287 gatu
418 3215 800 3287 discipulorum
824 3217 1052 3289 idipsum
1082 3219 1291 3276 fecisse.
1317 3218 1521 3277 idcirco
1545 3222 1848 3291 Matthazus,

267 3318 450 3377 utpote
478 3309 566 3380 qui
597 3309 839 3365 Hebraeis
876 3310 1164 3376 scriberet,
1199 3311 1330 3367 nihil
1374 3313 1517 3367 aliud
1564 3312 1849 3369 ostendere

263 3401 496 3467 studuit,
542 3416 701 3472 quam
731 3403 871 3473 quod
899 3403 967 3458 ab
996 3403 1301 3461 Abrahamo
1326 3415 1381 3462 et
1424 3404 1623 3463 Davide
1654 3415 1847 3462 .ortum

264 3492 521 3548 duceret:
566 3493 739 3548 Lucas
766 3507 896 3549 vero
917 3537 932 3559 ,
961 3495 1158 3565 quippe
1184 3497 1274 3566 qui
1305 3497 1552 3551 omnibus
1582 3496 1848 3552 simul-lo-

262 3593 555 3655 queretur,
585 3584 745 3639 altius
769 3599 1071 3641 sermonem
1102 3588 1373 3653 extendit,
1406 3598 1459 3643 et
1486 3588 1553 3644 ad
1582 3588 1845 3645 Adamum

263 3691 431 3746 usque
471 3676 828 3747 progreditur.
882 3677 974 3732 llle
1016 3679 1231 3747 quidem
1260 3697 1286 3731 a
1317 3681 1658 3748 generatione
1700 3679 1846 3735 ducit

261 3766 539 3823 exordium
573 3785 587 3821 :
627 3766 761 3822 nihil
788 3768 984 3838 quippe
1013 3778 1117 3822 tam
1148 3769 1335 3824 Judmo
1363 3770 1573 3839 placere
1599 3780 1841 3840 poterat,

259 3874 419 3930 quam
451 3859 495 3914 si
537 3856 810 3914 Christum
858 3857 1089 3914 Abrahze
1117 3868 1175 3915 et
1215 3860 1425 3916 Davidis
1467 3860 1697 3917 disceret
1724 3875 1845 3917 esse

258 3958 509 4021 nepotem
533 3966 548 4017 ;
579 3949 665 4006 hic
691 3964 820 4003 vero
845 3963 1040 4014 secus;
1074 3966 1197 4005 nam
1226 3951 1404 4006 multis
1433 3953 1580 4021 prius
1608 3967 1844 4007 comme-

257 4042 500 4108 moratis,
523 4040 589 4096 ad
607 4040 975 4111 genealogiam
996 4040 1186 4096 deinde
1208 4040 1460 4111 procedit.
1487 4042 1700 4098 Illorum
1720 4056 1842 4113 por-

255 4149 318 4188 ro
347 4134 690 4189 concordiam
717 4175 733 4201 ,
763 4133 894 4189 orbe
928 4141 1039 4188 toto
1068 4142 1201 4188 teste
1233 4134 1605 4204 probabimus,
1638 4135 1726 4206 qui
1752 4134 1840 4189 illa

253 4226 522 4296 suscepit;
554 4227 661 4281 imo
684 4234 848 4281 testes
868 4224 1095 4281 aderunt
1118 4226 1217 4295 ipsi
1246 4227 1484 4282 veritatis
1508 4226 1727 4307 inimici.
1753 4227 1839 4283 Si-

254 4319 467 4389 quidem
498 4320 681 4374 mulus
718 4326 837 4388 post
876 4318 993 4374 illos
1031 4317 1266 4374 haereses
1305 4318 1677 4390 pullularunt,
1704 4332 1838 4375 con-

254 4410 415 4465 traria
438 4410 501 4464 iis
524 4425 641 4481 quae
667 4410 803 4465 dicta
831 4418 955 4464 sunt
979 4411 1257 4479 opinantes
1284 4453 1299 4476 ,
1338 4426 1563 4482 quarum
1586 4412 1704 4467 aliae
1722 4425 1838 4467 om-

254 4503 340 4558 nia
380 4518 497 4572 quae
538 4503 730 4572 scripta
769 4509 895 4556 sunt
930 4509 1295 4571 acceperunt;
1335 4502 1455 4558 alia:
1493 4518 1621 4558 vero
1660 4513 1836 4573 partes

252 4605 457 4651 tantum
498 4595 751 4665 quasdam
775 4593 1139 4663 admiserunt,
1168 4602 1223 4649 et
1242 4593 1382 4664 apud
1404 4607 1462 4650 se
1484 4595 1697 4650 mutilas
1718 4609 1832 4649 ser-

251 4697 395 4743 vant.
438 4687 589 4755 Quod
621 4687 664 4742 si
696 4701 869 4758 pugna
911 4686 1086 4756 aliqua
1112 4687 1165 4743 in
1197 4687 1351 4743 dictis
1381 4695 1558 4753 esset,
1587 4687 1693 4743 illa:
1715 4703 1833 4757 qua:

249 4798 314 4838 es
340 4781 566 4836 adverso
591 4779 881 4849 loquuntur
900 4780 1133 4835 hiereses
1154 4794 1259 4835 non
1281 4781 1457 4836 omnia
1480 4783 1829 4854 recepissent,

248 4874 344 4929 sed
389 4873 530 4928 illam
571 4880 775 4928 tantum
806 4880 1008 4943 partem
1038 4887 1156 4943 quae
1185 4872 1283 4927 sibi
1316 4871 1494 4929 favere
1521 4874 1826 4943 videretur;

254 4980 429 5034 neque
445 4965 550 5019 illa:
575 4980 695 5035 quae
714 4973 921 5033 partem
951 4968 1297 5029 acceperunt,
1317 4959 1386 5012 ab
1411 4960 1501 5013 illa
1524 4967 1675 5029 parte
1698 4971 1830 5012 con-

252 5052 631 5115 vincerentur,
660 5058 881 5121 propter
925 5048 1171 5120 ipsorum
1218 5046 1644 5118 fragmentorum
1685 5047 1827 5101 noti-

254 5142 380 5195 tiam
391 5141 568 5211 ,quasi
588 5140 982 5197 clamitantium
1010 5154 1166 5197 suam
1191 5152 1315 5195 cum
1338 5145 1450 5192 toto
1465 5137 1585 5194 libri
1602 5151 1829 5206 corpore

312 5384 327 5413 ί
351 5377 609 5448 Sic_$avil.
632 5383 879 5448 et_omnes
894 5391 1025 5448 pene
1062 5380 1171 5430 Mss.
1194 5386 1342 5446 atque
1367 5380 1432 5431 ita
1459 5385 1582 5446 legit
1607 5383 1822 5436 Atrianus

249 5452 405 5492 recte.
434 5441 629 5495 Morel..
653 5438 728 5488 sin
749 5438 909 5487 omnia
931 5439 1145 5490 diversa.

311 5507 338 5572 '_
358 5503 428 5552 Ita
450 5510 586 5572 recte
608 5500 759 5572 savii.
784 5508 836 5549 et
851 5501 1175 5572 _mapuscrip_ti
1193 5516 1398 5563 omnes;
1425 5513 1575 5572 atque
1598 5506 1667 5556 ita
1693 5507 1823 5572 legit

247 5565 486 5617 Aniauus.
514 5564 687 5615 Morel.
713 5575 832 5612 vero
850 5562 993 5624 legit,
1016 5562 1196 5625 omnia,
1222 5579 1329 5626 pro,
1355 5562 1505 5617 multa
1528 5572 1704 5625 unale.

2007 294 2441 350 consensionem.
2475 294 2939 361 Quemadmodum
2968 297 3013 353 si
3051 312 3119 355 ex
3148 299 3315 356 latere
3334 302 3581 374 aliquam

2007 393 2216 455 partem
2239 400 2446 453 sumas,
2474 387 2530 442 in
2549 387 2637 441 illa
2657 396 2810 457 parte
2831 404 2893 442 ca
2912 390 3098 445 omnia
3120 391 3363 449 invenies
3383 412 3443 450 ex
3469 399 3581 467 qui-

2006 478 2109 534 bus
2120 487 2335 534 constat
2351 487 2521 535 totum
2536 480 3584 553 animal,nervos,venas,ossa,arterias,

2006 568 2345 640 sanguinem,
2368 577 2424 624 et
2454 569 2640 635 totius,
2662 580 2723 625 ut
2758 572 2829 637 ita
2872 573 3071 643 dicam,
3096 590 3295 633 massae
3316 577 3581 638 indicium

2004 666 2060 723 et
2075 657 2460 714 documentum
2490 678 2507 715 :
2534 661 2614 716 sic
2645 661 2810 718 etiam
2847 664 2903 718 in
2935 663 3235 736 Scripturis
3252 668 3433 725 videre
3454 681 3537 726 est
3562 689 3577 737 ;

2004 745 2357 816 conspicuam
2386 746 2631 803 videlicet
2649 750 2988 821 singularum
3021 753 3290 810 dictorum
3314 772 3436 812 cum
3463 767 3579 813 toto

2003 836 2339 896 aliinitatem.
2366 837 2423 894 Si
2439 849 2620 895 autem
2645 842 3123 909 dissonarent,non
3149 846 3578 916 deprehendere-

2003 937 2150 983 retur
2170 930 2282 986 haec
2301 929 2965 1004 adiuitas,totumquejam
2980 936 3110 991 olim
3129 937 3323 1007 dogma
3338 940 3581 996 solutum

2004 1019 2215 1087 fuisset;
2243 1036 2367 1076 nam
2395 1022 2560 1078 Omne
2581 1041 2821 1094 regnum,
2846 1027 3040 1097 inquit,
3066 1029 3122 1082 in
3144 1046 3199 1083 se
3216 1029 3445 1085 divisum
3471 1049 3579 1087 non

1999 1110 2161 1165 stabit
2177 1110 2327 1179 (Luc.
2344 1114 2548 1186 “.17).
2568 1115 2723 1172 Nunc
2739 1127 2917 1173 autem
2943 1120 2996 1173 in
3018 1120 3119 1175 bac
3134 1120 3252 1191 ipsa
3267 1138 3325 1176 re
3350 1123 3578 1193 spiritus

2000 1200 2173 1256 virtus
2200 1204 2397 1268 elucet,
2431 1207 2669 1262 suadens
2696 1207 3029 1275 hominibus,
3059 1220 3115 1265 ut
3152 1211 3297 1267 circa
3339 1215 3430 1269 illa
3460 1229 3579 1267 ma-

1998 1288 2082 1361 gis
2116 1295 2424 1348 necessaria
2461 1304 2514 1349 et
2550 1298 2796 1367 urgentia
2845 1310 3160 1369 versantes,
3206 1304 3339 1359 nihil
3381 1304 3447 1358 ab
3487 1305 3576 1361 bis

1998 1378 2225 1435 minutis
2256 1379 2520 1437 Lsdnntnt'
2554 1385 2654 1457 (α).

2060 1550 2111 1605 4.
2147 1546 2580 1619 Evangelistarum
2623 1549 2883 1604 consensio
2936 1550 3239 1604 vindicatur.
3280 1547 3570 1606 Piscatores

1987 1648 2036 1694 et
2057 1640 2285 1694 illiterati
2315 1656 2413 1693 non
2441 1642 2540 1694 nisi
2567 1642 2747 1695 virtute
2765 1641 2935 1695 divina
2965 1654 3170 1712 potuere
3194 1644 3567 1712 philosophari.

1986 1727 2220 1784 Platonis
2242 1730 2457 1784 ridicula
2477 1731 2776 1800 respublica.
2807 1762 2878 1771 —
2898 1730 3123 1787 Ubinam
3149 1742 3324 1787 autem
3356 1732 3569 1787 illorum

1984 1819 2174 1893 singuli
2226 1820 2569 1890 scripserint,
2604 1837 2708 1876 non
2744 1832 2827 1879 est
2862 1823 3002 1893 quod
3031 1823 3254 1878 multum
3298 1824 3569 1895 disquira-

1984 1927 2141 1967 tuus:
2173 1908 2313 1982 quod
2367 1924 2543 1968 autem
2586 1930 2691 1969 non
2736 1916 2872 1972 alius
2920 1916 3176 1973 adversus
3220 1919 3382 1975 alium
3423 1921 3565 1976 scri-

1984 2004 2168 2073 pserit,
2204 2003 2253 2058 id
2292 2021 2388 2075 per
2432 2015 2597 2061 totum
2641 2008 2819 2077 operis
2865 2008 3148 2065 decursum
3197 2010 3569 2068 demonstrare

1979 2098 2309 2153 conabimur.
2342 2098 2423 2154 Tu
2453 2115 2580 2154 vero
2611 2101 2697 2170 qui
2742 2100 3124 2159 dissonantiam
3163 2101 3305 2158 illam
3333 2103 3522 2173 obiicis
3548 2146 3565 2167 ,

1980 2190 2197 2259 perinde
2220 2190 2347 2245 facis
2359 2206 2420 2247 ac
2436 2191 2480 2245 si
2502 2191 2689 2246 eadem
2716 2192 2826 2262 ipsa
2852 2194 3033 2256 verba,
3058 2193 3279 2249 eosdem
3307 2194 3562 2266 loquendi

1979 2280 2166 2334 modos
2204 2280 2444 2350 proferre
2482 2281 2718 2350 juberes.
2750 2281 2984 2337 Necdum
3013 2282 3206 2348 dicam,
3259 2299 3351 2339 eos
3375 2286 3466 2356 qui
3493 2285 3565 2340 de

1978 2371 2242 2427 rhetorica
2269 2380 2323 2427 et
2348 2371 2415 2427 de
2442 2372 2772 2444 philosophia
2791 2374 3076 2431 admodum
3098 2376 3407 2443 gloriantur,
3441 2379 3564 2449 qui-

1976 2478 2080 2533 que
2110 2463 2304 2519 multos
2335 2464 2498 2520 libros
2540 2464 2725 2521 iisdem
2752 2466 2820 2521 de
2848 2468 3009 2523 rebus
3056 2469 3417 2539 scripserunt,
3450 2487 3563 2528 non

1976 2550 2136 2609 modo
2152 2566 2335 2610 mutuo
2364 2555 2717 2626 discrepasse,
2744 2557 2838 2614 sed
2865 2560 3025 2613 etiam
3046 2561 3311 2616 contraria
3327 2560 3553 2617 dixisse.

1974 2642 2105 2698 Nam
2133 2643 2272 2699 aliud
2305 2654 2387 2702 est
2412 2646 2622 2702 diverse
2665 2647 2829 2718 loqui,
2856 2649 2999 2704 aliud
3028 2651 3313 2722 pugnantia
3346 2652 3555 2711 dicere.

1973 2735 2041 2788 At
2070 2734 2201 2789 nihil
2227 2735 2415 2791 borum
2443 2736 2565 2793 dico
2595 2755 2608 2791 :
2640 2738 2779 2794 absit
2798 2742 2939 2795 enim
2972 2756 3040 2797 ne
3061 2743 3273 2799 illorum
3295 2744 3561 2816 insipien-

1971 2824 2042 2901 tia
2075 2832 2192 2893 utar
2221 2825 2286 2881 ad
2332 2828 2619 2895 parandam
2665 2828 3072 2898 defensionem;
3097 2849 3268 2904 neque
3292 2837 3432 2891 enim
3464 2855 3564 2894 ve-

1971 2914 2060 2969 lim
2079 2932 2143 2971 ex
2173 2917 2449 2975 mendacio
2479 2920 2754 2976 veritatem
2789 2922 3000 2979 firmare
3030 2943 3043 2979 :
3079 2928 3175 2982 sed
3204 2927 3331 2983 illud
3361 2944 3560 2996 rogare

1972 3005 2150 3069 \eliut,
2185 3009 2451 3075 quomodo
2497 3010 2651 3065 fidem
2698 3017 3016 3072 meruissent
3042 3034 3103 3075 ea
3148 3036 3267 3090 qua:
3307 3022 3561 3080 dissona~

1969 3096 2125 3148 rent?
2160 3112 2266 3166 quo
2294 3109 2449 3167 pacto
2485 3109 2864 3171 superassent?
2893 3110 3163 3177 quomodo
3188 3112 3232 3167 si
3262 3118 3557 3186 pugnantia

1968 3183 2167 3254 loqunti
2198 3184 2436 3258 fuissent,
2466 3191 2892 3265 admirationem,
2921 3197 3079 3254 tidem
3099 3211 3153 3257 et
3181 3183 3555 3261 celebritatem

1967 3281 2169 3329 tantam
2210 3291 2306 3347 per
2351 3289 2521 3336 totum
2564 3282 2748 3339 orbem
2789 3286 3366 3363 obtinuissent?Atqui
3397 3296 3556 3351 multi

1965 3376 2118 3422 erant
2144 3366 2409 3427 dictorum
2442 3381 2627 3441 testes,
2656 3384 2785 3433 utet
2813 3380 2961 3436 multi
2994 3382 3193 3441 inimici
3212 3392 3269 3440 et
3294 3386 3558 3443 adversa-

1964 3458 2050 3512 rii.
2083 3458 2267 3531 Neque
2295 3464 2438 3519 enim
2480 3466 2595 3523 lucc
2633 3467 2691 3523 in
2735 3472 2930 3541 angulo
2968 3472 3169 3543 scripta
3206 3475 3552 3544 defoderunt,

1962 3547 2057 3604 sed
2088 3550 2282 3623 ubique
2302 3562 2565 3612 terrarum
2590 3568 2645 3613 et
2664 3561 2890 3617 marium
2935 3566 3184 3622 omnibus
3209 3568 3556 3627 audientibus

1963 3642 2298 3709 publicarunt
2343 3649 2620 3706 :inimicis
2655 3656 3004 3721 praesentibus
3051 3658 3166 3714 ha-c
3214 3661 3548 3732 legebantur,

1960 3735 2403 3800 quemadmodum
2430 3748 2483 3794 et
2510 3740 2700 3807 hodie;
2728 3753 2781 3801 et
2813 3749 3078 3805 neminem
3101 3766 3347 3821 umquam
3374 3754 3553 3809 oden.

1959 3820 2182 3912 derunt,
2210 3826 2370 3898 idque
2402 3828 2525 3898 jure
2550 3833 2760 3889 merito.
2796 3836 2981 3892 Divina
3009 3820 3399 3912 quippeivirtus
3424 3857 3552 3902 erat

1961 3928 2081 3981 quae
2113 3910 2230 3970 ha:c
2263 3919 2439 3974 omnia
2463 3923 2786 3991 operabatur
2812 3927 2952 3994 apud
2996 3910 3298 3987 universos.
3331 3932 3555 3991 Etenim

1959 4004 2001 4056 si
2048 4020 2153 4061 non
2197 4006 2267 4063 ita
2297 4022 2356 4064 se
2403 4026 2490 4067 res
2539 4012 2833 4080 habuisset,
2882 4020 3150 4088 quomodo
3209 4024 3549 4093 publicanus,

1961 4096 2194 4164 piscator
2220 4107 2275 4155 et
2315 4100 2597 4160 illiteratus
2640 4107 2753 4187 [HEC
2797 4110 3093 4177 potuissent
3135 4113 3549 4187 philosophari?

1957 4188 2086 4254 Quae
2115 4192 2257 4246 enim
2301 4208 2367 4248 ne
2396 4209 2493 4265 per
2520 4184 2782 4253 somnium
2813 4201 3025 4272 quidem
3065 4206 3235 4261 exteri
3263 4184 3548 4278 imaginari

1957 4291 2258 4350 potuerant,
2291 4286 2405 4340 lucc
2432 4303 2551 4342 cum
2580 4291 2894 4347 auctoritate
2926 4309 3111 4363 ntagna
3142 4295 3196 4351 bi
3225 4300 3547 4354 annuntiant

1954 4380 2011 4427 et
2056 4375 2303 4445 suadent,
2350 4378 2510 4448 idque
2554 4397 2660 4438 non
2696 4384 2855 4440 tnodo
2882 4386 2936 4439 in
2974 4387 3109 4445 vivis
3154 4401 3391 4460 agentes,
3442 4393 3546 4450 sed

1955 4464 2114 4519 etiam
2163 4463 2395 4523 defuncti
2431 4485 2576 4525 :non
2605 4471 2812 4530 duobus
2852 4477 2931 4531 vel
2974 4478 3158 4547 viginti
3208 4480 3540 4553 hominibus,

1950 4569 2060 4608 non
2109 4559 2350 4614 centenis
2381 4562 2460 4616 vel
2516 4563 2778 4633 millenis,
2810 4566 2890 4621 vel
2929 4566 3109 4624 decies
3155 4573 3410 4638 millenis;
3442 4575 3545 4631 sed

1951 4645 2189 4713 urbibus,
2238 4650 2506 4719 gentibus,
2549 4655 2791 4724 populis,
2847 4666 3022 4723 terrm,
3080 4662 3235 4725 mari,
3286 4661 3539 4729 Grmcim,

1950 4737 2306 4794 barbarorum
2344 4744 2673 4813 regionibus,
2704 4731 2819 4801 orbi
2860 4760 2914 4804 et
2939 4750 3199 4816 desertis;
3233 4752 3390 4822 idque
3410 4770 3542 4812 cum

1950 4829 2018 4885 de
2041 4832 2256 4902 scriptis
2282 4846 2528 4905 ageretur
2549 4848 2790 4895 naturam
2811 4851 3047 4898 nostram
3068 4844 3351 4902 adumdum
3372 4862 3540 4907 exsu-

1950 4924 2277 4991 perantibus.
2314 4926 2447 4982 Nam
2494 4930 2655 4986 missa
2706 4941 2871 5001 terra,
2911 4935 2980 4990 de
3006 4937 3310 4995 caelestibus
3354 4944 3541 4997 omnia

1946 5014 2245 5093 edisserunt
2274 5035 2287 5071 :
2319 5020 2481 5075 aliam
2526 5024 2681 5079 nobis
2710 5025 3026 5085 inducentes
3057 5032 3217 5086 vitam
3242 5042 3297 5093 et
3321 5034 3539 5095 vivendi

1947 5105 2228 5175 rationem,
2258 5110 2389 5165 alias
2411 5112 2642 5178 divitias,
2668 5117 2825 5171 aliam
2858 5130 3223 5189 paupertatem
3251 5166 3266 5191 ,
3301 5126 3537 5185 liberta-

1946 5205 2075 5261 tem,
2107 5201 2441 5267 servitutem,
2472 5206 2627 5260 aliam
2658 5208 2821 5265 vitam
2850 5219 3009 5282 atque
3054 5226 3280 5272 mortem
3304 5258 3320 5281 .
3367 5221 3538 5277 alium

1976 5497 2470 5579 1.,(a)‘§rstt_tiugatum
2493 5505 2571 5558 inc
2596 5509 2844 5563 evolutum
2879 5513 3044 5566 multis
3069 5518 3259 5570 videtur
3278 5519 3516 5579 ᾶὶίιὶουιιθ

1951 5559 2081 5609 tibus
2103 5563 2379 5612 obnoxium.

2690 5741 2747 5767 αι
