3858 6276
251 358 311 415 ιτ
1432 364 1498 419 IN
1537 364 1954 428 nummum
2029 372 2259 428 IIOMIL.
2303 362 2342 428 ι.
3445 356 3510 436 1's

251 475 432 545 μέλλει
470 473 702 543 κρίνειν,
742 462 829 527 ὅτι
860 473 1027 527 ἔδωκε
1066 474 1425 544 σωτηριώδεις
1470 478 1713 540 ἐντολάς,
1742 478 1824 531 δτι

249 566 344 619 οὐκ
386 564 635 618 ἐναντίον
665 566 733 633 τῇ
764 565 978 635 Παλαιᾷ
1002 566 1166 635 νόμον
1206 567 1545 637 εἰσήνεγκεν,
1568 569 1651 621 δτι
1677 567 1824 631 Υίδς,

245 659 328 709 ὅτι
350 655 691 725 Μονογενὴς,
718 656 803 708 ὅτι
836 656 1072 725 γνήσιος,
1097 654 1179 709 δτι
1210 655 1310 726 τῆς
1343 657 1513 727 αὐτῆς
1535 657 1722 720 οὐσίας
1751 654 1828 727 τῷ

251 750 445 817 Πατρῖ,
479 747 576 800 ml
606 744 985 800 δσαντοιαῦταο
1010 746 1139 816 περὶ
1170 746 1279 817 γὰρ
1301 746 1474 800 ταῦτα
1508 746 1706 817 πολλὴν
1739 747 1830 800 εὑ-

254 842 502 911 ρήσομεν
522 834 694 891 οὖσαν
720 839 900 900 αὐτοῖς
938 838 1276 907 συμφωνίαν.
1296 838 1361 890 El
1385 837 1443 890 δὲ
1468 838 1528 890 ἐν
1559 841 1671 901 τοῖς
1700 836 1830 890 θαύ-

255 948 384 1001 μασι
426 931 504 1000 μὴ
534 930 739 992 πάντες
769 929 949 983 πάντα
973 924 1145 993 εἷπον,
1174 928 1287 982 ἀλλ’
1316 930 1344 981 6
1374 929 1470 999 μὲν
1496 930 1692 995 ταῦτα,
1721 932 1749 982 6
1773 929 1830 982 δὲ

252 1024 456 1085 ἐκεῖνα,
488 1020 651 1074 τοῦτό
695 1037 754 1072 σε
784 1020 862 1090 μὴ
893 1019 1220 1090 θορυϐείτω’
1254 1020 1366 1072 εἴτε
1397 1020 1505 1090 γὰρ
1530 1012 1612 1083 εἷς
1652 1020 1829 1072 πάντα

250 1108 389 1174 εἴτε,
424 1111 691 1182 περισσὸς
715 1107 784 1181 ἦν
811 1112 841 1162 6
873 1109 987 1162 τῶν
1011 1109 1214 1163 λοιπῶν
1245 1109 1503 1180 ἀριθμός
1544 1113 1651 1163 εῐτε
1693 1111 1828 1163 πάν-

251 1219 338 1265 τες
364 1200 750 1271 ἐξηλλαγμένα
780 1200 873 1253 καὶ
895 1198 1057 1253 καινά
1100 1198 1240 1269 πρὺς
1266 1198 1532 1270 ἀλλήλους
1552 1198 1823 1270 ἔγραψαν,

251 1292 348 1345 οὐκ
376 1291 445 1344 ἂν
477 1291 656 1361 ἐφάνη
688 1290 791 1359 τῆς
822 1288 1140 1359 συμφωνίας
1168 1290 1202 1359 ἡ
1234 1286 1523 1353 ἀπόδειξις.
1552 1290 1649 1343 Διὰ
1673 1288 1829 1341 τοῦτο

255 1383 343 1434 ml
390 1384 547 1450 κοινῇ
604 1378 781 1432 πολλά
827 1376 1199 1448 διελέχθησαν,
1240 1379 1337 1433 καὶ
1371 1378 1600 1439 ἕκαστος
1649 1370 1829 1430 αὐτῶν

255 1472 379 1525 [διόν
420 1488 477 1522 τι
532 1469 719 1523 λαϐὼν
778 1464 950 1533 εἶπεν,
986 1468 1076 1520 ινα
1125 1468 1263 1539 μήτε
1307 1468 1346 1499 ⁸⁷
1392 1467 1647 1539 περισσὸς
1691 1462 1828 1520 εἶναι

254 1564 374 1633 δόξῃ
424 1565 519 1615 καὶ
560 1559 962 1632 προσερρῖφθαι
1006 1560 1230 1623 ἁπλῶς,
1280 1560 1376 1613 καὶ
1423 1560 1521 1629 τῆς
1570 1558 1829 1628 ἀληθείας

257 1655 357 1707 τῶν
403 1654 719 1724 λεγομένων
751 1650 975 1722 ἀκριϐῆ
1039 1652 1388 1725 παράσχηται
1441 1652 1540 1722 τὴν
1597 1650 1826 1720 βάσανον

259 1748 383 1815 ἡμῖν

322 1843 390 1906 γ.
409 1837 468 1890 '0
495 1837 596 1906 μὲν
620 1830 718 1888 οὖν
736 1831 950 1898 Λουκᾶς
975 1835 1070 1888 ml
1089 1834 1187 1904 τὴν
1204 1832 1382 1889 αἰτίαν
1402 1833 1554 1904 φησὶ,
1571 1832 1638 1886 δι’
1654 1831 1720 1902 ἢν
1736 1832 1828 1886 ἐπὶ

260 1929 312 1981 τὸ
338 1928 577 1997 γράφειν
612 1925 830 1997 ἔρχεται
851 1939 866 1954 ·
899 1924 1035 1981 Ἵνα
1060 1926 1210 1994 ἔχῃς
1241 1926 1369 1994 γὰρ,
1399 1923 1552 1994 φησὶ,
1580 1922 1708 1991 περὶ
1742 1916 1831 1978 ὧν

258 2019 602 2090 κατηχήθης
621 2018 820 2087 λόγων
852 2017 966 2084 τὴν
992 2016 1332 2085 ἀσφάλειαν
1352 2031 1364 2045 ⁸
1397 2013 1691 2077 τουτέστιν,
1710 2013 1831 2067 Ἵνα

259 2112 495 2182 συνεχῶς
526 2109 1079 2179 ὑπομιμνησκόμενος
1111 2106 1211 2178 τὴν
1238 2106 1534 2174 ἀσφάλειαν
1558 2105 1708 2177 ἔχῃς,
1737 2106 1831 2159 καὶ

254 2208 310 2259 ἐν
328 2202 606 2273 ἀσφαλείᾳ
630 2202 817 2275 μένῃς.
847 2200 907 2254 '0
925 2200 983 2253 δέ
1009 2199 1259 2268 Ἰωάννης
1300 2198 1461 2262 αὐτὸς
1487 2198 1582 2267 μὲν
1608 2197 1831 2268 ἐσίγησε

255 2297 349 2367 τὴν
398 2294 614 2350 αἰτίαν·
648 2294 725 2359 ὡς
770 2294 880 2365 γάρ
916 2292 1072 2360 λόγος
1114 2290 1281 2362 φησὶν
1309 2291 1350 2322 ¹⁸
1378 2290 1581 2345 ἀνωθεν
1625 2292 1716 2343 καὶ
1765 2289 1831 2344 ἐκ

257 2391 523 2463 πατέρων
547 2392 631 2453 είς
677 2389 825 2460 ἡμᾶς
858 2386 1123 2451 καταϐάς,
1164 2385 1287 2438 οὐδὲ
1316 2384 1479 2447 αὐτὸς
1510 2382 1699 2445 ἁπλῶς
1738 2383 1831 2436 ἐπὶ

259 2484 313 2536 τὺ
341 2485 579 2555 γράφειν
607 2478 801 2553 ἦλθεν*
833 2479 947 2533 ἀλλ’
973 2478 1161 2550 ἐπειδὴ
1198 2480 1309 2542 τοῖς
1347 2479 1525 2550 τρισὶν
1559 2478 1593 2548 ἡ
1629 2476 1831 2547 σπουδὴ

260 2574 442 2640 γέγονε
470 2572 551 2643 τῷ
592 2572 692 2643 τῆς
720 2570 1029 2641 οἰκονομίας
1065 2568 1399 2640 ἐνδιατρῖψαι
1426 2568 1591 2639 λόγῳ,
1628 2568 1722 2621 ml
1752 2566 1827 2639 [7]

262 2663 321 2716 τά
350 2663 451 2732 τῆς
480 2663 733 2731 θεότητος
765 2659 1100 2714 ἐκινδύνευεν
1124 2660 1543 2713 ἁποσιωπᾶσθαι
1568 2660 1828 2730 δόγματα,

263 2754 345 2806 τοῦ
390 2753 632 2825 Χριστοῦ
668 2755 991 2824 κινήσαντος
1035 2752 1193 2807 αὑτὸν
1236 2752 1441 2814 λοιπὸν,
1469 2750 1641 2814 οὕτως
1669 2747 1831 2823 ἦλθεν

260 2846 349 2898 ἐπὶ
394 2848 497 2915 τὴν
530 2845 893 2916 εῦαγγελικὴν
935 2844 1277 2915 συγγραφήν.
1318 2843 1427 2895 Kal
1471 2842 1627 2894 τοῦτο
1674 2841 1832 2911 δῆλον

263 2937 352 2988 καὶ
386 2936 448 3000 ἐξ
481 2937 653 3006 αὐτῆς
684 2937 783 3006 τῆς
814 2935 1073 3006 ἱστορίας,
1112 2936 1202 2986 ml
1232 2933 1340 2985 τῶν
1370 2931 1461 2985 τοῦ
1504 2930 1828 2998 Εὑαγγελίου

262 3025 581 3096 προοιμίων.
628 3026 765 3079 Οὐδὲ
798 3024 906 3096 γάρ
945 3025 1145 3095 ὁμοίως
1197 3024 1312 3085 τοῖς
1350 3021 1555 3083 λοιποῖς
1588 3018 1831 3074 κάτωθεν

265 3117 511 3185 ἱρχεται,
540 3116 656 3169 ἀλλ’
686 3115 913 3176 ἄνωθεν,
951 3116 1084 3186 πρὸς
1116 3116 1251 3185 ὅπερ
1297 3112 1573 3182 ἠπείγετο,
1610 3110 1706 3163 καὶ
1745 3110 1835 3164 διὰ

256 3204 411 3255 τοῦτο
439 3206 502 3253 τδ
529 3201 641 3253 πᾶν
690 3197 893 3268 βιϐλίον
923 3198 1238 3270 συνέθηκεν.
1266 3201 1382 3254 οὐκ
1418 3202 1477 3253 ἐν
1506 3203 1617 3265 τοῖς
1650 3220 1828 3273 προοι-

262 3294 400 3361 μίοις
434 3292 491 3343 δὲ
530 3292 711 3361 μόνον,
761 3289 899 3343 ἀλλά
934 3292 1027 3343 ml
1063 3291 1149 3345 διὰ
1201 3293 1401 3357 παντὸς
1444 3293 1540 3346 τοῦ
1587 3294 1830 3363 Εὐαγγε-

260 3384 369 3437 λίου
400 3382 512 3435 τῶν
557 3381 737 3436 ἄλλων
781 3382 929 3435 ἐστὶν
974 3382 1319 3453 ὑψηλότερος.
1362 3384 1591 3451 Λέγεται
1634 3385 1691 3439 δέ
1738 3386 1831 3440 ml

261 3473 557 3536 Ματθαῖος,
589 3473 699 3526 τῶν
745 3470 807 3537 ἐξ
838 3472 1105 3526 Ἰουδαίων
1152 3476 1554 3529 πιστευσάντων
1603 3476 1830 3545 προσελ-

260 3567 457 3619 θόντων
491 3563 645 3635 αὕτῷ
693 3565 789 3617 καὶ
836 3564 1355 3635 παρακαλεσάντων,
1398 3565 1539 3637 άπερ
1584 3563 1703 3619 εἶπε
1742 3567 1832 3621 διὰ

262 3659 542 3729 ῥημάτων,
594 3657 767 3711 ταῦτα
831 3658 1047 3726 ἀφεῖναι
1094 3658 1182 3711 διὰ
1239 3659 1582 3729 γραμμάτων
1628 3660 1829 3727 αὐτοῖς,

262 3757 352 3802 καὶ
386 3754 453 3821 τῇ
509 3750 621 3802 τῶν
659 3749 928 3820 Ἐϐραίων
977 3752 1126 3821 φωνῇ
1163 3751 1432 3805 συνθεῖναι
1474 3751 1537 3805 τὸ
1584 3753 1832 3821 Εὐαγγέ-

260 3842 399 3894 λιον⁶
458 3842 557 3896 καὶ
596 3841 822 3911 Μάρκος
869 3841 926 3893 δὲ
977 3843 1035 3895 ἐν
1082 3842 1359 3913 Αἰγύπτῳ,
1411 3843 1519 3896 τῶν
1572 3845 1830 3915 μαθητῶν

261 3932 777 4002 παρακαλεσάντων,
838 3932 969 3984 αὐτὸ
1014 3934 1054 3964 ¹⁹
1105 3933 1261 3986 τοῦτο
1315 3934 1558 4004 ποιῆσαι,
1621 3936 1719 3990 Διά
1767 3937 1831 4008 δὴ

262 4026 412 4078 τοῦτο
457 4028 488 4078 6
543 4024 646 4094 μὲν
679 4022 977 4087 Ματθαῖος.
1009 4024 1104 4078 ἆτε
1137 4025 1409 4097 Ἑϐραίοις
1450 4027 1695 4098 γράφων,
1743 4030 1833 4082 οὐ·

258 4117 343 4169 δὲν
370 4118 533 4169 πλέον
587 4115 818 4185 ἐζήτησε
863 4114 1067 4181 δεῖξαι,
1110 4116 1141 4186 ἢ
1182 4117 1262 4168 ὅτι
1306 4117 1413 4170 ἀπὸ
1447 4118 1695 4190 Ἀϐραὰμ
1737 4121 1832 4173 καὶ

262 4207 420 4260 Δαυῖδ
464 4202 551 4278 ἦν,
593 4207 653 4259 '0
682 4207 737 4259 δὲ
770 4208 1001 4267 Λουκᾶς.
1034 4206 1127 4259 ἆτε
1158 4211 1306 4279 κοινῇ
1344 4210 1477 4262 πᾶσι
1515 4209 1824 4281 διαλεγόμεο

264 4317 366 4361 νος,
399 4300 491 4351 ml
524 4299 782 4369 ἀνωτέρω
802 4298 894 4351 τὸν
922 4298 1077 4366 λόγον
1101 4299 1309 4368 ἀνάγει,
1346 4301 1505 4372 μέχρι
1532 4301 1625 4355 τοῦ
1662 4304 1831 4374 ’Λδάμ

268 4391 480 4457 προῖὼν.
512 4390 621 4442 Καὶ
643 4391 672 4441 ό
706 4390 803 4460 μὲν
832 4389 939 4441 ἀπὸ
969 4391 1065 4459 τῆς
1092 4390 1356 4457 γενέσεως
1389 4393 1642 4463 ἄρχεται’
1676 4395 1827 4447 οὐδὲν

266 4483 366 4551 γὲιρ
392 4481 564 4545 οῦτως
603 4482 841 4553 ἀνέπαυε
882 4480 972 4534 τὸν
1012 4481 1281 4548 Ἰουδαῖον,
1319 4483 1393 4547 ῶς
1419 4484 1480 4537 τὸ
1518 4486 1707 4555 μαθεῖν
1736 4488 1833 4540 αῦ-

267 4572 372 4633 τδν,
412 4575 496 4625 ὅτι
542 4571 639 4624 τοῦ
690 4570 941 4643 Ἀϐρααμ
974 4571 1068 4623 ml
1111 4571 1204 4624 τοῦ
1244 4572 1406 4626 Δαυῖδ
1439 4573 1659 4643 ἔγγονος
1694 4572 1760 4647 ἦν
1801 4577 1830 4629 ὁ

268 4663 524 4734 Χριστός·
551 4662 583 4715 6
610 4662 671 4715 δὲ
695 4662 796 4733 οὐχ
833 4662 1026 4728 οὕτως,
1068 4662 1185 4715 ἀλλ’
1207 4663 1408 4733 ἐτέρων
1444 4665 1704 4721 πλειόνων
1741 4650 1831 4738 μέ-

272 4769 457 4822 μνηται
500 4751 867 4824 πραγμάτων,
909 4751 1006 4803 ml
1051 4752 1173 4806 τότε
1213 4753 1307 4808 ἐπὶ
1352 4753 1451 4827 τὴν
1480 4757 1830 4827 γενεαλογίαν

270 4845 496 4915 ¹πρόεισι.
530 4842 642 4914 Τὴν
669 4843 730 4896 δὲ
760 4843 1083 4914 συμφωνίαν
1127 4843 1306 4900 αὐτῶν
1354 4847 1452 4900 ml
1483 4847 1589 4902 ἀπὺ
1620 4848 1721 4920 τῆς
1756 4852 1832 4905 οἰ-

270 4940 529 5011 κουμένης
558 4939 989 5010 παραστήσομεν
1002 4939 1100 5009 τῆς
1121 4938 1419 5012 δεξαμένης
1447 4940 1514 4996 τὰ
1543 4943 1826 5014 εἰρημένα,

270 5032 360 5083 ml
383 5032 474 5085 ἀπ’
512 5029 693 5085 αὐτῶν
727 5028 838 5083 τῶν
877 5028 977 5099 τῆς
1007 5029 1265 5101 ἀληθείας
1296 5030 1525 5103 ἐχθρῶν.
1570 5035 1681 5087 Καὶ
1724 5037 1831 5106 γὰρ

270 5123 453 5177 πολλαὶ
512 5122 631 5194 μετ’
681 5120 920 5183 ἐκείνους
957 5122 1200 5191 αἱρέσεις
1250 5123 1566 5195 ἐτέχθησαν,
1616 5128 1831 5181 ἐναντία

268 5214 575 5279 δοξάζουσαι
608 5215 723 5277 τοῖς
758 5210 1099 5285 εἰρημένοις⁸
1133 5213 1229 5267 ml
1266 5214 1321 5277 αί
1363 5214 1460 5286 μὲν
1489 5217 1664 5271 πάντα
1702 5235 1832 5272 κατ-

272 5306 509 5371 εδέξαντο
551 5306 621 5358 τά
665 5302 951 5374 λεχθέντα,
995 5304 1055 5358 αἱ
1098 5303 1157 5358 δὲ
1192 5304 1333 5376 μέρη
1380 5305 1490 5359 τῶν
1529 5307 1832 5379 εἰρημένων

272 5397 603 5466 ἀποκόψασαι
632 5396 744 5449 τῶν
773 5394 992 5459 λοιπῶν,
1018 5394 1161 5447 οὕτω
1186 5398 1314 5466 παρ’
1343 5396 1562 5461 ἑαυταῖς
1588 5397 1827 5471 ἔχουσιν.

276 5489 337 5541 Pl
354 5489 407 5540 δὲ
438 5489 583 5559 μάχη
600 5503 685 5550 τις
699 5480 767 5556 ἦν
784 5487 843 5539 ἐν
861 5485 973 5548 τοῖς
991 5486 1111 5554 είρη
1120 5484 1319 5556 μένοις,
1344 5486 1458 5540 οὔτ’
1485 5487 1551 5541 ἀν
1563 5489 1619 5541 αἱ
1646 5489 1833 5544 τάναν-

275 5578 359 5630 ria
385 5580 631 5647 λέγουσαι
656 5577 873 5632 ἅπαντα
908 5575 974 5629 ἂν
1008 5576 1277 5642 ἐδέξαντο,
1301 5575 1440 5632 ἀλλὰ
1474 5579 1637 5651 μέρος
1669 5580 1730 5633 τὸ
1757 5582 1835 5634 δο-

280 5669 397 5723 κοῦν
441 5672 632 5733 αὐταῖς
679 5667 757 5737 I8]
790 5667 1031 5737 συνᾴδειν
1051 5683 1066 5698 ·
1098 5664 1208 5721 οὔτ’
1237 5668 1306 5723 ἂν
1331 5670 1390 5723 αἱ
1436 5670 1599 5741 μέρος
1630 5672 1832 5728 ἀπολαο

1939 483 2132 537 ϐοῦσαι
2165 481 2559 551 διηλέγχθησαν
2582 482 2625 512 ’⁸
2656 479 2761 533 ἀπὸ
2798 481 2891 533 τοῦ
2930 483 3151 553 μέρους,
3174 488 3245 550 ὠς
3267 488 3399 557 μηδὲ
3432 489 3501 541 τά
3528 556 3529 559 η

1952 573 2209 644 κόμματα
2254 572 2393 625 αὐτὰ
2435 570 2733 636 λανθάνειν,
2781 571 2915 626 ἀλλά
2966 574 3093 645 βοᾷν
3130 576 3227 646 τὴν
3270 579 3405 649 πρὸς
3439 582 3502 636 τὸ

1940 666 2059 720 ὅλον
2105 665 2261 736 σῶμα
2294 663 2631 733 συγγένειαν.
2683 667 2791 718 Καὶ
2824 665 3076 737 καθάπερ
3108 666 3175 720 ἂν
3208 666 3318 718 ἀπθ
3343 666 3511 719 πλευ-

1941 760 2043 831 ρᾶς
2082 756 2253 828 λάϐῃς
2279 774 2332 809 τι
2374 756 2557 827 μέρος,
2585 754 2682 811 ml
2710 758 2768 810 ἐν
2802 756 2882 827 τῷ
2913 756 3069 829 μέρει
3101 757 3172 811 τὰ
3204 757 3381 812 πάντα
3424 758 3515 811 εὐ-

1939 849 2148 920 ρήσεις,
2178 846 2269 915 ἀφ’
2307 837 2381 901 ῶν
2412 842 2473 899 τὸ
2504 845 2628 899 ὅλον
2662 845 2802 910 ζῶον
2849 847 3172 918 συνέστηκε,
3202 848 3296 903 ml
3320 845 3512 919 νεῦρα,

1939 939 2033 992 ml
2060 937 2287 1008 φλέϐας,
2322 937 2419 991 καὶ
2457 938 2611 1002 ὀστᾶ,
2638 938 2734 993 καὶ
2781 937 3067 1010 ἀρτηρίας,
3099 940 3195 992 ml
3226 933 3383 1009 αἷμα,
3422 940 3516 992 ml

1939 1028 2259 1101 ὁλοκλήρου,
2287 1029 2363 1093 ὡς
2394 1029 2461 1082 ἂν
2488 1029 2634 1084 εἴποι
2670 1046 2775 1095 τις,
2805 1028 2899 1082 τοῦ
2933 1030 3250 1101 φυράματος
3286 1031 3511 1100 δεῖγμα”

1939 1119 2080 1175 οῦτω
2117 1122 2211 1176 ml
2240 1121 2334 1174 ἐπὶ
2364 1120 2471 1173 τῶν
2513 1119 2748 1191 Γραφῶν
2787 1120 2935 1175 ἔστιν
2988 1122 3114 1175 ἰδεῖν
3155 1121 3370 1191 ἑκάστῳ
3404 1121 3515 1173 τῶν

1940 1210 2244 1285 εἰρημένων
2279 1213 2434 1283 μέρει
2463 1212 2564 1283 τὴν
2594 1212 2689 1266 τοῦ
2720 1214 2922 1278 παντὸς
2955 1213 3273 1282 συγγένειαν
3297 1213 3518 1282 διαφαι-

1938 1306 2193 1376 νομένην.
2218 1305 2282 1357 El
2312 1304 2368 1357 δὲ
2396 1303 2711 1373 διεφώνουν,
2741 1303 2855 1358 οὔτ’
2896 1305 2962 1359 ἀν
3005 1304 3162 1359 τοῦτο
3211 1304 3425 1375 ἐδείχθη
3447 1304 3514 1365 ³³,

1940 1399 2034 1450 καὶ
2091 1396 2223 1449 αὐτδ
2281 1396 2450 1449 πάλαι
2512 1397 2578 1449 ἂν
2639 1394 2857 1469 διελύθη
2922 1397 2984 1450 τὸ
3050 1397 3268 1467 δόγμα·
3342 1392 3518 1450 Πᾶσα
3591 1445 3603 1456 ,

1941 1488 2049 1558 γὰρ
2082 1487 2392 1550 βασιλεία,
2428 1486 2612 1556 φησὶν,
2651 1487 2744 1556 ἐφ’
2778 1486 3000 1557 ἑαυτῆς
3039 1484 3391 1556 μερισθεῖσα
3428 1486 3500 1538 οὐ

1940 1577 2326 1643 σταθήσεται.
2362 1576 2476 1630 Νῦν
2524 1576 2581 1629 δὲ
2621 1576 2725 1631 κᾶν
2757 1578 2933 1649 τούτῳ
2981 1576 3075 1630 τοῦ
3122 1574 3438 1647 Πνεύματος
3478 1575 3514 1644 ἡ

1942 1668 2097 1738 ίσχῦς
2137 1667 2380 1737 λάμπει,
2432 1665 2668 1721 πείσασα
2716 1667 2843 1731 τοὺς
2889 1665 3245 1737 ἀνθρώπους,
3296 1665 3424 1735 περὶ
3450 1663 3520 1717 τὰ

1940 1755 2340 1827 ἀναγκαιότερα
2381 1755 2476 1808 ml
2516 1756 2911 1824 κατεπείγοντα
2948 1756 3306 1827 γενομένους,
3353 1751 3519 1824 μηδὲν

1940 1848 2048 1902 ἀπὸ
2074 1848 2183 1900 τῶν
2212 1844 2421 1918 μικρῶν
2444 1846 2647 1900 τούτων
2678 1848 3181 1919 παραϐλάπτεσθαι.

2008 1938 2070 1993 δ’.
2111 1937 2277 1992 Ἔνθα
2322 1939 2417 2008 μὲν
2449 1934 2543 1992 οὖν
2573 1939 2802 2002 ἕκαστος
2837 1940 3127 2011 διατρίϐων
3161 1939 3419 2010 ἔγραψεν,
3452 1943 3513 1995 οὐ

1941 2020 2147 2101 σφόδρα
2173 2031 2307 2100 ἡμῖν
2330 2028 2409 2083 δεῖ
2434 2029 2810 2101 ίσχυρίσασθαι
2830 2032 2897 2063 ¹¹·
2919 2031 3002 2084 ὅτι
3016 2031 3086 2084 ιδὲ
3115 2031 3175 2084 οὐ
3204 2031 3324 2085 κατ’
3350 2033 3517 2104 ἀλλή-

1937 2121 2045 2175 λων
2073 2121 2326 2195 έστησαν,
2357 2121 2627 2195 τοῦτοδιὰ
2653 2120 2833 2193 πάσης
2863 2121 2960 2192 τῆς
2986 2123 3369 2193 πραγματείας
3400 2141 3517 2177 πει-

1942 2211 2218 2286 ρασόμεθα
2244 2210 2539 2279 ἀποδεῖξαι.
2571 2212 2643 2265 Σὺ
2683 2211 2741 2265 δὲ
2768 2211 2965 2265 ταύτὸν
2995 2216 3187 2277 ποιεῖς,
3218 2213 3515 2282 διαφωνίαν

1938 2304 2281 2375 αἰτιώμενος,
2302 2303 2490 2375 ὥσπερ
2507 2302 2572 2358 ἂν
2591 2304 2639 2357 εί
2656 2303 2751 2357 καὶ
2768 2305 2989 2376 ῥήματα
3015 2301 3084 2358 τά
3112 2305 3251 2358 αὑτά
3268 2304 3514 2371 ἐκέλευες

1938 2396 2132 2459 εἰπεῖν,
2163 2394 2256 2447 ml
2286 2393 2522 2466 τρόπους
2544 2393 2765 2458 λέξεων.
2810 2394 2919 2448 Kal
2948 2395 3101 2449 οῦπω
3139 2396 3284 2460 λέγω
3313 2396 3395 2449 ὅτι
3420 2396 3514 2450 ml

1936 2486 1988 2538 οῖ
2038 2487 2180 2556 μέγα
2210 2483 2304 2536 ἐπὶ
2342 2485 2603 2554 ῥητορικῇ
2649 2486 2742 2536 ml
2772 2484 3057 2557 φιλοσοφία
3105 2485 3507 2556 κομπάζοντες,

1937 2574 2123 2626 πολλοὶ
2155 2570 2323 2625 πολλά
2352 2571 2530 2642 βιϐλία
2550 2571 2858 2641 γράψαντες
2878 2572 3005 2642 περὶ
3030 2572 3140 2624 τῶν
3169 2572 3348 2625 αὐτῶν
3374 2590 3512 2643 πρα-

1937 2662 2184 2733 γμάτων,
2207 2661 2268 2714 οὑ
2302 2659 2461 2731 μόνον
2488 2660 2672 2724 ἁπλῶς
2698 2660 3054 2732 διεφώνησαν,
3083 2661 3217 2715 ἀλλά
3243 2662 3337 2715 καὶ
3358 2664 3511 2716 ἐναν-

1936 2752 2069 2815 τίως
2112 2749 2363 2821 ἀλλήλοις
2397 2746 2573 2804 εἷπον.
2606 2752 2716 2804 Καὶ
2740 2751 2847 2823 γάρ
2883 2752 3071 2824 ἕτερόν
3098 2753 3213 2806 ἐστι
3240 2752 3510 2824 διαφόρως

1938 2844 2132 2908 εἰπεῖν,
2165 2843 2259 2895 ml
2285 2842 2628 2913 μαχομένους
2652 2845 2845 2897 εἰπεῖν.
2866 2845 3032 2898 Οὐδὲν
3047 2846 3094 2878 ³³
3117 2845 3320 2903 τούτων
3344 2847 3506 2915 λέγω’

1941 2935 2014 3006 μή
2043 2951 2131 3005 μοι
2153 2933 2362 3003 γένοιτο
2398 2935 2463 2987 ἐκ
2503 2933 2605 3003 τῆς
2653 2934 2875 2987 ἐκείνων
2900 2936 3197 3007 παρανοίας
3238 2937 3509 2992 συνθεῖναι

1936 3024 2035 3095 τὴν
2078 3023 2372 3093 ἀπολογίαν
2408 3042 2423 3058 ο
2476 3024 2599 3077 οὐδὲ
2651 3026 2760 3096 γὰρ
2813 3026 2923 3079 ἀπὸ
2985 3026 3078 3080 τοῦ
3134 3026 3361 3096 ψεύδους
3411 3030 3510 3099 τὴν

1938 3117 2193 3189 ἀλήθειαν
2226 3117 2593 3186 συστήσασθαι
2633 3117 2912 3189 βούλομαι.
2967 3119 3105 3172 Ἀλλ’
3128 3121 3303 3174 ἐκεῖνο
3341 3122 3509 3191 ἡδέως

1941 3195 2007 3249 ἂν
2038 3197 2288 3266 ἐροίμην,
2320 3195 2445 3257 Πῶς
2477 3194 2769 3263 ἐπιστεύθη
2808 3197 2877 3247 τὰ
2900 3196 2944 3226 ’⁸
2969 3195 3372 3264 διαφωνοῦντα;
3404 3201 3510 3258 πῶς,

1938 3286 2214 3356 ἐκράτησε
2239 3301 2256 3350 ;
2282 3284 2402 3347 πῶς
2442 3284 2660 3338 ἐναντία
2708 3283 2953 3352 λέγοντες
2991 3284 3379 3354 ἐθαυμάζοντο,
3433 3285 3511 3356 [9]

1940 3374 2303 3439 ἐπιστεύοντο,
2364 3372 2792 3443 ἀνεκηρύττοντο
2845 3370 3124 3443 πανταχοῦ
3178 3374 3279 3442 τῆς
3332 3375 3507 3427 οίκουο

1944 3466 2114 3537 μένης
2138 3483 2155 3532 ;
2179 3466 2368 3519 Καίτοι
2404 3464 2589 3518 πολλοὶ
2612 3466 2661 3517 οί
2698 3463 2971 3534 μάρτυρες
2999 3465 3044 3497 ³⁵
3072 3464 3181 3516 τῶν
3209 3465 3510 3533 λεγομένων

1937 3551 2097 3627 ἦσαν,
2129 3556 2313 3610 πολλοὶ
2341 3556 2399 3609 δὲ
2430 3555 2525 3610 καὶ
2562 3556 2614 3608 οἱ
2643 3555 2826 3625 ἐχθροὶ
2864 3555 2957 3607 ml
2995 3554 3262 3624 πολέμιοι.
3290 3556 3367 3608 Οὐ
3407 3557 3510 3626 γὰρ

1938 3650 1998 3702 ἐν
2044 3648 2219 3719 γωνίᾳ
2270 3649 2368 3720 μιᾷ
2418 3648 2732 3719 γράψαντες
2784 3647 2923 3700 αὐτὰ
2972 3646 3321 3717 κατώρυξαν,
3378 3647 3511 3701 ἀλλά

1940 3740 2214 3810 πανταχοῦ
2241 3740 2344 3810 γῆς
2369 3740 2463 3793 ml
2484 3739 2754 3809 θαλάττης
2771 3739 3030 3809 ἤπλωσαν
3044 3739 3150 3792 ὑπὸ
3162 3741 3282 3802 ταῖς
3296 3738 3511 3794 πάντων

1939 3832 2131 3894 ἀκοαῖς
2153 3846 2165 3858 '
2199 3831 2293 3884 ml
2318 3829 2530 3901 ἐχθρῶν
2566 3831 2850 3903 παρόντων
2885 3829 3059 3885 ταῦτα
3095 3830 3511 3899 ἀνεγινώσκετο,

1940 3922 2191 3992 καθάπερ
2230 3922 2325 3976 ml
2368 3920 2484 3988 νῦν,
2520 3923 2615 3976 ml
2662 3921 2852 3977 οὐδένα
2876 3922 3027 3978 οὐδὲν
3060 3922 3170 3976 τῶν
3210 3922 3511 3994 εἰρημένων

1942 4014 2312 4069 ἐσκανδάλισε.
2330 4014 2441 4069 Καὶ
2463 4014 2609 4086 μάλα
2629 4014 2875 4076 εἰκότως·
2915 4012 3035 4069 θεία
3059 4012 3170 4083 γὰρ
3186 4012 3415 4082 δύναμις
3445 4008 3512 4083 ἦν

1941 4109 1975 4178 ἡ
1996 4106 2170 4162 πάντα
2190 4106 2416 4161 ἐπιοῦσα
2430 4107 2525 4160 ml
2545 4104 2882 4178 κατορθοῦσα
2894 4105 3044 4176 παρά
3071 4107 3252 4159 πᾶσιν.
3293 4104 3443 4158 Ἐπεὶ
3465 4104 3512 4157 εί

1944 4196 2021 4269 μὴ
2057 4198 2215 4251 τοῦτο
2244 4193 2312 4268 ἧν
2332 4235 2345 4260 ,
2386 4197 2503 4261 πῶς
2532 4197 2562 4249 6
2589 4194 2846 4266 τελώνης,
2878 4196 2974 4249 καὶ
3018 4195 3048 4247 ό
3085 4193 3269 4256 ἁλιεὺς
3290 4231 3306 4256 ,
3354 4194 3449 4247 ml
3485 4191 3514 4243 6

1941 4288 2305 4359 ἀγράμματος
2336 4288 2559 4341 τοιαῦτα
2590 4286 2938 4355 ἐφιλοσόφει;
2978 4286 3047 4338 Ἀ
3087 4284 3195 4355 γὰρ
3232 4282 3353 4335 οὐδὲ
3382 4283 3514 4354 δναρ

1939 4380 1993 4434 οί
2013 4379 2210 4444 ἔξωθεν
2243 4380 2614 4449 φαντασθῆναι
2630 4377 2969 4448 ἢδυνήθησάν
3002 4392 3155 4441 ποτε,
3175 4374 3352 4430 ταῦτα
3369 4368 3514 4430 οὗτοι

1946 4469 2087 4541 μετά
2115 4468 2317 4539 πολλῆς
2336 4468 2434 4538 τῆς
2473 4452 2845 4541 πληροφορίας
2876 4468 2971 4522 ml
2992 4466 3391 4536 ἀπαγγέλλουσι
3422 4466 3513 4519 καὶ

1945 4560 2220 4614 πείθουσι·
2253 4559 2347 4613 ml
2365 4559 2484 4630 οὐχὶ
2515 4558 2716 4624 ζῶντες
2744 4559 2919 4628 μόνον,
2963 4558 3099 4613 ἀλλά
3139 4560 3232 4612 ml
3263 4556 3509 4627 τελευτή-

1945 4669 2135 4716 σαντες
2154 4669 2168 4683 ο
2197 4651 2316 4705 οὐδὲ
2329 4650 2422 4705 δύο
2451 4651 2542 4704 ml
2568 4651 2772 4705 εἴκοσιν
2800 4647 3139 4720 ἀνθρώπους,
3168 4648 3289 4701 οὐδὲ
3320 4645 3514 4700 ἑκατὸν

1945 4745 2039 4799 ml
2072 4743 2277 4814 χιλίους
2305 4742 2400 4795 καὶ
2436 4741 2664 4813 μυρίους
2688 4780 2703 4807 ,
2739 4740 2876 4795 άλλά
2913 4740 3098 4804 πόλεις
3134 4741 3228 4793 καὶ
3259 4738 3387 4811 ἔθνη
3423 4737 3515 4791 καὶ

1942 4835 2147 4908 δήμους
2175 4873 2191 4899 ,
2252 4834 2345 4888 ml
2384 4833 2487 4903 γῆν
2533 4832 2628 4886 ml
2659 4831 2966 4897 θάλασσαν,
3013 4829 3107 4884 ml
3156 4828 3377 4883 Ἐλλάδα
3420 4828 3514 4883 ml

1946 4928 2217 5001 βάρϐαρον
2236 4966 2251 4991 ,
2272 4926 2366 4981 καὶ
2402 4925 2500 4998 τὴν
2518 4925 2841 4998 οἰκουμένην
2862 4924 2957 4980 ml
2988 4923 3087 4995 τὴν
3102 4923 3354 4992 ἀοίκητον
3375 4939 3388 4952 ·
3417 4920 3513 4974 ml

1944 5024 2074 5096 περὶ
2121 5024 2461 5095 πραγμάτων
2483 5023 2531 5055 ³⁸
2560 5021 2766 5094 σφόδρα
2792 5021 2892 5092 τὴν
2926 5018 3201 5091 ἡμετέραν
3251 5016 3513 5089 ὑπερϐαι-

1941 5115 2141 5172 νόντων
2188 5115 2370 5185 φύσιν.
2415 5113 2525 5186 Τὴν
2565 5114 2674 5185 γάρ
2710 5114 2813 5185 γῆν
2852 5111 3113 5181 ἀφέντες,
3162 5109 3341 5166 πάντα
3385 5108 3514 5181 περὶ

1940 5208 2049 5262 τῶν
2097 5209 2155 5262 ἐν
2204 5208 2451 5279 οὐρανοῖς
2505 5205 2881 5273 διαλέγονται,
2939 5201 3130 5274 ἐτέραν
3183 5203 3316 5273 ἡμῖν
3367 5200 3511 5270 ζωὴν

1941 5300 2251 5368 εἰσάγοντες
2281 5299 2375 5354 καὶ
2418 5298 2531 5369 βίον
2572 5296 2750 5361 ἄλλον,
2800 5295 2897 5350 ml
2929 5294 3158 5349 πλοῦτον
3182 5296 3275 5349 καὶ
3299 5292 3509 5356 πενίαν,

1941 5392 2037 5447 ml
2062 5391 2372 5464 ἐλευθερίαν
2394 5391 2489 5444 καὶ
2514 5388 2779 5456 δουλείαν,
2820 5387 2917 5442 ml
2955 5387 3099 5458 ζωὴν
3133 5387 3227 5441 ml
3259 5385 3509 5442 θάνατον,

1940 5485 2033 5538 ml
2061 5484 2265 5554 κόσμον
2311 5482 2406 5535 καὶ
2450 5481 2746 5545 πολιτείαν,
2778 5480 2954 5537 πάντα
2995 5478 3386 5551 ἐξηλλαγμένα.
3435 5474 3513 5527 Οὐ

1939 5576 2191 5646 καθάπερ
2220 5574 2464 5636 Πλάτων,
2498 5576 2527 5627 6
2554 5573 2651 5646 τὴν
2685 5572 3086 5643 καταγέλαστον
3124 5572 3336 5643 ἐκείνην
3365 5569 3515 5624 πολι-

1937 5669 2088 5723 τείαν
2124 5667 2354 5733 συνθεὶς,
2380 5667 2473 5721 ml
2496 5668 2703 5741 Ζήνων,
2737 5668 2833 5723 καὶ
2851 5665 2907 5721 εί
2926 5682 3008 5731 τις
3023 5666 3207 5738 ἕτερος
3240 5664 3514 5719 πολιτείαν

357 5892 485 5971 ⁸⁷.μὴ
516 5910 565 5945 τι
595 5893 734 5949 Edd.
798 5893 842 5923 ’⁸
864 5893 973 5962 γὰρ
998 5893 1153 5961 λόγος
1186 5893 1374 5966 φησίν]
1402 5897 1455 5951 δὲ
1479 5898 1634 5961 λόγος
1661 5899 1772 5968 ἔχει
1797 5899 1859 5952 Ε.
1940 5896 2363 5976 ¹⁹αῦτόἰ,αῦτόν.
2399 5899 2528 5952 αὐτὸ
2565 5899 2764 5971 διηλέγ·
2791 5902 2959 5972 θησαν
2982 5902 3043 5955 Ε.
3120 5901 3165 5931 ¹⁰
3190 5900 3311 5954 Vid.
3333 5900 3519 5955 adnot;

357 5961 437 6015 Szc
467 5980 605 6019 arm.
637 5974 693 6019 et
736 5963 897 6019 cndd.
948 5964 1135 6026 ἐδέχθη
1168 5968 1267 6019 An.
1309 5966 1448 6020 Edd.
1537 5971 1580 5999 "
1604 5970 1685 6021 δεῖ
1736 5968 1868 6026 ἰσγ.1
1914 5968 2343 6026 διισγυρίσασθαι
2390 5968 2450 6023 C.
2483 5969 2706 6026 δυνατὸν
2742 5923 2905 6026 gmw.
2956 5973 3016 6026 Ι).
3122 5971 3168 6001 ³³
3202 5970 3378 6026 οὺδένι
3406 5966 3519 6025 ἀλλ’

284 5961 437 6033 ’ἶεξρ
462 5980 605 6033 prm.
637 5974 693 6019 et
736 5963 897 6019 cndd.
945 5961 1135 6033 ἐδέχθη
1168 5961 1267 6019 Ᾰηζ
1309 5961 1448 6020 Edd,

286 6031 423 6085 οὐῖἑν
447 6031 506 6087 C.
542 6034 605 6088 D.
685 6036 729 6066 ”
768 6036 835 6088 τά
857 6052 967 6091 om.
1003 6031 1064 6090 Α.
1101 6034 1161 6090 C.
1196 6037 1258 6091 Ι).

1537 5971 1580 5999 ²²
1604 5970 1685 6021 δεῖ
1736 5968 1868 6036 ἰσχ.1
1914 5968 2343 6039 διισχυρίσασθαι
2390 5968 2450 6023 C.
2483 5968 2706 6026 δυνατὸν

1338 6039 1381 6069 ²⁵
1418 6038 1613 6109 Incipit
1640 6040 1811 6094 codex
1842 6042 1898 6093 Β.

2801 5966 2905 6042 ισχ.
2956 5973 3016 6026 Ι).
3122 5971 3168 6001 ³³
3202 5970 3378 6043 οὐδέν]
3406 5966 3519 6025 ἀλλ’

2005 6040 2052 6071 ’⁸
2076 6040 2414 6108 γραμμάτων
2448 6039 2506 6093 Β.
