3858 6280
346 335 414 391 l9
1035 335 1092 393 S.
1128 337 1415 394 JOANNIS
1451 336 1936 396 CHRYSOSTOMI
1977 339 2294 396 ARCHIEP.
2334 333 2884 396 CONSTANTINOP.
3515 328 3591 382 ει)

337 451 616 523 ἐγραψεν,
663 451 697 522 ἢ
753 450 950 522 νόμους
1003 449 1320 519 συνέθηκεν.
1371 447 1482 501 Καὶ
1528 445 1631 517 γὰρ
1680 443 1904 498 αὐτόθεν
2017 451 2264 524 ἡμέτερα
2289 449 2547 506 τοιαῦτα·
2579 449 2718 505 ἀλλά
2747 449 2844 504 καὶ
2871 447 2933 503 τὸ
2959 447 3199 513 δίκαιον,
3245 448 3338 502 ml
3366 447 3589 521 1:61:96-

339 544 574 604 ἆπαντες
617 539 920 595 ἐδείκνυντο
963 534 1128 601 οῦτοι,
1161 539 1244 590 ὅτι
1278 535 1494 606 πνεῦμα
1518 533 1769 605 πονηρὸν,
1812 533 1906 586 ml

338 633 548 703 δαίμων
581 648 666 695 τις
717 630 908 702 ἄγριος
959 628 1210 698 πολεμῶν
1254 627 1410 696 ήμῶν
1457 627 1526 696 τῇ
1581 625 1759 692 φύσει,
1812 623 1906 678 ml

341 722 695 794 σωφροσύνης
747 720 960 791 ἐχθρὸς,
1003 719 1098 772 ml
1139 716 1393 781 εὐταξίας
1437 713 1564 787 [10]
1613 715 1904 785 πολέμιος,

340 813 521 869 πάντα
539 814 648 867 ἀνω
665 813 758 866 καὶ
781 812 930 865 κάτω
955 808 1144 873 ποιῶν,
1173 809 1433 880 ἐνήχησεν
1453 805 1629 859 αὐτῶν
1650 808 1716 875 τῇ
1737 805 1904 876 ψυχῇ.

344 906 510 957 Ὅταν
555 902 664 973 γάρ
707 900 890 964 κοινὰς
934 901 1067 954 πᾶσι
1113 900 1210 961 τάς
1253 899 1519 966 γυναῖκας
1559 895 1775 960 ποιῶσι,
1814 895 1909 948 ml

337 992 641 1064 παρθένους
683 990 1066 1063 γυμνώσαντες
1094 988 1186 1041 ἐπὶ
1213 988 1312 1060 τῆς
1333 986 1671 1055 παλαίστρας
1705 985 1909 1054 ἀγωσιν

339 1088 433 1140 ἐπὶ
461 1086 589 1140 θέαν
620 1084 943 1156 ἀνθρώπων,
975 1084 1069 1138 καὶ
1113 1081 1407 1154 λαθραίους
1459 1079 1910 1144 κατασκευάζωσι

339 1177 570 1250 γάμους,
606 1177 785 1231 πάντα
813 1169 948 1247 ὃμοῦ
977 1176 1022 1208 ’⁷
1057 1173 1344 1246 μιγνύντες
1382 1172 1478 1226 καὶ
1521 1172 1910 1242 συνταράττον-

337 1283 453 1330 τες,
484 1267 530 1298 ’⁸
550 1265 643 1319 ml
674 1266 801 1328 τοὺς
831 1266 990 1336 ὄρους
1016 1264 1116 1332 τῆς
1157 1261 1370 1332 φύσεως
1410 1260 1824 1332 ἀνατρέποντες,
1858 1262 1911 1314 τί

341 1354 527 1425 ἓτερον
583 1354 732 1407 ἐστιν
791 1354 1014 1414 εἰπεῖν;
1069 1353 1193 1405 Ὅτι
1245 1350 1355 1420 γὰρ
1405 1349 1676 1420 δαιμόνων
1730 1351 1913 1418 ἐκεῖνα

343 1445 557 1498 ἄπαντα
590 1443 876 1514 εὑρήματα
904 1442 998 1495 ml
1031 1439 1183 1510 παρά
1212 1439 1371 1509 φύσιν
1400 1438 1468 1492 τά
1495 1439 1782 1508 λεγόμενα,
1818 1437 1913 1489 ml

342 1535 481 1605 αὐτή
507 1535 905 1605 μαρτυρήσειεν
921 1532 987 1587 ἂν
1015 1533 1146 1603 ήμῖν
1172 1533 1205 1603 ή
1236 1530 1416 1599 φύσις,
1445 1530 1546 1584 οὐκ
1570 1528 1910 1599 ἀνασχομένη

345 1613 453 1683 τῶν
471 1629 774 1701 εἰρημένων
793 1645 808 1659 ·
836 1630 930 1683 ml
956 1627 1128 1682 ταῦτα
1151 1628 1209 1680 ού
1240 1626 1378 1698 μετά
1397 1625 1671 1697 διωγμῶν,
1688 1626 1748 1678 οὐ
1776 1623 1914 1695 μετά

349 1722 629 1785 κινδύνων,
663 1723 724 1776 ού
761 1720 900 1792 μετά
945 1719 1215 1789 πολέμων,
1251 1718 1387 1772 ἀλλά
1417 1718 1551 1787 μετὰ
1591 1717 1774 1780 ἀδείας
1818 1715 1914 1769 ml

345 1811 658 1882 ἐλευθερίας
690 1811 903 1879 ἀπάσης
939 1809 1278 1880 γραφόντων,
1325 1807 1419 1861 καὶ
1455 1806 1668 1870 πολλοῖς
1713 1805 1911 1858 πολλα-

345 1901 504 1973 χόθεν
554 1902 1024 1966 καλλωπιζόντων.
1061 1902 1144 1956 Ta
1173 1901 1229 1954 δέ
1272 1901 1380 1954 τῶν
1423 1899 1636 1964 ἀλιέων,
1691 1901 1910 1954 ἐλαυνο-

349 1993 525 2062 μένων
549 2033 564 2056 ,
611 1993 1050 2065 μαστιζομένων,
1085 1992 1498 2046 κινδυνευόντων
1519 2031 1533 2054 ,
1567 1993 1662 2044 καὶ
1707 1991 1913 2046 ἰδιῶται

347 2082 442 2136 καὶ
467 2083 640 2152 σοφοὶ,
677 2083 770 2138 καὶ
785 2082 960 2136 δοῦλοι
981 2083 1074 2134 καὶ
1104 2081 1397 2152 ἐλεύθεροι,
1433 2083 1526 2134 ml
1553 2082 1789 2152 βασιλεῖς
1819 2083 1912 2136 ml

349 2173 697 2244 στρατιῶται,
738 2172 834 2226 καὶ
864 2171 1126 2245 βάρϐαροι
1148 2173 1244 2228 ml
1266 2169 1542 2243 Ἕλληνες,
1572 2172 1708 2244 μετὰ
1733 2173 1913 2246 πάσης

346 2263 594 2328 ἐδέξαντο
621 2263 720 2335 τῆς
751 2263 982 2326 εὐνοίας.

418 2354 481 2407 ε’.
504 2355 614 2409 Καὶ
637 2355 738 2410 οὐκ
763 2355 828 2409 ἂν
859 2355 1002 2426 εχοις
1027 2355 1226 2419 εἰπεῖν,
1268 2356 1350 2409 ὅτι
1379 2353 1469 2408 διά
1502 2353 1562 2408 τὸ
1593 2355 1763 2428 μικρά
1777 2350 1914 2412 εἶναι

345 2445 514 2500 ταῦτα
531 2447 624 2500 ml
657 2447 994 2518 χαμαίζηλα,
1033 2447 1410 2518 εὐπαράδεκτα
1442 2445 1664 2515 γέγονεν
1701 2448 1871 2502 ἀπασι
1899 2467 1912 2479 ·

347 2538 442 2589 ml
465 2537 572 2606 γὰρ
587 2537 765 2608 πολλῷ
784 2555 845 2592 το
856 2538 956 2594 ῦτα
980 2538 1202 2592 ἐκείνων
1222 2537 1449 2608 ὐψηλότε
1459 2554 1546 2608 ρα.
1583 2538 1914 2608 Παρθενείας

351 2632 451 2702 μὲν
475 2632 606 2705 γὰρ,
641 2633 839 2687 ἐκεῖνοι
862 2633 983 2686 οὐδὲ
1013 2634 1146 2704 δναρ
1172 2635 1292 2696 οὐδὲ
1309 2637 1352 2669 ²⁹
1383 2620 1550 2708 δνομα
1577 2638 1916 2712 ἐφαντάσθη-

350 2739 472 2786 σαν,
507 2723 630 2776 ούδέ
673 2722 1078 2793 ἀκτημοσύνης,
1112 2725 1232 2778 ούδέ
1276 2727 1550 2794 νηστείας,
1602 2728 1724 2780 οὐδέ
1777 2746 1920 2795 τινος

347 2815 508 2872 ἄλλου
551 2813 659 2867 τῶν
689 2814 924 2883 ὑψηλῶν.
957 2815 1022 2866 Οἱ
1063 2814 1120 2868 δὲ
1157 2819 1285 2887 παρ’
1312 2819 1440 2886 ήμῖν
1484 2818 1584 2872 οὐκ
1630 2819 1922 2890 ἐπιθυμίαν

347 2903 650 2976 ἐξορίζουσι
693 2905 875 2974 μόνον,
910 2904 1031 2958 οὐδὲ
1061 2905 1260 2976 πρᾶξιν
1291 2907 1628 2975 κολάζουσιν,
1662 2908 1799 2964 ἀλλά
1828 2912 1922 2964 ml

347 2995 470 3065 ἂψιν
496 2995 811 3059 ἀκόλαστον,
836 2996 930 3048 καὶ
966 2996 1186 3065 ῥήματα
1229 2997 1518 3067 ὑϐριστικά
1543 3039 1556 3063 ,
1595 2999 1688 3052 ml
1711 3000 1922 3068 γέλωτα

349 3087 604 3150 ἄτακτον,
637 3087 728 3139 ml
757 3089 962 3156 σχῆμα,
1002 3088 1096 3140 ml
1131 3086 1388 3157 βάδισμα,
1423 3090 1514 3142 ml
1537 3090 1803 3162 κραυγήν,
1827 3093 1922 3148 ml

350 3178 511 3250 μέχρι
536 3177 646 3230 τῶν
670 3178 1008 3248 μικροτάτων
1037 3180 1337 3250 προάγουσι
1365 3180 1464 3251 τὴν
1495 3181 1798 3252 ἀκρίϐειαν,
1828 3185 1922 3238 ml

346 3269 446 3339 τήν
470 3271 794 3340 οἰκουμένην
825 3271 1041 3324 ἅπασαν
1068 3271 1161 3325 τοῦ
1181 3275 1281 3344 τῆς
1309 3271 1603 3345 παρθενίας
1620 3276 1921 3346 ἐνέπλησαν

347 3359 539 3426 φυτοῦ.
575 3361 685 3414 Kal
715 3361 840 3432 περὶ
869 3361 1002 3415 Θεοῦ
1026 3363 1084 3416 δὲ
1106 3363 1279 3418 ταῦτα
1310 3366 1617 3434 φιλοσοφεῖν
1639 3368 1916 3432 πείθουσι,

343 3450 442 3503 καὶ
472 3452 582 3504 τῶν
607 3452 667 3504 ἐν
695 3452 938 3523 οὐρανοῖς
975 3456 1336 3526 πραγμάτων,
1369 3455 1406 3510 ἃ
1437 3456 1624 3526 μηδεὶς
1654 3458 1920 3528 μηδέποτε

347 3542 574 3595 ἐκείνων
610 3543 745 3613 μηδὲ
769 3545 851 3607 εἰς
870 3543 994 3598 νοῦν
1022 3544 1206 3599 λαϐεῖν
1240 3546 1446 3616 ἴσχυσε.
1481 3547 1605 3610 Πῶς
1635 3547 1748 3620 [H]
1772 3548 1879 3622 γὰρ
1901 3589 1916 3615 ,

347 3634 396 3684 οἰ
431 3633 716 3687 κνωδάλων
748 3634 843 3688 ml
872 3635 1074 3708 θηρίων
1096 3638 1270 3707 χαμαὶ
1289 3639 1562 3708 ἑρπόντων
1588 3640 1682 3694 ml
1721 3640 1919 3712 ἐτέρων

349 3725 688 3795 ἀτιμοτέρων
731 3726 944 3789 εἰκόνας
991 3727 1438 3800 θεοποιήσαντες;
1483 3733 1620 3785 Ἀλλ’
1652 3733 1801 3803 ὅμως
1826 3736 1920 3788 ml

349 3816 542 3886 ἐδέχθη
582 3819 678 3871 ml
705 3818 1000 3888 ἐπιστεύθη
1037 3820 1106 3872 τά
1133 3821 1312 3891 ὑψηλά
1341 3822 1514 3877 ταῦτα
1533 3824 1794 3896 δόγματα,
1825 3829 1920 3881 ml

349 3908 471 3962 καθ’
506 3909 742 3980 ἑκάστην
791 3911 943 3964 ἀνθεῖ
979 3911 1078 3983 τήν
1104 3914 1335 3984 ἡμέραν,
1367 3918 1462 3971 καὶ
1493 3919 1768 3972 ἐπιδίδωσι
1790 3961 1802 3974 .
1839 3920 1920 3973 Ta

243 4070 246 4074 ί
291 4065 302 4075 .
343 3999 402 4052 δὲ
429 4000 656 4055 ἐκείνων
679 4003 883 4072 οἴχεται
925 4004 1018 4057 ml
1061 4005 1360 4073 ἀπόλωλεν,
1384 4009 1658 4080 ἀραχνίων
1689 4011 1919 4064 εὐκολώ-

344 4106 503 4160 τερον
521 4092 900 4161 ἀφανισθέντα.
934 4095 1046 4150 Kal
1077 4096 1220 4166 μάλα
1249 4100 1504 4164 εἰκότως’
1529 4101 1781 4172 δαίμονες
1811 4102 1918 4174 γὰρ

344 4181 518 4235 ταῦτα
567 4183 902 4256 διηγόρευον.
955 4187 1046 4240 Δίδ
1086 4188 1132 4220 ³⁸
1173 4190 1309 4259 μετά
1356 4191 1456 4262 τῆς
1500 4193 1786 4262 ἀσελγείας
1825 4195 1918 4248 ml

343 4273 511 4328 πολὺν
539 4273 654 4344 ἔχει
686 4276 778 4329 τὸν
801 4277 984 4345 ζόφον,
1007 4279 1102 4332 καὶ
1125 4279 1293 4334 πλείω
1317 4282 1408 4336 τὸν
1445 4283 1602 4337 πόνον
1625 4284 1692 4338 ³⁸.
1725 4285 1790 4338 Τί
1809 4285 1916 4358 γὰρ

341 4363 410 4416 ἂν
447 4363 656 4431 γένοιτο
693 4367 1226 4442 καταγελαστότερον
1255 4373 1357 4443 τῆς
1381 4372 1656 4438 πολιτείας
1679 4375 1914 4445 ἐκείνης,

342 4457 400 4507 ἐν
486 4454 622 4526 μετά
653 4456 761 4508 τῶν
791 4458 1098 4528 εἰρημένων
1133 4462 1360 4533 μυρίους
1391 4463 1670 4528 ἀναλώσας
1700 4464 1914 4534 στίχους

340 4551 370 4602 6
399 4550 705 4622 φιλόσοφος,
742 4553 880 4607 ὥστε
913 4554 1202 4627 δυνηθῆναι
1247 4558 1416 4626 δεῖξαι
1457 4561 1510 4614 τί
1549 4561 1680 4614 ποτέ
1715 4563 1828 4615 ἐστι
1857 4564 1917 4616 τὸ

340 4643 567 4708 δίκαιον.
602 4644 740 4714 μετὰ
760 4647 862 4714 τῆς
883 4650 1282 4720 μακρηγορίας,
1305 4651 1398 4705 ml
1423 4653 1686 4724 ἀσαφείας
1715 4655 1914 4724 πολλῆς

342 4732 410 4786 τά
437 4733 703 4804 εἰρημένα
734 4735 1058 4806 ἐνέπλησεν;
1091 4738 1267 4813 Ὅπερ
1298 4745 1347 4796 εἰ
1397 4745 1490 4797 καί
1532 4762 1586 4799 τι
1639 4746 1912 4814 συμφέρον

343 4819 478 4894 εἷχε,
513 4825 713 4898 σφόδρα
739 4825 1008 4899 ἄχρηστον
1041 4826 1262 4898 ἔμελλεν
1295 4826 1434 4885 εἶναι
1461 4831 1538 4902 τῷ
1560 4832 1668 4886 τῶν
1704 4833 1911 4906 ἀνθρὼ-

344 4933 462 4968 πων
483 4915 602 4987 βίῳ.
630 4918 694 4972 Εἰ
715 4919 824 4990 γὰρ
862 4920 891 4971 6
921 4920 1186 4990 γεωργὸς,
1210 4923 1303 4976 ml
1330 4924 1358 4976 6
1389 4923 1745 4993 χαλκοτύπος,
1773 4929 1909 4980 καὶὸ

342 5006 642 5077 οἰκοδόμος,
678 5011 773 5062 ml
796 5013 824 5062 6
853 5011 1210 5083 κυϐερνήτης,
1251 5014 1345 5066 ml
1376 5014 1622 5080 ἕκαστος,
1663 5017 1770 5070 ἀπὸ
1812 5021 1910 5088 τῆς

342 5096 452 5151 τῶν
481 5101 677 5170 χειρῶν
704 5104 1029 5174 τρεφόμενος
1063 5104 1335 5174 ἐργασίας,
1372 5105 1550 5176 μέλλοι
1577 5107 1679 5178 τῆς
1716 5107 1910 5178 τέχνης

347 5187 446 5256 μὲν
489 5189 816 5258 ἀφίστασθαι
847 5196 942 5248 ml
965 5194 1075 5248 τῶν
1111 5194 1334 5250 δικαίων
1370 5196 1566 5260 πόνων,
1599 5199 1911 5255 ἀναλίσκειν

343 5275 400 5327 δέ
431 5274 523 5346 ἐτη
558 5278 688 5331 τόσα
719 5282 812 5333 ml
848 5283 998 5348 τόσα,
1026 5284 1166 5339 ὥστε
1207 5287 1395 5356 μαθεῖν
1427 5287 1479 5340 τί
1527 5291 1654 5343 ποτέ
1699 5293 1813 5344 ἐστι
1850 5291 1910 5344 τὸ

343 5365 552 5419 δίκαιον
571 5383 584 5396 °
617 5369 710 5422 ml
739 5370 868 5440 πρὶν
897 5371 928 5443 ἢ
974 5374 1163 5444 μαθεῖν
1187 5377 1444 5442 πολλάκις
1479 5378 1672 5448 φθάσει
1705 5382 1750 5413 ³⁸
1771 5380 1912 5452 λιμῷ

344 5455 683 5528 διαφθαρεὶς,
721 5461 815 5514 ml
840 5461 1197 5522 ἀπελεύσεται
1236 5467 1325 5521 διά
1367 5468 1430 5521 τὸ
1481 5468 1690 5523 δίκαιον
1731 5470 1909 5536 τοῦτο,

347 5545 484 5615 μήτε
519 5546 628 5600 τῶν
658 5547 831 5608 ἄλλων
860 5551 969 5604 τῶν
1000 5554 1282 5625 χρησίμων
1317 5557 1488 5628 μηδὲν
1545 5559 1731 5631 μαθὼν
1755 5601 1770 5625 ,
1818 5562 1912 5616 ml

345 5635 502 5706 βιαίῳ
565 5635 782 5711 θανάτῳ
826 5642 1135 5710 καταλύσας
1195 5646 1286 5700 τὸν
1343 5647 1479 5717 βίον.
1546 5651 1684 5705 Ἀλλ’
1735 5653 1795 5705 οὐ
1843 5653 1912 5706 τὰ

424 5771 477 5844 ἐξ
495 5773 656 5844 ὁμοῦ]
680 5773 822 5844 Αιίά.
842 5774 1097 5843 χρήματα
1130 5773 1188 5826 Β.

362 5843 505 5900 Αύιί.
549 5843 651 5895 xal
674 5843 816 5897 Edd.
893 5845 933 5872 “

2020 565 2156 613 πον,
2209 547 2304 602 καὶ
2343 547 2404 600 τὸ
2439 546 2718 618 συμφέρον
2741 586 2757 613 ,
2810 544 2909 599 ml
2954 544 3134 599 πᾶσαν
3179 542 3364 606 ἀπλῶς
3407 541 3505 614 τήν
3540 541 3592 574 ³³

2021 637 2222 708 ἀρετήν
2260 637 2319 690 ἐν
2363 636 2588 708 βραχέσι
2641 636 2735 691 ml
2779 634 2973 705 σαφέσι
3010 631 3287 688 συλλαϐὼν
3318 634 3589 706 ῥήμασιν,

2021 727 2254 793 ἐδίδαξεν
2285 729 2432 799 ἡμᾶς
2462 731 2491 782 6
2515 727 2747 800 Χριστός
2769 743 2783 758 ·
2812 726 2944 779 ποτὲ
2999 725 3097 796 μὲν
3127 723 3321 793 λέγων,
3371 725 3451 777 ὅτι
3493 723 3596 775 Ἐν

2023 815 2205 871 δυσὶν
2217 816 2492 883 ἐντολαῖς
2512 819 2545 871 ό
2562 818 2747 884 νόμος
2760 815 2856 870 καί
2885 817 2938 869 οἰ
2957 813 3252 882 προφῆται
3273 811 3596 880 κρέμανται

2023 907 2289 969 τουτέστι,
2318 908 2386 978 τῇ
2418 906 2512 961 τοῦ
2561 905 2696 960 Θεοῦ
2732 905 2940 977 ἀγάπῃ,
2985 905 3079 958 ml
3107 906 3175 976 τῇ
3204 904 3296 957 τοῦ
3327 904 3550 974 πλησίον
3579 919 3594 931 ·

2027 995 2156 1049 ποτὲ
2181 996 2237 1049 δὲ
2267 994 2461 1064 λέγων,
2493 997 2649 1052 Ὅσα
2679 995 2757 1051 ἂν
2772 995 2982 1063 θέλητε
3010 995 3111 1049 ἵνα
3148 993 3401 1050 ποιῶσιν
3451 992 3601 1063 ὑμῖν

2027 1088 2078 1140 οἰ
2101 1084 2420 1154 ἄνθρωποι,
2455 1086 2552 1141 καί
2585 1086 2754 1157 ὑμεῖς
2788 1085 3006 1140 ποιεῖτε
3025 1083 3246 1151 αὐτοῖς.
3266 1079 3453 1150 Οὗτος
3482 1082 3603 1154 γάρ

2029 1176 2197 1231 ἐστιν
2225 1178 2458 1248 ὀνόμος
2479 1178 2579 1233 καὶ
2607 1181 2660 1232 οἰ
2693 1176 3007 1247 προφῆται.
3021 1175 3202 1246 "Amp
3231 1175 3326 1228 ml
3351 1174 3602 1244 γηπόνῳ,

2030 1268 2124 1320 ml
2149 1267 2355 1340 οἰκέτῃ,
2406 1269 2503 1322 ml
2538 1269 2754 1338 γυναικὶ
2785 1269 2948 1340 χήρᾳ.
2979 1267 3074 1321 ml
3105 1266 3254 1319 παιδὶ
3303 1264 3471 1334 αὐτῷ,
3503 1265 3608 1317 καὶ

2031 1357 2108 1428 τῷ
2139 1359 2340 1429 σφόδρα
2389 1359 2597 1430 ἀνοήτῳ
2621 1359 2862 1414 δοκοῦντι
2900 1355 3062 1422 εἶναι,
3095 1357 3269 1412 πάντα
3296 1356 3603 1410 εὐσύνοπτον

2034 1450 2128 1502 ml
2160 1451 2316 1520 ῥᾴδια
2342 1451 2701 1523 καταμαθεῖν.
2721 1449 2955 1505 Τοιαῦτα
2973 1448 3081 1520 γάρ
3100 1447 3170 1502 τὰ
3197 1448 3295 1518 τῆς
3319 1447 3603 1517 ἀληθείας·

2036 1536 2149 1609 [12]
2173 1542 2266 1593 ml
2298 1545 2564 1613 μαρτυρεῖ
2583 1543 2690 1597 τῶν
2721 1541 3060 1615 πραγμάτων
3097 1538 3159 1592 τὸ
3183 1537 3357 1601 τέλος.
3391 1537 3607 1600 Πάντες

2029 1628 2161 1698 γοῦν
2186 1630 2387 1700 ἔμαθον
2409 1630 2477 1684 τὰ
2502 1631 2767 1702 πρακτέαο
2798 1631 2893 1684 ml
2914 1633 3014 1682 οὐκ
3035 1629 3234 1698 ἔμαθον
3255 1631 3431 1698 μόνον,
3459 1627 3599 1682 ἀλλὰ

2031 1720 2124 1773 ml
2151 1718 2457 1791 ἐζήλωσανο
2493 1721 2586 1773 ml
2611 1721 2711 1774 οὐκ
2744 1722 2804 1773 ἐν
2827 1722 2946 1784 ταῖς
2977 1720 3158 1772 πόλεσι
3183 1720 3361 1789 μόνον,
3394 1723 3514 1776 οὐδέ
3536 1725 3600 1777 ἐν

2033 1809 2227 1879 μέσαις
2248 1813 2366 1874 ταῖς
2396 1811 2641 1881 ἀγοραῖς,
2674 1809 2808 1864 ἀλλά
2838 1811 2932 1865 ml
2955 1813 3012 1863 ἐν
3048 1813 3168 1875 ταῖς
3198 1813 3461 1882 κορυφαῖς
3486 1813 3600 1865 τῶν

2030 1899 2191 1970 ὁρῶν.
2236 1902 2345 1954 Kal
2399 1901 2508 1972 γὰρ
2551 1901 2666 1953 ἐκεῖ
2705 1900 2904 1972 πολλὴν
2951 1901 3072 1971 ϐψει
3122 1903 3220 1972 τήν
3277 1903 3599 1972 φιλοσοφίαν

2031 1986 2214 2056 οὖσαν,
2244 1992 2338 2045 καὶ
2370 1993 2561 2063 χοροὺς
2602 1991 2846 2060 ἀγγέλων
2902 1993 2958 2045 ἐν
3014 1991 3336 2063 ἀνθρωπίνῳ
3380 1993 3598 2064 σώματι

2032 2078 2363 2150 λάμποντας,
2401 2083 2494 2135 ml
2522 2082 2620 2152 τήν
2656 2081 2763 2135 τῶν
2782 2082 3022 2153 οὐρανῶν
3057 2083 3328 2137 πολιτείαν
3361 2085 3596 2138 ἐνταῦθα

2033 2172 2384 2243 φαινομένην.
2439 2173 2548 2226 Kal
2602 2173 2712 2242 γὰρ
2757 2173 3028 2228 πολιτείαν
3075 2173 3317 2244 ἔγραψαν
3359 2177 3491 2246 ήμίν
3545 2177 3597 2229 οί

2035 2261 2224 2326 ἁλιεῖς,
2273 2263 2374 2316 οὐκ
2410 2263 2518 2316 ἀπὸ
2552 2263 2754 2316 παίδων
2807 2263 3156 2328 κελεύσαντες
3203 2265 3597 2336 λαμϐάνεσθαι,

2034 2353 2286 2424 καθάπερ
2319 2355 2536 2421 ἐκεῖνοι,
2567 2356 2686 2408 οὐδὲ
2724 2355 2895 2409 τόσων
2949 2356 3042 2409 ml
3071 2356 3240 2410 τόσων
3267 2357 3403 2410 ἐτῶν
3437 2376 3597 2428 νομο⁴

2034 2444 2315 2510 θετοῦντες
2361 2442 2501 2501 εἶναι
2545 2447 2635 2500 τὸν
2669 2448 2717 2480 ³⁸
2743 2447 2995 2518 ἐνάρετον
3024 2464 3037 2477 ·
3075 2448 3188 2501 ἀλλ’
3231 2449 3416 2513 ἀπλῶς
3445 2450 3600 2518 πάσῃ

2035 2535 2406 2608 διαλεγόμενοι
2436 2538 2639 2610 ήλικίᾳ.
2674 2536 2884 2591 Ἐκεῖνα
2920 2538 3016 2609 μὲν
3041 2538 3147 2610 γὰρ
3167 2580 3182 2603 ,
3231 2540 3434 2594 παίδων
3467 2543 3587 2594 nai-

2036 2633 2190 2697 γνιαο
2219 2629 2392 2683 ταῦτα
2438 2630 2524 2695 δέ,
2572 2632 2908 2702 πραγμάτων
2939 2631 3184 2703 ἀλήθεια.
3220 2630 3325 2685 Kal
3349 2632 3510 2686 τόπον
3541 2629 3605 2686 δὲ

2035 2723 2322 2777 ἀπέδωκαν
2379 2726 2445 2793 τῇ
2505 2724 2746 2796 πολιτείᾳ
2803 2724 2974 2798 ταύτῃ
3036 2725 3125 2779 τὸν
3177 2725 3444 2795 οὐρανὸν,
3501 2724 3600 2778 καὶ

2037 2813 2283 2883 τεχνίτην
2325 2815 2493 2885 αὐτῆς
2521 2815 2609 2867 τὸν
2638 2815 2768 2868 Θεὸν
2793 2817 3115 2886 εἰσήγαγον,
3162 2817 3254 2870 καὶ
3303 2815 3600 2887 νομοθέτην

2037 2903 2145 2956 τῶν
2166 2905 2280 2956 ἐκεῖ
2308 2905 2572 2974 κειμένων
2595 2905 2640 2936 ³⁸
2673 2907 2851 2976 νόμων
2873 2923 2885 2935 ·
2922 2906 3108 2980 ὥσπερ
3138 2902 3229 2960 οὖν
3270 2908 3365 2960 xal
3410 2907 3591 2978 ἐχρῆν.

2040 2993 2118 3046 Τά
2145 2994 2200 3045 δὲ
2232 2993 2440 3048 ἔπαθλα
2467 2996 2565 3065 τῆς
2595 2995 2884 3062 πολιτείας,
2937 2998 2995 3050 οὐ
3029 2997 3198 3066 φύλλα
3229 2996 3451 3068 δάφνης,
3479 2995 3604 3050 οὐδὲ

2041 3083 2275 3147 κότινος,
2313 3085 2433 3138 οὐδέ
2469 3088 2502 3156 ή
2538 3087 2595 3139 ἐν
2626 3090 2931 3159 πρυτανείῳ
2958 3089 3166 3155 σίτησις
3187 3128 3200 3149 .
3242 3089 3361 3140 οὐδέ
3394 3087 3593 3149 εἰκόνες

2040 3177 2255 3246 χαλκαῖ,
2287 3177 2355 3231 τὰ
2395 3176 2579 3249 ψυχρὰ
2599 3178 2768 3232 ταῦτα
2789 3180 2881 3232 καὶ
2910 3179 3096 3249 εὐτελῆ
3117 3197 3130 3210 °
3155 3178 3287 3231 ἀλλά
3311 3177 3423 3248 ζωὴ
3450 3177 3604 3240 τέλος

2042 3268 2142 3320 οὐκ
2166 3267 2384 3338 ἔχουσα,
2411 3271 2504 3322 καὶ
2523 3271 2584 3324 τὸ
2599 3269 2734 3323 Θεοῦ
2763 3269 3012 3338 γενέσθαι
3039 3269 3250 3334 παῖδας,
3278 3269 3373 3322 ml
3403 3267 3462 3322 τὸ
3484 3271 3603 3339 μετ’

2043 3353 2289 3423 ἀγγέλων
2307 3356 2570 3427 χορεύειν,
2607 3357 2699 3413 ml
2726 3357 2803 3428 τῷ
2825 3357 2997 3429 θρόνῳ
3025 3359 3358 3430 παρεστάναι
3407 3357 3484 3429 τῷ
3506 3357 3604 3429 βα-

2043 3444 2255 3515 σιλικῷ,
2275 3449 2370 3500 καὶ
2394 3446 2655 3518 διηνεκῶς
2682 3444 2820 3503 εἶναι
2857 3449 2995 3520 μετά
3027 3449 3284 3521 Χριστοῦ.

2094 3540 2168 3598 ς’.
2182 3536 2512 3607 Δημαγωγοὶ
2529 3538 2584 3592 δὲ
2606 3539 2705 3609 τῆς
2721 3540 2991 3603 πολιτείας
3011 3541 3116 3593 εἰσὶ
3138 3540 3337 3610 ταύτης
3353 3539 3602 3606 τελῶναι,

2042 3625 2137 3680 ml
2169 3626 2360 3690 ἁλιεῖς,
2394 3630 2488 3682 ml
2536 3631 2866 3702 σκηνοποιοὶ,
2919 3632 3017 3686 οὐκ
3049 3634 3108 3685 ἐν
3133 3633 3307 3704 χρόνῳ
3341 3631 3605 3702 ζήσαντες

2033 3731 2218 3804 ὀλίγῳ,
2258 3731 2394 3786 ἀλλά
2429 3731 2517 3785 διά
2542 3733 2740 3796 παντὸς
2775 3732 2990 3798 ζῶντες.
3021 3734 3118 3788 Διά
3143 3734 3302 3787 τοῦτο
3339 3737 3432 3788 ml
3464 3737 3607 3806 μετά

2035 3821 2289 3892 τελευτήν
2340 3821 2468 3883 τοὺς
2526 3821 2972 3890 πολιτευομένους
3019 3821 3088 3875 τὰ
3142 3823 3375 3894 μέγιστα
3413 3824 3604 3896 ὀνῆσαι

2034 3905 2265 3959 δύναιντ’
2295 3907 2379 3960 ἄν.
2415 3906 2598 3978 Ταύτῃ
2637 3909 2700 3978 τῇ
2737 3907 2976 3981 πολιτείᾳ
2991 3909 3224 3981 πόλεμος
3244 3913 3304 3964 οὐ
3344 3912 3479 3982 πρὸς
3507 3914 3606 3966 av-

2035 3993 2305 4066 θρώπους,
2356 3995 2491 4050 ἀλλά
2537 3996 2672 4068 πρὸς
2712 3997 2973 4069 δαίμονας
3019 4001 3111 4054 ml
3155 4002 3253 4066 τάς
3280 4004 3605 4073 ἀσωμάτους

2033 4084 2294 4157 δυνάμεις
2329 4087 2548 4150 ἐκείνας
2598 4089 2734 4142 ἐστί.
2785 4089 2876 4143 Διὸ
2930 4092 3024 4145 καὶ
3082 4094 3383 4164 στρατηγὸς
3421 4095 3608 4159 αὐτοῖς

2033 4177 2132 4232 οὐκ
2191 4178 2512 4248 ἀνθρώπων,
2541 4181 2660 4234 οὐδὲ
2688 4180 2932 4249 ἀγγέλων
2969 4182 3140 4248 οὐδεὶς
3165 4223 3180 4248 ,
3230 4185 3344 4239 ἀλλ’
3380 4185 3540 4248 αὐτὸς
3578 4187 3608 4239 6

2033 4271 2183 4334 Θεός.
2220 4273 2328 4325 Kal
2347 4272 2414 4326 τὰ
2439 4271 2578 4326 ὅπλα
2603 4273 2659 4325 δὲ
2686 4272 2794 4325 τῶν
2817 4276 3163 4344 στρατιωτῶν
3191 4276 3392 4330 τούτων
3423 4280 3609 4348 μιμεῖ-

2032 4381 2122 4417 ται
2153 4363 2245 4416 τοῦ
2276 4361 2513 4434 πολέμου
2543 4364 2641 4434 τήν
2667 4362 2827 4434 φύσιν
2848 4381 2862 4394 ·
2890 4366 2950 4418 οὐ
2976 4366 3021 4398 ³⁸
3049 4367 3157 4439 γάρ
3198 4369 3305 4422 ἀπὸ
3337 4369 3608 4440 δέρματος

2033 4457 2128 4510 ml
2182 4456 2399 4527 σιδήρου
2445 4456 2933 4528 κατεσκευασμένα
2987 4460 3124 4512 εἰσὶν
3151 4498 3166 4522 ,
3233 4459 3346 4531 [15]
3386 4460 3500 4515 ἀλλ’
3545 4463 3608 4527 ἐξ

2033 4547 2288 4615 ἀληθείας
2316 4548 2410 4601 ml
2438 4547 2781 4619 δικαιοσύνης
2808 4549 2901 4603 ml
2921 4549 3153 4614 πίστεως
3175 4552 3266 4605 ml
3290 4552 3608 4622 φιλοσοφιας

2032 4639 2270 4708 ἀπάσης.
2313 4638 2465 4692 Ἐπεὶ
2486 4635 2578 4693 οὖν
2605 4639 2738 4710 περὶ
2763 4640 2864 4710 τῆς
2887 4641 3162 4705 πολιτείας
3191 4642 3394 4713 ταύτης
3426 4644 3520 4698 καὶ
3545 4645 3609 4697 τὸ

2035 4728 2239 4800 βιϐλίον
2287 4729 2446 4782 τοῦτο
2480 4729 2812 4800 γέγραπται,
2865 4731 2960 4784 ml
2998 4733 3132 4802 ἡμῖν
3184 4734 3467 4806 πρόκειται
3510 4734 3610 4789 νῦν

2033 4820 2225 4883 εἰπεῖν,
2268 4817 2623 4888 προσέχωμεν
2652 4819 2896 4890 ἀκριϐῶς
2929 4821 3006 4892 τῷ
3034 4822 3297 4895 Ματθαίῳ
3327 4825 3454 4896 περὶ
3473 4826 3608 4878 ταύ-

2031 4928 2130 4981 της
2149 4910 2360 4982 τρανῶς
2381 4909 2425 4940 ⁸⁴¹
2463 4909 2848 4982 διαλεγομένῳ.
2879 4913 2953 4965 00
2989 4912 3098 4984 γὰρ
3141 4915 3324 4981 αὐτοῦ,
3357 4917 3492 4971 ἀλλά
3510 4917 3607 4971 τοῦ

2034 5002 2132 5074 τὴν
2162 5001 2445 5056 πολιτείαν
2491 4998 2952 5072 νομοθετήσαντος
3005 5003 3242 5073 Χριστοῦ
3279 5005 3455 5058 πάντα
3489 5007 3610 5060 ἐστὶ

2031 5094 2098 5147 τὰ
2149 5092 2434 5164 λεγόμενα.
2486 5090 2853 5162 Προσέχωμεν
2881 5092 2959 5156 δὲ,
3000 5093 3088 5146 ἵνα
3137 5097 3229 5149 ml
3261 5097 3608 5171 ἐγγραφῆναι

2035 5183 2354 5257 δυνηθῶμεν
2395 5177 2476 5247 εἰς
2505 5184 2697 5255 αὐτὴν,
2737 5184 2832 5238 ml
2886 5183 3098 5256 λάμψαι
3151 5189 3290 5258 μετὰ
3338 5189 3447 5242 τῶν
3501 5192 3604 5264 ήδη

2035 5275 2531 5345 πολιτευσαμένων,
2579 5275 2676 5329 καὶ
2702 5277 2830 5340 τοὺς
2865 5277 3214 5348 ἀμαράντους
3243 5281 3482 5345 ἐκείνους
3509 5286 3608 5338 ἐκ·

2031 5368 2332 5438 δεχομένων
2377 5370 2694 5438 στεφάνους.
2751 5369 3011 5440 Καίτοιγε
3046 5372 3260 5437 πολλοῖς
3312 5373 3532 5440 εὔκολος
3579 5381 3640 5444 ό,

2033 5460 2188 5529 λόγος
2211 5455 2364 5526 οὗτος
2391 5458 2532 5517 εἶναι
2556 5463 2721 5529 δοκεῖ,
2747 5463 2815 5517 τὰ
2839 5463 2895 5517 δὲ
2929 5463 3038 5517 τῶν
3084 5467 3378 5537 προφητῶν
3416 5467 3607 5522 δυσκο-

2031 5552 2149 5606 λίαν
2181 5551 2338 5624 ἐχειν.
2384 5553 2544 5608 Ἀλλά
2568 5553 2663 5606 ml
2684 5552 2844 5606 τοῦτο
2865 5554 3200 5623 ἀγνοούντων
3222 5557 3336 5609 ἐστί
3358 5557 3418 5610 τὸ
3445 5557 3607 5626 βάθος

2030 5647 2138 5702 τῶν
2163 5649 2414 5703 ἐναποκει
2421 5647 2597 5719 μένων
2616 5644 2768 5716 αὐτῷ
2784 5647 2829 5680 ³³
2848 5649 3153 5719 νοημάτων.
3174 5649 3262 5703 Διὸ
3282 5651 3606 5722 παρακαλῶ,

1263 5775 1308 5805 ’⁸
1334 5773 1807 5850 συνταράττοντες]
1835 5777 2217 5850 συντάττοντες
2445 5775 2773 5850 συγχέοντες
2797 5778 2891 5850 A._
2941 5778 2986 5850 ’ξ
3002 5778 3121 5832 οὐδέ
3143 5794 3250 5834 om.
3288 5780 3350 5834 Ε.
3427 5781 3472 5811 ³⁸
3498 5775 3604 5850 διό]

980 5842 1266 5917 πλείιικτὸν
1302 5843 1594 5917 πόνονχδίο
1623 5846 1726 5900 An.
1769 5842 1913 5900 Arm.

2035 5845 2202 5917 codd,
2229 5844 2388 5917 πλέον
2418 5845 2479 5917 τὸ
2507 5842 2710 5917 ἄτοπον
2743 5847 2933 5917 Steph.
2955 5849 3081 5903 Sav.

3177 5850 3220 5882 ³³
3252 5850 3433 5922 φθάσῃ
3456 5851 3574 5906 ΕιίιΙ
3587 5893 3600 5906 .

364 5913 408 5943 ³³
443 5914 622 5995 πᾶσαν
652 5912 852 5995 ἁπλῶς
867 5910 989 5995 τήν]
1145 5912 1331 5995 ..ει
1359 5910 1532 5995 (god-4|.
1553 5918 1731 5993 «ﬁam
1771 5918 1868 5995 τήν
1907 5987 1913 5995 Ι

2033 5936 2092 5995 ην
2129 5916 2284 5995 [6er
2414 5916 2530 5995 τόν]
2563 5917 2623 5995 τό
2652 5917 2790 5995 [_§dd..
2829 5910 3027 5995 ιῖιτειρις
3053 5919 3188 5995 Mor.
3265 5910 3311 5954 ³⁸
3335 5910 3606 5995 κειμένων

360 5997 470 6038 om.
503 5981 729 6038 decm.
810 5983 854 6014 ³⁸
879 5981 964 6047 οὐΙ
998 5982 1113 6036 οὐδέ
1153 5981 1293 6037 Edd.
1373 5984 1413 6015 ³⁷
1436 5985 1643 6058 τρανῶς
1670 6002 1775 6039 om.
1807 5981 1870 6043 Α.
1904 5987 1913 6042 1

2047 5981 2089 6021 ⁵⁸
2117 5988 2286 6054 αὐτῷ]
2320 5988 2406 6045 Sic
2523 5981 2722 6047 ἀὐτῶν
2749 5981 3026 6045 Α.’(·ιυιρι·ἰ
3060 5992 3260 6055 αὐτοῖς.
