3832 6178
194 359 249 414 £9
1260 363 1266 369 ·
1332 342 1399 398 ΙΝ
1439 338 1735 397 ΜΑΤΤΗᾸ

1836 339 1853 393 ι
1917 335 2150 391 HOMIL.
2193 342 2232 400 Ι,
2712 350 2715 353 '
3344 334 3412 389 ἑο
3448 330 3450 333 ’

181 462 436 525 mundum,
462 461 607 515 aliud
658 459 963 514 institutum
993 501 1008 525 ,
1042 456 1217 510 omnia
1260 455 1491 523 denique
1522 462 1737 507 mut-ta.

180 555 436 610 Nausicut
482 554 657 614 Plato,
710 553 802 623 qui
854 550 1128 605 ridiculam
1186 547 1326 600 illam
1359 544 1743 623 renqutblicam

187 646 417 708 instituit,
457 660 560 700 non
595 645 735 698 sicut
761 642 909 698 Zeno
932 640 1005 713 (a)
1026 682 1040 705 ,
1070 647 1123 695 et
1160 638 1203 693 si
1239 636 1327 707 qui
1359 634 1451 690 alii
1490 633 1557 689 de
1588 647 1743 702 repu-

178 738 297 793 blica
328 738 611 802 scripsere,
642 736 895 804 legesque
922 728 1157 787 edidere.
1188 725 1462 797 Siquidem
1489 724 1571 779 vel
1599 738 1664 778 ex
1690 736 1748 777 re

178 824 274 886 ipsa
300 819 641 887 conspicuum
663 818 777 880 fuit,
806 817 1093 885 malignum
1123 815 1386 885 spiritum,
1416 814 1741 868 daemonem-

175 927 265 981 que
290 909 594 980 quempiam
625 907 818 972 ferum,
850 916 1051 959 natura:
1075 915 1270 958 nostra:
1296 903 1505 958 hostem
1527 944 1542 961 .
1579 904 1742 956 casti-

176 1002 285 1053 tatis
310 1001 602 1064 inimicum,
637 995 931 1050 honestatis
961 993 1328 1049 adversarium
1350 1034 1364 1057 ,
1410 993 1586 1049 omnia
1620 1006 1743 1045 sus-

174 1098 330 1158 deque
376 1096 673 1143 vertentem
704 1128 720 1151 ,
771 1088 886 1139 haec
934 1084 1145 1139 illorum
1191 1082 1383 1137 animis
1428 1082 1736 1137 inseruisse.

174 1183 294 1237 Cum
320 1180 463 1235 enim
481 1193 678 1235 uxores
708 1176 956 1231 omnibus
981 1188 1291 1229 communes
1322 1172 1538 1239 faciant,
1571 1171 1743 1227 nudas

177 1274 391 1342 virgines
420 1270 487 1323 ad
531 1267 897 1338 Spectaculum
942 1268 1175 1319 virorum
1222 1265 1274 1317 in
1313 1262 1616 1334 pala-stram
1642 1260 1741 1315 du-

173 1374 304 1428 rant,
356 1359 721 1415 clandestinas
762 1358 973 1427 nuptias
1028 1363 1309 1426 apparent,
1358 1355 1535 1406 omnia
1586 1350 1743 1407 simul

174 1455 569 1510 eommisceutes
596 1459 654 1507 et
680 1450 1066 1506 conturbantes
1085 1488 1101 1512 ,
1137 1454 1443 1515 naturaeque
1485 1444 1744 1498 terminos

172 1555 477 1609 avertentes,
510 1542 640 1613 quid
669 1541 810 1596 aliud
837 1540 905 1595 de
935 1539 1042 1593 illis
1069 1538 1172 1593 diei
1193 1537 1400 1606 possit?
1422 1534 1574 1601 Quod
1599 1533 1740 1587 enim

172 1642 277 1691 lucc
303 1634 483 1689 omnia
524 1634 635 1688 sint
673 1633 975 1687 daemonum
1006 1632 1217 1684 inventa
1265 1640 1319 1684 et
1348 1636 1552 1681 natura:
1581 1641 1743 1695 repu-

169 1729 393 1797 gnantia,
424 1727 537 1795 ipsa
564 1735 711 1781 certe
742 1734 929 1779 natura
963 1723 1278 1778 testiﬁcatur
1300 1762 1315 1788 ,
1344 1737 1464 1791 qum
1491 1729 1547 1776 et
1573 1735 1737 1789 supra

171 1819 313 1873 dictis
337 1818 593 1873 abhorret
634 1824 735 1871 :et
780 1817 868 1870 illa
899 1831 1004 1869 non
1054 1830 1174 1869 cum
1214 1812 1740 1883 persequutionibus,

171 1928 265 1965 non
282 1924 400 1964 cum
432 1908 684 1979 periculis
703 1908 788 1962 vel
820 1907 1038 1977 prmliis,
1067 1904 1159 1959 sed
1180 1920 1298 1958 cum
1332 1903 1579 1958 libertate
1597 1903 1742 1956 omni

170 2012 217 2056 et
242 2002 526 2057 securitate
551 1998 922 2061 scribentium,
970 2005 1023 2051 et
1049 2005 1235 2050 ornatu
1279 1993 1545 2049 sermonis
1571 1993 1743 2047 multo

170 2108 303 2161 smpe
354 2090 613 2145 utentium
649 2130 665 2156 ,
710 2087 932 2161 [emissa
985 2084 1154 2157 sunt.]
1208 2084 1406 2139 Contra
1441 2097 1567 2138 vero
1613 2083 1731 2138 hmc

168 2200 274 2253 quae
301 2182 589 2255 praedicata
614 2189 739 2234 sunt
762 2195 792 2233 a
816 2178 1188 2249 piscatoribus,
1214 2177 1399 2247 pulsis,
1427 2175 1743 2230 verberibus

168 2274 328 2339 caesis,
358 2274 495 2327 inter
522 2271 755 2341 pericula
788 2269 1127 2325 versantibus
1150 2310 1163 2332 ,
1195 2268 1447 2323 ineruditi
1481 2307 1494 2329 ,
1528 2269 1740 2337 sapien-

170 2377 259 2431 tes,
286 2364 449 2430 servi,
475 2362 649 2429 liberi,
670 2376 847 2433 reges.
870 2361 1085 2430 milites,
1118 2361 1352 2430 barbari,
1380 2363 1574 2431 Graeci,
1611 2379 1735 2420 cum

168 2457 300 2512 omni
323 2454 692 2512 benevolentia
715 2468 995 2521 excepere.

222 2676 273 2729 5.
302 2674 487 2743 Neque
512 2686 643 2729 vero
660 2672 842 2729 dicere
870 2675 1045 2743 possis
1066 2714 1080 2739 ,
1107 2674 1223 2731 haec
1240 2717 1254 2742 ,
1282 2678 1423 2748 quod
1454 2695 1618 2749 parva
1645 2696 1732 2738 cs-

159 2774 271 2820 sent
295 2774 353 2820 et
383 2764 647 2831 humilia,
675 2763 832 2821 facile
854 2779 886 2819 a
911 2767 1118 2822 eunetis
1159 2778 1405 2839 suscepta
1439 2771 1621 2827 fuisse.
1644 2773 1730 2828 Si-

159 2858 361 2927 quidem
391 2858 509 2913 haec
538 2857 711 2913 multo
754 2856 1065 2913 sublimiora
1094 2870 1217 2915 sunt
1245 2861 1377 2927 illis.
1400 2862 1729 2933 Virginitatis

158 2951 289 3009 enim
319 2949 393 3003 illi
420 2964 491 3004 ne
518 2963 717 3004 nomen
743 2948 960 3020 quidem
996 2952 1079 3007 vel
1125 2968 1221 3023 per
1240 2954 1509 3010 somnium
1536 2955 1720 3026 imagi-

158 3040 256 3094 aati
293 3050 442 3105 sunt,
482 3054 592 3096 non
635 3048 1001 3111 paupertatem
1028 3084 1044 3109 ,
1091 3059 1197 3099 non
1238 3044 1521 3114 jejunium,
1554 3063 1727 3117 neque

158 3133 453 3202 quampiam
507 3132 671 3187 aliam
719 3147 900 3189 rerum
947 3135 1279 3191 sublimium.
1326 3136 1559 3207 Magistri
1601 3154 1729 3195 vero

159 3225 316 3279 metri
362 3238 477 3279 non
519 3224 683 3280 modo
727 3226 1214 3297 concupiscentiam
1271 3216 1571 3294 eliminant,
1619 3247 1727 3286 non

142 3316 309 3373 modo
356 3317 560 3369 malum
609 3329 747 3386 opus
781 3317 1067 3387 castigant,
1113 3319 1209 3375 sed
1252 3320 1413 3375 etiam
1455 3329 1727 3387 aspectum

161 3409 500 3479 unpiidicum,
527 3409 691 3464 verba
710 3410 1118 3477 contumeliosa,
1142 3412 1310 3467 risum
1330 3412 1728 3483 immodestum,

158 3503 411 3569 habitum,
445 3502 739 3567 incessum,
767 3502 1085 3570 clamorem,
1114 3512 1169 3560 et
1195 3518 1365 3574 usque
1401 3505 1470 3560 ad
1512 3507 1729 3562 minima

156 3602 452 3649 accuratam
482 3592 825 3662 disciplinam
868 3593 1163 3649 extendunt
1188 3634 1205 3659 ,
1232 3603 1393 3667 atque
1422 3596 1730 3652 universum

156 3687 328 3740 urbem
357 3686 683 3756 virginitatis
726 3686 969 3755 gemine
996 3686 1356 3755 repleverunt.
1390 3687 1465 3742 De
1497 3688 1603 3743 Deo
1641 3704 1733 3742 au-

157 3788 255 3831 tem
278 3778 455 3848 deque
500 3777 805 3832 caelestibus
835 3792 897 3832 ea
938 3777 1303 3849 phi1050phari
1340 3779 1585 3847 suadent,
1615 3795 1733 3850 qurc

159 3872 279 3925 nulli
309 3885 503 3925 eorum
541 3884 791 3937 umquam
819 3870 872 3923 in
917 3878 1151 3925 mentem
1201 3872 1389 3927 venire
1425 3879 1731 3941 potuerunt.

157 3953 427 4020 Quomodo
450 3952 599 4007 enim
626 3952 742 4007 hac
768 3954 1089 4023 cogitassent
1114 3955 1203 4024 qui
1224 3953 1481 4020 ferarum,
1510 3970 1733 4025 serpen-

159 4049 277 4101 tium
307 4047 650 4114 aliorumque
674 4044 919 4100 vitiorum
941 4046 1197 4115 imagines
1226 4047 1277 4101 iu
1299 4046 1522 4102 deorum
1545 4063 1735 4103 nume-

158 4152 265 4191 rum
286 4135 569 4191 retulere?
596 4135 846 4191 Attamen
877 4134 994 4190 haac
1019 4135 1264 4191 sublimia
1284 4136 1531 4209 dogmata
1554 4152 1735 4192 susce-

160 4248 238 4306 pta
262 4246 318 4292 et
352 4234 561 4291 credita
580 4243 705 4290 sunt
728 4233 782 4288 in
802 4233 1026 4305 diesque
1064 4232 1259 4289 ﬂorent
1272 4242 1430 4303 atque
1445 4242 1691 4289 crescunt
1716 4249 1732 4297 ;

159 4330 359 4382 illorum
386 4342 521 4381 vero
560 4325 735 4379 cultus
767 4324 877 4380 abit
914 4334 970 4380 et
1016 4325 1188 4393 perit,
1214 4334 1375 4395 atque
1417 4339 1733 4379 aranearum

159 4420 273 4473 telis
309 4417 524 4472 facilius
570 4415 863 4470 evanescit.
904 4414 1143 4486 illudque
1181 4415 1372 4470 merito
1403 4433 1417 4469 :
1464 4414 1737 4471 daemones

160 4512 292 4565 enim
347 4511 468 4564 hac
512 4508 875 4579 praedicarunt
917 4526 932 4562 :
980 4517 1302 4577 quapropter
1348 4521 1469 4563 cum
1514 4509 1733 4564 lascivia

159 4601 369 4654 multam
392 4598 598 4656 habent
619 4598 896 4668 caliginem
919 4598 1280 4668 maioremque
1306 4598 1567 4654 laborem.
1597 4599 1735 4667 Quid

159 4694 292 4746 enim
336 4691 510 4761 magis
560 4689 845 4745 ridiculum
882 4690 1043 4744 fuerit
1066 4730 1083 4755 ,
1112 4705 1271 4761 quam
1314 4690 1593 4761 disciplina
1625 4692 1735 4758 illa,

160 4785 259 4848 ubi,
289 4792 491 4854 praeter
538 4797 604 4838 ea
646 4797 770 4853 quae
814 4782 957 4838 dicta
1004 4790 1149 4848 sunt,
1176 4783 1471 4839 innumeris
1518 4784 1739 4854 prolatis

162 4875 399 4927 versibus
430 4872 819 4939 philosophus,
857 4882 917 4929 ut
942 4873 1067 4942 quid
1098 4873 1168 4928 sit
1195 4874 1400 4942 justum
1449 4875 1737 4940 ostendat,

153 4976 287 5022 tanta
314 4967 645 5037 loquacitate
671 4976 728 5022 et
750 4966 1074 5023 obscuritate
1096 4968 1242 5024 dicta
1260 4984 1355 5024 sua
1379 4972 1574 5040 replet,
1610 4982 1666 5026 ut
1694 4972 1740 5027 si

154 5059 269 5126 quid
298 5058 465 5113 etiam
496 5059 621 5113 boni
672 5059 934 5113 baberent
958 5100 974 5124 ,
1004 5059 1288 5115 admodum
1323 5071 1501 5116 tamen
1534 5063 1739 5119 inutilia

153 5161 323 5203 essent
365 5151 647 5204 lmminnm
671 5151 833 5204 vitaz?
856 5151 912 5205 Si
939 5153 1081 5206 enim
1118 5153 1373 5222 agricola,
1407 5154 1490 5208 vel
1516 5159 1738 5211 airarius

152 5240 293 5296 faber
330 5242 417 5296 vel
462 5242 810 5306 architectus,
860 5252 955 5297 aut
993 5245 1342 5313 gubernator,
1391 5255 1483 5301 aut
1524 5249 1567 5302 si
1616 5252 1735 5318 quis

152 5332 276 5387 alius
304 5348 517 5398 comm,
547 5333 638 5403 qui
686 5333 881 5389 diurno
911 5350 1167 5391 manuum
1202 5352 1366 5407 opere
1394 5340 1591 5394 victum
1636 5356 1731 5410 pa-

155 5436 281 5493 rant,
303 5426 468 5482 vellet
491 5426 560 5480 ab
588 5436 704 5480 arte
730 5441 822 5480 sua
848 5427 1103 5497 justoque
1136 5429 1320 5484 labore
1363 5431 1656 5497 abstinere,
1678 5435 1729 5487 in

220 5660 288 5721 (a)
319 5661 525 5710 Platonis
545 5660 611 5708 de
631 5658 889 5721 Republica
915 5672 1038 5719 opus
1061 5652 1249 5719 ignorat
1271 5672 1431 5709 nemo.
1446 5658 1522 5711 De
1546 5668 1737 5711 Zenone

164 5733 275 5771 vero
298 5723 460 5774 tale-ate
486 5723 597 5773 vult:
618 5721 895 5783 DiOgeuem
920 5721 1176 5770 tacrtium.

1838 469 2009 523 eaque
2054 468 2112 507 re
2156 451 2351 506 multos
2372 465 2542 506 annos
2568 449 2874 517 absumere,
2905 450 3108 520 utquid
3136 449 3423 521 sitjustum

1836 546 2103 599 edisceret
2134 562 2145 596 :
2181 553 2325 612 saepe
2379 542 2686 612 priusquam
2722 540 2854 595 illud
2904 540 3249 607 edidicisset,
3284 542 3424 599 fame

1836 644 2205 704 consumptus,
2252 633 2426 689 abiret
2478 632 2609 703 justi
2665 631 2903 687 discendi
2939 646 3121 698 causa,
3173 634 3444 688 et'nulla.

1835 736 2140 797 comparata
2169 724 2284 779 utili
2313 723 2618 794 disciplina,
2650 723 2942 779 violentam
2963 733 3191 779 mortem
3223 725 3419 780 obiret.

1837 818 2029 873 Nostra
2058 831 2188 874 vero
2214 832 2319 873 non
2348 815 2655 886 hujusmodi
2677 824 2833 882 sunt;
2862 815 2956 871 sed
2982 816 3184 884 justum
3206 857 3221 882 ,
3251 817 3423 870 hone-

1834 921 1996 977 stum,
2030 911 2180 976 utile,
2205 911 2538 979 virtutesque
2576 922 2783 975 omnes,
2815 908 2997 978 paucis
3025 908 3195 978 iisque
3212 907 3422 977 perspi-

1835 1005 1950 1058 cuis
1978 1003 2155 1059 verbis
2175 1001 2418 1058 Christus
2440 1016 2538 1056 nos
2559 1000 2768 1055 edocuit
2790 999 2951 1055 modo
2964 999 3148 1055 dicens
3169 1016 3183 1053 :
3209 998 3273 1053 In
3286 999 3423 1052 dao-

1835 1096 1923 1149 bas
1950 1094 2204 1148 mandatis
2230 1094 2314 1148 lea:
2337 1102 2381 1148 et
2412 1092 2672 1163 propheta:
2696 1091 2911 1163 pendent
2937 1091 3152 1163 (Matth.
3174 1091 3267 1146 22.
3285 1090 3377 1161 40)
3401 1108 3419 1157 ς

1836 1186 1885 1240 id
1903 1194 2004 1251 est,
2042 1186 2093 1240 in
2116 1185 2208 1239 Dei
2238 1192 2294 1240 et
2314 1183 2542 1254 proximi
2581 1183 2843 1245 caritate;
2877 1182 3164 1253 aliquando
3204 1193 3418 1238 autem:

1838 1276 2176 1346 Quaecumque
2204 1275 2354 1329 vultis
2394 1284 2448 1329 ut
2494 1275 2683 1346 faciant
2711 1274 2849 1329 vobis
2878 1275 3126 1341 homines,
3158 1284 3203 1330 et
3229 1291 3315 1330 vos
3340 1279 3421 1347 fa-

1833 1368 1929 1422 cite
1948 1366 2071 1422 illis.
2096 1365 2225 1421 ch
2250 1375 2322 1419 est
2346 1366 2480 1420 enim
2504 1365 2588 1420 lea:
2622 1374 2673 1420 et
2708 1364 2967 1435 propheta:
2992 1364 3201 1435 (Matth.
3229 1367 3281 1419 7.
3306 1366 3417 1438 12).

1832 1458 1962 1527 Qua:
1986 1468 2039 1515 et
2079 1458 2346 1530 agricolae,
2388 1467 2443 1514 et
2467 1473 2645 1524 servo,
2675 1467 2729 1513 et
2752 1456 2957 1522 viduae,
2985 1467 3041 1513 et
3069 1473 3257 1529 puero,
3312 1460 3420 1515 imo

1833 1549 1991 1601 etiam
2016 1562 2063 1603 ei
2089 1549 2179 1617 qui
2209 1546 2496 1603 admodum
2532 1546 2729 1602 bardus
2755 1561 2874 1602 esse
2905 1548 3167 1611 videatur,
3200 1549 3416 1605 intelle-

1834 1650 1922 1692 ctu
1951 1637 2127 1693 facilia
2159 1639 2378 1693 omnino
2417 1647 2560 1693 sunt.
2593 1638 2718 1693 Haec
2745 1646 2826 1694 est
2846 1640 2987 1693 enim
3019 1640 3260 1694 veritatis
3288 1652 3419 1695 con-

1832 1728 1984 1783 ditio.
2037 1727 2164 1784 Illud
2220 1738 2397 1784 autem
2449 1729 2760 1784 testiﬁcatur
2812 1732 2925 1799 ipse
2987 1745 3167 1784 rerum
3218 1731 3416 1787 exitus.

1833 1819 2103 1889 Siquidem
2135 1833 2324 1875 omnes
2350 1835 2470 1890 qua!
2501 1819 2704 1889 agenda
2746 1830 2901 1874 erant
2943 1820 3265 1885 didicerunt,
3301 1837 3404 1878 nec

1831 1915 2328 1979 didiceruntmodo,
2355 1914 2447 1968 sed
2474 1912 2882 1982 etiam-exsequi
2910 1912 3230 1967 studuerunt
3253 1927 3266 1963 :
3297 1926 3407 1964 non

1825 2010 1875 2062 iu
1906 2006 2125 2062 urbibus
2148 2013 2375 2072 tantum,
2398 2018 2498 2060 nec
2520 2004 2571 2058 in
2598 2003 2775 2058 medio
2804 2002 2923 2057 foro
2946 2019 2960 2068 ;
2987 2002 3082 2058 sed
3107 2012 3164 2058 et
3184 2003 3236 2056 ln
3256 2016 3411 2055 mon-

1829 2101 1961 2155 tium
1988 2097 2280 2153 verticibus
2314 2097 2412 2169 (a).
2458 2095 2531 2151 lbi
2583 2096 2727 2151 enim
2771 2096 2991 2149 multam
3023 2094 3203 2149 videas
3232 2094 3407 2164 philo~

1828 2189 2093 2259 sophiam,
2122 2186 2317 2241 choros
2346 2187 2657 2256 angelorum
2685 2186 2738 2241 in
2767 2186 3000 2241 humano
3030 2198 3256 2254 corpore
3302 2184 3411 2239 ful—

1822 2297 1982 2353 gere,
2016 2289 2072 2336 et
2098 2280 2400 2334 institutum
2428 2279 2643 2333 cmleste
2681 2278 2902 2333 micare.
2946 2276 3081 2331 Nam
3111 2277 3409 2331 institutum

1823 2372 1948 2426 vita:
1995 2369 2151 2425 nobis
2184 2370 2484 2438 piscatores
2529 2368 2793 2438 scripsere
2823 2374 2849 2424 ε’
2874 2381 2981 2421 non
3009 2382 3039 2419 a
3068 2381 3233 2436 puero
3261 2365 3418 2421 insti-

1826 2464 1900 2519 tui
1951 2463 2203 2533 jubentes
2250 2470 2307 2515 ut
2335 2460 2406 2514 illi
2438 2459 2779 2530 philosophi,
2813 2474 2918 2514 non
2946 2468 3147 2514 certam
3197 2468 3411 2513 aetatem

1826 2555 2036 2610 virtutis
2064 2553 2307 2609 studioso
2340 2552 2773 2623 praescribentes,
2800 2552 2896 2607 sed
2921 2553 3164 2621 quamvis
3192 2560 3406 2606 :etatem

1824 2646 2185 2701 instituentes.
2237 2642 2331 2698 llla
2375 2644 2521 2700 enim
2564 2656 2855 2712 puerorum
2898 2641 3055 2698 ludus
3087 2650 3245 2708 sunt;
3297 2641 3413 2696 haec

1824 2744 2222 2800 autem,rerum
2266 2732 2483 2788 veritas.
2510 2731 2644 2787 Huic
2678 2730 2926 2786 instituto
2958 2731 3132 2787 locum
3178 2731 3418 2800 assigna-

1824 2841 1951 2881 vere
1981 2826 2206 2892 czelum,
2242 2826 2518 2895 Deumque
2547 2824 2871 2879 induxerunt
2916 2824 3033 2895 ejus
3060 2824 3309 2892 opiﬁcem
3352 2837 3416 2878 ac

1828 2917 2001 2986 legum
2030 2917 2297 2982 latorem,
2331 2924 2388 2970 ut
2432 2931 2529 2985 par
2557 2916 2777 2970 omnino
2809 2924 2943 2970 erat.
2996 2915 3229 2971 lnstituti
3282 2930 3415 2971 vero

1829 3010 2044 3080 praemia
2068 3049 2083 3072 ,
2115 3022 2221 3062 non
2253 3006 2390 3061 lauri
2438 3004 2584 3073 l'olia,
2615 3021 2719 3062 non
2764 3005 2980 3062 oleastri
3029 3021 3249 3073 corona,
3300 2991 3408 3060 non

1827 3100 2128 3156 convivium
2164 3100 2217 3154 in
2269 3100 2535 3170 Prytaneo
2559 3097 2632 3169 (ὁ)
2656 3139 2672 3162 ,
2714 3112 2821 3153 non
2861 3113 3018 3152 aerea:
3046 3100 3257 3162 statum,
3309 3112 3417 3152 non

1829 3191 2017 3263 frigida
2046 3190 2234 3246 isthtec
2260 3200 2314 3246 et
2337 3190 2514 3245 inania
2544 3207 2560 3244 :
2586 3188 2682 3245 sed
2708 3189 2814 3243 vita
2836 3189 2995 3244 tinem
3023 3203 3128 3243 non
3150 3188 3415 3255 habitura,

1816 3286 2018 3342 collata
2064 3285 2296 3340 ﬁliorum
2327 3284 2422 3340 Dei
2469 3281 2725 3348 conditio,
2774 3281 2988 3337 choreae
3033 3296 3156 3337 cum
3213 3282 3419 3351 angelis

1830 3388 1984 3441 actm,
2015 3385 2140 3432 ante
2180 3375 2372 3431 solium
2402 3374 2605 3445 regium
2634 3373 2936 3445 praesentia,
2957 3382 3272 3443 perpetuum
3294 3386 3417 3427 cum

1830 3469 2042 3525 Christo
2070 3468 2422 3525 consortium.
2740 3478 2741 3481 η

1905 3669 1959 3729 ϐ.
1990 3667 2160 3737 Hujus
2190 3679 2352 3736 porro
2389 3660 2615 3718 instituti
2651 3659 2902 3715 doctores
2944 3665 3070 3713 sunt
3114 3653 3418 3725 publicani,

1834 3770 2127 3841 piscatores
2169 3770 2223 3817 et
2250 3758 2598 3815 tentoriorum
2636 3754 2887 3825 opiﬁces,
2928 3769 3033 3808 non
3073 3754 3163 3824 qui
3209 3754 3418 3807 modico

1836 3869 2075 3927 tempore
2100 3851 2348 3916 vixerint,
2371 3847 2466 3904 sed
2486 3846 2581 3919 qui
2600 3854 2852 3901 aaternam
2874 3851 3037 3914 agant
3059 3845 3245 3899 vitam.
3268 3842 3420 3897 Ideo-

1833 3962 1935 4018 que
1954 3946 2113 4001 ctiam
2132 3950 2253 4015 post
2272 3948 2499 3996 mortem
2518 3936 2745 3992 instituti
2772 3943 3062 3991 sectatores
3078 3934 3265 4004 juvare
3290 3947 3418 4004 pos-

1834 4039 1959 4091 sint.
2008 4034 2144 4091 Huic
2182 4031 2430 4088 instituto
2476 4027 2674 4084 bellum
2717 4034 2817 4092 est,
2870 4040 2975 4081 non
3018 4024 3276 4080 adversus
3318 4024 3419 4081 ho-
3505 4075 3517 4083 .

1837 4131 2042 4194 mines,
2087 4125 2183 4183 sed
2229 4123 2485 4179 adversus
2520 4119 2793 4176 daemones
2831 4125 2886 4172 et
2930 4117 3273 4185 incorporeas
3303 4115 3420 4170 illas

1806 4212 1809 4217 ’
1842 4226 2153 4287 potestates.
2186 4214 2418 4285 Ideoque
2442 4212 2551 4267 dux
2580 4208 2686 4264 illis
2707 4217 2812 4274 est,
2844 4222 2948 4261 non
2978 4206 3160 4270 homo,
3195 4222 3299 4259 non
3322 4221 3419 4258 an-

1844 4315 2113 4388 gelus,setl
2132 4315 2245 4384 ipse
2257 4311 2419 4368 Deus.
2431 4312 2598 4364 Arma
2609 4321 2738 4363 vero
2751 4305 2968 4362 illorum
2989 4302 3218 4358 militum
3232 4301 3297 4356 ad
3315 4302 3390 4356 hu
3403 4328 3419 4338 ο

1840 4411 1931 4481 jus
1981 4408 2105 4464 belli
2142 4405 2409 4461 rationem
2448 4400 2723 4473 quadrant
2759 4416 2774 4453 :
2812 4411 2989 4468 neque
3028 4395 3173 4450 enim
3208 4409 3270 4449 ex
3309 4394 3418 4464 pcl-

1835 4520 1969 4569 uhus
1986 4520 2240 4584 parantur
2261 4517 2353 4565 aut
2380 4507 2544 4573 ferro,
2567 4504 2662 4561 sed
2686 4519 2752 4560 ex
2777 4502 3020 4567 veritate,
3032 4498 3271 4569 'justitia,
3293 4495 3421 4564 ﬁde,

1837 4603 2276 4676 phil050phiaque
2313 4599 2479 4655 omni.
2510 4597 2772 4665 Quoniam
2821 4595 2980 4664 igitur
3006 4592 3075 4648 de
3118 4588 3423 4659 huiusmodi

1838 4699 2120 4771 disciplina
2133 4696 2220 4751 hic
2240 4695 2371 4751 liber
2388 4702 2469 4748 est
2487 4690 2844 4759 conscriptus,
2868 4686 2933 4742 de
2950 4700 3052 4756 qua
3071 4683 3224 4738 nobis
3244 4682 3426 4737 dicere

1839 4790 2170 4862 propositum
2200 4794 2283 4842 est
2302 4826 2319 4852 ,
2348 4783 2655 4839 Matthzeum
2682 4789 2887 4836 attente
2918 4777 3198 4833 audiamus
3236 4775 3304 4830 de
3330 4774 3424 4827 illa

1837 4882 2115 4954 perspicue
2138 4880 2491 4936 disserentem
2519 4889 2661 4930 :non
2684 4873 2825 4927 enim
2852 4870 2965 4941 ejus
2989 4877 3113 4924 sunt
3137 4869 3299 4933 dicta,
3326 4864 3423 4920 sed

1835 4974 2054 5042 Christi,
2083 4973 2174 5044 qui
2198 4971 2337 5027 hanc
2361 4967 2696 5039 disciplinam
2732 4963 2981 5019 instituit.
3016 4961 3267 5015 Animum
3291 4972 3422 5026 ergo

1837 5069 2207 5132 adhibeamus,
2237 5074 2296 5120 ut
2322 5064 2375 5119 in
2406 5062 2497 5117 illa
2518 5074 2820 5116 mereamur
2847 5054 3101 5120 adscribi,
3129 5066 3192 5107 ac
3221 5050 3424 5121 fulgere

1836 5179 1957 5218 cum
1993 5162 2058 5217 iis
2087 5160 2177 5232 qui
2206 5159 2309 5213 hoc
2335 5156 2637 5212 institutum
2679 5149 2882 5206 emensi
2933 5145 3265 5204 immortales
3307 5145 3426 5199 illas

1837 5267 2094 5324 accepere
2136 5263 2386 5307 coronas.
2434 5246 2612 5301 Multis
2642 5252 2787 5299 certe
2816 5242 2934 5297 haec
2976 5238 3151 5295 facilia
3180 5237 3428 5292 videntur

1838 5360 1988 5411 esse,
2019 5342 2398 5414 prophetarum
2431 5351 2565 5392 vero
2605 5334 2747 5391 dicta
2784 5331 3014 5388 multum
3055 5329 3251 5384 habere
3288 5327 3428 5382 difﬁ-

1839 5434 2071 5492 cultatis.
2104 5432 2303 5489 Verum
2334 5429 2406 5483 ita
2445 5426 2755 5483 existimant
2798 5423 2870 5491 ii,
2907 5422 2996 5491 qui
3041 5421 3426 5476 sententiarum

1913 5592 1964 5649 a)
1996 5589 2075 5640 De
2090 5588 2337 5639 monachis
2358 5589 2409 5638 in
2430 5592 2597 5637 monte
2618 5586 2917 5649 degentibus
2943 5587 3174 5649 loquitur.

1915 5605 1942 5640 a
1996 5592 2075 5640 De
2090 5592 2337 5639 monachis
2358 5592 2409 5638 in
2430 5592 2597 5637 monte
2618 5592 2917 5649 degentibus
2943 5592 3174 5649 loquitur.

1915 5592 1965 5715 bi
1997 5650 2429 5715 Prytaneumlocus
2446 5657 2553 5699 erat
2575 5649 2657 5697 ubi
2683 5662 2966 5698 communes
2992 5648 3152 5711 epulae
3178 5649 3414 5701 dahzmtur

1831 5716 1890 5763 iis
1906 5712 1993 5779 qui
2017 5712 2079 5764 de
2104 5714 2298 5777 publico
2323 5712 2450 5763 bene
2476 5718 2776 5761 meruerant.
