3832 6178
448 293 513 347 2i
1148 293 1205 345 δ.
1242 292 1524 347 JOANNIS
1559 292 2048 351 CHRYSOS'IOMI
2088 296 2405 355 ARCHIEP.
2442 298 2987 357 CONSTANTI‘NOP.
3628 303 3703 359 93

434 410 504 465 ibi
532 406 923 463 reconditarum
950 407 1367 477 profunditatem
1391 407 1657 476 ignorant.
1687 404 2021 476 Quapropter

432 514 585 571 rogo,
601 514 699 555 nos
714 514 835 555 cum
845 514 1041 571 magno
1055 498 1233 553 studio
1246 496 1563 568 sequamini.
1580 503 1642 577 ut
1653 493 1867 551 Christo
1880 495 2014 552 duce

420 594 487 651 .in
514 594 616 650 hoc
638 594 959 664 scriptorum
982 592 1199 663 pelagus
1220 589 1422 663 ingredi
1446 591 1741 647 valeamus.
1764 588 1835 648 Ut
1855 606 2015 662 porro

433 684 642 741 facilius
672 684 785 740 haec
810 683 1086 739 addiscere
1112 683 1331 753 possitis
1354 722 1369 745 ,
1398 696 1649 752 rogamus
1678 690 1734 737 et
1759 681 2015 738 Obsecra-

433 792 575 842 mus,
591 776 642 831 id
658 774 800 846 quod
813 775 971 831 etiam
987 774 1042 828 in
1058 773 1179 827 aliis
1195 772 1593 843 Scripturarum
1610 771 1761 827 libris
1773 770 2019 839 fecimus,

434 876 496 923 ut
509 867 654 923 illam
672 866 962 937 Scriptura
977 864 1271 920 clausulam
1287 904 1302 929 ,
1324 878 1483 935 quam
1497 863 1901 933 interpretaturi
1930 878 1989 919 su
2010 898 2018 904 -

432 967 575 1019 unus,
601 954 917 1024 prmlibetis,
940 963 997 1009 ut
1022 954 1185 1009 lectio
1210 956 1565 1025 cognitionem
1587 955 1853 1025 pra-cedat
1884 958 1900 989 ¹
1921 975 1935 1022 ;
1960 957 2013 1013 id

430 1044 572 1113 quod
605 1046 657 1099 in
686 1046 934 1102 eunucho
960 1046 1216 1118 contigit,
1249 1049 1497 1118 quodque
1531 1050 1751 1102 multam
1782 1052 2016 1119 praebeat

434 1136 762 1196 facilitatem.
794 1138 1128 1208 Qumstiones
1168 1140 1311 1196 enim
1355 1141 1598 1212 plurima:
1632 1152 1686 1197 et
1717 1142 2017 1214 frequentes

431 1239 747 1287 occurrunt.
762 1231 1142 1287 Animadverte
1165 1246 1293 1303 ergo
1319 1234 1497 1286 statim
1526 1231 1577 1287 in
1604 1233 1720 1301 ipso
1742 1234 2013 1306 Evangelii

433 1320 679 1387 exordio,
709 1331 841 1391 quot
866 1330 922 1378 et
947 1331 1141 1394 quanta
1171 1323 1454 1392 qumrenda
1482 1335 1784 1379 occurrant.
1814 1324 2013 1392 Primo,

433 1425 529 1464 cur
549 1409 769 1481 Josephi
789 1412 1099 1483 genealogia
1128 1412 1375 1481 ducatur,
1405 1414 1494 1484 qui
1516 1412 1711 1469 Christi
1741 1423 1889 1485 pater
1912 1432 2016 1471 non

434 1510 573 1556 erat.
598 1501 869 1570 Secundo,
892 1503 1160 1573 quomodo
1180 1505 1392 1573 planum
1422 1505 1524 1560 erit
1544 1504 1714 1574 ipsum
1738 1522 1800 1560 ex
1822 1507 2019 1563 Davide

435 1591 701 1662 originem
728 1592 944 1660 ducere,
974 1609 1093 1649 cum
1132 1594 1406 1665 ignoretur
1435 1594 1651 1665 quinam
1696 1596 1873 1652 Maria:
1902 1614 2015 1651 ma-

356 1752 363 1758 .
437 1683 537 1739 tris
561 1683 679 1754 eius
717 1684 949 1755 majores
976 1686 1174 1741 fuerint
1208 1704 1220 1740 :
1262 1701 1435 1757 neque
1480 1688 1624 1743 enim
1669 1688 1895 1759 Virginis
1921 1706 2017 1760 ge-

435 1776 673 1847 nealogia
700 1777 971 1850 descripta
992 1776 1113 1833 fuit.
1143 1779 1345 1846 Tertio,
1373 1793 1470 1834 cur
1493 1778 1735 1852 Iosephi,
1764 1781 1854 1851 qui
1886 1782 2017 1837 nihil

432 1868 500 1922 ad
524 1870 925 1938 generationem
957 1869 1203 1935 contulit,
1231 1871 1540 1943 genealogis
1567 1874 1791 1927 ducatur
1811 1914 1827 1941 ,
1855 1873 2018 1945 Virgo

434 1968 616 2016 autem
639 1975 760 2031 qua:
786 1969 959 2017 mater
987 1970 1090 2027 est,
1121 1975 1227 2031 quo
1257 1970 1430 2031 patre,
1462 1978 1561 2017 avo
1588 1973 1643 2019 et
1684 1963 1857 2019 abavo
1902 1974 2017 2020 orta

435 2052 506 2107 sit
545 2066 654 2107 non
685 2061 953 2109 narretur.
982 2052 1065 2109 Ad
1094 2055 1209 2109 haec
1236 2053 1369 2109 illud
1406 2054 1567 2109 etiam
1616 2056 1886 2125 inquirere
1926 2072 2021 2127 par

434 2151 540 2211 est,
587 2158 687 2201 cur
716 2144 947 2199 virorum
986 2144 1349 2216 genealogiam
1392 2159 1736 2216 persequens,
1768 2147 2021 2206 mulieres

436 2242 615 2289 tamen
659 2236 1144 2291 commemoravit:
1179 2245 1235 2291 et
1258 2238 1472 2306 quando
1497 2236 1550 2291 id
1591 2238 1663 2292 ita
1707 2240 1809 2310 ipsi
1848 2241 2018 2296 visum

438 2332 543 2389 est,
572 2339 670 2380 cur
692 2340 807 2381 non
833 2340 1024 2381 omnes
1062 2326 1315 2383 mulieres
1344 2328 1671 2395 nominavit,
1703 2330 1797 2385 sed
1844 2331 2020 2389 missis

440 2415 511 2471 iis
536 2431 654 2485 quae
682 2416 752 2473 ob
778 2417 1096 2487 probitatem
1120 2416 1360 2474 celebres
1379 2427 1533 2475 erant
1550 2462 1566 2489 ,
1592 2429 1651 2476 ut
1674 2420 1804 2478 Sara
1831 2431 1887 2480 et
1912 2424 2015 2482 Re-

436 2507 624 2574 becca,
657 2519 713 2565 et
735 2509 1025 2578 similibus,
1056 2510 1173 2566 illas
1200 2518 1405 2568 tantum
1433 2513 1489 2567 in
1517 2514 1750 2570 medium
1777 2517 2017 2586 protulit.

435 2616 557 2671 qua:
580 2602 763 2672 aliquo
788 2603 917 2658 vitio
945 2603 1186 2658 celebres
1215 2612 1370 2660 erant
1395 2620 1414 2659 :
1434 2606 1483 2661 si
1506 2620 1612 2678 qua
1642 2606 1889 2666 videlicet
1910 2608 2012 2666 for-

434 2693 640 2748 nicaria
666 2702 760 2750 aut
780 2693 1023 2751 adultera
1047 2704 1211 2765 esset,
1236 2704 1291 2752 et
1306 2697 1353 2753 si
1378 2712 1485 2769 qua
1509 2708 1761 2757 extranea
1784 2712 1879 2758 aut
1900 2702 2021 2759 bar-

434 2779 741 2836 bara.Nam
772 2799 993 2839 uxorem
1018 2784 1160 2842 Urbe
1189 2797 1244 2842 et
1264 2786 1564 2845 Thamar-et
1586 2792 1842 2847 itababet
1864 2792 2009 2849 Rutb

435 2873 883 2929 commemoravit
903 2892 921 2942 ;
938 2891 1172 2945 quarum
1189 2877 1293 2933 alia
1302 2878 1612 2951 alienigena
1627 2881 1878 2949 erat,alia
1899 2898 2003 2938 me-

439 2960 627 3027 retrix,
642 2961 793 3017 aliaa
808 2977 998 3020 socero
1015 2966 1201 3022 vitiata
1215 2966 1239 3020 f
1240 2967 1341 3035 uit,
1364 2982 1471 3023 non
1490 2968 1605 3040 lege
1620 2971 1901 3035 connubii,
1920 2971 2015 3029 sed

438 3050 617 3106 furata
643 3054 991 3111 concubitum
1028 3065 1084 3111 et
1138 3060 1444 3116 meretricis
1476 3070 1761 3131 assumpta
1796 3062 2011 3132 specie:

435 3141 580 3211 quod
604 3153 814 3214 spectat
830 3154 1007 3201 autem
1029 3144 1170 3204 Uriae
1192 3150 1657 3222 uxorem,ignorat
1674 3164 1833 3206 nemo
1846 3151 1920 3206 ob
1938 3150 2018 3207 fa-

434 3232 641 3289 cinoris
651 3234 1101 3305 conspicuitatem
1111 3277 1126 3291 .
1140 3238 1395 3295 Attamen
1408 3240 1592 3297 missis
1605 3240 1727 3297 aliis
1740 3240 2016 3308 omnibus,

436 3334 599 3382 hasce
630 3336 837 3384 tantum
858 3329 919 3384 in
944 3332 1253 3405 genealogia
1277 3336 1476 3408 posuit.
1507 3341 1667 3409 Atqui
1690 3340 1739 3396 si
1763 3342 2023 3399 mulieres

434 3430 870 3477 commemorare
897 3424 1170 3493 oportuit,
1197 3441 1384 3483 omnes
1414 3444 1698 3492 recensere
1735 3448 1833 3505 par
1869 3443 2022 3502 erat;

429 3507 475 3561 si
506 3522 615 3563 non
640 3524 853 3577 ornnes,
882 3521 1030 3570 certe
1054 3514 1244 3586 aliqua“:
1268 3532 1449 3573 earum
1481 3521 1819 3591 proferenda:
1846 3536 2021 3593 erant,

429 3612 551 3667 qua
580 3599 778 3659 virtute
820 3602 1115 3661 ﬂoruerant
1134 3647 1150 3672 ,
1180 3623 1287 3665 non
1312 3625 1502 3666 earum
1544 3627 1771 3683 quarum
1807 3598 2023 3688 peccata

430 3697 557 3744 sunt
587 3692 891 3748 manifesta.
921 3694 1111 3753 Videte
1138 3709 1333 3769 quanta
1365 3702 1520 3758 nobis
1545 3708 1839 3763 attentione
1858 3710 1940 3765 vel
1968 3712 2021 3766 in

430 3779 655 3837 exordio
675 3783 746 3839 sit
759 3798 916 3854 opus,
939 3787 1147 3843 etiamsi
1165 3788 1268 3845 hoc
1283 3793 1561 3849 exordium
1575 3798 1785 3855 caeteris
1801 3799 2019 3871 clarius,

427 3866 537 3924 imo
568 3870 793 3929 fortasse
814 3874 1057 3945 plurimis
1080 3879 1411 3950 superﬂuum
1434 3899 1557 3941 esse
1597 3886 1860 3958 videatur,
1894 3866 2020 3964 quia

428 3962 645 4018 nomina
661 3973 863 4023 tantum
891 3969 1117 4040 plurima
1138 3975 1531 4045 complectitur.
1556 3978 1684 4035 Post
1704 3980 1822 4038 hzec
1839 3962 2018 4041 autem

386 4065 401 4075 δ
434 4050 560 4107 illud
590 4053 862 4126 inquirere
888 4074 984 4129 par
1011 4071 1114 4129 est,
1144 4078 1240 4120 cur
1266 4075 1378 4121 tres
1409 4083 1563 4139 reges
1591 4071 1853 4129 omiserit.
1882 4073 2018 4131 Nam

426 4142 471 4196 si
514 4158 703 4200 eorum
753 4157 938 4220 utpote
983 4152 1268 4211 admodum
1324 4158 1608 4228 impiorum
1661 4164 1877 4219 nomina
1933 4176 2016 4221 ta-

425 4235 567 4303 cuit,
593 4252 766 4309 neque
800 4240 938 4298 alios
968 4245 1096 4315 ipsis
1144 4248 1348 4303 similes
1392 4265 1815 4310 commemorare
1857 4271 2018 4327 opor-

428 4324 547 4379 tuit.
577 4327 693 4381 Alia
726 4328 853 4386 item
892 4336 1119 4404 quaistio
1147 4339 1407 4410 exsurgit.
1436 4339 1570 4396 Cum
1610 4324 2013 4414 quattuordecim

422 4431 543 4473 esse
568 4424 945 4489 generationes
969 4425 1211 4497 dixisset,
1247 4430 1300 4485 in
1348 4433 1501 4488 tertia
1528 4435 1700 4492 classe
1743 4434 2014 4498 hunc'nu-

421 4525 625 4565 merum
654 4528 759 4568 non
791 4520 1042 4574 servavit.
1073 4520 1313 4594 itemque
1341 4540 1437 4580 cur
1463 4526 1635 4583 Lucas
1662 4528 1766 4585 alia
1792 4532 2011 4588 nomina

419 4606 714 4674 recensuit,
744 4615 800 4663 et
823 4622 921 4664 cur
949 4626 1055 4667 non
1086 4615 1259 4669 solum
1290 4632 1395 4671 non
1426 4619 1644 4675 eosdem
1675 4636 1884 4690 omnes,
1914 4627 2010 4683 sed

417 4695 581 4750 etiam
612 4699 780 4755 multo
811 4700 993 4772 plures
1027 4709 1472 4765 commemoravit
1499 4728 1515 4766 :
1558 4710 1841 4771 Mattheus
1874 4731 2009 4774 vero

422 4794 476 4840 et
504 4786 641 4844 alios
666 4798 721 4845 et
746 4790 1019 4860 diversos,
1047 4796 1256 4852 etiamsi
1300 4798 1415 4869 ipse
1450 4801 1503 4855 in
1542 4800 1835 4873 Josephum
1877 4805 2006 4863 des-

414 4878 563 4944 ierit,
598 4880 651 4934 in
705 4896 814 4953 quo
862 4894 916 4940 et
962 4884 1132 4943 Lucas
1182 4887 1343 4945 tinem
1391 4890 1534 4947 fecit.
1565 4892 1757 4951 Videte
1792 4898 2006 4967 quantis

413 4968 566 5023 nobis
606 4971 677 5026 sit
703 4986 841 5043 opus
869 4975 1065 5046 vigiliis
1094 4991 1200 5034 non
1230 4978 1297 5034 ad
1327 4981 1650 5039 solvendum
1680 4984 1842 5042 modo
1861 5026 1876 5052 ,
1909 4988 2004 5045 sed

410 5059 570 5114 etiam
610 5063 677 5118 ad
717 5064 1034 5123 discendum
1075 5084 1319 5140 quaenam
1359 5072 1467 5128 sint
1503 5075 1778 5133 solvenda.
1818 5077 2003 5151 Neque

412 5166 601 5220 parum
642 5166 815 5214 estea
847 5160 1089 5219 invenire
1129 5179 1249 5234 quae
1279 5174 1503 5235 possunt
1556 5167 1608 5223 in
1655 5169 1874 5227 dubium
1909 5188 2003 5229 vo-

408 5244 556 5311 rari;
590 5261 712 5301 nam
742 5250 873 5307 illud
918 5267 1129 5326 quoque
1158 5256 1210 5310 in
1257 5255 1435 5312 dubiis
1480 5269 1825 5328 numeratur,
1868 5278 2002 5334 quo-

408 5335 567 5392 modo
589 5336 829 5396 Elisabet
855 5357 919 5395 cx
947 5342 1175 5401 Levitica
1200 5348 1362 5417 tribu,
1390 5360 1613 5421 cognata
1639 5353 1706 5407 sit
1724 5354 1923 5410 Mariae.

472 5673 489 5705 ι
524 5669 711 5731 Ἀυιυιη
738 5678 787 5720 ut
814 5669 950 5721 lectio
974 5670 1218 5723 lectionem
1242 5682 1506 5737 prwccdat.

2209 407 2260 460 7.
2290 407 2559 461 Conclusio
2587 410 2792 463 moralis
2816 425 2835 463 :
2860 406 3119 463 auditores
3156 425 3188 461 ιι
3216 409 3515 479 spectaculis
3550 419 3725 473 arcet;

2136 502 2361 553 studium
2404 502 2540 555 verbi
2588 500 2746 556 divini
2789 502 2842 556 in
2878 503 2949 556 eis
2991 503 3213 556 excitare
3255 514 3484 556 conatur.
3515 532 3587 541 —-
3616 501 3724 556 Sed

2134 606 2200 645 ne
2218 594 2381 647 multa
2406 592 2563 648 simul
2586 601 2936 664 congerentes
2954 595 3265 649 memoriam
3283 604 3517 649 vestram
3539 594 3727 648 obrua-

2132 698 2252 736 tnus
2296 684 2385 740 hic
2404 684 2652 754 loquendi
2676 684 2839 741 finem
2865 684 3141 741 faciemus.
3170 683 3377 752 Sufficit
3401 684 3543 740 enim
3569 684 3723 739 vobis

2137 781 2193 827 ut
2223 775 2527 828 exettemini
2551 817 2566 841 ,
2599 774 2643 828 si
2674 776 2997 844 quaestiones
3043 775 3163 830 illas
3188 775 3458 832 ediscatis.
3490 775 3545 833 Si
3581 791 3712 834 vero

2130 863 2450 920 solutionem
2476 864 2812 933 desideratis,
2836 877 2890 924 et
2918 866 3049 922 illud
3080 881 3291 939 quoque
3317 868 3401 924 vel
3430 878 3713 939 antequam

2132 952 2433 1023 loquamur,
2466 954 2518 1009 in
2546 965 2722 1012 vestra
2753 958 2855 1013 erit
2884 965 3150 1028 potestate
3183 958 3367 1014 situm.
3399 958 3456 1014 Si
3487 974 3716 1030 namque

2130 1058 2225 1100 vos
2246 1046 2508 1101 excitatos
2530 1056 2585 1102 et
2605 1046 2849 1104 discendi
2870 1048 3092 1119 cupidos
3119 1049 3368 1117 viderim,
3391 1050 3715 1105 solutionem

2130 1134 2282 1189 vobis
2311 1133 2505 1191 afferre
2528 1138 2782 1203 tentabo;
2811 1138 2894 1193 sin
2933 1138 3228 1194 oscitantes
3256 1146 3314 1194 et
3342 1154 3448 1193 non
3480 1147 3717 1195 attentos

2131 1240 2497 1296 conSpexero,
2525 1237 2579 1283 et
2604 1229 2929 1299 qumstioncs
2953 1237 3008 1285 et
3032 1229 3353 1285 solutionem
3383 1229 3592 1284 illarum
3619 1245 3717 1285 oc-

2130 1318 2376 1385 cultabo,
2405 1319 2599 1373 divina:
2622 1320 2926 1390 obsequens
2955 1319 3053 1390 legi
3084 1337 3099 1376 :
3131 1318 3327 1383 Nolite,
3360 1320 3565 1390 inquit,
3596 1337 3719 1374 san-

2132 1416 2267 1460 ctum
2292 1408 2415 1461 dare
2444 1408 2673 1475 canibus,
2703 1425 2863 1479 neque
2887 1409 3167 1481 proﬁciatis
3197 1411 3498 1480 margaritas
3527 1420 3719 1465 uestras

2129 1506 2245 1551 ante
2264 1514 2463 1567 porcos,
2482 1515 2544 1552 ne
2570 1502 2703 1571 forte
2722 1499 3015 1554 conculcent
3034 1517 3118 1554 eas
3135 1500 3344 1569 pedibus
3370 1502 3473 1555 suis
3498 1500 3715 1571 (Matth.

2131 1587 2180 1641 7.
2215 1587 2290 1660 6).
2335 1588 2464 1656 Quis
2492 1598 2574 1644 est
2600 1601 2777 1645 autem
2818 1591 2908 1661 qui
2948 1592 3267 1646 conculcet?
3304 1590 3406 1658 Qui
3447 1594 3559 1647 htBC
3608 1609 3717 1647 non

2131 1682 2363 1749 pretiosa
2391 1692 2444 1735 et
2469 1681 2674 1737 honore
2700 1680 2857 1753 digna
2880 1697 3001 1738 esse
3021 1692 3225 1738 censet.
3248 1682 3464 1754 Ecquis,
3486 1684 3717 1755 inquies,

2132 1770 2200 1824 ita
2233 1772 2395 1827 miser
2422 1780 2525 1839 est,
2556 1783 2613 1829 ut
2642 1772 2757 1828 huic
2786 1789 2891 1828 non
2920 1772 3127 1829 honore
3152 1774 3330 1846 digna,
3361 1790 3459 1831 nec
3478 1777 3719 1831 omnium

2128 1862 2511 1931 pretiosissima
2540 1879 2662 1921 esse
2684 1864 2888 1921 ducat?
2916 1864 2964 1920 ls
2986 1866 3075 1934 qui
3106 1878 3210 1919 nou
3236 1865 3343 1919 illis
3371 1875 3574 1921 tantum
3599 1878 3719 1921 stu-

2128 1953 2274 2007 dium
2302 1954 2543 2023 adhibet,
2593 1964 2853 2028 quantum
2903 1957 3278 2013 meretricibus
3322 1958 3637 2014 mulieribus
3662 1960 3717 2015 in

2128 2044 2379 2100 satanicis
2414 2046 2657 2102 theatris.
2701 2044 2779 2103 lbi
2807 2047 2951 2102 enim
2980 2047 3195 2119 plurimi
3228 2057 3368 2104 totos
3394 2049 3508 2105 dies
3532 2059 3722 2107 trans-

2130 2137 2307 2208 igunt,
2360 2139 2635 2208 multaque
2681 2140 2732 2195 in
2761 2155 2823 2196 re
2852 2140 3150 2196 domestica
3193 2142 3487 2213 negligant,
3529 2142 3600 2197 ob
3631 2144 3723 2198 in-

2129 2232 2497 2301 tempestivam
2528 2233 2672 2287 illam
2713 2233 3117 2304 occupationem
3140 2276 3155 2301 ,
3190 2233 3581 2305 diligenterque
3624 2236 3721 2291 illa

2130 2325 2386 2392 retinent,
2418 2342 2537 2396 qua:
2565 2326 2759 2383 ibidem
2786 2325 3049 2394 audiunt,
3080 2327 3275 2397 illaque
3302 2327 3355 2382 in
3386 2328 3578 2383 animai
3607 2343 3726 2384 sua:

2128 2416 2417 2486 perniciem
2441 2427 2787 2473 conservant.
2814 2414 2915 2473 Hic
2941 2426 3119 2473 autem
3153 2418 3268 2488 ipso
3298 2418 3411 2474 Deo
3441 2419 3721 2489 loquente,

2128 2522 2197 2562 ne
2226 2508 2505 2563 minimum
2534 2508 2750 2578 quidem
2778 2509 3037 2579 temporis
3073 2523 3294 2564 manere
3323 2509 3530 2564 volunt.
3562 2510 3724 2565 Ideo-

2127 2613 2231 2668 que
2279 2598 2413 2653 nihil
2439 2614 2726 2655 commune
2766 2599 3026 2655 habemus
3054 2615 3177 2654 cum
3218 2600 3350 2655 ctelo
3382 2617 3396 2655 :
3424 2602 3519 2657 sed
3551 2602 3724 2660 verbo

2129 2698 2291 2745 tersus
2322 2690 2450 2745 vitae
2479 2690 2779 2745 institutum
2826 2698 3070 2747 nostrum
3105 2691 3398 2762 peragitur.
3436 2691 3599 2750 Certe
3628 2709 3725 2765 ge-

2130 2778 2362 2834 hennam
2390 2780 2595 2837 idcirco
2622 2781 2763 2836 Deus
2786 2781 3147 2836 comminatus
3166 2790 3270 2849 est,
3294 2796 3402 2838 non
3424 2792 3486 2838 ut
3510 2784 3566 2839 in
3590 2801 3719 2841 eam

2133 2884 2235 2925 nos
2252 2869 2549 2940 conjiciat;
2589 2874 2762 2928 sedut
2794 2874 2951 2931 nobis
2980 2880 3308 2944 persuadeat
3340 2885 3715 2951 perniciosam

2134 2959 2279 3015 illam
2326 2962 2671 3033 tyrannidem
2710 2968 2731 2998 ¹
2772 2965 2980 3037 fugere.
3022 2967 3137 3025 Nos
3174 2986 3308 3028 vero
3345 2988 3379 3029 e
3429 2979 3715 3035 contrario

2129 3053 2370 3123 agimus;
2418 3055 2693 3121 audimus,
2738 3069 2795 3113 et
2828 3059 3077 3129 quaidie
3116 3063 3185 3118 ad
3230 3064 3369 3120 viam
3409 3081 3536 3139 quas
3572 3070 3715 3131 illuc

2128 3143 2278 3198 ducit
2302 3146 2648 3202 accurrimus
2677 3166 2691 3202 :
2724 3148 2939 3220 Deoque
2972 3152 3202 3221 iubente
3232 3169 3349 3212 non
3388 3159 3567 3216 solum
3607 3176 3713 3217 au-

2126 3230 2380 3295 dire,sed
2403 3234 2566 3287 etiam
2590 3236 2733 3290 dicta
2758 3240 3005 3309 exsequi,
3032 3256 3133 3297 nos
3166 3258 3242 3299 ne
3256 3247 3478 3316 quidem
3510 3252 3713 3310 audire

2120 3322 2479 3377 sustinemus.
2520 3323 2875 3390 Quandonam
2920 3329 3088 3400 igitur
3125 3348 3209 3400 ea,
3241 3350 3364 3406 qua:
3398 3339 3667 3408 iubemur
3691 3385 3721 3411 ,ι

2124 3438 2345 3483 acamas
2367 3465 2383 3491 ,
2404 3437 2463 3482 et
2502 3430 2756 3499 oleribus
2800 3447 3017 3491 manum
3049 3436 3472 3510 admovebimus,
3501 3450 3720 3517 quandc

2125 3530 2267 3586 aegre
2293 3528 2348 3573 et
2376 3518 2595 3591 indigne
2624 3523 2849 3582 ferimus
2878 3542 3076 3594 moras,
3110 3531 3201 3587 hic
3228 3534 3296 3589 ad
3332 3535 3719 3596 brevissimum

2126 3610 2385 3680 temporis
2409 3614 2639 3683 spatium
2668 3619 2908 3687 prolatas
2924 3621 2952 3675 ἲ
2976 3621 3136 3695 Atqui
3166 3641 3267 3683 nos
3308 3643 3430 3685 cum
3458 3631 3527 3687 de
3549 3635 3718 3692 rebus

2118 3698 2323 3757 frivolis
2348 3705 2509 3761 verba
2538 3706 2816 3779 facientes,
2846 3727 2942 3769 eos
2966 3717 3056 3785 qui
3083 3719 3363 3777 nobiscum
3392 3725 3583 3781 sedent
3607 3744 3717 3785 non

2119 3794 2397 3852 attendere
2461 3798 2822 3871 advertimus,
2868 3805 2927 3861 id
2969 3793 3489 3872 contumeliaeiloco
3544 3819 3716 3877 habe

2120 3897 2288 3950 mus;
2341 3887 2507 3943 Deum
2562 3906 2692 3947 vero
2741 3909 2852 3950 non
2921 3908 3170 3968 putamus
3242 3919 3340 3961 nos
3391 3907 3715 3980 offendere,

2119 3978 2334 4047 quando
2378 3982 2527 4074 illum
2576 3986 2643 4041 de
2696 3990 2859 4044 tantis
2908 3992 3069 4048 rebus
3118 3995 3427 4066 loquentem
3479 3978 3715 4074 despici;

2119 4082 2237 4123 mus
2283 4080 2337 4125 et
2366 4072 2471 4126 alio
2516 4076 2703 4132 oculos
2736 4081 3142 4139 convertimus?
3175 4084 3340 4144 Certe
3384 4106 3555 4148 senex
3587 4072 3715 4165 qui—

2112 4161 2194 4214 vis
2236 4177 2483 4234 magnam
2529 4183 2778 4224 emensus
2818 4181 2974 4229 terrae
3018 4185 3247 4245 partem,
3276 4182 3574 4240 stadiorum
3605 4161 3714 4242 nu-

2112 4265 2340 4318 merum,
2384 4256 2599 4313 mliium
2647 4262 2967 4330 positionem
3006 4274 3062 4321 et
3107 4266 3360 4336 formam,
3406 4284 3609 4342 portus
3648 4293 3714 4335 ac

2110 4340 2283 4398 forum
2309 4345 2718 4438 diiigentissime
2746 4355 2899 4410 nobis
2918 4355 3174 4415 descn’bit
3198 4378 3212 4415 :
3238 4372 3294 4417 at
3321 4340 3425 4419 nos
3443 4380 3513 4421 ne
3534 4383 3713 4438 quau-

2108 4442 2220 4488 turn
2249 4436 2466 4505 quidem
2497 4443 2681 4510 procul
2712 4444 2881 4501 simus
2926 4446 2995 4502 ab
3024 4448 3113 4504 illa
3143 4452 3342 4525 caelesti
3387 4456 3521 4512 urbe
3551 4436 3715 4517 novi-

2106 4538 2254 4592 mus;
2280 4526 2516 4600 alioquin
2544 4543 2724 4590 autem
2744 4536 2847 4592 via:
2869 4538 3250 4609 longitudinem
3277 4547 3523 4604 minuere
3549 4565 3713 4608 cura-

2104 4616 2388 4687 vissemus,
2415 4621 2460 4675 si
2484 4637 2681 4694 nempe
2707 4624 2856 4683 illam
2885 4629 3192 4688 distantiam
3213 4645 3548 4696 teneremus.
3585 4642 3709 4700 Non

2102 4707 2245 4763 enim
2290 4717 2499 4768 tantum
2547 4714 2827 4773 dumtaxat
2868 4735 2899 4775 a
2926 4722 3083 4779 nobis
3124 4724 3289 4782 distat
3328 4729 3525 4788 civitas
3573 4734 3707 4802 illa,

2098 4810 2359 4871 quantum
2385 4814 2468 4860 est
2496 4806 2639 4864 inter
2655 4809 2849 4867 calum
2872 4823 2927 4869 et
2950 4823 3144 4871 terram
3178 4818 3523 4878 interstitium
3546 4842 3568 4893 ;
3595 4826 3710 4884 imo

2098 4893 2271 4949 multo
2311 4896 2499 4967 magis,
2532 4899 2577 4954 si
2609 4901 2976 4973 ncgligamus;
3004 4914 3065 4961 ut
3092 4923 3124 4963 e
3164 4913 3471 4981 contrario,
3499 4916 3549 4970 si
3583 4928 3708 4974 stu-

2095 4983 2232 5039 diosi
2254 4986 2444 5057 simus,
2474 4989 2528 5044 in
2552 5004 2825 5050 momento
2849 4999 3107 5068 temporis
3130 5000 3197 5056 ad
3219 5002 3335 5072 ejus
3350 5002 3549 5073 ianuas
3574 5025 3704 5078 per-

2094 5078 2277 5135 venire
2299 5080 2613 5150 poterimus.
2636 5083 2752 5141 Non
2777 5088 2920 5143 enim
2949 5090 3188 5148 locorum
3212 5094 3574 5169 longitudine,
3605 5106 3705 5160 scd

2092 5170 2560 5232 institutoiuorum
2592 5179 2707 5236 hinc
2734 5184 2903 5252 spatia
2933 5185 3201 5241 metienda
3232 5199 3377 5245 sunt.

2161 5264 2214 5319 8.
2242 5264 2322 5320 'l‘u
2353 5282 2481 5324 vero
2509 5274 2790 5340 praesentis
2818 5275 2942 5331 vitae
2973 5291 3061 5333 res
3090 5277 3374 5351 diligenter
3420 5286 3608 5355 nosti,
3644 5302 3703 5346 et

2089 5372 2223 5411 nova
2276 5363 2570 5434 ctantiqus.
2616 5374 2670 5421 et
2706 5376 2927 5436 vetera,
2973 5371 3349 5443 principesque
3393 5392 3703 5439 numerate

2169 5694 2188 5722 ¹
2221 5689 2444 5754 Quidam,
2466 5694 2871 5748 consuetudinem.
