  <div class='ocr_page' id='page_1' title='image "/cluster/home/n/w/nwhite01/storage/ocr_20150623/57-58/hvd.32044012465811/038.png"; bbox 0 0 3832 6178; ppageno 0'>
   <div class='ocr_carea' id='block_1_1' title="bbox 73 232 2225 307">
    <p class='ocr_par' dir='ltr' id='par_1_1' title="bbox 73 232 2225 307">
     <span class='ocr_line' id='line_1_1' title="bbox 73 232 2225 307; baseline 0.003 -7"><span class='ocrx_word' id='word_1_1' title='bbox 73 247 140 301; x_wconf 72' lang='lat'><strong>23</strong></span> <span class='ocrx_word' id='word_1_2' title='bbox 1215 248 1282 303; x_wconf 87' lang='lat' dir='ltr'><strong>lN</strong></span> <span class='ocrx_word' id='word_1_3' title='bbox 1320 232 1744 306; x_wconf 74' lang='lat' dir='ltr'><strong>MATTIUEUM</strong></span> <span class='ocrx_word' id='word_1_4' title='bbox 1778 249 2013 307; x_wconf 75' lang='lat' dir='ltr'><strong>HOMIL.</strong></span> <span class='ocrx_word' id='word_1_5' title='bbox 2078 252 2143 307; x_wconf 92' lang='grc' dir='ltr'>ιι.</span> <span class='ocrx_word' id='word_1_6' title='bbox 2222 278 2225 279; x_wconf 52' lang='grc' dir='ltr'><em>ν</em></span> 
     </span>
    </p>
   </div>
   <div class='ocr_carea' id='block_1_2' title="bbox 80 359 1661 433">
    <p class='ocr_par' dir='ltr' id='par_1_2' title="bbox 80 359 1661 433">
     <span class='ocr_line' id='line_1_2' title="bbox 80 359 1661 433; baseline 0.005 -20"><span class='ocrx_word' id='word_1_7' title='bbox 80 370 241 429; x_wconf 81' lang='lat' dir='ltr'><strong>potes,</strong></span> <span class='ocrx_word' id='word_1_8' title='bbox 258 359 355 414; x_wconf 84' lang='lat' dir='ltr'><strong>sub</strong></span> <span class='ocrx_word' id='word_1_9' title='bbox 376 359 567 429; x_wconf 82' lang='lat' dir='ltr'><strong>quibus</strong></span> <span class='ocrx_word' id='word_1_10' title='bbox 590 362 864 431; x_wconf 79' lang='lat' dir='ltr'><strong>praeterito</strong></span> <span class='ocrx_word' id='word_1_11' title='bbox 893 370 1132 433; x_wconf 88' lang='lat' dir='ltr'><strong>tempore</strong></span> <span class='ocrx_word' id='word_1_12' title='bbox 1158 366 1397 421; x_wconf 91' lang='lat' dir='ltr'><strong>militasti</strong></span> <span class='ocrx_word' id='word_1_13' title='bbox 1428 385 1442 422; x_wconf 90' lang='lat'><strong>:</strong></span> <span class='ocrx_word' id='word_1_14' title='bbox 1468 368 1661 421; x_wconf 84' lang='lat' dir='ltr'><strong>etiam-</strong></span> 
     </span>
    </p>
   </div>
   <div class='ocr_carea' id='block_1_3' title="bbox 77 452 1654 523">
    <p class='ocr_par' dir='ltr' id='par_1_3' title="bbox 77 452 1654 523">
     <span class='ocr_line' id='line_1_3' title="bbox 77 452 1654 523; baseline 0.006 -20"><span class='ocrx_word' id='word_1_15' title='bbox 77 469 176 521; x_wconf 78' lang='lat' dir='ltr'><strong>que</strong></span> <span class='ocrx_word' id='word_1_16' title='bbox 195 452 591 523; x_wconf 79' lang='lat' dir='ltr'><strong>agonOthetam,</strong></span> <span class='ocrx_word' id='word_1_17' title='bbox 622 468 944 508; x_wconf 89' lang='lat' dir='ltr'><strong>coronarum</strong></span> <span class='ocrx_word' id='word_1_18' title='bbox 975 454 1372 521; x_wconf 90' lang='lat' dir='ltr'><strong>distributores,</strong></span> <span class='ocrx_word' id='word_1_19' title='bbox 1396 467 1450 512; x_wconf 92' lang='lat' dir='ltr'><strong>et</strong></span> <span class='ocrx_word' id='word_1_20' title='bbox 1469 458 1654 523; x_wconf 83' lang='lat' dir='ltr'><strong>duces,</strong></span> 
     </span>
    </p>
   </div>
   <div class='ocr_carea' id='block_1_4' title="bbox 77 542 1658 615">
    <p class='ocr_par' dir='ltr' id='par_1_4' title="bbox 77 542 1658 615">
     <span class='ocr_line' id='line_1_4' title="bbox 77 542 1658 615; baseline 0.004 -18"><span class='ocrx_word' id='word_1_21' title='bbox 77 560 189 614; x_wconf 61' lang='lat' dir='ltr'><strong>qua:</strong></span> <span class='ocrx_word' id='word_1_22' title='bbox 216 559 299 598; x_wconf 78' lang='lat' dir='ltr'><strong>res</strong></span> <span class='ocrx_word' id='word_1_23' title='bbox 331 542 463 597; x_wconf 80' lang='lat' dir='ltr'><strong>nihil</strong></span> <span class='ocrx_word' id='word_1_24' title='bbox 498 544 590 599; x_wconf 92' lang='lat' dir='ltr'><strong>tibi</strong></span> <span class='ocrx_word' id='word_1_25' title='bbox 626 544 883 614; x_wconf 89' lang='lat' dir='ltr'><strong>prodesse</strong></span> <span class='ocrx_word' id='word_1_26' title='bbox 910 546 1105 600; x_wconf 86' lang='lat' dir='ltr'><strong>valent.</strong></span> <span class='ocrx_word' id='word_1_27' title='bbox 1139 547 1268 615; x_wconf 86' lang='lat' dir='ltr'><strong>Quis</strong></span> <span class='ocrx_word' id='word_1_28' title='bbox 1296 564 1424 603; x_wconf 89' lang='lat' dir='ltr'><strong>vero</strong></span> <span class='ocrx_word' id='word_1_29' title='bbox 1450 548 1555 602; x_wconf 82' lang='lat' dir='ltr'><strong>dux</strong></span> <span class='ocrx_word' id='word_1_30' title='bbox 1588 550 1658 603; x_wconf 90' lang='lat' dir='ltr'><strong>sit</strong></span> 
     </span>
    </p>
   </div>
   <div class='ocr_carea' id='block_1_5' title="bbox 73 634 1653 710">
    <p class='ocr_par' dir='ltr' id='par_1_5' title="bbox 73 634 1653 710">
     <span class='ocr_line' id='line_1_5' title="bbox 73 634 1653 710; baseline 0.004 -22"><span class='ocrx_word' id='word_1_31' title='bbox 73 637 119 688; x_wconf 85' lang='lat' dir='ltr'><strong>in</strong></span> <span class='ocrx_word' id='word_1_32' title='bbox 147 635 240 688; x_wconf 86' lang='lat' dir='ltr'><strong>hac</strong></span> <span class='ocrx_word' id='word_1_33' title='bbox 263 634 331 688; x_wconf 86' lang='lat' dir='ltr'><strong>de</strong></span> <span class='ocrx_word' id='word_1_34' title='bbox 356 650 457 703; x_wconf 88' lang='lat' dir='ltr'><strong>qua</strong></span> <span class='ocrx_word' id='word_1_35' title='bbox 483 634 756 704; x_wconf 80' lang='lat' dir='ltr'><strong>loquimur</strong></span> <span class='ocrx_word' id='word_1_36' title='bbox 774 636 1008 703; x_wconf 83' lang='lat' dir='ltr'><strong>civitate,</strong></span> <span class='ocrx_word' id='word_1_37' title='bbox 1035 638 1153 707; x_wconf 89' lang='lat' dir='ltr'><strong>quis</strong></span> <span class='ocrx_word' id='word_1_38' title='bbox 1176 639 1400 708; x_wconf 89' lang='lat' dir='ltr'><strong>primus,</strong></span> <span class='ocrx_word' id='word_1_39' title='bbox 1423 641 1543 710; x_wconf 85' lang='lat' dir='ltr'><strong>quis</strong></span> <span class='ocrx_word' id='word_1_40' title='bbox 1569 655 1653 694; x_wconf 84' lang='lat' dir='ltr'><strong>se-</strong></span> 
     </span>
    </p>
   </div>
   <div class='ocr_carea' id='block_1_6' title="bbox 69 721 1643 801">
    <p class='ocr_par' dir='ltr' id='par_1_6' title="bbox 69 721 1643 801">
     <span class='ocr_line' id='line_1_6' title="bbox 69 721 1643 801; baseline 0.01 -27"><span class='ocrx_word' id='word_1_41' title='bbox 69 721 277 783; x_wconf 79' lang='lat' dir='ltr'><strong>cundus,</strong></span> <span class='ocrx_word' id='word_1_42' title='bbox 308 724 427 791; x_wconf 88' lang='lat' dir='ltr'><strong>quis</strong></span> <span class='ocrx_word' id='word_1_43' title='bbox 454 724 665 790; x_wconf 90' lang='lat' dir='ltr'><strong>tertius,</strong></span> <span class='ocrx_word' id='word_1_44' title='bbox 698 724 781 779; x_wconf 90' lang='lat' dir='ltr'><strong>vel</strong></span> <span class='ocrx_word' id='word_1_45' title='bbox 804 735 1000 795; x_wconf 90' lang='lat' dir='ltr'><strong>quanto</strong></span> <span class='ocrx_word' id='word_1_46' title='bbox 1021 730 1243 798; x_wconf 91' lang='lat' dir='ltr'><strong>quisque</strong></span> <span class='ocrx_word' id='word_1_47' title='bbox 1266 740 1505 801; x_wconf 88' lang='lat' dir='ltr'><strong>tempore</strong></span> <span class='ocrx_word' id='word_1_48' title='bbox 1531 749 1643 789; x_wconf 89' lang='lat' dir='ltr'><strong>me-</strong></span> 
     </span>
    </p>
   </div>
   <div class='ocr_carea' id='block_1_7' title="bbox 72 815 1639 893">
    <p class='ocr_par' dir='ltr' id='par_1_7' title="bbox 72 815 1639 893">
     <span class='ocr_line' id='line_1_7' title="bbox 72 815 1639 893; baseline 0.009 -26"><span class='ocrx_word' id='word_1_49' title='bbox 72 816 240 879; x_wconf 79' lang='lat' dir='ltr'><strong>ruerit,</strong></span> <span class='ocrx_word' id='word_1_50' title='bbox 282 815 481 884; x_wconf 88' lang='lat' dir='ltr'><strong>quidve</strong></span> <span class='ocrx_word' id='word_1_51' title='bbox 526 818 785 884; x_wconf 63' lang='lat' dir='ltr'><strong>praeclare</strong></span> <span class='ocrx_word' id='word_1_52' title='bbox 828 821 1075 890; x_wconf 91' lang='lat' dir='ltr'><strong>gesserit,</strong></span> <span class='ocrx_word' id='word_1_53' title='bbox 1121 838 1190 877; x_wconf 92' lang='lat' dir='ltr'><strong>ne</strong></span> <span class='ocrx_word' id='word_1_54' title='bbox 1234 839 1329 893; x_wconf 89' lang='lat' dir='ltr'><strong>per</strong></span> <span class='ocrx_word' id='word_1_55' title='bbox 1375 826 1639 881; x_wconf 90' lang='lat' dir='ltr'><strong>somnium</strong></span> 
     </span>
    </p>
   </div>
   <div class='ocr_carea' id='block_1_8' title="bbox 70 907 1643 982">
    <p class='ocr_par' dir='ltr' id='par_1_8' title="bbox 70 907 1643 982">
     <span class='ocr_line' id='line_1_8' title="bbox 70 907 1643 982; baseline 0.013 -29"><span class='ocrx_word' id='word_1_56' title='bbox 70 907 267 973; x_wconf 66' lang='lat' dir='ltr'><strong>quidem</strong></span> <span class='ocrx_word' id='word_1_57' title='bbox 299 907 571 976; x_wconf 80' lang='lat' dir='ltr'><strong>cogitasti.</strong></span> <span class='ocrx_word' id='word_1_58' title='bbox 604 909 677 963; x_wconf 89' lang='lat' dir='ltr'><strong>De</strong></span> <span class='ocrx_word' id='word_1_59' title='bbox 713 909 923 981; x_wconf 82' lang='lat' dir='ltr'><strong>legibus</strong></span> <span class='ocrx_word' id='word_1_60' title='bbox 965 927 1095 966; x_wconf 89' lang='lat' dir='ltr'><strong>vero</strong></span> <span class='ocrx_word' id='word_1_61' title='bbox 1135 912 1291 982; x_wconf 92' lang='lat' dir='ltr'><strong>hujus</strong></span> <span class='ocrx_word' id='word_1_62' title='bbox 1316 916 1544 972; x_wconf 83' lang='lat' dir='ltr'><strong>civitatis</strong></span> <span class='ocrx_word' id='word_1_63' title='bbox 1576 934 1643 975; x_wconf 89' lang='lat' dir='ltr'><strong>ne</strong></span> 
     </span>
    </p>
   </div>
   <div class='ocr_carea' id='block_1_9' title="bbox 71 1002 1642 1078">
    <p class='ocr_par' dir='ltr' id='par_1_9' title="bbox 71 1002 1642 1078">
     <span class='ocr_line' id='line_1_9' title="bbox 71 1002 1642 1078; baseline 0.008 -25"><span class='ocrx_word' id='word_1_64' title='bbox 71 1004 190 1056; x_wconf 66' lang='lat' dir='ltr'><strong>aiios</strong></span> <span class='ocrx_word' id='word_1_65' title='bbox 232 1002 447 1072; x_wconf 85' lang='lat' dir='ltr'><strong>quidem</strong></span> <span class='ocrx_word' id='word_1_66' title='bbox 498 1003 777 1074; x_wconf 76' lang='lat' dir='ltr'><strong>loquentes</strong></span> <span class='ocrx_word' id='word_1_67' title='bbox 825 1006 1059 1060; x_wconf 83' lang='lat' dir='ltr'><strong>sustines</strong></span> <span class='ocrx_word' id='word_1_68' title='bbox 1105 1007 1312 1062; x_wconf 91' lang='lat' dir='ltr'><strong>audire.</strong></span> <span class='ocrx_word' id='word_1_69' title='bbox 1362 1010 1642 1078; x_wconf 87' lang='lat' dir='ltr'><strong>Quomodo</strong></span> 
     </span>
    </p>
   </div>
   <div class='ocr_carea' id='block_1_10' title="bbox 72 1095 1640 1170">
    <p class='ocr_par' dir='ltr' id='par_1_10' title="bbox 72 1095 1640 1170">
     <span class='ocr_line' id='line_1_10' title="bbox 72 1095 1640 1170; baseline 0.008 -24"><span class='ocrx_word' id='word_1_70' title='bbox 72 1098 232 1164; x_wconf 69' lang='lat' dir='ltr'><strong>igitur,</strong></span> <span class='ocrx_word' id='word_1_71' title='bbox 279 1095 364 1148; x_wconf 93' lang='lat' dir='ltr'><strong>dic</strong></span> <span class='ocrx_word' id='word_1_72' title='bbox 412 1095 568 1157; x_wconf 87' lang='lat' dir='ltr'><strong>mihi,</strong></span> <span class='ocrx_word' id='word_1_73' title='bbox 618 1098 879 1167; x_wconf 90' lang='lat' dir='ltr'><strong>promissa</strong></span> <span class='ocrx_word' id='word_1_74' title='bbox 924 1098 1065 1152; x_wconf 88' lang='lat' dir='ltr'><strong>bona</strong></span> <span class='ocrx_word' id='word_1_75' title='bbox 1097 1107 1148 1152; x_wconf 90' lang='lat' dir='ltr'><strong>te</strong></span> <span class='ocrx_word' id='word_1_76' title='bbox 1185 1112 1640 1170; x_wconf 88' lang='lat' dir='ltr'><strong>consequuturnm</strong></span> 
     </span>
    </p>
   </div>
   <div class='ocr_carea' id='block_1_11' title="bbox 71 1187 1643 1257">
    <p class='ocr_par' dir='ltr' id='par_1_11' title="bbox 71 1187 1643 1257">
     <span class='ocr_line' id='line_1_11' title="bbox 71 1187 1643 1257; baseline 0.007 -18"><span class='ocrx_word' id='word_1_77' title='bbox 71 1203 252 1255; x_wconf 65' lang='lat' dir='ltr'><strong>speras,</strong></span> <span class='ocrx_word' id='word_1_78' title='bbox 284 1187 372 1255; x_wconf 87' lang='lat' dir='ltr'><strong>qui</strong></span> <span class='ocrx_word' id='word_1_79' title='bbox 409 1202 510 1240; x_wconf 88' lang='lat' dir='ltr'><strong>nec</strong></span> <span class='ocrx_word' id='word_1_80' title='bbox 537 1188 697 1242; x_wconf 88' lang='lat' dir='ltr'><strong>dictis</strong></span> <span class='ocrx_word' id='word_1_81' title='bbox 741 1188 806 1242; x_wconf 89' lang='lat' dir='ltr'><strong>ad</strong></span> <span class='ocrx_word' id='word_1_82' title='bbox 836 1189 921 1243; x_wconf 88' lang='lat' dir='ltr'><strong>illa</strong></span> <span class='ocrx_word' id='word_1_83' title='bbox 951 1191 1312 1257; x_wconf 89' lang='lat' dir='ltr'><strong>spectantibus</strong></span> <span class='ocrx_word' id='word_1_84' title='bbox 1357 1195 1643 1250; x_wconf 78' lang='lat' dir='ltr'><strong>attendas?</strong></span> 
     </span>
    </p>
   </div>
   <div class='ocr_carea' id='block_1_12' title="bbox 74 1277 1641 1348">
    <p class='ocr_par' dir='ltr' id='par_1_12' title="bbox 74 1277 1641 1348">
     <span class='ocr_line' id='line_1_12' title="bbox 74 1277 1641 1348; baseline 0.008 -18"><span class='ocrx_word' id='word_1_85' title='bbox 74 1279 246 1331; x_wconf 68' lang='lat' dir='ltr'><strong>Verum</strong></span> <span class='ocrx_word' id='word_1_86' title='bbox 273 1278 317 1331; x_wconf 92' lang='lat' dir='ltr'><strong>si</strong></span> <span class='ocrx_word' id='word_1_87' title='bbox 366 1277 417 1330; x_wconf 91' lang='lat' dir='ltr'><strong>id</strong></span> <span class='ocrx_word' id='word_1_88' title='bbox 453 1294 560 1331; x_wconf 81' lang='lat' dir='ltr'><strong>non</strong></span> <span class='ocrx_word' id='word_1_89' title='bbox 591 1288 716 1333; x_wconf 93' lang='lat' dir='ltr'><strong>ante</strong></span> <span class='ocrx_word' id='word_1_90' title='bbox 764 1280 1111 1348; x_wconf 74' lang='lat' dir='ltr'><strong>pra-Stititnus</strong></span> <span class='ocrx_word' id='word_1_91' title='bbox 1133 1322 1147 1345; x_wconf 94' lang='lat'><strong>,</strong></span> <span class='ocrx_word' id='word_1_92' title='bbox 1180 1282 1262 1335; x_wconf 96' lang='lat' dir='ltr'><strong>vel</strong></span> <span class='ocrx_word' id='word_1_93' title='bbox 1291 1298 1433 1337; x_wconf 90' lang='lat' dir='ltr'><strong>nunc</strong></span> <span class='ocrx_word' id='word_1_94' title='bbox 1468 1284 1641 1343; x_wconf 78' lang='lat' dir='ltr'><strong>facere</strong></span> 
     </span>
    </p>
   </div>
   <div class='ocr_carea' id='block_1_13' title="bbox 72 1370 1640 1440">
    <p class='ocr_par' dir='ltr' id='par_1_13' title="bbox 72 1370 1640 1440">
     <span class='ocr_line' id='line_1_13' title="bbox 72 1370 1640 1440; baseline 0.004 -16"><span class='ocrx_word' id='word_1_95' title='bbox 72 1386 311 1424; x_wconf 81' lang='lat' dir='ltr'><strong>curemus.</strong></span> <span class='ocrx_word' id='word_1_96' title='bbox 344 1370 564 1424; x_wconf 75' lang='lat' dir='ltr'><strong>Etenim</strong></span> <span class='ocrx_word' id='word_1_97' title='bbox 596 1373 638 1424; x_wconf 90' lang='lat' dir='ltr'><strong>si</strong></span> <span class='ocrx_word' id='word_1_98' title='bbox 668 1372 807 1426; x_wconf 91' lang='lat' dir='ltr'><strong>Deus</strong></span> <span class='ocrx_word' id='word_1_99' title='bbox 839 1371 889 1425; x_wconf 89' lang='lat' dir='ltr'><strong>id</strong></span> <span class='ocrx_word' id='word_1_100' title='bbox 918 1374 1273 1440; x_wconf 85' lang='lat' dir='ltr'><strong>concesserit,</strong></span> <span class='ocrx_word' id='word_1_101' title='bbox 1308 1374 1493 1429; x_wconf 88' lang='lat' dir='ltr'><strong>urbem</strong></span> <span class='ocrx_word' id='word_1_102' title='bbox 1522 1378 1640 1432; x_wconf 90' lang='lat' dir='ltr'><strong>adi-</strong></span> 
     </span>
    </p>
   </div>
   <div class='ocr_carea' id='block_1_14' title="bbox 74 1461 1635 1533">
    <p class='ocr_par' dir='ltr' id='par_1_14' title="bbox 74 1461 1635 1533">
     <span class='ocr_line' id='line_1_14' title="bbox 74 1461 1635 1533; baseline 0.006 -20"><span class='ocrx_word' id='word_1_103' title='bbox 74 1461 158 1513; x_wconf 83' lang='lat' dir='ltr'><strong>turi</strong></span> <span class='ocrx_word' id='word_1_104' title='bbox 204 1475 387 1515; x_wconf 89' lang='lat' dir='ltr'><strong>sumus</strong></span> <span class='ocrx_word' id='word_1_105' title='bbox 438 1476 693 1527; x_wconf 83' lang='lat' dir='ltr'><strong>auream,</strong></span> <span class='ocrx_word' id='word_1_106' title='bbox 724 1471 779 1516; x_wconf 88' lang='lat' dir='ltr'><strong>et</strong></span> <span class='ocrx_word' id='word_1_107' title='bbox 822 1463 1013 1531; x_wconf 76' lang='lat' dir='ltr'><strong>quovis</strong></span> <span class='ocrx_word' id='word_1_108' title='bbox 1061 1476 1193 1517; x_wconf 88' lang='lat' dir='ltr'><strong>auro</strong></span> <span class='ocrx_word' id='word_1_109' title='bbox 1243 1465 1635 1533; x_wconf 82' lang='lat' dir='ltr'><strong>pretiosiorem.</strong></span> 
     </span>
    </p>
   </div>
   <div class='ocr_carea' id='block_1_15' title="bbox 72 1554 1638 1631">
    <p class='ocr_par' dir='ltr' id='par_1_15' title="bbox 72 1554 1638 1631">
     <span class='ocr_line' id='line_1_15' title="bbox 72 1554 1638 1631; baseline 0.003 -22"><span class='ocrx_word' id='word_1_110' title='bbox 72 1557 178 1623; x_wconf 77' lang='lat' dir='ltr'><strong>Ejus</strong></span> <span class='ocrx_word' id='word_1_111' title='bbox 203 1569 325 1623; x_wconf 82' lang='lat' dir='ltr'><strong>ergo</strong></span> <span class='ocrx_word' id='word_1_112' title='bbox 352 1554 705 1610; x_wconf 82' lang='lat' dir='ltr'><strong>fundamenta</strong></span> <span class='ocrx_word' id='word_1_113' title='bbox 737 1555 1008 1611; x_wconf 86' lang='lat' dir='ltr'><strong>discamus</strong></span> <span class='ocrx_word' id='word_1_114' title='bbox 1029 1598 1043 1621; x_wconf 92' lang='lat'><strong>,</strong></span> <span class='ocrx_word' id='word_1_115' title='bbox 1076 1557 1190 1626; x_wconf 86' lang='lat' dir='ltr'><strong>ejus</strong></span> <span class='ocrx_word' id='word_1_116' title='bbox 1215 1568 1398 1629; x_wconf 86' lang='lat' dir='ltr'><strong>portas</strong></span> <span class='ocrx_word' id='word_1_117' title='bbox 1426 1575 1491 1614; x_wconf 86' lang='lat' dir='ltr'><strong>ex</strong></span> <span class='ocrx_word' id='word_1_118' title='bbox 1517 1576 1638 1631; x_wconf 86' lang='lat' dir='ltr'><strong>sap-</strong></span> 
     </span>
    </p>
   </div>
   <div class='ocr_carea' id='block_1_16' title="bbox 72 1648 1638 1721">
    <p class='ocr_par' dir='ltr' id='par_1_16' title="bbox 72 1648 1638 1721">
     <span class='ocr_line' id='line_1_16' title="bbox 72 1648 1638 1721; baseline 0.005 -22"><span class='ocrx_word' id='word_1_119' title='bbox 72 1648 201 1715; x_wconf 61' lang='grc' dir='ltr'>[λιιι-ο</span> <span class='ocrx_word' id='word_1_120' title='bbox 227 1655 279 1699; x_wconf 88' lang='lat' dir='ltr'><strong>et</strong></span> <span class='ocrx_word' id='word_1_121' title='bbox 305 1648 621 1715; x_wconf 75' lang='lat' dir='ltr'><strong>margaritis</strong></span> <span class='ocrx_word' id='word_1_122' title='bbox 650 1656 883 1701; x_wconf 85' lang='lat' dir='ltr'><strong>structas</strong></span> <span class='ocrx_word' id='word_1_123' title='bbox 916 1666 929 1701; x_wconf 90' lang='lat'><strong>:</strong></span> <span class='ocrx_word' id='word_1_124' title='bbox 953 1648 1229 1704; x_wconf 88' lang='lat' dir='ltr'><strong>ductorem</strong></span> <span class='ocrx_word' id='word_1_125' title='bbox 1269 1651 1467 1721; x_wconf 89' lang='lat' dir='ltr'><strong>quippe</strong></span> <span class='ocrx_word' id='word_1_126' title='bbox 1496 1653 1638 1721; x_wconf 92' lang='lat' dir='ltr'><strong>opti-</strong></span> 
     </span>
    </p>
   </div>
   <div class='ocr_carea' id='block_1_17' title="bbox 72 1738 1635 1810">
    <p class='ocr_par' dir='ltr' id='par_1_17' title="bbox 72 1738 1635 1810">
     <span class='ocr_line' id='line_1_17' title="bbox 72 1738 1635 1810; baseline 0.005 -22"><span class='ocrx_word' id='word_1_127' title='bbox 72 1754 195 1790; x_wconf 76' lang='lat' dir='ltr'><strong>mum</strong></span> <span class='ocrx_word' id='word_1_128' title='bbox 220 1738 487 1792; x_wconf 80' lang='lat' dir='ltr'><strong>habemus</strong></span> <span class='ocrx_word' id='word_1_129' title='bbox 509 1738 838 1793; x_wconf 71' lang='lat' dir='ltr'><strong>Matthzeum.</strong></span> <span class='ocrx_word' id='word_1_130' title='bbox 868 1739 973 1792; x_wconf 84' lang='lat' dir='ltr'><strong>Per</strong></span> <span class='ocrx_word' id='word_1_131' title='bbox 997 1741 1159 1809; x_wconf 88' lang='lat' dir='ltr'><strong>ipsius</strong></span> <span class='ocrx_word' id='word_1_132' title='bbox 1182 1756 1408 1810; x_wconf 86' lang='lat' dir='ltr'><strong>namque</strong></span> <span class='ocrx_word' id='word_1_133' title='bbox 1430 1753 1635 1810; x_wconf 89' lang='lat' dir='ltr'><strong>portam</strong></span> 
     </span>
    </p>
   </div>
   <div class='ocr_carea' id='block_1_18' title="bbox 73 1831 1635 1903">
    <p class='ocr_par' dir='ltr' id='par_1_18' title="bbox 73 1831 1635 1903">
     <span class='ocr_line' id='line_1_18' title="bbox 73 1831 1635 1903; baseline 0.001 -18"><span class='ocrx_word' id='word_1_134' title='bbox 73 1848 191 1886; x_wconf 75' lang='lat' dir='ltr'><strong>nunc</strong></span> <span class='ocrx_word' id='word_1_135' title='bbox 219 1833 502 1893; x_wconf 84' lang='lat' dir='ltr'><strong>intramus,</strong></span> <span class='ocrx_word' id='word_1_136' title='bbox 534 1833 815 1901; x_wconf 88' lang='lat' dir='ltr'><strong>multoque</strong></span> <span class='ocrx_word' id='word_1_137' title='bbox 841 1832 997 1886; x_wconf 89' lang='lat' dir='ltr'><strong>nobis</strong></span> <span class='ocrx_word' id='word_1_138' title='bbox 1025 1831 1201 1886; x_wconf 91' lang='lat' dir='ltr'><strong>studio</strong></span> <span class='ocrx_word' id='word_1_139' title='bbox 1224 1842 1307 1887; x_wconf 88' lang='lat' dir='ltr'><strong>est</strong></span> <span class='ocrx_word' id='word_1_140' title='bbox 1327 1850 1481 1903; x_wconf 89' lang='lat' dir='ltr'><strong>opus.</strong></span> <span class='ocrx_word' id='word_1_141' title='bbox 1504 1835 1635 1889; x_wconf 87' lang='lat' dir='ltr'><strong>Nam</strong></span> 
     </span>
    </p>
   </div>
   <div class='ocr_carea' id='block_1_19' title="bbox 72 1925 1639 1994">
    <p class='ocr_par' dir='ltr' id='par_1_19' title="bbox 72 1925 1639 1994">
     <span class='ocr_line' id='line_1_19' title="bbox 72 1925 1639 1994; baseline 0.001 -15"><span class='ocrx_word' id='word_1_142' title='bbox 72 1928 105 1979; x_wconf 76' lang='lat' dir='ltr'><strong>si</strong></span> <span class='ocrx_word' id='word_1_143' title='bbox 129 1925 415 1993; x_wconf 79' lang='lat' dir='ltr'><strong>quempiam</strong></span> <span class='ocrx_word' id='word_1_144' title='bbox 464 1925 661 1978; x_wconf 85' lang='lat' dir='ltr'><strong>viderit</strong></span> <span class='ocrx_word' id='word_1_145' title='bbox 703 1940 810 1979; x_wconf 90' lang='lat' dir='ltr'><strong>non</strong></span> <span class='ocrx_word' id='word_1_146' title='bbox 863 1934 1159 1989; x_wconf 86' lang='lat' dir='ltr'><strong>attentum,</strong></span> <span class='ocrx_word' id='word_1_147' title='bbox 1191 1926 1366 1994; x_wconf 85' lang='lat' dir='ltr'><strong>ejiciet</strong></span> <span class='ocrx_word' id='word_1_148' title='bbox 1411 1942 1476 1980; x_wconf 85' lang='lat' dir='ltr'><strong>ex</strong></span> <span class='ocrx_word' id='word_1_149' title='bbox 1506 1928 1639 1982; x_wconf 87' lang='lat' dir='ltr'><strong>civi-</strong></span> 
     </span>
    </p>
   </div>
   <div class='ocr_carea' id='block_1_20' title="bbox 73 2015 1635 2086">
    <p class='ocr_par' dir='ltr' id='par_1_20' title="bbox 73 2015 1635 2086">
     <span class='ocr_line' id='line_1_20' title="bbox 73 2015 1635 2086; baseline 0.004 -19"><span class='ocrx_word' id='word_1_150' title='bbox 73 2029 183 2070; x_wconf 74' lang='lat' dir='ltr'><strong>tate.</strong></span> <span class='ocrx_word' id='word_1_151' title='bbox 209 2016 295 2069; x_wconf 82' lang='lat' dir='ltr'><strong>Est</strong></span> <span class='ocrx_word' id='word_1_152' title='bbox 336 2016 544 2085; x_wconf 88' lang='lat' dir='ltr'><strong>quippe</strong></span> <span class='ocrx_word' id='word_1_153' title='bbox 578 2015 706 2069; x_wconf 89' lang='lat' dir='ltr'><strong>urbs</strong></span> <span class='ocrx_word' id='word_1_154' title='bbox 732 2015 820 2069; x_wconf 89' lang='lat' dir='ltr'><strong>illa</strong></span> <span class='ocrx_word' id='word_1_155' title='bbox 863 2017 1094 2071; x_wconf 80' lang='lat' dir='ltr'><strong>maxime</strong></span> <span class='ocrx_word' id='word_1_156' title='bbox 1123 2018 1265 2086; x_wconf 85' lang='lat' dir='ltr'><strong>regia</strong></span> <span class='ocrx_word' id='word_1_157' title='bbox 1295 2026 1349 2071; x_wconf 92' lang='lat' dir='ltr'><strong>et</strong></span> <span class='ocrx_word' id='word_1_158' title='bbox 1378 2018 1598 2074; x_wconf 88' lang='lat' dir='ltr'><strong>illustris</strong></span> <span class='ocrx_word' id='word_1_159' title='bbox 1619 2060 1635 2083; x_wconf 91' lang='lat'><strong>,</strong></span> 
     </span>
    </p>
   </div>
   <div class='ocr_carea' id='block_1_21' title="bbox 71 2107 1634 2179">
    <p class='ocr_par' dir='ltr' id='par_1_21' title="bbox 71 2107 1634 2179">
     <span class='ocr_line' id='line_1_21' title="bbox 71 2107 1634 2179; baseline 0.003 -18"><span class='ocrx_word' id='word_1_160' title='bbox 71 2124 218 2175; x_wconf 68' lang='lat' dir='ltr'><strong>neque</strong></span> <span class='ocrx_word' id='word_1_161' title='bbox 246 2120 300 2160; x_wconf 93' lang='lat' dir='ltr'><strong>ut</strong></span> <span class='ocrx_word' id='word_1_162' title='bbox 347 2107 517 2161; x_wconf 87' lang='lat' dir='ltr'><strong>urbes</strong></span> <span class='ocrx_word' id='word_1_163' title='bbox 549 2117 785 2174; x_wconf 67' lang='lat' dir='ltr'><strong>nostra),</strong></span> <span class='ocrx_word' id='word_1_164' title='bbox 817 2108 869 2162; x_wconf 90' lang='lat' dir='ltr'><strong>in</strong></span> <span class='ocrx_word' id='word_1_165' title='bbox 900 2108 1072 2163; x_wconf 81' lang='lat' dir='ltr'><strong>forum</strong></span> <span class='ocrx_word' id='word_1_166' title='bbox 1115 2118 1168 2163; x_wconf 91' lang='lat' dir='ltr'><strong>et</strong></span> <span class='ocrx_word' id='word_1_167' title='bbox 1197 2111 1394 2179; x_wconf 83' lang='lat' dir='ltr'><strong>regiam</strong></span> <span class='ocrx_word' id='word_1_168' title='bbox 1442 2111 1634 2166; x_wconf 85' lang='lat' dir='ltr'><strong>distin-</strong></span> 
     </span>
    </p>
   </div>
   <div class='ocr_carea' id='block_1_22' title="bbox 72 2201 1638 2276">
    <p class='ocr_par' dir='ltr' id='par_1_22' title="bbox 72 2201 1638 2276">
     <span class='ocr_line' id='line_1_22' title="bbox 72 2201 1638 2276; baseline 0.007 -24"><span class='ocrx_word' id='word_1_169' title='bbox 72 2204 220 2267; x_wconf 72' lang='lat' dir='ltr'><strong>guitur</strong></span> <span class='ocrx_word' id='word_1_170' title='bbox 247 2222 259 2254; x_wconf 90' lang='lat'><strong>:</strong></span> <span class='ocrx_word' id='word_1_171' title='bbox 290 2203 386 2255; x_wconf 86' lang='lat' dir='ltr'><strong>sed</strong></span> <span class='ocrx_word' id='word_1_172' title='bbox 420 2201 496 2255; x_wconf 90' lang='lat' dir='ltr'><strong>ibi</strong></span> <span class='ocrx_word' id='word_1_173' title='bbox 528 2202 711 2256; x_wconf 88' lang='lat' dir='ltr'><strong>omnia</strong></span> <span class='ocrx_word' id='word_1_174' title='bbox 742 2202 891 2273; x_wconf 89' lang='lat' dir='ltr'><strong>regia</strong></span> <span class='ocrx_word' id='word_1_175' title='bbox 940 2212 1082 2256; x_wconf 91' lang='lat' dir='ltr'><strong>sunt.</strong></span> <span class='ocrx_word' id='word_1_176' title='bbox 1116 2205 1433 2273; x_wconf 84' lang='lat' dir='ltr'><strong>Aperiamus</strong></span> <span class='ocrx_word' id='word_1_177' title='bbox 1462 2206 1638 2276; x_wconf 87' lang='lat' dir='ltr'><strong>itaque</strong></span> 
     </span>
    </p>
   </div>
   <div class='ocr_carea' id='block_1_23' title="bbox 70 2291 1639 2361">
    <p class='ocr_par' dir='ltr' id='par_1_23' title="bbox 70 2291 1639 2361">
     <span class='ocr_line' id='line_1_23' title="bbox 70 2291 1639 2361; baseline 0.006 -18"><span class='ocrx_word' id='word_1_178' title='bbox 70 2293 235 2346; x_wconf 82' lang='lat' dir='ltr'><strong>mentis</strong></span> <span class='ocrx_word' id='word_1_179' title='bbox 267 2291 505 2360; x_wconf 86' lang='lat' dir='ltr'><strong>januas,</strong></span> <span class='ocrx_word' id='word_1_180' title='bbox 552 2292 861 2361; x_wconf 88' lang='lat' dir='ltr'><strong>aperiamus</strong></span> <span class='ocrx_word' id='word_1_181' title='bbox 907 2308 1100 2356; x_wconf 90' lang='lat' dir='ltr'><strong>aures,</strong></span> <span class='ocrx_word' id='word_1_182' title='bbox 1142 2302 1197 2348; x_wconf 90' lang='lat' dir='ltr'><strong>ct</strong></span> <span class='ocrx_word' id='word_1_183' title='bbox 1233 2311 1354 2349; x_wconf 89' lang='lat' dir='ltr'><strong>cum</strong></span> <span class='ocrx_word' id='word_1_184' title='bbox 1405 2304 1639 2353; x_wconf 88' lang='lat' dir='ltr'><strong>tremore</strong></span> 
     </span>
    </p>
   </div>
   <div class='ocr_carea' id='block_1_24' title="bbox 72 2384 1637 2455">
    <p class='ocr_par' dir='ltr' id='par_1_24' title="bbox 72 2384 1637 2455">
     <span class='ocr_line' id='line_1_24' title="bbox 72 2384 1637 2455; baseline 0.006 -18"><span class='ocrx_word' id='word_1_185' title='bbox 72 2384 469 2453; x_wconf 77' lang='lat' dir='ltr'><strong>plurimolimina</strong></span> <span class='ocrx_word' id='word_1_186' title='bbox 485 2384 902 2454; x_wconf 87' lang='lat' dir='ltr'><strong>transgressuri,</strong></span> <span class='ocrx_word' id='word_1_187' title='bbox 928 2385 1125 2455; x_wconf 76' lang='lat' dir='ltr'><strong>Regem</strong></span> <span class='ocrx_word' id='word_1_188' title='bbox 1150 2385 1298 2439; x_wconf 92' lang='lat' dir='ltr'><strong>illum</strong></span> <span class='ocrx_word' id='word_1_189' title='bbox 1320 2387 1637 2445; x_wconf 89' lang='lat' dir='ltr'><strong>adoremus:</strong></span> 
     </span>
    </p>
   </div>
   <div class='ocr_carea' id='block_1_25' title="bbox 72 2476 1639 2546">
    <p class='ocr_par' dir='ltr' id='par_1_25' title="bbox 72 2476 1639 2546">
     <span class='ocr_line' id='line_1_25' title="bbox 72 2476 1639 2546; baseline 0.002 -15"><span class='ocrx_word' id='word_1_190' title='bbox 72 2493 171 2531; x_wconf 75' lang='lat' dir='ltr'><strong>nam</strong></span> <span class='ocrx_word' id='word_1_191' title='bbox 211 2476 291 2530; x_wconf 86' lang='lat' dir='ltr'><strong>vel</strong></span> <span class='ocrx_word' id='word_1_192' title='bbox 336 2477 546 2545; x_wconf 82' lang='lat' dir='ltr'><strong>primus</strong></span> <span class='ocrx_word' id='word_1_193' title='bbox 590 2491 921 2546; x_wconf 87' lang='lat' dir='ltr'><strong>congressus</strong></span> <span class='ocrx_word' id='word_1_194' title='bbox 964 2478 1213 2532; x_wconf 87' lang='lat' dir='ltr'><strong>sectatori</strong></span> <span class='ocrx_word' id='word_1_195' title='bbox 1252 2486 1509 2534; x_wconf 90' lang='lat' dir='ltr'><strong>terrorem</strong></span> <span class='ocrx_word' id='word_1_196' title='bbox 1558 2481 1639 2534; x_wconf 81' lang='lat' dir='ltr'><strong>in-</strong></span> 
     </span>
    </p>
   </div>
   <div class='ocr_carea' id='block_1_26' title="bbox 70 2569 1638 2641">
    <p class='ocr_par' dir='ltr' id='par_1_26' title="bbox 70 2569 1638 2641">
     <span class='ocr_line' id='line_1_26' title="bbox 70 2569 1638 2641; baseline 0.003 -18"><span class='ocrx_word' id='word_1_197' title='bbox 70 2580 225 2627; x_wconf 74' lang='lat' dir='ltr'><strong>nitere</strong></span> <span class='ocrx_word' id='word_1_198' title='bbox 254 2570 413 2626; x_wconf 85' lang='lat' dir='ltr'><strong>valet.</strong></span> <span class='ocrx_word' id='word_1_199' title='bbox 446 2570 608 2625; x_wconf 78' lang='lat' dir='ltr'><strong>Modo</strong></span> <span class='ocrx_word' id='word_1_200' title='bbox 636 2569 855 2641; x_wconf 89' lang='lat' dir='ltr'><strong>quidem</strong></span> <span class='ocrx_word' id='word_1_201' title='bbox 884 2580 1051 2640; x_wconf 74' lang='lat' dir='ltr'><strong>porta:</strong></span> <span class='ocrx_word' id='word_1_202' title='bbox 1082 2572 1196 2626; x_wconf 71' lang='lat' dir='ltr'><strong>istae</strong></span> <span class='ocrx_word' id='word_1_203' title='bbox 1225 2571 1381 2628; x_wconf 89' lang='lat' dir='ltr'><strong>nobis</strong></span> <span class='ocrx_word' id='word_1_204' title='bbox 1410 2572 1638 2627; x_wconf 62' lang='lat' dir='ltr'><strong>occlusa»</strong></span> 
     </span>
    </p>
   </div>
   <div class='ocr_carea' id='block_1_27' title="bbox 1771 365 3355 452">
    <p class='ocr_par' dir='ltr' id='par_1_27' title="bbox 1771 365 3355 452">
     <span class='ocr_line' id='line_1_27' title="bbox 1771 365 3355 452; baseline 0.016 -37"><span class='ocrx_word' id='word_1_205' title='bbox 1771 371 1927 416; x_wconf 89' lang='lat' dir='ltr'><strong>sunt:</strong></span> <span class='ocrx_word' id='word_1_206' title='bbox 1949 365 2163 431; x_wconf 87' lang='lat' dir='ltr'><strong>quando</strong></span> <span class='ocrx_word' id='word_1_207' title='bbox 2189 374 2366 422; x_wconf 88' lang='lat' dir='ltr'><strong>autem</strong></span> <span class='ocrx_word' id='word_1_208' title='bbox 2394 368 2522 425; x_wconf 90' lang='lat' dir='ltr'><strong>istas</strong></span> <span class='ocrx_word' id='word_1_209' title='bbox 2542 380 2754 442; x_wconf 89' lang='lat' dir='ltr'><strong>apertas</strong></span> <span class='ocrx_word' id='word_1_210' title='bbox 2781 374 3081 435; x_wconf 84' lang='lat' dir='ltr'><strong>videbimus</strong></span> <span class='ocrx_word' id='word_1_211' title='bbox 3111 381 3249 452; x_wconf 69' lang='lat' dir='ltr'><strong>(haec</strong></span> <span class='ocrx_word' id='word_1_212' title='bbox 3270 395 3355 440; x_wconf 87' lang='lat' dir='ltr'><strong>est</strong></span> 
     </span>
    </p>
   </div>
   <div class='ocr_carea' id='block_1_28' title="bbox 1768 453 3351 533">
    <p class='ocr_par' dir='ltr' id='par_1_28' title="bbox 1768 453 3351 533">
     <span class='ocr_line' id='line_1_28' title="bbox 1768 453 3351 533; baseline 0.016 -29"><span class='ocrx_word' id='word_1_213' title='bbox 1768 453 1912 505; x_wconf 89' lang='lat' dir='ltr'><strong>enim</strong></span> <span class='ocrx_word' id='word_1_214' title='bbox 1957 455 2310 533; x_wconf 66' lang='lat' dir='ltr'><strong>quaestionum</strong></span> <span class='ocrx_word' id='word_1_215' title='bbox 2359 460 2616 533; x_wconf 86' lang='lat' dir='ltr'><strong>solutio),</strong></span> <span class='ocrx_word' id='word_1_216' title='bbox 2654 472 2776 519; x_wconf 90' lang='lat' dir='ltr'><strong>tunc</strong></span> <span class='ocrx_word' id='word_1_217' title='bbox 2805 468 3028 524; x_wconf 92' lang='lat' dir='ltr'><strong>multum</strong></span> <span class='ocrx_word' id='word_1_218' title='bbox 3078 470 3220 527; x_wconf 86' lang='lat' dir='ltr'><strong>intus</strong></span> <span class='ocrx_word' id='word_1_219' title='bbox 3246 474 3351 529; x_wconf 87' lang='lat' dir='ltr'><strong>l‘ul-</strong></span> 
     </span>
    </p>
   </div>
   <div class='ocr_carea' id='block_1_29' title="bbox 1764 545 3349 634">
    <p class='ocr_par' dir='ltr' id='par_1_29' title="bbox 1764 545 3349 634">
     <span class='ocr_line' id='line_1_29' title="bbox 1764 545 3349 634; baseline 0.017 -41"><span class='ocrx_word' id='word_1_220' title='bbox 1764 556 1947 610; x_wconf 83' lang='lat' dir='ltr'><strong>gorem</strong></span> <span class='ocrx_word' id='word_1_221' title='bbox 1980 545 2391 613; x_wconf 89' lang='lat' dir='ltr'><strong>conspiciemus.</strong></span> <span class='ocrx_word' id='word_1_222' title='bbox 2422 549 2654 619; x_wconf 88' lang='lat' dir='ltr'><strong>Spiritus</strong></span> <span class='ocrx_word' id='word_1_223' title='bbox 2678 557 2819 611; x_wconf 89' lang='lat' dir='ltr'><strong>enim</strong></span> <span class='ocrx_word' id='word_1_224' title='bbox 2847 560 3017 615; x_wconf 89' lang='lat' dir='ltr'><strong>oculis</strong></span> <span class='ocrx_word' id='word_1_225' title='bbox 3035 562 3228 619; x_wconf 90' lang='lat' dir='ltr'><strong>ductus</strong></span> <span class='ocrx_word' id='word_1_226' title='bbox 3250 581 3349 634; x_wconf 88' lang='lat' dir='ltr'><strong>pu-</strong></span> 
     </span>
    </p>
   </div>
   <div class='ocr_carea' id='block_1_30' title="bbox 1766 633 3349 723">
    <p class='ocr_par' dir='ltr' id='par_1_30' title="bbox 1766 633 3349 723">
     <span class='ocr_line' id='line_1_30' title="bbox 1766 633 3349 723; baseline 0.016 -36"><span class='ocrx_word' id='word_1_227' title='bbox 1766 633 2011 689; x_wconf 90' lang='lat' dir='ltr'><strong>blicanus</strong></span> <span class='ocrx_word' id='word_1_228' title='bbox 2039 635 2145 704; x_wconf 90' lang='lat' dir='ltr'><strong>hic,</strong></span> <span class='ocrx_word' id='word_1_229' title='bbox 2175 641 2356 695; x_wconf 89' lang='lat' dir='ltr'><strong>omnia</strong></span> <span class='ocrx_word' id='word_1_230' title='bbox 2384 656 2443 696; x_wconf 91' lang='lat' dir='ltr'><strong>se</strong></span> <span class='ocrx_word' id='word_1_231' title='bbox 2475 643 2565 697; x_wconf 91' lang='lat' dir='ltr'><strong>tibi</strong></span> <span class='ocrx_word' id='word_1_232' title='bbox 2608 654 2948 704; x_wconf 89' lang='lat' dir='ltr'><strong>ostensurum</strong></span> <span class='ocrx_word' id='word_1_233' title='bbox 2977 667 3098 707; x_wconf 91' lang='lat' dir='ltr'><strong>esse</strong></span> <span class='ocrx_word' id='word_1_234' title='bbox 3127 633 3349 723; x_wconf 86' lang='lat' dir='ltr'><strong>pollice-</strong></span> 
     </span>
    </p>
   </div>
   <div class='ocr_carea' id='block_1_31' title="bbox 1765 726 3348 804">
    <p class='ocr_par' dir='ltr' id='par_1_31' title="bbox 1765 726 3348 804">
     <span class='ocr_line' id='line_1_31' title="bbox 1765 726 3348 804; baseline 0.016 -27"><span class='ocrx_word' id='word_1_235' title='bbox 1765 733 1850 778; x_wconf 91' lang='lat' dir='ltr'><strong>tur</strong></span> <span class='ocrx_word' id='word_1_236' title='bbox 1880 743 1893 778; x_wconf 90' lang='lat'>:</span> <span class='ocrx_word' id='word_1_237' title='bbox 1923 726 2136 781; x_wconf 87' lang='lat' dir='ltr'><strong>ubinam</strong></span> <span class='ocrx_word' id='word_1_238' title='bbox 2167 730 2278 784; x_wconf 72' lang='lat' dir='ltr'><strong>Rex</strong></span> <span class='ocrx_word' id='word_1_239' title='bbox 2304 732 2485 787; x_wconf 62' lang='lat' dir='ltr'><strong>sedi-at</strong></span> <span class='ocrx_word' id='word_1_240' title='bbox 2505 776 2520 797; x_wconf 93' lang='lat'><strong>,</strong></span> <span class='ocrx_word' id='word_1_241' title='bbox 2547 738 2765 804; x_wconf 90' lang='lat' dir='ltr'><strong>quinam</strong></span> <span class='ocrx_word' id='word_1_242' title='bbox 2797 741 2864 794; x_wconf 91' lang='lat' dir='ltr'><strong>de</strong></span> <span class='ocrx_word' id='word_1_243' title='bbox 2890 745 3245 803; x_wconf 78' lang='lat' dir='ltr'><strong>excercitibtts</strong></span> <span class='ocrx_word' id='word_1_244' title='bbox 3274 748 3348 803; x_wconf 91' lang='lat' dir='ltr'><strong>illi</strong></span> 
     </span>
    </p>
   </div>
   <div class='ocr_carea' id='block_1_32' title="bbox 1768 819 3351 904">
    <p class='ocr_par' dir='ltr' id='par_1_32' title="bbox 1768 819 3351 904">
     <span class='ocr_line' id='line_1_32' title="bbox 1768 819 3351 904; baseline 0.011 -32"><span class='ocrx_word' id='word_1_245' title='bbox 1768 819 1977 888; x_wconf 85' lang='lat' dir='ltr'><strong>adsint;</strong></span> <span class='ocrx_word' id='word_1_246' title='bbox 2008 821 2221 877; x_wconf 88' lang='lat' dir='ltr'><strong>ubinam</strong></span> <span class='ocrx_word' id='word_1_247' title='bbox 2253 825 2359 878; x_wconf 89' lang='lat' dir='ltr'><strong>sint</strong></span> <span class='ocrx_word' id='word_1_248' title='bbox 2390 828 2585 896; x_wconf 82' lang='lat' dir='ltr'><strong>angeli,</strong></span> <span class='ocrx_word' id='word_1_249' title='bbox 2614 828 2705 882; x_wconf 89' lang='lat' dir='ltr'><strong>ubi</strong></span> <span class='ocrx_word' id='word_1_250' title='bbox 2734 832 3039 901; x_wconf 88' lang='lat' dir='ltr'><strong>archangeli</strong></span> <span class='ocrx_word' id='word_1_251' title='bbox 3064 851 3079 888; x_wconf 90' lang='lat'>:</span> <span class='ocrx_word' id='word_1_252' title='bbox 3105 835 3225 904; x_wconf 89' lang='lat' dir='ltr'><strong>quis</strong></span> <span class='ocrx_word' id='word_1_253' title='bbox 3254 849 3351 889; x_wconf 86' lang='lat' dir='ltr'><strong>no-</strong></span> 
     </span>
    </p>
   </div>
   <div class='ocr_carea' id='block_1_33' title="bbox 1766 914 3349 997">
    <p class='ocr_par' dir='ltr' id='par_1_33' title="bbox 1766 914 3349 997">
     <span class='ocr_line' id='line_1_33' title="bbox 1766 914 3349 997; baseline 0.013 -35"><span class='ocrx_word' id='word_1_254' title='bbox 1766 914 1845 968; x_wconf 87' lang='lat' dir='ltr'><strong>vis</strong></span> <span class='ocrx_word' id='word_1_255' title='bbox 1891 916 2041 969; x_wconf 87' lang='lat' dir='ltr'><strong>istius</strong></span> <span class='ocrx_word' id='word_1_256' title='bbox 2075 917 2221 971; x_wconf 89' lang='lat' dir='ltr'><strong>urbis</strong></span> <span class='ocrx_word' id='word_1_257' title='bbox 2252 920 2455 974; x_wconf 78' lang='lat' dir='ltr'><strong>civibus</strong></span> <span class='ocrx_word' id='word_1_258' title='bbox 2493 923 2562 975; x_wconf 87' lang='lat' dir='ltr'><strong>sit</strong></span> <span class='ocrx_word' id='word_1_259' title='bbox 2604 923 2891 993; x_wconf 87' lang='lat' dir='ltr'><strong>deputatus</strong></span> <span class='ocrx_word' id='word_1_260' title='bbox 2930 926 3107 992; x_wconf 92' lang='lat' dir='ltr'><strong>locus;</strong></span> <span class='ocrx_word' id='word_1_261' title='bbox 3135 942 3253 997; x_wconf 61' lang='lat' dir='ltr'><strong>quae</strong></span> <span class='ocrx_word' id='word_1_262' title='bbox 3279 928 3349 982; x_wconf 88' lang='lat' dir='ltr'><strong>sit</strong></span> 
     </span>
    </p>
   </div>
   <div class='ocr_carea' id='block_1_34' title="bbox 1768 1007 3348 1086">
    <p class='ocr_par' dir='ltr' id='par_1_34' title="bbox 1768 1007 3348 1086">
     <span class='ocr_line' id='line_1_34' title="bbox 1768 1007 3348 1086; baseline 0.009 -28"><span class='ocrx_word' id='word_1_263' title='bbox 1768 1007 1850 1059; x_wconf 88' lang='lat' dir='ltr'><strong>via</strong></span> <span class='ocrx_word' id='word_1_264' title='bbox 1871 1007 2007 1061; x_wconf 89' lang='lat' dir='ltr'><strong>istuc</strong></span> <span class='ocrx_word' id='word_1_265' title='bbox 2032 1008 2268 1074; x_wconf 91' lang='lat' dir='ltr'><strong>ducens;</strong></span> <span class='ocrx_word' id='word_1_266' title='bbox 2296 1027 2453 1085; x_wconf 87' lang='lat' dir='ltr'><strong>quam</strong></span> <span class='ocrx_word' id='word_1_267' title='bbox 2476 1024 2672 1068; x_wconf 86' lang='lat' dir='ltr'><strong>sortem</strong></span> <span class='ocrx_word' id='word_1_268' title='bbox 2698 1016 3003 1085; x_wconf 87' lang='lat' dir='ltr'><strong>acceperint</strong></span> <span class='ocrx_word' id='word_1_269' title='bbox 3030 1017 3088 1084; x_wconf 89' lang='lat' dir='ltr'><strong>ii,</strong></span> <span class='ocrx_word' id='word_1_270' title='bbox 3111 1018 3198 1086; x_wconf 91' lang='lat' dir='ltr'><strong>qui</strong></span> <span class='ocrx_word' id='word_1_271' title='bbox 3223 1027 3348 1074; x_wconf 86' lang='lat' dir='ltr'><strong>sunt</strong></span> 
     </span>
    </p>
   </div>
   <div class='ocr_carea' id='block_1_35' title="bbox 1764 1096 3347 1175">
    <p class='ocr_par' dir='ltr' id='par_1_35' title="bbox 1764 1096 3347 1175">
     <span class='ocr_line' id='line_1_35' title="bbox 1764 1096 3347 1175; baseline 0.011 -29"><span class='ocrx_word' id='word_1_272' title='bbox 1764 1096 1994 1165; x_wconf 89' lang='lat' dir='ltr'><strong>primum</strong></span> <span class='ocrx_word' id='word_1_273' title='bbox 2025 1098 2145 1152; x_wconf 90' lang='lat' dir='ltr'><strong>istic</strong></span> <span class='ocrx_word' id='word_1_274' title='bbox 2178 1100 2320 1154; x_wconf 83' lang='lat' dir='ltr'><strong>cives</strong></span> <span class='ocrx_word' id='word_1_275' title='bbox 2346 1101 2601 1167; x_wconf 89' lang='lat' dir='ltr'><strong>admissi,</strong></span> <span class='ocrx_word' id='word_1_276' title='bbox 2634 1113 2688 1158; x_wconf 89' lang='lat' dir='ltr'><strong>et</strong></span> <span class='ocrx_word' id='word_1_277' title='bbox 2730 1115 2850 1174; x_wconf 90' lang='lat' dir='ltr'><strong>post</strong></span> <span class='ocrx_word' id='word_1_278' title='bbox 2892 1105 2991 1161; x_wconf 89' lang='lat' dir='ltr'><strong>hos</strong></span> <span class='ocrx_word' id='word_1_279' title='bbox 3014 1109 3253 1175; x_wconf 89' lang='lat' dir='ltr'><strong>secundi,</strong></span> <span class='ocrx_word' id='word_1_280' title='bbox 3283 1124 3347 1164; x_wconf 88' lang='lat' dir='ltr'><strong>ac</strong></span> 
     </span>
    </p>
   </div>
   <div class='ocr_carea' id='block_1_36' title="bbox 1762 1184 3345 1268">
    <p class='ocr_par' dir='ltr' id='par_1_36' title="bbox 1762 1184 3345 1268">
     <span class='ocr_line' id='line_1_36' title="bbox 1762 1184 3345 1268; baseline 0.009 -31"><span class='ocrx_word' id='word_1_281' title='bbox 1762 1184 1953 1239; x_wconf 89' lang='lat' dir='ltr'><strong>deinde</strong></span> <span class='ocrx_word' id='word_1_282' title='bbox 1985 1189 2122 1240; x_wconf 89' lang='lat' dir='ltr'><strong>tertii</strong></span> <span class='ocrx_word' id='word_1_283' title='bbox 2150 1205 2162 1240; x_wconf 91' lang='lat'><strong>:</strong></span> <span class='ocrx_word' id='word_1_284' title='bbox 2195 1198 2326 1257; x_wconf 92' lang='lat' dir='ltr'><strong>quot</strong></span> <span class='ocrx_word' id='word_1_285' title='bbox 2350 1190 2457 1243; x_wconf 89' lang='lat' dir='ltr'><strong>sint</strong></span> <span class='ocrx_word' id='word_1_286' title='bbox 2486 1192 2698 1246; x_wconf 89' lang='lat' dir='ltr'><strong>illorum</strong></span> <span class='ocrx_word' id='word_1_287' title='bbox 2729 1196 2921 1248; x_wconf 87' lang='lat' dir='ltr'><strong>civium</strong></span> <span class='ocrx_word' id='word_1_288' title='bbox 2953 1197 3190 1265; x_wconf 88' lang='lat' dir='ltr'><strong>ordines,</strong></span> <span class='ocrx_word' id='word_1_289' title='bbox 3214 1207 3345 1268; x_wconf 86' lang='lat' dir='ltr'><strong>quot</strong></span> 
     </span>
    </p>
   </div>
   <div class='ocr_carea' id='block_1_37' title="bbox 1760 1279 3342 1352">
    <p class='ocr_par' dir='ltr' id='par_1_37' title="bbox 1760 1279 3342 1352">
     <span class='ocr_line' id='line_1_37' title="bbox 1760 1279 3342 1352; baseline 0.009 -23"><span class='ocrx_word' id='word_1_290' title='bbox 1760 1286 2003 1329; x_wconf 83' lang='lat' dir='ltr'><strong>senatum</strong></span> <span class='ocrx_word' id='word_1_291' title='bbox 2032 1279 2382 1342; x_wconf 85' lang='lat' dir='ltr'><strong>conStituant,</strong></span> <span class='ocrx_word' id='word_1_292' title='bbox 2408 1283 2871 1352; x_wconf 88' lang='lat' dir='ltr'><strong>quotdignitatum</strong></span> <span class='ocrx_word' id='word_1_293' title='bbox 2901 1285 3232 1343; x_wconf 88' lang='lat' dir='ltr'><strong>discrimina.</strong></span> <span class='ocrx_word' id='word_1_294' title='bbox 3262 1289 3342 1346; x_wconf 87' lang='lat' dir='ltr'><strong>Ne</strong></span> 
     </span>
    </p>
   </div>
   <div class='ocr_carea' id='block_1_38' title="bbox 1760 1366 3339 1445">
    <p class='ocr_par' dir='ltr' id='par_1_38' title="bbox 1760 1366 3339 1445">
     <span class='ocr_line' id='line_1_38' title="bbox 1760 1366 3339 1445; baseline 0.011 -28"><span class='ocrx_word' id='word_1_295' title='bbox 1760 1366 1938 1429; x_wconf 85' lang='lat' dir='ltr'><strong>itaque</strong></span> <span class='ocrx_word' id='word_1_296' title='bbox 1964 1382 2082 1421; x_wconf 89' lang='lat' dir='ltr'><strong>cum</strong></span> <span class='ocrx_word' id='word_1_297' title='bbox 2113 1371 2338 1423; x_wconf 89' lang='lat' dir='ltr'><strong>tumultu</strong></span> <span class='ocrx_word' id='word_1_298' title='bbox 2362 1381 2413 1425; x_wconf 92' lang='lat' dir='ltr'><strong>et</strong></span> <span class='ocrx_word' id='word_1_299' title='bbox 2439 1375 2664 1442; x_wconf 82' lang='lat' dir='ltr'><strong>strepitu</strong></span> <span class='ocrx_word' id='word_1_300' title='bbox 2694 1376 3076 1445; x_wconf 88' lang='lat' dir='ltr'><strong>iugrediamur,</strong></span> <span class='ocrx_word' id='word_1_301' title='bbox 3103 1380 3198 1435; x_wconf 91' lang='lat' dir='ltr'><strong>sed</strong></span> <span class='ocrx_word' id='word_1_302' title='bbox 3220 1396 3339 1435; x_wconf 90' lang='lat' dir='ltr'><strong>cum</strong></span> 
     </span>
    </p>
   </div>
   <div class='ocr_carea' id='block_1_39' title="bbox 1757 1456 3340 1541">
    <p class='ocr_par' dir='ltr' id='par_1_39' title="bbox 1757 1456 3340 1541">
     <span class='ocr_line' id='line_1_39' title="bbox 1757 1456 3340 1541; baseline 0.013 -34"><span class='ocrx_word' id='word_1_303' title='bbox 1757 1456 1971 1512; x_wconf 89' lang='lat' dir='ltr'><strong>silentio</strong></span> <span class='ocrx_word' id='word_1_304' title='bbox 1999 1462 2246 1530; x_wconf 87' lang='lat' dir='ltr'><strong>mystico.</strong></span> <span class='ocrx_word' id='word_1_305' title='bbox 2278 1462 2331 1516; x_wconf 92' lang='lat' dir='ltr'><strong>Si</strong></span> <span class='ocrx_word' id='word_1_306' title='bbox 2370 1464 2511 1518; x_wconf 86' lang='lat' dir='ltr'><strong>enim</strong></span> <span class='ocrx_word' id='word_1_307' title='bbox 2544 1466 2595 1519; x_wconf 89' lang='lat' dir='ltr'><strong>in</strong></span> <span class='ocrx_word' id='word_1_308' title='bbox 2625 1466 2836 1523; x_wconf 86' lang='lat' dir='ltr'><strong>theatro</strong></span> <span class='ocrx_word' id='word_1_309' title='bbox 2877 1484 2997 1524; x_wconf 91' lang='lat' dir='ltr'><strong>cum</strong></span> <span class='ocrx_word' id='word_1_310' title='bbox 3042 1486 3235 1541; x_wconf 89' lang='lat' dir='ltr'><strong>magno</strong></span> <span class='ocrx_word' id='word_1_311' title='bbox 3263 1474 3340 1528; x_wconf 90' lang='lat' dir='ltr'><strong>si-</strong></span> 
     </span>
    </p>
   </div>
   <div class='ocr_carea' id='block_1_40' title="bbox 1758 1547 3338 1635">
    <p class='ocr_par' dir='ltr' id='par_1_40' title="bbox 1758 1547 3338 1635">
     <span class='ocr_line' id='line_1_40' title="bbox 1758 1547 3338 1635; baseline 0.014 -35"><span class='ocrx_word' id='word_1_312' title='bbox 1758 1547 1924 1601; x_wconf 80' lang='lat' dir='ltr'><strong>lentio</strong></span> <span class='ocrx_word' id='word_1_313' title='bbox 1954 1550 2293 1624; x_wconf 84' lang='lat' dir='ltr'><strong>Imperatoris</strong></span> <span class='ocrx_word' id='word_1_314' title='bbox 2334 1555 2503 1609; x_wconf 61' lang='lat' dir='ltr'><strong>literae</strong></span> <span class='ocrx_word' id='word_1_315' title='bbox 2549 1557 2801 1626; x_wconf 85' lang='lat' dir='ltr'><strong>leguntur</strong></span> <span class='ocrx_word' id='word_1_316' title='bbox 2831 1576 2845 1613; x_wconf 88' lang='lat'><strong>:</strong></span> <span class='ocrx_word' id='word_1_317' title='bbox 2879 1564 3046 1617; x_wconf 86' lang='lat' dir='ltr'><strong>multo</strong></span> <span class='ocrx_word' id='word_1_318' title='bbox 3092 1565 3258 1635; x_wconf 87' lang='lat' dir='ltr'><strong>magis</strong></span> <span class='ocrx_word' id='word_1_319' title='bbox 3288 1569 3338 1621; x_wconf 89' lang='lat' dir='ltr'><strong>in</strong></span> 
     </span>
    </p>
   </div>
   <div class='ocr_carea' id='block_1_41' title="bbox 1759 1638 3337 1719">
    <p class='ocr_par' dir='ltr' id='par_1_41' title="bbox 1759 1638 3337 1719">
     <span class='ocr_line' id='line_1_41' title="bbox 1759 1638 3337 1719; baseline 0.015 -29"><span class='ocrx_word' id='word_1_320' title='bbox 1759 1638 1855 1692; x_wconf 89' lang='lat' dir='ltr'><strong>hac</strong></span> <span class='ocrx_word' id='word_1_321' title='bbox 1888 1640 2014 1694; x_wconf 85' lang='lat' dir='ltr'><strong>urbe</strong></span> <span class='ocrx_word' id='word_1_322' title='bbox 2039 1644 2215 1695; x_wconf 87' lang='lat' dir='ltr'><strong>omnia</strong></span> <span class='ocrx_word' id='word_1_323' title='bbox 2252 1645 2425 1699; x_wconf 89' lang='lat' dir='ltr'><strong>sedari</strong></span> <span class='ocrx_word' id='word_1_324' title='bbox 2452 1659 2679 1716; x_wconf 89' lang='lat' dir='ltr'><strong>oportet,</strong></span> <span class='ocrx_word' id='word_1_325' title='bbox 2707 1659 2871 1719; x_wconf 87' lang='lat' dir='ltr'><strong>atque</strong></span> <span class='ocrx_word' id='word_1_326' title='bbox 2895 1655 3117 1709; x_wconf 89' lang='lat' dir='ltr'><strong>arrectis</strong></span> <span class='ocrx_word' id='word_1_327' title='bbox 3143 1658 3337 1715; x_wconf 90' lang='lat' dir='ltr'><strong>animis</strong></span> 
     </span>
    </p>
   </div>
   <div class='ocr_carea' id='block_1_42' title="bbox 1751 1728 3323 1819">
    <p class='ocr_par' dir='ltr' id='par_1_42' title="bbox 1751 1728 3323 1819">
     <span class='ocr_line' id='line_1_42' title="bbox 1751 1728 3323 1819; baseline 0.019 -43"><span class='ocrx_word' id='word_1_328' title='bbox 1751 1736 1801 1776; x_wconf 85' lang='lat' dir='ltr'><strong>et</strong></span> <span class='ocrx_word' id='word_1_329' title='bbox 1824 1728 2038 1782; x_wconf 87' lang='lat' dir='ltr'><strong>auribus</strong></span> <span class='ocrx_word' id='word_1_330' title='bbox 2065 1733 2312 1788; x_wconf 89' lang='lat' dir='ltr'><strong>standum</strong></span> <span class='ocrx_word' id='word_1_331' title='bbox 2340 1745 2423 1790; x_wconf 88' lang='lat' dir='ltr'><strong>est</strong></span> <span class='ocrx_word' id='word_1_332' title='bbox 2441 1739 2479 1792; x_wconf 77' lang='grc' dir='ltr'><strong>ί.</strong></span> <span class='ocrx_word' id='word_1_333' title='bbox 2504 1738 2619 1796; x_wconf 87' lang='lat' dir='ltr'><strong>Non</strong></span> <span class='ocrx_word' id='word_1_334' title='bbox 2640 1743 2780 1798; x_wconf 91' lang='lat' dir='ltr'><strong>enim</strong></span> <span class='ocrx_word' id='word_1_335' title='bbox 2804 1748 3003 1803; x_wconf 85' lang='lat' dir='ltr'><strong>terreni</strong></span> <span class='ocrx_word' id='word_1_336' title='bbox 3028 1749 3323 1819; x_wconf 86' lang='lat' dir='ltr'><strong>cujuspiam</strong></span> 
     </span>
    </p>
   </div>
   <div class='ocr_carea' id='block_1_43' title="bbox 1747 1816 3325 1908">
    <p class='ocr_par' dir='ltr' id='par_1_43' title="bbox 1747 1816 3325 1908">
     <span class='ocr_line' id='line_1_43' title="bbox 1747 1816 3325 1908; baseline 0.02 -42"><span class='ocrx_word' id='word_1_337' title='bbox 1747 1816 1909 1908; x_wconf 80' lang='lat' dir='ltr'><strong>regis,</strong></span> <span class='ocrx_word' id='word_1_338' title='bbox 1938 1820 2031 1873; x_wconf 88' lang='lat' dir='ltr'><strong>sed</strong></span> <span class='ocrx_word' id='word_1_339' title='bbox 2059 1825 2366 1893; x_wconf 86' lang='lat' dir='ltr'><strong>angelorum</strong></span> <span class='ocrx_word' id='word_1_340' title='bbox 2393 1829 2602 1885; x_wconf 91' lang='lat' dir='ltr'><strong>Domini</strong></span> <span class='ocrx_word' id='word_1_341' title='bbox 2625 1835 2819 1904; x_wconf 91' lang='lat' dir='ltr'><strong>scripta</strong></span> <span class='ocrx_word' id='word_1_342' title='bbox 2847 1837 3070 1908; x_wconf 84' lang='lat' dir='ltr'><strong>legenda</strong></span> <span class='ocrx_word' id='word_1_343' title='bbox 3094 1816 3240 1895; x_wconf 79' lang='lat' dir='ltr'><strong>sunt.</strong></span> <span class='ocrx_word' id='word_1_344' title='bbox 3268 1842 3325 1897; x_wconf 91' lang='lat' dir='ltr'><strong>Si</strong></span> 
     </span>
    </p>
   </div>
   <div class='ocr_carea' id='block_1_44' title="bbox 1747 1905 3324 2001">
    <p class='ocr_par' dir='ltr' id='par_1_44' title="bbox 1747 1905 3324 2001">
     <span class='ocr_line' id='line_1_44' title="bbox 1747 1905 3324 2001; baseline 0.02 -44"><span class='ocrx_word' id='word_1_345' title='bbox 1747 1905 1817 1958; x_wconf 91' lang='lat' dir='ltr'><strong>ita</strong></span> <span class='ocrx_word' id='word_1_346' title='bbox 1864 1922 1960 1963; x_wconf 91' lang='lat' dir='ltr'><strong>nos</strong></span> <span class='ocrx_word' id='word_1_347' title='bbox 1985 1928 2309 1981; x_wconf 85' lang='lat' dir='ltr'><strong>componere</strong></span> <span class='ocrx_word' id='word_1_348' title='bbox 2356 1920 2711 1991; x_wconf 85' lang='lat' dir='ltr'><strong>voluerimus,</strong></span> <span class='ocrx_word' id='word_1_349' title='bbox 2744 1926 2859 1995; x_wconf 91' lang='lat' dir='ltr'><strong>ipsa</strong></span> <span class='ocrx_word' id='word_1_350' title='bbox 2888 1905 3118 1996; x_wconf 76' lang='lat' dir='ltr'><strong>Spiritus</strong></span> <span class='ocrx_word' id='word_1_351' title='bbox 3155 1934 3324 2001; x_wconf 88' lang='lat' dir='ltr'><strong>gratia</strong></span> 
     </span>
    </p>
   </div>
   <div class='ocr_carea' id='block_1_45' title="bbox 1744 2004 3326 2091">
    <p class='ocr_par' dir='ltr' id='par_1_45' title="bbox 1744 2004 3326 2091">
     <span class='ocr_line' id='line_1_45' title="bbox 1744 2004 3326 2091; baseline 0.019 -43"><span class='ocrx_word' id='word_1_352' title='bbox 1744 2012 1862 2050; x_wconf 91' lang='lat' dir='ltr'><strong>cum</strong></span> <span class='ocrx_word' id='word_1_353' title='bbox 1893 2016 2077 2070; x_wconf 85' lang='lat' dir='ltr'><strong>magna</strong></span> <span class='ocrx_word' id='word_1_354' title='bbox 2107 2004 2377 2076; x_wconf 82' lang='lat' dir='ltr'><strong>diligentia</strong></span> <span class='ocrx_word' id='word_1_355' title='bbox 2407 2027 2505 2068; x_wconf 91' lang='lat' dir='ltr'><strong>nos</strong></span> <span class='ocrx_word' id='word_1_356' title='bbox 2534 2014 2763 2083; x_wconf 88' lang='lat' dir='ltr'><strong>deducet</strong></span> <span class='ocrx_word' id='word_1_357' title='bbox 2788 2058 2803 2083; x_wconf 95' lang='lat'><strong>,</strong></span> <span class='ocrx_word' id='word_1_358' title='bbox 2834 2018 2899 2073; x_wconf 89' lang='lat' dir='ltr'><strong>ad</strong></span> <span class='ocrx_word' id='word_1_359' title='bbox 2930 2020 3210 2091; x_wconf 87' lang='lat' dir='ltr'><strong>ipsumqtte</strong></span> <span class='ocrx_word' id='word_1_360' title='bbox 3239 2038 3326 2079; x_wconf 84' lang='lat' dir='ltr'><strong>re-</strong></span> 
     </span>
    </p>
   </div>
   <div class='ocr_carea' id='block_1_46' title="bbox 1741 2090 3325 2183">
    <p class='ocr_par' dir='ltr' id='par_1_46' title="bbox 1741 2090 3325 2183">
     <span class='ocr_line' id='line_1_46' title="bbox 1741 2090 3325 2183; baseline 0.019 -43"><span class='ocrx_word' id='word_1_361' title='bbox 1741 2090 1883 2157; x_wconf 90' lang='lat' dir='ltr'><strong>gium</strong></span> <span class='ocrx_word' id='word_1_362' title='bbox 1915 2095 2107 2148; x_wconf 90' lang='lat' dir='ltr'><strong>solium</strong></span> <span class='ocrx_word' id='word_1_363' title='bbox 2148 2100 2484 2170; x_wconf 87' lang='lat' dir='ltr'><strong>accedemus,</strong></span> <span class='ocrx_word' id='word_1_364' title='bbox 2515 2103 2760 2177; x_wconf 89' lang='lat' dir='ltr'><strong>bonaque</strong></span> <span class='ocrx_word' id='word_1_365' title='bbox 2797 2111 2975 2165; x_wconf 85' lang='lat' dir='ltr'><strong>omnia</strong></span> <span class='ocrx_word' id='word_1_366' title='bbox 3022 2090 3325 2183; x_wconf 76' lang='lat' dir='ltr'><strong>conseque-</strong></span> 
     </span>
    </p>
   </div>
   <div class='ocr_carea' id='block_1_47' title="bbox 1742 2185 3319 2273">
    <p class='ocr_par' dir='ltr' id='par_1_47' title="bbox 1742 2185 3319 2273">
     <span class='ocr_line' id='line_1_47' title="bbox 1742 2185 3319 2273; baseline 0.018 -42"><span class='ocrx_word' id='word_1_367' title='bbox 1742 2194 1880 2245; x_wconf 89' lang='lat' dir='ltr'><strong>mur,</strong></span> <span class='ocrx_word' id='word_1_368' title='bbox 1906 2185 2071 2250; x_wconf 89' lang='lat' dir='ltr'><strong>gratia</strong></span> <span class='ocrx_word' id='word_1_369' title='bbox 2095 2195 2149 2240; x_wconf 90' lang='lat' dir='ltr'><strong>et</strong></span> <span class='ocrx_word' id='word_1_370' title='bbox 2169 2186 2496 2260; x_wconf 84' lang='lat' dir='ltr'><strong>benignitate</strong></span> <span class='ocrx_word' id='word_1_371' title='bbox 2525 2195 2732 2252; x_wconf 90' lang='lat' dir='ltr'><strong>Domini</strong></span> <span class='ocrx_word' id='word_1_372' title='bbox 2761 2202 2924 2254; x_wconf 90' lang='lat' dir='ltr'><strong>nostri</strong></span> <span class='ocrx_word' id='word_1_373' title='bbox 2950 2201 3076 2256; x_wconf 83' lang='lat' dir='ltr'><strong>Jesu</strong></span> <span class='ocrx_word' id='word_1_374' title='bbox 3099 2203 3319 2273; x_wconf 82' lang='lat' dir='ltr'><strong>Christi,</strong></span> 
     </span>
    </p>
   </div>
   <div class='ocr_carea' id='block_1_48' title="bbox 1739 2272 3318 2367">
    <p class='ocr_par' dir='ltr' id='par_1_48' title="bbox 1739 2272 3318 2367">
     <span class='ocr_line' id='line_1_48' title="bbox 1739 2272 3318 2367; baseline 0.02 -45"><span class='ocrx_word' id='word_1_375' title='bbox 1739 2272 1822 2324; x_wconf 92' lang='lat' dir='ltr'><strong>cui</strong></span> <span class='ocrx_word' id='word_1_376' title='bbox 1850 2273 2019 2341; x_wconf 86' lang='lat' dir='ltr'><strong>gloria</strong></span> <span class='ocrx_word' id='word_1_377' title='bbox 2063 2288 2115 2332; x_wconf 90' lang='lat' dir='ltr'><strong>et</strong></span> <span class='ocrx_word' id='word_1_378' title='bbox 2153 2280 2431 2351; x_wconf 88' lang='lat' dir='ltr'><strong>imperium</strong></span> <span class='ocrx_word' id='word_1_379' title='bbox 2461 2302 2581 2341; x_wconf 89' lang='lat' dir='ltr'><strong>cum</strong></span> <span class='ocrx_word' id='word_1_380' title='bbox 2614 2289 2769 2345; x_wconf 86' lang='lat' dir='ltr'><strong>Patre</strong></span> <span class='ocrx_word' id='word_1_381' title='bbox 2797 2302 2851 2346; x_wconf 92' lang='lat' dir='ltr'><strong>et</strong></span> <span class='ocrx_word' id='word_1_382' title='bbox 2879 2308 3064 2351; x_wconf 88' lang='lat' dir='ltr'><strong>sancto</strong></span> <span class='ocrx_word' id='word_1_383' title='bbox 3095 2272 3318 2367; x_wconf 77' lang='lat' dir='ltr'><strong>Spiritu,</strong></span> 
     </span>
    </p>
   </div>
   <div class='ocr_carea' id='block_1_49' title="bbox 1740 2375 3190 2445">
    <p class='ocr_par' dir='ltr' id='par_1_49' title="bbox 1740 2375 3190 2445">
     <span class='ocr_line' id='line_1_49' title="bbox 1740 2375 3190 2445; baseline 0.021 -30"><span class='ocrx_word' id='word_1_384' title='bbox 1740 2377 1879 2418; x_wconf 90' lang='lat' dir='ltr'><strong>nunc</strong></span> <span class='ocrx_word' id='word_1_385' title='bbox 1905 2375 1958 2419; x_wconf 91' lang='lat' dir='ltr'><strong>et</strong></span> <span class='ocrx_word' id='word_1_386' title='bbox 1984 2380 2215 2438; x_wconf 84' lang='lat' dir='ltr'><strong>semper,</strong></span> <span class='ocrx_word' id='word_1_387' title='bbox 2247 2383 2302 2428; x_wconf 92' lang='lat' dir='ltr'><strong>et</strong></span> <span class='ocrx_word' id='word_1_388' title='bbox 2327 2376 2376 2429; x_wconf 91' lang='lat' dir='ltr'><strong>in</strong></span> <span class='ocrx_word' id='word_1_389' title='bbox 2404 2381 2596 2433; x_wconf 65' lang='lat' dir='ltr'><strong>saecula</strong></span> <span class='ocrx_word' id='word_1_390' title='bbox 2629 2385 2966 2441; x_wconf 55' lang='lat' dir='ltr'><strong>saeculorum.</strong></span> <span class='ocrx_word' id='word_1_391' title='bbox 2998 2389 3190 2445; x_wconf 86' lang='lat' dir='ltr'><strong>Amen.</strong></span> 
     </span>
    </p>
   </div>
   <div class='ocr_carea' id='block_1_50' title="bbox 1803 2562 2843 2639">
    <p class='ocr_par' dir='ltr' id='par_1_50' title="bbox 1803 2562 2843 2639">
     <span class='ocr_line' id='line_1_50' title="bbox 1803 2562 2843 2639; baseline 0.029 -32"><span class='ocrx_word' id='word_1_392' title='bbox 1803 2562 1817 2592; x_wconf 77' lang='grc' dir='ltr'>ί</span> <span class='ocrx_word' id='word_1_393' title='bbox 1854 2564 2039 2625; x_wconf 80' lang='lat' dir='ltr'><strong>Morel.,</strong></span> <span class='ocrx_word' id='word_1_394' title='bbox 2065 2571 2267 2622; x_wconf 76' lang='lat' dir='ltr'><strong>arrectis</strong></span> <span class='ocrx_word' id='word_1_395' title='bbox 2289 2574 2488 2627; x_wconf 82' lang='lat' dir='ltr'><strong>auribus</strong></span> <span class='ocrx_word' id='word_1_396' title='bbox 2510 2584 2733 2633; x_wconf 79' lang='lat' dir='ltr'><strong>standum</strong></span> <span class='ocrx_word' id='word_1_397' title='bbox 2756 2593 2843 2639; x_wconf 79' lang='lat' dir='ltr'><strong>est.</strong></span> 
     </span>
    </p>
   </div>
   <div class='ocr_carea' id='block_1_51' title="bbox 1444 3043 1922 3133">
    <p class='ocr_par' dir='ltr' id='par_1_51' title="bbox 1444 3043 1922 3133">
     <span class='ocr_line' id='line_1_51' title="bbox 1444 3043 1922 3133; baseline 0.01 -5"><span class='ocrx_word' id='word_1_398' title='bbox 1444 3043 1807 3131; x_wconf 55' lang='lat' dir='ltr'><strong>uomuit</strong></span> <span class='ocrx_word' id='word_1_399' title='bbox 1840 3073 1922 3133; x_wconf 93' lang='grc' dir='ltr'>ιι.</span> 
     </span>
    </p>
   </div>
   <div class='ocr_carea' id='block_1_52' title="bbox 64 3304 1618 3378">
    <p class='ocr_par' dir='ltr' id='par_1_52' title="bbox 64 3304 1618 3378">
     <span class='ocr_line' id='line_1_52' title="bbox 64 3304 1618 3378; baseline 0.01 -29"><span class='ocrx_word' id='word_1_400' title='bbox 64 3306 157 3353; x_wconf 56' lang='lat' dir='ltr'><strong>(iis.</strong></span> <span class='ocrx_word' id='word_1_401' title='bbox 195 3304 228 3355; x_wconf 90' lang='lat' dir='ltr'><strong>l.</strong></span> <span class='ocrx_word' id='word_1_402' title='bbox 260 3319 305 3351; x_wconf 88' lang='lat' dir='ltr'><strong>v.</strong></span> <span class='ocrx_word' id='word_1_403' title='bbox 330 3307 375 3357; x_wconf 88' lang='lat' dir='ltr'><strong>l.</strong></span> <span class='ocrx_word' id='word_1_404' title='bbox 404 3304 557 3356; x_wconf 80' lang='lat' dir='ltr'><strong>Liber</strong></span> <span class='ocrx_word' id='word_1_405' title='bbox 583 3306 922 3373; x_wconf 67' lang='lat' dir='ltr'><strong>generationis</strong></span> <span class='ocrx_word' id='word_1_406' title='bbox 950 3305 1072 3359; x_wconf 77' lang='lat' dir='ltr'><strong>Jesu</strong></span> <span class='ocrx_word' id='word_1_407' title='bbox 1098 3308 1283 3361; x_wconf 76' lang='lat' dir='ltr'><strong>Christi</strong></span> <span class='ocrx_word' id='word_1_408' title='bbox 1312 3312 1407 3378; x_wconf 74' lang='lat' dir='ltr'><strong>ﬁlii</strong></span> <span class='ocrx_word' id='word_1_409' title='bbox 1436 3310 1618 3373; x_wconf 81' lang='lat' dir='ltr'><strong>David,</strong></span> 
     </span>
    </p>
   </div>
   <div class='ocr_carea' id='block_1_53' title="bbox 631 3393 1023 3460">
    <p class='ocr_par' dir='ltr' id='par_1_53' title="bbox 631 3393 1023 3460">
     <span class='ocr_line' id='line_1_53' title="bbox 631 3393 1023 3460; baseline 0 -13"><span class='ocrx_word' id='word_1_410' title='bbox 631 3393 729 3460; x_wconf 80' lang='lat' dir='ltr'><strong>ﬁlii</strong></span> <span class='ocrx_word' id='word_1_411' title='bbox 749 3394 1023 3447; x_wconf 79' lang='lat' dir='ltr'><strong>Abraham.</strong></span> 
     </span>
    </p>
   </div>
   <div class='ocr_carea' id='block_1_54' title="bbox 122 3525 1620 3597">
    <p class='ocr_par' dir='ltr' id='par_1_54' title="bbox 122 3525 1620 3597">
     <span class='ocr_line' id='line_1_54' title="bbox 122 3525 1620 3597; baseline 0.007 -22"><span class='ocrx_word' id='word_1_412' title='bbox 122 3526 160 3575; x_wconf 91' lang='lat' dir='ltr'><strong>l.</strong></span> <span class='ocrx_word' id='word_1_413' title='bbox 202 3525 488 3578; x_wconf 76' lang='lat' dir='ltr'><strong>Attentione</strong></span> <span class='ocrx_word' id='word_1_414' title='bbox 557 3527 874 3580; x_wconf 81' lang='lat' dir='ltr'><strong>audientium</strong></span> <span class='ocrx_word' id='word_1_415' title='bbox 935 3529 1185 3595; x_wconf 75' lang='lat' dir='ltr'><strong>excitata,</strong></span> <span class='ocrx_word' id='word_1_416' title='bbox 1234 3530 1620 3597; x_wconf 79' lang='lat' dir='ltr'><strong>descriptionem</strong></span> 
     </span>
    </p>
   </div>
   <div class='ocr_carea' id='block_1_55' title="bbox 61 3616 1618 3688">
    <p class='ocr_par' dir='ltr' id='par_1_55' title="bbox 61 3616 1618 3688">
     <span class='ocr_line' id='line_1_55' title="bbox 61 3616 1618 3688; baseline 0.006 -21"><span class='ocrx_word' id='word_1_417' title='bbox 61 3616 388 3683; x_wconf 59' lang='lat' dir='ltr'><strong>ramirami;</strong></span> <span class='ocrx_word' id='word_1_418' title='bbox 409 3617 667 3671; x_wconf 77' lang='lat' dir='ltr'><strong>adoritur.</strong></span> <span class='ocrx_word' id='word_1_419' title='bbox 685 3619 850 3672; x_wconf 81' lang='grc' dir='ltr'>-Αιι</span> <span class='ocrx_word' id='word_1_420' title='bbox 865 3619 1178 3673; x_wconf 89' lang='lat' dir='ltr'><strong>meministis</strong></span> <span class='ocrx_word' id='word_1_421' title='bbox 1203 3620 1578 3676; x_wconf 85' lang='lat' dir='ltr'><strong>admonitionis</strong></span> <span class='ocrx_word' id='word_1_422' title='bbox 1602 3663 1618 3688; x_wconf 90' lang='lat'><strong>,</strong></span> 
     </span>
    </p>
   </div>
   <div class='ocr_carea' id='block_1_56' title="bbox 62 3709 1622 3775">
    <p class='ocr_par' dir='ltr' id='par_1_56' title="bbox 62 3709 1622 3775">
     <span class='ocr_line' id='line_1_56' title="bbox 62 3709 1622 3775; baseline 0.006 -18"><span class='ocrx_word' id='word_1_423' title='bbox 62 3722 138 3773; x_wconf 71' lang='lat' dir='ltr'><strong>qm</strong></span> <span class='ocrx_word' id='word_1_424' title='bbox 163 3722 325 3775; x_wconf 69' lang='lat' dir='ltr'><strong>nuper</strong></span> <span class='ocrx_word' id='word_1_425' title='bbox 349 3722 449 3761; x_wconf 88' lang='lat' dir='ltr'><strong>vos</strong></span> <span class='ocrx_word' id='word_1_426' title='bbox 477 3709 675 3762; x_wconf 87' lang='lat' dir='ltr'><strong>hortati</strong></span> <span class='ocrx_word' id='word_1_427' title='bbox 707 3722 913 3774; x_wconf 88' lang='lat' dir='ltr'><strong>sumus,</strong></span> <span class='ocrx_word' id='word_1_428' title='bbox 939 3718 994 3763; x_wconf 91' lang='lat' dir='ltr'><strong>ut</strong></span> <span class='ocrx_word' id='word_1_429' title='bbox 1021 3724 1141 3764; x_wconf 91' lang='lat' dir='ltr'><strong>cum</strong></span> <span class='ocrx_word' id='word_1_430' title='bbox 1165 3713 1307 3764; x_wconf 92' lang='lat' dir='ltr'><strong>omni</strong></span> <span class='ocrx_word' id='word_1_431' title='bbox 1334 3712 1545 3767; x_wconf 91' lang='lat' dir='ltr'><strong>silentio</strong></span> <span class='ocrx_word' id='word_1_432' title='bbox 1566 3724 1622 3770; x_wconf 90' lang='lat' dir='ltr'><strong>et</strong></span> 
     </span>
    </p>
   </div>
   <div class='ocr_carea' id='block_1_57' title="bbox 59 3800 1623 3869">
    <p class='ocr_par' dir='ltr' id='par_1_57' title="bbox 59 3800 1623 3869">
     <span class='ocr_line' id='line_1_57' title="bbox 59 3800 1623 3869; baseline 0.006 -20"><span class='ocrx_word' id='word_1_433' title='bbox 59 3800 246 3866; x_wconf 66' lang='lat' dir='ltr'><strong>mystica</strong></span> <span class='ocrx_word' id='word_1_434' title='bbox 261 3800 447 3869; x_wconf 87' lang='lat' dir='ltr'><strong>quiete</strong></span> <span class='ocrx_word' id='word_1_435' title='bbox 473 3800 615 3855; x_wconf 87' lang='lat' dir='ltr'><strong>dicta</strong></span> <span class='ocrx_word' id='word_1_436' title='bbox 641 3802 818 3856; x_wconf 88' lang='lat' dir='ltr'><strong>omnia</strong></span> <span class='ocrx_word' id='word_1_437' title='bbox 845 3801 1133 3857; x_wconf 82' lang='lat' dir='ltr'><strong>audiretis?</strong></span> <span class='ocrx_word' id='word_1_438' title='bbox 1159 3803 1309 3858; x_wconf 89' lang='lat' dir='ltr'><strong>Nunc</strong></span> <span class='ocrx_word' id='word_1_439' title='bbox 1337 3816 1515 3860; x_wconf 85' lang='lat' dir='ltr'><strong>autem</strong></span> <span class='ocrx_word' id='word_1_440' title='bbox 1538 3822 1623 3859; x_wconf 90' lang='lat' dir='ltr'><strong>sa-</strong></span> 
     </span>
    </p>
   </div>
   <div class='ocr_carea' id='block_1_58' title="bbox 61 3892 1620 3962">
    <p class='ocr_par' dir='ltr' id='par_1_58' title="bbox 61 3892 1620 3962">
     <span class='ocr_line' id='line_1_58' title="bbox 61 3892 1620 3962; baseline 0.006 -20"><span class='ocrx_word' id='word_1_441' title='bbox 61 3905 128 3942; x_wconf 79' lang='lat' dir='ltr'><strong>cra</strong></span> <span class='ocrx_word' id='word_1_442' title='bbox 152 3892 326 3947; x_wconf 81' lang='lat' dir='ltr'><strong>limina</strong></span> <span class='ocrx_word' id='word_1_443' title='bbox 354 3893 519 3948; x_wconf 85' lang='lat' dir='ltr'><strong>hodie</strong></span> <span class='ocrx_word' id='word_1_444' title='bbox 540 3893 733 3947; x_wconf 87' lang='lat' dir='ltr'><strong>adituri</strong></span> <span class='ocrx_word' id='word_1_445' title='bbox 763 3908 981 3958; x_wconf 86' lang='lat' dir='ltr'><strong>sumus;</strong></span> <span class='ocrx_word' id='word_1_446' title='bbox 1006 3894 1233 3962; x_wconf 89' lang='lat' dir='ltr'><strong>ideoque</strong></span> <span class='ocrx_word' id='word_1_447' title='bbox 1257 3898 1407 3951; x_wconf 87' lang='lat' dir='ltr'><strong>vobis</strong></span> <span class='ocrx_word' id='word_1_448' title='bbox 1425 3899 1620 3953; x_wconf 88' lang='lat' dir='ltr'><strong>adhor-</strong></span> 
     </span>
    </p>
   </div>
   <div class='ocr_carea' id='block_1_59' title="bbox 62 3983 1616 4045">
    <p class='ocr_par' dir='ltr' id='par_1_59' title="bbox 62 3983 1616 4045">
     <span class='ocr_line' id='line_1_59' title="bbox 62 3983 1616 4045; baseline 0.006 -10"><span class='ocrx_word' id='word_1_449' title='bbox 62 3983 279 4037; x_wconf 72' lang='lat' dir='ltr'><strong>tationem</strong></span> <span class='ocrx_word' id='word_1_450' title='bbox 311 3984 461 4037; x_wconf 83' lang='lat' dir='ltr'><strong>illam</strong></span> <span class='ocrx_word' id='word_1_451' title='bbox 494 3984 549 4037; x_wconf 91' lang='lat' dir='ltr'><strong>in</strong></span> <span class='ocrx_word' id='word_1_452' title='bbox 574 3993 809 4039; x_wconf 87' lang='lat' dir='ltr'><strong>mentem</strong></span> <span class='ocrx_word' id='word_1_453' title='bbox 835 3987 1099 4041; x_wconf 79' lang='lat' dir='ltr'><strong>revocavi.</strong></span> <span class='ocrx_word' id='word_1_454' title='bbox 1130 3986 1260 4040; x_wconf 88' lang='lat' dir='ltr'><strong>Nam</strong></span> <span class='ocrx_word' id='word_1_455' title='bbox 1290 3989 1334 4042; x_wconf 88' lang='lat' dir='ltr'><strong>si</strong></span> <span class='ocrx_word' id='word_1_456' title='bbox 1355 3988 1522 4043; x_wconf 65' lang='lat' dir='ltr'><strong>Judaei</strong></span> <span class='ocrx_word' id='word_1_457' title='bbox 1552 3991 1616 4045; x_wconf 88' lang='lat' dir='ltr'><strong>ad</strong></span> 
     </span>
    </p>
   </div>
   <div class='ocr_carea' id='block_1_60' title="bbox 62 4076 1613 4148">
    <p class='ocr_par' dir='ltr' id='par_1_60' title="bbox 62 4076 1613 4148">
     <span class='ocr_line' id='line_1_60' title="bbox 62 4076 1613 4148; baseline 0.007 -23"><span class='ocrx_word' id='word_1_458' title='bbox 62 4083 261 4128; x_wconf 74' lang='lat' dir='ltr'><strong>montem</strong></span> <span class='ocrx_word' id='word_1_459' title='bbox 287 4076 600 4141; x_wconf 80' lang='lat' dir='ltr'><strong>ardentem,</strong></span> <span class='ocrx_word' id='word_1_460' title='bbox 623 4076 689 4130; x_wconf 87' lang='lat' dir='ltr'><strong>ad</strong></span> <span class='ocrx_word' id='word_1_461' title='bbox 720 4077 914 4146; x_wconf 86' lang='lat' dir='ltr'><strong>ignem,</strong></span> <span class='ocrx_word' id='word_1_462' title='bbox 957 4077 1021 4131; x_wconf 88' lang='lat' dir='ltr'><strong>ad</strong></span> <span class='ocrx_word' id='word_1_463' title='bbox 1044 4078 1341 4148; x_wconf 88' lang='lat' dir='ltr'><strong>caliginem,</strong></span> <span class='ocrx_word' id='word_1_464' title='bbox 1366 4081 1432 4134; x_wconf 89' lang='lat' dir='ltr'><strong>ad</strong></span> <span class='ocrx_word' id='word_1_465' title='bbox 1464 4092 1613 4136; x_wconf 83' lang='lat' dir='ltr'><strong>tene-</strong></span> 
     </span>
    </p>
   </div>
   <div class='ocr_carea' id='block_1_61' title="bbox 62 4164 1611 4235">
    <p class='ocr_par' dir='ltr' id='par_1_61' title="bbox 62 4164 1611 4235">
     <span class='ocr_line' id='line_1_61' title="bbox 62 4164 1611 4235; baseline 0.008 -21"><span class='ocrx_word' id='word_1_466' title='bbox 62 4164 157 4216; x_wconf 71' lang='lat' dir='ltr'><strong>bras</strong></span> <span class='ocrx_word' id='word_1_467' title='bbox 180 4176 230 4219; x_wconf 87' lang='lat' dir='ltr'><strong>et</strong></span> <span class='ocrx_word' id='word_1_468' title='bbox 249 4168 543 4235; x_wconf 82' lang='lat' dir='ltr'><strong>procellam</strong></span> <span class='ocrx_word' id='word_1_469' title='bbox 574 4168 840 4222; x_wconf 86' lang='lat' dir='ltr'><strong>accessuri</strong></span> <span class='ocrx_word' id='word_1_470' title='bbox 865 4186 880 4234; x_wconf 92' lang='lat'><strong>;</strong></span> <span class='ocrx_word' id='word_1_471' title='bbox 913 4168 1020 4222; x_wconf 88' lang='lat' dir='ltr'><strong>imo</strong></span> <span class='ocrx_word' id='word_1_472' title='bbox 1042 4184 1146 4223; x_wconf 89' lang='lat' dir='ltr'><strong>non</strong></span> <span class='ocrx_word' id='word_1_473' title='bbox 1175 4173 1442 4225; x_wconf 86' lang='lat' dir='ltr'><strong>accessuri</strong></span> <span class='ocrx_word' id='word_1_474' title='bbox 1468 4213 1482 4235; x_wconf 91' lang='lat'><strong>,</strong></span> <span class='ocrx_word' id='word_1_475' title='bbox 1519 4174 1611 4227; x_wconf 90' lang='lat' dir='ltr'><strong>sed</strong></span> 
     </span>
    </p>
   </div>
   <div class='ocr_carea' id='block_1_62' title="bbox 64 4257 1621 4325">
    <p class='ocr_par' dir='ltr' id='par_1_62' title="bbox 64 4257 1621 4325">
     <span class='ocr_line' id='line_1_62' title="bbox 64 4257 1621 4325; baseline 0.006 -17"><span class='ocrx_word' id='word_1_476' title='bbox 64 4270 106 4307; x_wconf 74' lang='lat' dir='ltr'><strong>ea</strong></span> <span class='ocrx_word' id='word_1_477' title='bbox 128 4257 345 4311; x_wconf 78' lang='lat' dir='ltr'><strong>audituri</strong></span> <span class='ocrx_word' id='word_1_478' title='bbox 380 4258 599 4312; x_wconf 88' lang='lat' dir='ltr'><strong>eminus</strong></span> <span class='ocrx_word' id='word_1_479' title='bbox 634 4268 689 4312; x_wconf 89' lang='lat' dir='ltr'><strong>et</strong></span> <span class='ocrx_word' id='word_1_480' title='bbox 732 4260 895 4313; x_wconf 90' lang='lat' dir='ltr'><strong>visuri</strong></span> <span class='ocrx_word' id='word_1_481' title='bbox 925 4299 941 4325; x_wconf 91' lang='lat'><strong>,</strong></span> <span class='ocrx_word' id='word_1_482' title='bbox 975 4260 1142 4314; x_wconf 91' lang='lat' dir='ltr'><strong>tribus</strong></span> <span class='ocrx_word' id='word_1_483' title='bbox 1178 4271 1299 4315; x_wconf 87' lang='lat' dir='ltr'><strong>ante</strong></span> <span class='ocrx_word' id='word_1_484' title='bbox 1329 4262 1516 4315; x_wconf 85' lang='lat' dir='ltr'><strong>diebus</strong></span> <span class='ocrx_word' id='word_1_485' title='bbox 1550 4263 1621 4318; x_wconf 88' lang='lat' dir='ltr'><strong>ab</strong></span> 
     </span>
    </p>
   </div>
   <div class='ocr_carea' id='block_1_63' title="bbox 66 4348 1616 4419">
    <p class='ocr_par' dir='ltr' id='par_1_63' title="bbox 66 4348 1616 4419">
     <span class='ocr_line' id='line_1_63' title="bbox 66 4348 1616 4419; baseline 0.01 -25"><span class='ocrx_word' id='word_1_486' title='bbox 66 4349 277 4400; x_wconf 55' lang='lat' dir='ltr'><strong>exii-ribus</strong></span> <span class='ocrx_word' id='word_1_487' title='bbox 317 4348 596 4402; x_wconf 86' lang='lat' dir='ltr'><strong>abstinere</strong></span> <span class='ocrx_word' id='word_1_488' title='bbox 628 4348 986 4417; x_wconf 85' lang='lat' dir='ltr'><strong>jubebantur,</strong></span> <span class='ocrx_word' id='word_1_489' title='bbox 1032 4360 1313 4419; x_wconf 87' lang='lat' dir='ltr'><strong>vestesque</strong></span> <span class='ocrx_word' id='word_1_490' title='bbox 1356 4352 1616 4419; x_wconf 86' lang='lat' dir='ltr'><strong>abluere;</strong></span> 
     </span>
    </p>
   </div>
   <div class='ocr_carea' id='block_1_64' title="bbox 64 4440 1618 4517">
    <p class='ocr_par' dir='ltr' id='par_1_64' title="bbox 64 4440 1618 4517">
     <span class='ocr_line' id='line_1_64' title="bbox 64 4440 1618 4517; baseline 0.006 -26"><span class='ocrx_word' id='word_1_491' title='bbox 64 4447 187 4505; x_wconf 67' lang='lat' dir='ltr'><strong>atque</strong></span> <span class='ocrx_word' id='word_1_492' title='bbox 212 4456 261 4492; x_wconf 81' lang='grc' dir='ltr'><strong>ιιι</strong></span> <span class='ocrx_word' id='word_1_493' title='bbox 293 4441 494 4495; x_wconf 87' lang='lat' dir='ltr'><strong>timore</strong></span> <span class='ocrx_word' id='word_1_494' title='bbox 520 4456 584 4494; x_wconf 89' lang='lat' dir='ltr'><strong>ac</strong></span> <span class='ocrx_word' id='word_1_495' title='bbox 614 4448 844 4496; x_wconf 87' lang='lat' dir='ltr'><strong>tremore</strong></span> <span class='ocrx_word' id='word_1_496' title='bbox 868 4440 1149 4510; x_wconf 82' lang='lat' dir='ltr'><strong>degebant,</strong></span> <span class='ocrx_word' id='word_1_497' title='bbox 1169 4443 1483 4517; x_wconf 81' lang='lat' dir='ltr'><strong>Moysesque</strong></span> <span class='ocrx_word' id='word_1_498' title='bbox 1499 4461 1618 4500; x_wconf 89' lang='lat' dir='ltr'><strong>cum</strong></span> 
     </span>
    </p>
   </div>
   <div class='ocr_carea' id='block_1_65' title="bbox 64 4526 1618 4606">
    <p class='ocr_par' dir='ltr' id='par_1_65' title="bbox 64 4526 1618 4606">
     <span class='ocr_line' id='line_1_65' title="bbox 64 4526 1618 4606; baseline 0.009 -30"><span class='ocrx_word' id='word_1_499' title='bbox 64 4526 196 4591; x_wconf 74' lang='lat' dir='ltr'><strong>ipsis:</strong></span> <span class='ocrx_word' id='word_1_500' title='bbox 225 4532 395 4586; x_wconf 88' lang='lat' dir='ltr'><strong>multo</strong></span> <span class='ocrx_word' id='word_1_501' title='bbox 424 4532 598 4601; x_wconf 85' lang='lat' dir='ltr'><strong>magis</strong></span> <span class='ocrx_word' id='word_1_502' title='bbox 622 4546 721 4586; x_wconf 86' lang='lat' dir='ltr'><strong>nos</strong></span> <span class='ocrx_word' id='word_1_503' title='bbox 748 4532 873 4587; x_wconf 85' lang='lat' dir='ltr'><strong>talia</strong></span> <span class='ocrx_word' id='word_1_504' title='bbox 898 4533 1128 4588; x_wconf 86' lang='lat' dir='ltr'><strong>audituri</strong></span> <span class='ocrx_word' id='word_1_505' title='bbox 1154 4535 1338 4599; x_wconf 85' lang='lat' dir='ltr'><strong>verba,</strong></span> <span class='ocrx_word' id='word_1_506' title='bbox 1361 4551 1467 4591; x_wconf 89' lang='lat' dir='ltr'><strong>non</strong></span> <span class='ocrx_word' id='word_1_507' title='bbox 1496 4551 1618 4606; x_wconf 88' lang='lat' dir='ltr'><strong>pro-</strong></span> 
     </span>
    </p>
   </div>
   <div class='ocr_carea' id='block_1_66' title="bbox 64 4618 1616 4697">
    <p class='ocr_par' dir='ltr' id='par_1_66' title="bbox 64 4618 1616 4697">
     <span class='ocr_line' id='line_1_66' title="bbox 64 4618 1616 4697; baseline 0.009 -28"><span class='ocrx_word' id='word_1_508' title='bbox 64 4618 125 4669; x_wconf 65' lang='lat' dir='ltr'><strong>cul</strong></span> <span class='ocrx_word' id='word_1_509' title='bbox 157 4635 183 4670; x_wconf 73' lang='grc' dir='ltr'>ει</span> <span class='ocrx_word' id='word_1_510' title='bbox 218 4632 401 4674; x_wconf 86' lang='lat' dir='ltr'><strong>monte</strong></span> <span class='ocrx_word' id='word_1_511' title='bbox 442 4621 683 4677; x_wconf 81' lang='lat' dir='ltr'><strong>fumante</strong></span> <span class='ocrx_word' id='word_1_512' title='bbox 710 4632 948 4686; x_wconf 87' lang='lat' dir='ltr'><strong>stantes,</strong></span> <span class='ocrx_word' id='word_1_513' title='bbox 991 4624 1085 4678; x_wconf 82' lang='lat' dir='ltr'><strong>sed</strong></span> <span class='ocrx_word' id='word_1_514' title='bbox 1126 4625 1294 4693; x_wconf 76' lang='lat' dir='ltr'><strong>ipsum</strong></span> <span class='ocrx_word' id='word_1_515' title='bbox 1325 4626 1616 4697; x_wconf 81' lang='lat' dir='ltr'><strong>ingressuri</strong></span> 
     </span>
    </p>
   </div>
   <div class='ocr_carea' id='block_1_67' title="bbox 64 4710 1611 4794">
    <p class='ocr_par' dir='ltr' id='par_1_67' title="bbox 64 4710 1611 4794">
     <span class='ocr_line' id='line_1_67' title="bbox 64 4710 1611 4794; baseline 0.013 -34"><span class='ocrx_word' id='word_1_516' title='bbox 64 4710 211 4763; x_wconf 71' lang='lat' dir='ltr'><strong>celum</strong></span> <span class='ocrx_word' id='word_1_517' title='bbox 235 4752 251 4775; x_wconf 90' lang='lat'><strong>,</strong></span> <span class='ocrx_word' id='word_1_518' title='bbox 304 4712 571 4782; x_wconf 79' lang='lat' dir='ltr'><strong>majorem</strong></span> <span class='ocrx_word' id='word_1_519' title='bbox 613 4713 868 4772; x_wconf 86' lang='lat' dir='ltr'><strong>debemus</strong></span> <span class='ocrx_word' id='word_1_520' title='bbox 902 4717 1155 4775; x_wconf 84' lang='lat' dir='ltr'><strong>exhibere</strong></span> <span class='ocrx_word' id='word_1_521' title='bbox 1185 4722 1571 4792; x_wconf 89' lang='lat' dir='ltr'><strong>philosophiam</strong></span> <span class='ocrx_word' id='word_1_522' title='bbox 1593 4768 1611 4794; x_wconf 92' lang='lat'><strong>,</strong></span> 
     </span>
    </p>
   </div>
   <div class='ocr_carea' id='block_1_68' title="bbox 66 4803 1612 4874">
    <p class='ocr_par' dir='ltr' id='par_1_68' title="bbox 66 4803 1612 4874">
     <span class='ocr_line' id='line_1_68' title="bbox 66 4803 1612 4874; baseline 0.015 -24"><span class='ocrx_word' id='word_1_523' title='bbox 66 4816 139 4851; x_wconf 68' lang='lat' dir='ltr'><strong>non</strong></span> <span class='ocrx_word' id='word_1_524' title='bbox 164 4803 480 4858; x_wconf 69' lang='lat' dir='ltr'><strong>vestimenta</strong></span> <span class='ocrx_word' id='word_1_525' title='bbox 510 4805 812 4874; x_wconf 85' lang='lat' dir='ltr'><strong>abluentes,</strong></span> <span class='ocrx_word' id='word_1_526' title='bbox 838 4809 933 4864; x_wconf 88' lang='lat' dir='ltr'><strong>sed</strong></span> <span class='ocrx_word' id='word_1_527' title='bbox 962 4814 1156 4867; x_wconf 78' lang='lat' dir='ltr'><strong>anima:</strong></span> <span class='ocrx_word' id='word_1_528' title='bbox 1187 4815 1375 4870; x_wconf 87' lang='lat' dir='ltr'><strong>stolam</strong></span> <span class='ocrx_word' id='word_1_529' title='bbox 1402 4818 1612 4872; x_wconf 83' lang='lat' dir='ltr'><strong>abster-</strong></span> 
     </span>
    </p>
   </div>
   <div class='ocr_carea' id='block_1_69' title="bbox 64 4899 1617 4967">
    <p class='ocr_par' dir='ltr' id='par_1_69' title="bbox 64 4899 1617 4967">
     <span class='ocr_line' id='line_1_69' title="bbox 64 4899 1617 4967; baseline 0.015 -24"><span class='ocrx_word' id='word_1_530' title='bbox 64 4904 240 4957; x_wconf 65' lang='lat' dir='ltr'><strong>gmtes,</strong></span> <span class='ocrx_word' id='word_1_531' title='bbox 287 4908 344 4950; x_wconf 88' lang='lat' dir='ltr'><strong>ct</strong></span> <span class='ocrx_word' id='word_1_532' title='bbox 382 4899 455 4951; x_wconf 88' lang='lat' dir='ltr'><strong>ab</strong></span> <span class='ocrx_word' id='word_1_533' title='bbox 482 4900 629 4953; x_wconf 90' lang='lat' dir='ltr'><strong>omni</strong></span> <span class='ocrx_word' id='word_1_534' title='bbox 658 4902 995 4958; x_wconf 65' lang='lat' dir='ltr'><strong>saecularium</strong></span> <span class='ocrx_word' id='word_1_535' title='bbox 1038 4921 1213 4961; x_wconf 89' lang='lat' dir='ltr'><strong>rerum</strong></span> <span class='ocrx_word' id='word_1_536' title='bbox 1241 4911 1617 4967; x_wconf 85' lang='lat' dir='ltr'><strong>commixtione</strong></span> 
     </span>
    </p>
   </div>
   <div class='ocr_carea' id='block_1_70' title="bbox 70 4983 1610 5071">
    <p class='ocr_par' dir='ltr' id='par_1_70' title="bbox 70 4983 1610 5071">
     <span class='ocr_line' id='line_1_70' title="bbox 70 4983 1610 5071; baseline 0.016 -37"><span class='ocrx_word' id='word_1_537' title='bbox 70 4983 197 5038; x_wconf 59' lang='lat' dir='ltr'><strong>m1.</strong></span> <span class='ocrx_word' id='word_1_538' title='bbox 240 4987 360 5041; x_wconf 75' lang='lat' dir='ltr'><strong>Non</strong></span> <span class='ocrx_word' id='word_1_539' title='bbox 387 4990 537 5043; x_wconf 89' lang='lat' dir='ltr'><strong>enim</strong></span> <span class='ocrx_word' id='word_1_540' title='bbox 569 4992 849 5062; x_wconf 87' lang='lat' dir='ltr'><strong>caliginem</strong></span> <span class='ocrx_word' id='word_1_541' title='bbox 894 4995 1180 5062; x_wconf 89' lang='lat' dir='ltr'><strong>videbitis,</strong></span> <span class='ocrx_word' id='word_1_542' title='bbox 1226 5015 1330 5054; x_wconf 92' lang='lat' dir='ltr'><strong>non</strong></span> <span class='ocrx_word' id='word_1_543' title='bbox 1376 5001 1610 5071; x_wconf 83' lang='lat' dir='ltr'><strong>fumum,</strong></span> 
     </span>
    </p>
   </div>
   <div class='ocr_carea' id='block_1_71' title="bbox 68 5082 1619 5158">
    <p class='ocr_par' dir='ltr' id='par_1_71' title="bbox 68 5082 1619 5158">
     <span class='ocr_line' id='line_1_71' title="bbox 68 5082 1619 5158; baseline 0.015 -29"><span class='ocrx_word' id='word_1_544' title='bbox 68 5092 141 5128; x_wconf 69' lang='lat' dir='ltr'><strong>sna</strong></span> <span class='ocrx_word' id='word_1_545' title='bbox 175 5082 503 5148; x_wconf 76' lang='lat' dir='ltr'><strong>procellam;</strong></span> <span class='ocrx_word' id='word_1_546' title='bbox 534 5084 630 5138; x_wconf 87' lang='lat' dir='ltr'><strong>sed</strong></span> <span class='ocrx_word' id='word_1_547' title='bbox 658 5085 831 5155; x_wconf 89' lang='lat' dir='ltr'><strong>ipsum</strong></span> <span class='ocrx_word' id='word_1_548' title='bbox 861 5086 1056 5158; x_wconf 79' lang='lat' dir='ltr'><strong>Regem</strong></span> <span class='ocrx_word' id='word_1_549' title='bbox 1088 5091 1362 5149; x_wconf 89' lang='lat' dir='ltr'><strong>sedentem</strong></span> <span class='ocrx_word' id='word_1_550' title='bbox 1392 5099 1447 5149; x_wconf 87' lang='lat' dir='ltr'><strong>in</strong></span> <span class='ocrx_word' id='word_1_551' title='bbox 1484 5098 1619 5153; x_wconf 92' lang='lat' dir='ltr'><strong>solio</strong></span> 
     </span>
    </p>
   </div>
   <div class='ocr_carea' id='block_1_72' title="bbox 68 5169 1616 5258">
    <p class='ocr_par' dir='ltr' id='par_1_72' title="bbox 68 5169 1616 5258">
     <span class='ocr_line' id='line_1_72' title="bbox 68 5169 1616 5258; baseline 0.015 -38"><span class='ocrx_word' id='word_1_552' title='bbox 68 5169 308 5230; x_wconf 61' lang='lat' dir='ltr'><strong>inrﬂ‘abilis</strong></span> <span class='ocrx_word' id='word_1_553' title='bbox 330 5176 477 5229; x_wconf 88' lang='lat' dir='ltr'><strong>illius</strong></span> <span class='ocrx_word' id='word_1_554' title='bbox 500 5177 706 5246; x_wconf 64' lang='lat' dir='ltr'><strong>gloriae,</strong></span> <span class='ocrx_word' id='word_1_555' title='bbox 725 5180 1049 5251; x_wconf 88' lang='lat' dir='ltr'><strong>angelosque</strong></span> <span class='ocrx_word' id='word_1_556' title='bbox 1069 5193 1118 5237; x_wconf 86' lang='lat' dir='ltr'><strong>et</strong></span> <span class='ocrx_word' id='word_1_557' title='bbox 1141 5185 1486 5254; x_wconf 84' lang='lat' dir='ltr'><strong>archangelos</strong></span> <span class='ocrx_word' id='word_1_558' title='bbox 1518 5188 1616 5258; x_wconf 90' lang='lat' dir='ltr'><strong>ipsi</strong></span> 
     </span>
    </p>
   </div>
   <div class='ocr_carea' id='block_1_73' title="bbox 72 5263 1613 5342">
    <p class='ocr_par' dir='ltr' id='par_1_73' title="bbox 72 5263 1613 5342">
     <span class='ocr_line' id='line_1_73' title="bbox 72 5263 1613 5342; baseline 0.014 -29"><span class='ocrx_word' id='word_1_559' title='bbox 72 5263 319 5333; x_wconf 66' lang='lat' dir='ltr'><strong>als&#39;tantes,</strong></span> <span class='ocrx_word' id='word_1_560' title='bbox 350 5280 771 5340; x_wconf 84' lang='lat' dir='ltr'><strong>sanctorumque</strong></span> <span class='ocrx_word' id='word_1_561' title='bbox 816 5273 1040 5342; x_wconf 90' lang='lat' dir='ltr'><strong>populos</strong></span> <span class='ocrx_word' id='word_1_562' title='bbox 1082 5290 1201 5329; x_wconf 90' lang='lat' dir='ltr'><strong>cum</strong></span> <span class='ocrx_word' id='word_1_563' title='bbox 1244 5278 1613 5335; x_wconf 87' lang='lat' dir='ltr'><strong>innumerabili</strong></span> 
     </span>
    </p>
   </div>
   <div class='ocr_carea' id='block_1_74' title="bbox 74 5352 1614 5434">
    <p class='ocr_par' dir='ltr' id='par_1_74' title="bbox 74 5352 1614 5434">
     <span class='ocr_line' id='line_1_74' title="bbox 74 5352 1614 5434; baseline 0.011 -26"><span class='ocrx_word' id='word_1_564' title='bbox 74 5352 238 5409; x_wconf 64' lang='lat' dir='ltr'><strong>ﬁbram</strong></span> <span class='ocrx_word' id='word_1_565' title='bbox 266 5369 432 5413; x_wconf 62' lang='lat' dir='ltr'><strong>coetu.</strong></span> <span class='ocrx_word' id='word_1_566' title='bbox 460 5360 607 5416; x_wconf 84' lang='lat' dir='ltr'><strong>Talis</strong></span> <span class='ocrx_word' id='word_1_567' title='bbox 635 5362 833 5434; x_wconf 87' lang='lat' dir='ltr'><strong>quippe</strong></span> <span class='ocrx_word' id='word_1_568' title='bbox 858 5372 942 5419; x_wconf 87' lang='lat' dir='ltr'><strong>est</strong></span> <span class='ocrx_word' id='word_1_569' title='bbox 970 5365 1155 5421; x_wconf 89' lang='lat' dir='ltr'><strong>civitas</strong></span> <span class='ocrx_word' id='word_1_570' title='bbox 1181 5368 1293 5434; x_wconf 90' lang='lat' dir='ltr'><strong>Dei,</strong></span> <span class='ocrx_word' id='word_1_571' title='bbox 1327 5369 1614 5425; x_wconf 83' lang='lat' dir='ltr'><strong>Ecclesiam</strong></span> 
     </span>
    </p>
   </div>
   <div class='ocr_carea' id='block_1_75' title="bbox 74 5447 1615 5531">
    <p class='ocr_par' dir='ltr' id='par_1_75' title="bbox 74 5447 1615 5531">
     <span class='ocr_line' id='line_1_75' title="bbox 74 5447 1615 5531; baseline 0.011 -33"><span class='ocrx_word' id='word_1_572' title='bbox 74 5447 426 5509; x_wconf 64' lang='lat' dir='ltr'><strong>primitivon</strong></span> <span class='ocrx_word' id='word_1_573' title='bbox 462 5453 665 5509; x_wconf 87' lang='lat' dir='ltr'><strong>habens</strong></span> <span class='ocrx_word' id='word_1_574' title='bbox 686 5496 702 5520; x_wconf 94' lang='lat'><strong>,</strong></span> <span class='ocrx_word' id='word_1_575' title='bbox 732 5455 950 5525; x_wconf 87' lang='lat' dir='ltr'><strong>spiritus</strong></span> <span class='ocrx_word' id='word_1_576' title='bbox 970 5456 1231 5527; x_wconf 89' lang='lat' dir='ltr'><strong>justorum</strong></span> <span class='ocrx_word' id='word_1_577' title='bbox 1256 5501 1271 5525; x_wconf 96' lang='lat'><strong>,</strong></span> <span class='ocrx_word' id='word_1_578' title='bbox 1309 5462 1615 5531; x_wconf 87' lang='lat' dir='ltr'><strong>angelorum</strong></span> 
     </span>
    </p>
   </div>
   <div class='ocr_carea' id='block_1_76' title="bbox 74 5536 1616 5620">
    <p class='ocr_par' dir='ltr' id='par_1_76' title="bbox 74 5536 1616 5620">
     <span class='ocr_line' id='line_1_76' title="bbox 74 5536 1616 5620; baseline 0.013 -32"><span class='ocrx_word' id='word_1_579' title='bbox 74 5536 413 5609; x_wconf 63' lang='lat' dir='ltr'><strong>lmqnentiam,</strong></span> <span class='ocrx_word' id='word_1_580' title='bbox 443 5546 760 5614; x_wconf 83' lang='lat' dir='ltr'><strong>sanguinem</strong></span> <span class='ocrx_word' id='word_1_581' title='bbox 791 5542 1114 5616; x_wconf 77' lang='lat' dir='ltr'><strong>aspersionis</strong></span> <span class='ocrx_word' id='word_1_582' title='bbox 1137 5589 1153 5615; x_wconf 93' lang='lat'><strong>,</strong></span> <span class='ocrx_word' id='word_1_583' title='bbox 1182 5565 1289 5620; x_wconf 90' lang='lat' dir='ltr'><strong>quo</strong></span> <span class='ocrx_word' id='word_1_584' title='bbox 1317 5552 1492 5606; x_wconf 91' lang='lat' dir='ltr'><strong>omnia</strong></span> <span class='ocrx_word' id='word_1_585' title='bbox 1523 5568 1616 5609; x_wconf 89' lang='lat' dir='ltr'><strong>co-</strong></span> 
     </span>
    </p>
   </div>
   <div class='ocr_carea' id='block_1_77' title="bbox 77 5633 1613 5712">
    <p class='ocr_par' dir='ltr' id='par_1_77' title="bbox 77 5633 1613 5712">
     <span class='ocr_line' id='line_1_77' title="bbox 77 5633 1613 5712; baseline 0.009 -25"><span class='ocrx_word' id='word_1_586' title='bbox 77 5633 304 5702; x_wconf 69' lang='lat' dir='ltr'><strong>pulantur,</strong></span> <span class='ocrx_word' id='word_1_587' title='bbox 334 5638 524 5692; x_wconf 69' lang='lat' dir='ltr'><strong>uelum</strong></span> <span class='ocrx_word' id='word_1_588' title='bbox 558 5646 772 5695; x_wconf 85' lang='lat' dir='ltr'><strong>terrena</strong></span> <span class='ocrx_word' id='word_1_589' title='bbox 801 5641 1054 5712; x_wconf 87' lang='lat' dir='ltr'><strong>suscepit,</strong></span> <span class='ocrx_word' id='word_1_590' title='bbox 1083 5650 1139 5696; x_wconf 85' lang='lat' dir='ltr'><strong>et</strong></span> <span class='ocrx_word' id='word_1_591' title='bbox 1169 5649 1306 5698; x_wconf 88' lang='lat' dir='ltr'><strong>terra</strong></span> <span class='ocrx_word' id='word_1_592' title='bbox 1333 5644 1563 5701; x_wconf 80' lang='lat' dir='ltr'><strong>caeleStia</strong></span> <span class='ocrx_word' id='word_1_593' title='bbox 1600 5663 1613 5701; x_wconf 90' lang='lat'><strong>:</strong></span> 
     </span>
    </p>
   </div>
   <div class='ocr_carea' id='block_1_78' title="bbox 1728 3332 3306 3404">
    <p class='ocr_par' dir='ltr' id='par_1_78' title="bbox 1728 3332 3306 3404">
     <span class='ocr_line' id='line_1_78' title="bbox 1728 3332 3306 3404; baseline -0.002 -16"><span class='ocrx_word' id='word_1_594' title='bbox 1728 3344 1782 3388; x_wconf 88' lang='lat' dir='ltr'><strong>et</strong></span> <span class='ocrx_word' id='word_1_595' title='bbox 1807 3334 1913 3403; x_wconf 89' lang='lat' dir='ltr'><strong>jam</strong></span> <span class='ocrx_word' id='word_1_596' title='bbox 1946 3332 2073 3387; x_wconf 91' lang='lat' dir='ltr'><strong>olim</strong></span> <span class='ocrx_word' id='word_1_597' title='bbox 2104 3332 2401 3388; x_wconf 88' lang='lat' dir='ltr'><strong>desiderata</strong></span> <span class='ocrx_word' id='word_1_598' title='bbox 2430 3347 2529 3404; x_wconf 79' lang='lat' dir='ltr'><strong>pax</strong></span> <span class='ocrx_word' id='word_1_599' title='bbox 2552 3334 2754 3403; x_wconf 84' lang='lat' dir='ltr'><strong>angelis</strong></span> <span class='ocrx_word' id='word_1_600' title='bbox 2796 3343 2956 3404; x_wconf 90' lang='lat' dir='ltr'><strong>atque</strong></span> <span class='ocrx_word' id='word_1_601' title='bbox 2981 3333 3179 3388; x_wconf 87' lang='lat' dir='ltr'><strong>sanctis</strong></span> <span class='ocrx_word' id='word_1_602' title='bbox 3204 3333 3306 3388; x_wconf 86' lang='lat' dir='ltr'><strong>do-</strong></span> 
     </span>
    </p>
   </div>
   <div class='ocr_carea' id='block_1_79' title="bbox 1730 3426 3311 3497">
    <p class='ocr_par' dir='ltr' id='par_1_79' title="bbox 1730 3426 3311 3497">
     <span class='ocr_line' id='line_1_79' title="bbox 1730 3426 3311 3497; baseline 0.001 -17"><span class='ocrx_word' id='word_1_603' title='bbox 1730 3436 1852 3480; x_wconf 88' lang='lat' dir='ltr'><strong>nata</strong></span> <span class='ocrx_word' id='word_1_604' title='bbox 1882 3436 1982 3481; x_wconf 90' lang='lat' dir='ltr'><strong>est.</strong></span> <span class='ocrx_word' id='word_1_605' title='bbox 2015 3428 2071 3481; x_wconf 91' lang='lat' dir='ltr'><strong>ln</strong></span> <span class='ocrx_word' id='word_1_606' title='bbox 2100 3427 2199 3481; x_wconf 91' lang='lat' dir='ltr'><strong>hac</strong></span> <span class='ocrx_word' id='word_1_607' title='bbox 2226 3426 2358 3482; x_wconf 90' lang='lat' dir='ltr'><strong>urbe</strong></span> <span class='ocrx_word' id='word_1_608' title='bbox 2383 3427 2557 3482; x_wconf 91' lang='lat' dir='ltr'><strong>crucis</strong></span> <span class='ocrx_word' id='word_1_609' title='bbox 2585 3436 2839 3497; x_wconf 69' lang='lat' dir='ltr'><strong>tropaeum</strong></span> <span class='ocrx_word' id='word_1_610' title='bbox 2865 3428 3075 3483; x_wconf 88' lang='lat' dir='ltr'><strong>illustre</strong></span> <span class='ocrx_word' id='word_1_611' title='bbox 3103 3427 3228 3482; x_wconf 91' lang='lat' dir='ltr'><strong>illud</strong></span> <span class='ocrx_word' id='word_1_612' title='bbox 3254 3437 3311 3482; x_wconf 88' lang='lat' dir='ltr'><strong>et</strong></span> 
     </span>
    </p>
   </div>
   <div class='ocr_carea' id='block_1_80' title="bbox 1728 3520 3307 3591">
    <p class='ocr_par' dir='ltr' id='par_1_80' title="bbox 1728 3520 3307 3591">
     <span class='ocr_line' id='line_1_80' title="bbox 1728 3520 3307 3591; baseline 0.002 -20"><span class='ocrx_word' id='word_1_613' title='bbox 1728 3520 2070 3589; x_wconf 84' lang='lat' dir='ltr'><strong>conspicuum</strong></span> <span class='ocrx_word' id='word_1_614' title='bbox 2102 3528 2337 3574; x_wconf 91' lang='lat' dir='ltr'><strong>erectum</strong></span> <span class='ocrx_word' id='word_1_615' title='bbox 2369 3530 2453 3575; x_wconf 89' lang='lat' dir='ltr'><strong>est</strong></span> <span class='ocrx_word' id='word_1_616' title='bbox 2488 3538 2501 3575; x_wconf 95' lang='lat'>:</span> <span class='ocrx_word' id='word_1_617' title='bbox 2530 3522 2694 3591; x_wconf 91' lang='lat' dir='ltr'><strong>spolia</strong></span> <span class='ocrx_word' id='word_1_618' title='bbox 2721 3521 2934 3576; x_wconf 88' lang='lat' dir='ltr'><strong>Christo</strong></span> <span class='ocrx_word' id='word_1_619' title='bbox 2961 3530 3106 3590; x_wconf 86' lang='lat' dir='ltr'><strong>parta</strong></span> <span class='ocrx_word' id='word_1_620' title='bbox 3130 3560 3143 3582; x_wconf 89' lang='lat'><em>.</em></span> <span class='ocrx_word' id='word_1_621' title='bbox 3176 3534 3307 3576; x_wconf 73' lang='lat' dir='ltr'><strong>exu-</strong></span> 
     </span>
    </p>
   </div>
   <div class='ocr_carea' id='block_1_81' title="bbox 1730 3611 3309 3679">
    <p class='ocr_par' dir='ltr' id='par_1_81' title="bbox 1730 3611 3309 3679">
     <span class='ocr_line' id='line_1_81' title="bbox 1730 3611 3309 3679; baseline 0.001 -17"><span class='ocrx_word' id='word_1_622' title='bbox 1730 3613 1825 3664; x_wconf 64' lang='lat' dir='ltr'><strong>vim</strong></span> <span class='ocrx_word' id='word_1_623' title='bbox 1857 3622 2059 3663; x_wconf 69' lang='lat' dir='ltr'><strong>naturae</strong></span> <span class='ocrx_word' id='word_1_624' title='bbox 2084 3618 2301 3677; x_wconf 77' lang='lat' dir='ltr'><strong>nostrae,</strong></span> <span class='ocrx_word' id='word_1_625' title='bbox 2333 3611 2601 3664; x_wconf 70' lang='lat' dir='ltr'><strong>manubhe</strong></span> <span class='ocrx_word' id='word_1_626' title='bbox 2622 3612 2780 3679; x_wconf 65' lang='lat' dir='ltr'><strong>Regis</strong></span> <span class='ocrx_word' id='word_1_627' title='bbox 2809 3611 2975 3665; x_wconf 85' lang='lat' dir='ltr'><strong>nostri</strong></span> <span class='ocrx_word' id='word_1_628' title='bbox 3010 3628 3022 3665; x_wconf 88' lang='lat'><strong>:</strong></span> <span class='ocrx_word' id='word_1_629' title='bbox 3050 3624 3169 3679; x_wconf 62' lang='lat' dir='ltr'><strong>quae</strong></span> <span class='ocrx_word' id='word_1_630' title='bbox 3194 3625 3309 3664; x_wconf 80' lang='lat' dir='ltr'><strong>om-</strong></span> 
     </span>
    </p>
   </div>
   <div class='ocr_carea' id='block_1_82' title="bbox 1737 3704 3312 3775">
    <p class='ocr_par' dir='ltr' id='par_1_82' title="bbox 1737 3704 3312 3775">
     <span class='ocr_line' id='line_1_82' title="bbox 1737 3704 3312 3775; baseline 0.003 -18"><span class='ocrx_word' id='word_1_631' title='bbox 1737 3707 1821 3759; x_wconf 85' lang='lat' dir='ltr'><strong>nia</strong></span> <span class='ocrx_word' id='word_1_632' title='bbox 1850 3719 1916 3760; x_wconf 81' lang='lat' dir='ltr'><strong>ex</strong></span> <span class='ocrx_word' id='word_1_633' title='bbox 1951 3704 2237 3775; x_wconf 88' lang='lat' dir='ltr'><strong>evangeliis</strong></span> <span class='ocrx_word' id='word_1_634' title='bbox 2280 3714 2528 3760; x_wconf 87' lang='lat' dir='ltr'><strong>accurate</strong></span> <span class='ocrx_word' id='word_1_635' title='bbox 2570 3704 2856 3759; x_wconf 92' lang='lat' dir='ltr'><strong>discemus.</strong></span> <span class='ocrx_word' id='word_1_636' title='bbox 2903 3704 2960 3761; x_wconf 90' lang='lat' dir='ltr'><strong>Si</strong></span> <span class='ocrx_word' id='word_1_637' title='bbox 3008 3721 3131 3761; x_wconf 88' lang='lat' dir='ltr'><strong>cum</strong></span> <span class='ocrx_word' id='word_1_638' title='bbox 3180 3720 3312 3761; x_wconf 86' lang='lat' dir='ltr'><strong>con-</strong></span> 
     </span>
    </p>
   </div>
   <div class='ocr_carea' id='block_1_83' title="bbox 1733 3798 3313 3869">
    <p class='ocr_par' dir='ltr' id='par_1_83' title="bbox 1733 3798 3313 3869">
     <span class='ocr_line' id='line_1_83' title="bbox 1733 3798 3313 3869; baseline 0.004 -20"><span class='ocrx_word' id='word_1_639' title='bbox 1733 3799 1941 3865; x_wconf 83' lang='lat' dir='ltr'><strong>gruenti</strong></span> <span class='ocrx_word' id='word_1_640' title='bbox 1971 3799 2147 3868; x_wconf 90' lang='lat' dir='ltr'><strong>quiete</strong></span> <span class='ocrx_word' id='word_1_641' title='bbox 2172 3798 2433 3869; x_wconf 88' lang='lat' dir='ltr'><strong>sequaris,</strong></span> <span class='ocrx_word' id='word_1_642' title='bbox 2468 3798 2763 3867; x_wconf 91' lang='lat' dir='ltr'><strong>poterimus</strong></span> <span class='ocrx_word' id='word_1_643' title='bbox 2790 3808 2841 3855; x_wconf 88' lang='lat' dir='ltr'><strong>te</strong></span> <span class='ocrx_word' id='word_1_644' title='bbox 2873 3815 2967 3869; x_wconf 92' lang='lat' dir='ltr'><strong>per</strong></span> <span class='ocrx_word' id='word_1_645' title='bbox 2990 3810 3182 3855; x_wconf 90' lang='lat' dir='ltr'><strong>cuncta</strong></span> <span class='ocrx_word' id='word_1_646' title='bbox 3204 3801 3313 3855; x_wconf 86' lang='lat' dir='ltr'><strong>cir-</strong></span> 
     </span>
    </p>
   </div>
   <div class='ocr_carea' id='block_1_84' title="bbox 1736 3870 3317 3960">
    <p class='ocr_par' dir='ltr' id='par_1_84' title="bbox 1736 3870 3317 3960">
     <span class='ocr_line' id='line_1_84' title="bbox 1736 3870 3317 3960; baseline 0.001 -17"><span class='ocrx_word' id='word_1_647' title='bbox 1736 3870 2092 3954; x_wconf 77' lang='lat' dir='ltr'><strong>cumducere,</strong></span> <span class='ocrx_word' id='word_1_648' title='bbox 2144 3890 2534 3960; x_wconf 88' lang='lat' dir='ltr'><strong>ostendereque</strong></span> <span class='ocrx_word' id='word_1_649' title='bbox 2577 3889 2669 3944; x_wconf 92' lang='lat' dir='ltr'><strong>tibi</strong></span> <span class='ocrx_word' id='word_1_650' title='bbox 2712 3891 2924 3943; x_wconf 90' lang='lat' dir='ltr'><strong>ubinam</strong></span> <span class='ocrx_word' id='word_1_651' title='bbox 2975 3905 3118 3945; x_wconf 91' lang='lat' dir='ltr'><strong>mors</strong></span> <span class='ocrx_word' id='word_1_652' title='bbox 3161 3890 3317 3945; x_wconf 81' lang='lat' dir='ltr'><strong>afﬁxa</strong></span> 
     </span>
    </p>
   </div>
   <div class='ocr_carea' id='block_1_85' title="bbox 1728 3981 3319 4052">
    <p class='ocr_par' dir='ltr' id='par_1_85' title="bbox 1728 3981 3319 4052">
     <span class='ocr_line' id='line_1_85' title="bbox 1728 3981 3319 4052; baseline 0.004 -20"><span class='ocrx_word' id='word_1_653' title='bbox 1728 3981 1936 4049; x_wconf 89' lang='lat' dir='ltr'><strong>jaceat,</strong></span> <span class='ocrx_word' id='word_1_654' title='bbox 1968 3984 2053 4037; x_wconf 92' lang='lat' dir='ltr'><strong>ubi</strong></span> <span class='ocrx_word' id='word_1_655' title='bbox 2096 3991 2371 4052; x_wconf 87' lang='lat' dir='ltr'><strong>peccatum</strong></span> <span class='ocrx_word' id='word_1_656' title='bbox 2399 3998 2715 4052; x_wconf 78' lang='lat' dir='ltr'><strong>su5pensum</strong></span> <span class='ocrx_word' id='word_1_657' title='bbox 2747 3984 2837 4050; x_wconf 91' lang='lat' dir='ltr'><strong>sit,</strong></span> <span class='ocrx_word' id='word_1_658' title='bbox 2869 3983 2956 4038; x_wconf 92' lang='lat' dir='ltr'><strong>ubi</strong></span> <span class='ocrx_word' id='word_1_659' title='bbox 2990 3984 3229 4052; x_wconf 72' lang='lat' dir='ltr'><strong>plurima:</strong></span> <span class='ocrx_word' id='word_1_660' title='bbox 3255 3999 3319 4039; x_wconf 89' lang='lat' dir='ltr'><strong>ac</strong></span> 
     </span>
    </p>
   </div>
   <div class='ocr_carea' id='block_1_86' title="bbox 1734 4073 3319 4142">
    <p class='ocr_par' dir='ltr' id='par_1_86' title="bbox 1734 4073 3319 4142">
     <span class='ocr_line' id='line_1_86' title="bbox 1734 4073 3319 4142; baseline 0.001 -15"><span class='ocrx_word' id='word_1_661' title='bbox 1734 4074 2006 4128; x_wconf 87' lang='lat' dir='ltr'><strong>mirabiles</strong></span> <span class='ocrx_word' id='word_1_662' title='bbox 2034 4089 2098 4127; x_wconf 84' lang='lat' dir='ltr'><strong>ex</strong></span> <span class='ocrx_word' id='word_1_663' title='bbox 2130 4073 2231 4128; x_wconf 89' lang='lat' dir='ltr'><strong>hoc</strong></span> <span class='ocrx_word' id='word_1_664' title='bbox 2273 4073 2448 4139; x_wconf 87' lang='lat' dir='ltr'><strong>bello,</strong></span> <span class='ocrx_word' id='word_1_665' title='bbox 2478 4090 2540 4127; x_wconf 81' lang='lat' dir='ltr'><strong>ex</strong></span> <span class='ocrx_word' id='word_1_666' title='bbox 2584 4074 2682 4128; x_wconf 87' lang='lat' dir='ltr'><strong>bac</strong></span> <span class='ocrx_word' id='word_1_667' title='bbox 2713 4089 2883 4142; x_wconf 86' lang='lat' dir='ltr'><strong>pugna</strong></span> <span class='ocrx_word' id='word_1_668' title='bbox 2911 4075 3195 4129; x_wconf 65' lang='lat' dir='ltr'><strong>manubiae.</strong></span> <span class='ocrx_word' id='word_1_669' title='bbox 3224 4074 3319 4129; x_wconf 86' lang='lat' dir='ltr'><strong>Vi-</strong></span> 
     </span>
    </p>
   </div>
   <div class='ocr_carea' id='block_1_87' title="bbox 1731 4163 3319 4237">
    <p class='ocr_par' dir='ltr' id='par_1_87' title="bbox 1731 4163 3319 4237">
     <span class='ocr_line' id='line_1_87' title="bbox 1731 4163 3319 4237; baseline 0.003 -19"><span class='ocrx_word' id='word_1_670' title='bbox 1731 4163 1885 4220; x_wconf 81' lang='lat' dir='ltr'><strong>debis</strong></span> <span class='ocrx_word' id='word_1_671' title='bbox 1911 4176 1964 4220; x_wconf 89' lang='lat' dir='ltr'><strong>et</strong></span> <span class='ocrx_word' id='word_1_672' title='bbox 1992 4176 2273 4236; x_wconf 84' lang='lat' dir='ltr'><strong>tyrannum</strong></span> <span class='ocrx_word' id='word_1_673' title='bbox 2304 4167 2539 4220; x_wconf 90' lang='lat' dir='ltr'><strong>vinctum</strong></span> <span class='ocrx_word' id='word_1_674' title='bbox 2566 4181 2685 4220; x_wconf 93' lang='lat' dir='ltr'><strong>cum</strong></span> <span class='ocrx_word' id='word_1_675' title='bbox 2720 4166 3054 4221; x_wconf 83' lang='lat' dir='ltr'><strong>niultitudine</strong></span> <span class='ocrx_word' id='word_1_676' title='bbox 3080 4168 3319 4237; x_wconf 82' lang='lat' dir='ltr'><strong>captivo-</strong></span> 
     </span>
    </p>
   </div>
   <div class='ocr_carea' id='block_1_88' title="bbox 1734 4257 3315 4327">
    <p class='ocr_par' dir='ltr' id='par_1_88' title="bbox 1734 4257 3315 4327">
     <span class='ocr_line' id='line_1_88' title="bbox 1734 4257 3315 4327; baseline 0.003 -19"><span class='ocrx_word' id='word_1_677' title='bbox 1734 4273 1849 4309; x_wconf 86' lang='lat' dir='ltr'><strong>rum</strong></span> <span class='ocrx_word' id='word_1_678' title='bbox 1880 4268 2159 4327; x_wconf 87' lang='lat' dir='ltr'><strong>sequente,</strong></span> <span class='ocrx_word' id='word_1_679' title='bbox 2178 4266 2233 4313; x_wconf 91' lang='lat' dir='ltr'><strong>et</strong></span> <span class='ocrx_word' id='word_1_680' title='bbox 2259 4272 2460 4323; x_wconf 88' lang='lat' dir='ltr'><strong>arcem,</strong></span> <span class='ocrx_word' id='word_1_681' title='bbox 2489 4272 2555 4311; x_wconf 81' lang='lat' dir='ltr'><strong>ex</strong></span> <span class='ocrx_word' id='word_1_682' title='bbox 2583 4272 2684 4325; x_wconf 92' lang='lat' dir='ltr'><strong>qua</strong></span> <span class='ocrx_word' id='word_1_683' title='bbox 2715 4257 2951 4326; x_wconf 90' lang='lat' dir='ltr'><strong>impurus</strong></span> <span class='ocrx_word' id='word_1_684' title='bbox 2973 4258 3061 4312; x_wconf 90' lang='lat' dir='ltr'><strong>ille</strong></span> <span class='ocrx_word' id='word_1_685' title='bbox 3083 4258 3315 4326; x_wconf 73' lang='lat' dir='ltr'><strong>dremon,</strong></span> 
     </span>
    </p>
   </div>
   <div class='ocr_carea' id='block_1_89' title="bbox 1732 4350 3319 4419">
    <p class='ocr_par' dir='ltr' id='par_1_89' title="bbox 1732 4350 3319 4419">
     <span class='ocr_line' id='line_1_89' title="bbox 1732 4350 3319 4419; baseline 0.004 -19"><span class='ocrx_word' id='word_1_686' title='bbox 1732 4350 2000 4417; x_wconf 74' lang='lat' dir='ltr'><strong>pr.oterito</strong></span> <span class='ocrx_word' id='word_1_687' title='bbox 2024 4360 2285 4419; x_wconf 89' lang='lat' dir='ltr'><strong>tempore,</strong></span> <span class='ocrx_word' id='word_1_688' title='bbox 2320 4350 2562 4405; x_wconf 91' lang='lat' dir='ltr'><strong>incursus</strong></span> <span class='ocrx_word' id='word_1_689' title='bbox 2588 4350 2639 4403; x_wconf 93' lang='lat' dir='ltr'><strong>in</strong></span> <span class='ocrx_word' id='word_1_690' title='bbox 2670 4352 2849 4405; x_wconf 89' lang='lat' dir='ltr'><strong>omnia</strong></span> <span class='ocrx_word' id='word_1_691' title='bbox 2879 4350 3104 4406; x_wconf 81' lang='lat' dir='ltr'><strong>faciebat</strong></span> <span class='ocrx_word' id='word_1_692' title='bbox 3133 4370 3145 4406; x_wconf 92' lang='lat'>:</span> <span class='ocrx_word' id='word_1_693' title='bbox 3176 4352 3319 4406; x_wconf 86' lang='lat' dir='ltr'><strong>vide—</strong></span> 
     </span>
    </p>
   </div>
   <div class='ocr_carea' id='block_1_90' title="bbox 1732 4439 3319 4513">
    <p class='ocr_par' dir='ltr' id='par_1_90' title="bbox 1732 4439 3319 4513">
     <span class='ocr_line' id='line_1_90' title="bbox 1732 4439 3319 4513; baseline 0.002 -18"><span class='ocrx_word' id='word_1_694' title='bbox 1732 4439 1814 4495; x_wconf 91' lang='lat' dir='ltr'><strong>bis</strong></span> <span class='ocrx_word' id='word_1_695' title='bbox 1835 4441 1994 4494; x_wconf 90' lang='lat' dir='ltr'><strong>etiam</strong></span> <span class='ocrx_word' id='word_1_696' title='bbox 2023 4440 2154 4496; x_wconf 83' lang='lat' dir='ltr'><strong>luris</strong></span> <span class='ocrx_word' id='word_1_697' title='bbox 2185 4440 2403 4495; x_wconf 89' lang='lat' dir='ltr'><strong>latibula</strong></span> <span class='ocrx_word' id='word_1_698' title='bbox 2433 4448 2487 4495; x_wconf 90' lang='lat' dir='ltr'><strong>et</strong></span> <span class='ocrx_word' id='word_1_699' title='bbox 2513 4440 2817 4510; x_wconf 86' lang='lat' dir='ltr'><strong>speluncas,</strong></span> <span class='ocrx_word' id='word_1_700' title='bbox 2841 4441 3081 4512; x_wconf 89' lang='lat' dir='ltr'><strong>diruptas</strong></span> <span class='ocrx_word' id='word_1_701' title='bbox 3103 4442 3319 4513; x_wconf 84' lang='lat' dir='ltr'><strong>quidem</strong></span> 
     </span>
    </p>
   </div>
   <div class='ocr_carea' id='block_1_91' title="bbox 1729 4531 3317 4601">
    <p class='ocr_par' dir='ltr' id='par_1_91' title="bbox 1729 4531 3317 4601">
     <span class='ocr_line' id='line_1_91' title="bbox 1729 4531 3317 4601; baseline 0.004 -18"><span class='ocrx_word' id='word_1_702' title='bbox 1729 4540 1783 4584; x_wconf 87' lang='lat' dir='ltr'><strong>et</strong></span> <span class='ocrx_word' id='word_1_703' title='bbox 1812 4531 2097 4599; x_wconf 83' lang='lat' dir='ltr'><strong>patefactas</strong></span> <span class='ocrx_word' id='word_1_704' title='bbox 2126 4548 2138 4585; x_wconf 92' lang='lat'>:</span> <span class='ocrx_word' id='word_1_705' title='bbox 2168 4546 2292 4586; x_wconf 92' lang='lat' dir='ltr'><strong>nam</strong></span> <span class='ocrx_word' id='word_1_706' title='bbox 2321 4531 2394 4585; x_wconf 89' lang='lat' dir='ltr'><strong>ibi</strong></span> <span class='ocrx_word' id='word_1_707' title='bbox 2422 4545 2634 4601; x_wconf 89' lang='lat' dir='ltr'><strong>quoque</strong></span> <span class='ocrx_word' id='word_1_708' title='bbox 2661 4531 2772 4587; x_wconf 78' lang='lat' dir='ltr'><strong>Rex</strong></span> <span class='ocrx_word' id='word_1_709' title='bbox 2799 4533 2985 4587; x_wconf 85' lang='lat' dir='ltr'><strong>adfuit.</strong></span> <span class='ocrx_word' id='word_1_710' title='bbox 3022 4532 3217 4589; x_wconf 90' lang='lat' dir='ltr'><strong>Verum</strong></span> <span class='ocrx_word' id='word_1_711' title='bbox 3250 4551 3317 4590; x_wconf 89' lang='lat' dir='ltr'><strong>ne</strong></span> 
     </span>
    </p>
   </div>
   <div class='ocr_carea' id='block_1_92' title="bbox 1730 4619 3316 4693">
    <p class='ocr_par' dir='ltr' id='par_1_92' title="bbox 1730 4619 3316 4693">
     <span class='ocr_line' id='line_1_92' title="bbox 1730 4619 3316 4693; baseline 0.005 -20"><span class='ocrx_word' id='word_1_712' title='bbox 1730 4619 1963 4686; x_wconf 76' lang='lat' dir='ltr'><strong>iatiscas,</strong></span> <span class='ocrx_word' id='word_1_713' title='bbox 1986 4621 2181 4677; x_wconf 90' lang='lat' dir='ltr'><strong>dilecte</strong></span> <span class='ocrx_word' id='word_1_714' title='bbox 2210 4640 2223 4676; x_wconf 94' lang='lat'><strong>:</strong></span> <span class='ocrx_word' id='word_1_715' title='bbox 2260 4638 2435 4692; x_wconf 88' lang='lat' dir='ltr'><strong>neque</strong></span> <span class='ocrx_word' id='word_1_716' title='bbox 2459 4623 2602 4677; x_wconf 91' lang='lat' dir='ltr'><strong>enim</strong></span> <span class='ocrx_word' id='word_1_717' title='bbox 2631 4623 2675 4677; x_wconf 91' lang='lat' dir='ltr'><strong>si</strong></span> <span class='ocrx_word' id='word_1_718' title='bbox 2698 4624 2815 4693; x_wconf 89' lang='lat' dir='ltr'><strong>quis</strong></span> <span class='ocrx_word' id='word_1_719' title='bbox 2845 4624 3043 4681; x_wconf 87' lang='lat' dir='ltr'><strong>bellum</strong></span> <span class='ocrx_word' id='word_1_720' title='bbox 3072 4626 3171 4681; x_wconf 90' lang='lat' dir='ltr'><strong>sub</strong></span> <span class='ocrx_word' id='word_1_721' title='bbox 3193 4643 3316 4681; x_wconf 90' lang='lat' dir='ltr'><strong>sen-</strong></span> 
     </span>
    </p>
   </div>
   <div class='ocr_carea' id='block_1_93' title="bbox 1729 4716 3319 4786">
    <p class='ocr_par' dir='ltr' id='par_1_93' title="bbox 1729 4716 3319 4786">
     <span class='ocr_line' id='line_1_93' title="bbox 1729 4716 3319 4786; baseline 0.003 -18"><span class='ocrx_word' id='word_1_722' title='bbox 1729 4727 1847 4770; x_wconf 90' lang='lat' dir='ltr'><strong>sum</strong></span> <span class='ocrx_word' id='word_1_723' title='bbox 1874 4716 2070 4772; x_wconf 87' lang='lat' dir='ltr'><strong>cadens</strong></span> <span class='ocrx_word' id='word_1_724' title='bbox 2096 4725 2404 4782; x_wconf 91' lang='lat' dir='ltr'><strong>enarraret,</strong></span> <span class='ocrx_word' id='word_1_725' title='bbox 2453 4717 2497 4771; x_wconf 89' lang='lat' dir='ltr'><strong>si</strong></span> <span class='ocrx_word' id='word_1_726' title='bbox 2531 4725 2728 4786; x_wconf 71' lang='lat' dir='ltr'><strong>tropzca</strong></span> <span class='ocrx_word' id='word_1_727' title='bbox 2758 4759 2771 4781; x_wconf 93' lang='lat'><strong>,</strong></span> <span class='ocrx_word' id='word_1_728' title='bbox 2812 4719 2855 4771; x_wconf 90' lang='lat' dir='ltr'><strong>si</strong></span> <span class='ocrx_word' id='word_1_729' title='bbox 2887 4718 3134 4773; x_wconf 88' lang='lat' dir='ltr'><strong>victorias</strong></span> <span class='ocrx_word' id='word_1_730' title='bbox 3156 4760 3171 4786; x_wconf 95' lang='lat'><strong>,</strong></span> <span class='ocrx_word' id='word_1_731' title='bbox 3206 4719 3319 4774; x_wconf 67' lang='lat' dir='ltr'><strong>haec</strong></span> 
     </span>
    </p>
   </div>
   <div class='ocr_carea' id='block_1_94' title="bbox 1729 4806 3317 4879">
    <p class='ocr_par' dir='ltr' id='par_1_94' title="bbox 1729 4806 3317 4879">
     <span class='ocr_line' id='line_1_94' title="bbox 1729 4806 3317 4879; baseline 0.002 -17"><span class='ocrx_word' id='word_1_732' title='bbox 1729 4822 1849 4862; x_wconf 91' lang='lat' dir='ltr'><strong>cum</strong></span> <span class='ocrx_word' id='word_1_733' title='bbox 1877 4806 2088 4862; x_wconf 81' lang='lat' dir='ltr'><strong>fastidio</strong></span> <span class='ocrx_word' id='word_1_734' title='bbox 2111 4809 2423 4878; x_wconf 80' lang='lat' dir='ltr'><strong>exciperes;</strong></span> <span class='ocrx_word' id='word_1_735' title='bbox 2455 4809 2563 4863; x_wconf 93' lang='lat' dir='ltr'><strong>imo</strong></span> <span class='ocrx_word' id='word_1_736' title='bbox 2590 4823 2689 4864; x_wconf 89' lang='lat' dir='ltr'><strong>nec</strong></span> <span class='ocrx_word' id='word_1_737' title='bbox 2728 4809 2904 4865; x_wconf 91' lang='lat' dir='ltr'><strong>cibum</strong></span> <span class='ocrx_word' id='word_1_738' title='bbox 2931 4850 2946 4875; x_wconf 90' lang='lat'><strong>,</strong></span> <span class='ocrx_word' id='word_1_739' title='bbox 2998 4825 3096 4864; x_wconf 89' lang='lat' dir='ltr'><strong>nec</strong></span> <span class='ocrx_word' id='word_1_740' title='bbox 3136 4821 3317 4879; x_wconf 91' lang='lat' dir='ltr'><strong>potum</strong></span> 
     </span>
    </p>
   </div>
   <div class='ocr_carea' id='block_1_95' title="bbox 1731 4899 3320 4971">
    <p class='ocr_par' dir='ltr' id='par_1_95' title="bbox 1731 4899 3320 4971">
     <span class='ocr_line' id='line_1_95' title="bbox 1731 4899 3320 4971; baseline 0.002 -17"><span class='ocrx_word' id='word_1_741' title='bbox 1731 4899 1856 4954; x_wconf 88' lang='lat' dir='ltr'><strong>huic</strong></span> <span class='ocrx_word' id='word_1_742' title='bbox 1881 4901 2170 4955; x_wconf 88' lang='lat' dir='ltr'><strong>narrationi</strong></span> <span class='ocrx_word' id='word_1_743' title='bbox 2200 4911 2577 4970; x_wconf 87' lang='lat' dir='ltr'><strong>anteponeres.</strong></span> <span class='ocrx_word' id='word_1_744' title='bbox 2610 4901 2763 4967; x_wconf 90' lang='lat' dir='ltr'><strong>Quod</strong></span> <span class='ocrx_word' id='word_1_745' title='bbox 2791 4902 2834 4955; x_wconf 93' lang='lat' dir='ltr'><strong>si</strong></span> <span class='ocrx_word' id='word_1_746' title='bbox 2867 4901 2967 4955; x_wconf 82' lang='lat' dir='ltr'><strong>illa</strong></span> <span class='ocrx_word' id='word_1_747' title='bbox 2981 4902 3215 4971; x_wconf 88' lang='lat' dir='ltr'><strong>jucunda</strong></span> <span class='ocrx_word' id='word_1_748' title='bbox 3238 4912 3320 4957; x_wconf 90' lang='lat' dir='ltr'><strong>est</strong></span> 
     </span>
    </p>
   </div>
   <div class='ocr_carea' id='block_1_96' title="bbox 1730 4990 3319 5061">
    <p class='ocr_par' dir='ltr' id='par_1_96' title="bbox 1730 4990 3319 5061">
     <span class='ocr_line' id='line_1_96' title="bbox 1730 4990 3319 5061; baseline 0 -16"><span class='ocrx_word' id='word_1_749' title='bbox 1730 4992 1989 5057; x_wconf 87' lang='lat' dir='ltr'><strong>narratio,</strong></span> <span class='ocrx_word' id='word_1_750' title='bbox 2018 4991 2186 5045; x_wconf 81' lang='lat' dir='ltr'><strong>multo</strong></span> <span class='ocrx_word' id='word_1_751' title='bbox 2208 4991 2376 5061; x_wconf 86' lang='lat' dir='ltr'><strong>magis</strong></span> <span class='ocrx_word' id='word_1_752' title='bbox 2404 4991 2519 5046; x_wconf 67' lang='lat' dir='ltr'><strong>hare</strong></span> <span class='ocrx_word' id='word_1_753' title='bbox 2543 4991 2666 5046; x_wconf 90' lang='lat' dir='ltr'><strong>erit.</strong></span> <span class='ocrx_word' id='word_1_754' title='bbox 2688 4990 2963 5059; x_wconf 81' lang='lat' dir='ltr'><strong>Perpende</strong></span> <span class='ocrx_word' id='word_1_755' title='bbox 2983 4994 3125 5045; x_wconf 90' lang='lat' dir='ltr'><strong>enim</strong></span> <span class='ocrx_word' id='word_1_756' title='bbox 3146 5005 3319 5059; x_wconf 83' lang='lat' dir='ltr'><strong>quan-</strong></span> 
     </span>
    </p>
   </div>
   <div class='ocr_carea' id='block_1_97' title="bbox 1733 5079 3318 5152">
    <p class='ocr_par' dir='ltr' id='par_1_97' title="bbox 1733 5079 3318 5152">
     <span class='ocr_line' id='line_1_97' title="bbox 1733 5079 3318 5152; baseline -0.001 -15"><span class='ocrx_word' id='word_1_757' title='bbox 1733 5091 1842 5137; x_wconf 91' lang='lat' dir='ltr'><strong>tum</strong></span> <span class='ocrx_word' id='word_1_758' title='bbox 1870 5082 1999 5136; x_wconf 90' lang='lat' dir='ltr'><strong>illud</strong></span> <span class='ocrx_word' id='word_1_759' title='bbox 2031 5084 2099 5137; x_wconf 91' lang='lat' dir='ltr'><strong>sit</strong></span> <span class='ocrx_word' id='word_1_760' title='bbox 2122 5081 2307 5137; x_wconf 89' lang='lat' dir='ltr'><strong>audire</strong></span> <span class='ocrx_word' id='word_1_761' title='bbox 2327 5123 2343 5149; x_wconf 91' lang='lat'><strong>,</strong></span> <span class='ocrx_word' id='word_1_762' title='bbox 2381 5081 2651 5152; x_wconf 91' lang='lat' dir='ltr'><strong>quomodo</strong></span> <span class='ocrx_word' id='word_1_763' title='bbox 2688 5081 2829 5135; x_wconf 88' lang='lat' dir='ltr'><strong>Deus</strong></span> <span class='ocrx_word' id='word_1_764' title='bbox 2858 5079 2925 5135; x_wconf 92' lang='lat' dir='ltr'><strong>de</strong></span> <span class='ocrx_word' id='word_1_765' title='bbox 2945 5080 3111 5145; x_wconf 70' lang='lat' dir='ltr'><strong>cmlo,</strong></span> <span class='ocrx_word' id='word_1_766' title='bbox 3144 5080 3318 5151; x_wconf 89' lang='lat' dir='ltr'><strong>deque</strong></span> 
     </span>
    </p>
   </div>
   <div class='ocr_carea' id='block_1_98' title="bbox 1729 5172 3312 5244">
    <p class='ocr_par' dir='ltr' id='par_1_98' title="bbox 1729 5172 3312 5244">
     <span class='ocr_line' id='line_1_98' title="bbox 1729 5172 3312 5244; baseline 0 -16"><span class='ocrx_word' id='word_1_767' title='bbox 1729 5175 1876 5244; x_wconf 79' lang='lat' dir='ltr'><strong>regio</strong></span> <span class='ocrx_word' id='word_1_768' title='bbox 1902 5175 2038 5229; x_wconf 90' lang='lat' dir='ltr'><strong>solio</strong></span> <span class='ocrx_word' id='word_1_769' title='bbox 2065 5188 2306 5244; x_wconf 85' lang='lat' dir='ltr'><strong>surgens,</strong></span> <span class='ocrx_word' id='word_1_770' title='bbox 2340 5174 2391 5228; x_wconf 89' lang='lat' dir='ltr'><strong>in</strong></span> <span class='ocrx_word' id='word_1_771' title='bbox 2415 5183 2634 5238; x_wconf 89' lang='lat' dir='ltr'><strong>terram,</strong></span> <span class='ocrx_word' id='word_1_772' title='bbox 2662 5173 2819 5241; x_wconf 90' lang='lat' dir='ltr'><strong>inque</strong></span> <span class='ocrx_word' id='word_1_773' title='bbox 2842 5172 3014 5242; x_wconf 90' lang='lat' dir='ltr'><strong>ipsum</strong></span> <span class='ocrx_word' id='word_1_774' title='bbox 3042 5172 3312 5230; x_wconf 84' lang='lat' dir='ltr'><strong>infernum</strong></span> 
     </span>
    </p>
   </div>
   <div class='ocr_carea' id='block_1_99' title="bbox 1729 5261 3316 5332">
    <p class='ocr_par' dir='ltr' id='par_1_99' title="bbox 1729 5261 3316 5332">
     <span class='ocr_line' id='line_1_99' title="bbox 1729 5261 3316 5332; baseline 0.002 -15"><span class='ocrx_word' id='word_1_775' title='bbox 1729 5266 1985 5332; x_wconf 89' lang='lat' dir='ltr'><strong>eruperit,</strong></span> <span class='ocrx_word' id='word_1_776' title='bbox 2026 5273 2081 5318; x_wconf 87' lang='lat' dir='ltr'><strong>et</strong></span> <span class='ocrx_word' id='word_1_777' title='bbox 2110 5265 2163 5318; x_wconf 93' lang='lat' dir='ltr'><strong>in</strong></span> <span class='ocrx_word' id='word_1_778' title='bbox 2183 5265 2298 5319; x_wconf 88' lang='lat' dir='ltr'><strong>acie</strong></span> <span class='ocrx_word' id='word_1_779' title='bbox 2321 5264 2562 5319; x_wconf 88' lang='lat' dir='ltr'><strong>steterit:</strong></span> <span class='ocrx_word' id='word_1_780' title='bbox 2586 5261 2854 5330; x_wconf 90' lang='lat' dir='ltr'><strong>quomodo</strong></span> <span class='ocrx_word' id='word_1_781' title='bbox 2875 5261 3119 5319; x_wconf 89' lang='lat' dir='ltr'><strong>diabolus</strong></span> <span class='ocrx_word' id='word_1_782' title='bbox 3148 5266 3316 5320; x_wconf 89' lang='lat' dir='ltr'><strong>aciem</strong></span> 
     </span>
    </p>
   </div>
   <div class='ocr_carea' id='block_1_100' title="bbox 1728 5354 3317 5426">
    <p class='ocr_par' dir='ltr' id='par_1_100' title="bbox 1728 5354 3317 5426">
     <span class='ocr_line' id='line_1_100' title="bbox 1728 5354 3317 5426; baseline 0 -14"><span class='ocrx_word' id='word_1_783' title='bbox 1728 5366 1783 5412; x_wconf 91' lang='lat' dir='ltr'><strong>et</strong></span> <span class='ocrx_word' id='word_1_784' title='bbox 1813 5357 1926 5426; x_wconf 86' lang='lat' dir='ltr'><strong>ipse</strong></span> <span class='ocrx_word' id='word_1_785' title='bbox 1952 5372 2103 5411; x_wconf 90' lang='lat' dir='ltr'><strong>suam</strong></span> <span class='ocrx_word' id='word_1_786' title='bbox 2132 5366 2316 5411; x_wconf 89' lang='lat' dir='ltr'><strong>contra</strong></span> <span class='ocrx_word' id='word_1_787' title='bbox 2346 5357 2510 5410; x_wconf 86' lang='lat' dir='ltr'><strong>Deum</strong></span> <span class='ocrx_word' id='word_1_788' title='bbox 2543 5354 2877 5420; x_wconf 80' lang='lat' dir='ltr'><strong>instruxerit;</strong></span> <span class='ocrx_word' id='word_1_789' title='bbox 2905 5355 3015 5410; x_wconf 90' lang='lat' dir='ltr'><strong>imo</strong></span> <span class='ocrx_word' id='word_1_790' title='bbox 3053 5372 3161 5411; x_wconf 90' lang='lat' dir='ltr'><strong>non</strong></span> <span class='ocrx_word' id='word_1_791' title='bbox 3189 5372 3317 5412; x_wconf 90' lang='lat' dir='ltr'><strong>con-</strong></span> 
     </span>
    </p>
   </div>
   <div class='ocr_carea' id='block_1_101' title="bbox 1731 5446 3315 5515">
    <p class='ocr_par' dir='ltr' id='par_1_101' title="bbox 1731 5446 3315 5515">
     <span class='ocr_line' id='line_1_101' title="bbox 1731 5446 3315 5515; baseline -0.001 -10"><span class='ocrx_word' id='word_1_792' title='bbox 1731 5458 1814 5505; x_wconf 87' lang='lat' dir='ltr'><strong>tra</strong></span> <span class='ocrx_word' id='word_1_793' title='bbox 1857 5450 2019 5506; x_wconf 86' lang='lat' dir='ltr'><strong>Deum</strong></span> <span class='ocrx_word' id='word_1_794' title='bbox 2051 5450 2285 5515; x_wconf 90' lang='lat' dir='ltr'><strong>nudum,</strong></span> <span class='ocrx_word' id='word_1_795' title='bbox 2316 5448 2411 5503; x_wconf 90' lang='lat' dir='ltr'><strong>sed</strong></span> <span class='ocrx_word' id='word_1_796' title='bbox 2440 5450 2604 5503; x_wconf 88' lang='lat' dir='ltr'><strong>Deum</strong></span> <span class='ocrx_word' id='word_1_797' title='bbox 2637 5448 2689 5502; x_wconf 92' lang='lat' dir='ltr'><strong>in</strong></span> <span class='ocrx_word' id='word_1_798' title='bbox 2730 5456 2917 5502; x_wconf 86' lang='lat' dir='ltr'><strong>natura</strong></span> <span class='ocrx_word' id='word_1_799' title='bbox 2942 5446 3315 5504; x_wconf 84' lang='lat' dir='ltr'><strong>absconditum</strong></span> 
     </span>
    </p>
   </div>
   <div class='ocr_carea' id='block_1_102' title="bbox 1731 5541 3313 5612">
    <p class='ocr_par' dir='ltr' id='par_1_102' title="bbox 1731 5541 3313 5612">
     <span class='ocr_line' id='line_1_102' title="bbox 1731 5541 3313 5612; baseline 0 -17"><span class='ocrx_word' id='word_1_800' title='bbox 1731 5542 1979 5597; x_wconf 89' lang='lat' dir='ltr'><strong>humana.</strong></span> <span class='ocrx_word' id='word_1_801' title='bbox 2008 5542 2267 5612; x_wconf 84' lang='lat' dir='ltr'><strong>Quodque</strong></span> <span class='ocrx_word' id='word_1_802' title='bbox 2297 5541 2540 5596; x_wconf 89' lang='lat' dir='ltr'><strong>mirabile</strong></span> <span class='ocrx_word' id='word_1_803' title='bbox 2561 5550 2662 5607; x_wconf 91' lang='lat' dir='ltr'><strong>est,</strong></span> <span class='ocrx_word' id='word_1_804' title='bbox 2692 5549 2919 5595; x_wconf 91' lang='lat' dir='ltr'><strong>mortem</strong></span> <span class='ocrx_word' id='word_1_805' title='bbox 2962 5553 3137 5596; x_wconf 90' lang='lat' dir='ltr'><strong>morte</strong></span> <span class='ocrx_word' id='word_1_806' title='bbox 3163 5542 3313 5597; x_wconf 89' lang='lat' dir='ltr'><strong>solu-</strong></span> 
     </span>
    </p>
   </div>
   <div class='ocr_carea' id='block_1_103' title="bbox 1729 5633 3312 5703">
    <p class='ocr_par' dir='ltr' id='par_1_103' title="bbox 1729 5633 3312 5703">
     <span class='ocr_line' id='line_1_103' title="bbox 1729 5633 3312 5703; baseline 0 -12"><span class='ocrx_word' id='word_1_807' title='bbox 1729 5645 1837 5693; x_wconf 88' lang='lat' dir='ltr'><strong>tam</strong></span> <span class='ocrx_word' id='word_1_808' title='bbox 1859 5636 2097 5703; x_wconf 87' lang='lat' dir='ltr'><strong>videbis,</strong></span> <span class='ocrx_word' id='word_1_809' title='bbox 2138 5646 2193 5694; x_wconf 86' lang='lat' dir='ltr'><strong>et</strong></span> <span class='ocrx_word' id='word_1_810' title='bbox 2220 5634 2569 5691; x_wconf 87' lang='lat' dir='ltr'><strong>maledictum</strong></span> <span class='ocrx_word' id='word_1_811' title='bbox 2608 5633 2890 5689; x_wconf 90' lang='lat' dir='ltr'><strong>maledicto</strong></span> <span class='ocrx_word' id='word_1_812' title='bbox 2916 5634 3215 5698; x_wconf 68' lang='lat' dir='ltr'><strong>sublatum;</strong></span> <span class='ocrx_word' id='word_1_813' title='bbox 3260 5644 3312 5691; x_wconf 75' lang='lat' dir='ltr'><strong>et</strong></span> 
     </span>
    </p>
   </div>
   <div class='ocr_carea' id='block_1_104' title="bbox 3280 275 3442 330">
    <p class='ocr_par' dir='ltr' id='par_1_104' title="bbox 3280 275 3442 330">
     <span class='ocr_line' id='line_1_104' title="bbox 3280 275 3442 330; baseline -0.006 0"><span class='ocrx_word' id='word_1_814' title='bbox 3280 275 3442 330; x_wconf 68' lang='grc'><strong>24.</strong></span> 
     </span>
    </p>
   </div>
  </div>
