3832 6178
535 324 610 377 ‘35
1233 317 1290 374 S.
1326 316 1613 375 IOANNIS
1649 313 2137 372 CHRYSOS'I‘OSII
2179 307 2496 367 ARCIIIEP.
2535 303 3073 362 CONSTANTINOP.
3697 307 3738 354 2t

517 446 614 498 per
633 443 753 500 qua:
777 425 1023 481 diabolus
1046 435 1170 481 ante
1192 424 1431 489 valebat,
1466 439 1560 494 per
1585 423 1768 478 eadem
1796 425 1911 495 ejus
1949 430 2096 481 stilu-
2219 448 2339 486 nem
2389 431 2483 486 Dei
2525 430 2691 484 illium
2729 445 2870 486 esse.
2909 430 3042 485 Cum
3089 431 3247 502 igitur
3273 431 3427 486 audis
3458 431 3649 486 Filium
3696 437 3742 510 [λ

525 538 632 581 tam
659 523 1016 598 tyrannidem.
1041 523 1403 594 Exsurgamus
1425 520 1618 592 igitur,
1650 529 1704 576 et
1732 535 1980 576 somnum
2023 520 2114 577 de-
2215 524 2383 578 tilium
2411 539 2530 578 esse
2581 522 2794 578 Davidis
2823 532 2877 579 et
2900 523 3150 590 Abrahw,
3179 523 3420 582 dubitare
3442 523 3554 596 jam
3579 525 3744 584 desiuit

517 621 833 689 pellamus:
858 632 982 674 ecce
1006 626 1189 688 portas
1211 616 1368 672 video
1395 614 1549 670 nobis
1585 622 1837 683 apertas;
1864 611 1961 668 sed
1991 627 2112 668 Clllll
2215 626 2266 669 te
2297 615 2460 669 illium
2493 614 2622 668 Adae
2665 615 2832 669 lilium
2865 614 2961 671 Dei
3003 615 3237 670 futurum
3265 632 3403 674 esse.
3433 615 3616 686 Neque
3652 617 3745 680 enit

519 714 669 767 oinni
717 711 980 767 modestia
1017 725 1081 765 ac
1120 719 1357 765 tremore
1389 706 1753 780 ingrediamur
1777 748 1794 774 ,
1836 707 2016 764 statim
2049 705 2113 759 Ii-
2218 704 2410 759 l‘rustra
2431 712 2488 760 et
2508 705 2774 758 incassum
2801 705 3036 775 seipsum
3065 707 3136 760 ita
3169 705 3535 772 humiliasset,
3565 707 3666 763 nisi
3695 709 3746 780 nd

525 801 667 856 mina
698 811 961 872 petentes.
991 801 1121 868 Qum
1161 810 1286 855 sunt
1314 776 1499 854 istlnec
1543 798 1758 853 limina?
1788 797 1938 852 Liber
1964 814 2118 868 gene-
2219 799 2548 853 exaltaturus
2575 807 2737 852 esset.
2768 797 2932 852 Natus
2961 807 3044 854 est
3069 799 3213 854 enim
3243 799 3533 854 secundum
3560 776 3748 856 carnea

523 897 734 949 rationis
757 894 882 948 Iesu
905 894 1093 948 Christi
1137 893 1232 953 ﬁlii
1266 891 1433 946 David
1463 934 1480 958 ,
1524 892 1620 960 [itii
1663 890 1940 946 Abraham.
1983 888 2119 957 Quid
2223 897 2279 942 ut
2306 900 2357 942 tu
2385 889 2681 944 nascereris
2707 888 3253 960 secundum‘spiritutn
3283 908 3296 943 :
3328 900 3478 944 natus
3493 899 3654 946 estex
3676 876 3750 946 mli

521 988 704 1042 dicis?
728 987 798 1042 de
829 986 1099 1057 unigenito
1127 985 1220 1040 Dei
1248 985 1388 1040 Filio
1415 992 1466 1039 te
1493 983 1834 1054 loquuturum
1861 997 1980 1038 esse
2012 979 2123 1052 pol-
2220 979 2373 1044 Iiere,
2427 989 2484 1034 ut
2530 988 2586 1034 tu
2623 980 2900 1036 desineres
2946 979 3085 1036 (ilius
3113 996 3234 1037 esse
3277 983 3541 1040 mulieris.
3581 982 3751 1054 Ideoqt

523 1078 796 1145 Iiee‘haris,
829 1086 884 1131 et
913 1076 1168 1131 Davidem
1196 1090 1464 1131 memoras
1489 1115 1505 1140 ,
1535 1074 1805 1130 hominem
1832 1081 1956 1144 post
1976 1073 2120 1130 mille
2223 1067 2418 1142 duplex
2441 1071 2713 1141 generatio
2737 1071 2852 1135 iuit,
2883 1079 2937 1126 et
2965 1086 3084 1142 quae
3112 1073 3301 1128 similis
3330 1084 3527 1129 nostra
3555 1083 3715 1137 esset,
3743 1089 3754 1128 t

529 1170 910 1239 generationes
933 1176 1137 1232 natum,
1166 1167 1446 1236 ipsumque
1471 1164 1604 1220 dicis
1625 1180 1744 1220 esse
1765 1172 1817 1219 et
1837 1173 2041 1234 patrem
2068 1173 2123 1218 et
2224 1177 2344 1232 qua:
2375 1171 2613 1217 nostram
2642 1161 2664 1194 ⁸
2689 1171 3055 1232 exsuperaret.
3076 1163 3288 1219 Etenim
3321 1181 3383 1220 ex
3417 1165 3641 1221 muliere
3665 1174 3756 1222 nas

527 1260 828 1330 proavum?
854 1249 1136 1328 Exspect'a,
1152 1272 1220 1312 ne
1244 1257 1403 1312 simul
1430 1256 1607 1311 omnia
1625 1256 1862 1310 ediscere
1882 1267 2126 1324 quzeras;

532 1351 631 1407 sed
679 1351 878 1406 sensim
925 1359 1083 1419 atque
1110 1349 1384 1418 paulatim.
1427 1348 1487 1402 In
1533 1346 1716 1401 limine
1773 1344 1948 1399 solum
1978 1353 2126 1409 stas,

533 1444 710 1499 adhuc
737 1443 790 1497 in
817 1443 934 1509 ipso
961 1442 1132 1503 ostio;
1165 1440 1288 1510 quid
1319 1439 1536 1495 festinas
1565 1438 1630 1492 ad
1653 1436 1950 1492 interiora?
1979 1435 2127 1491 Non-

536 1535 662 1588 tlum
689 1533 952 1587 exteriora
983 1532 1160 1585 omnia
1202 1530 1370 1600 probe
1394 1529 1684 1598 explorasti
1720 1545 1733 1581 :
1769 1542 1940 1596 neque
1983 1527 2126 1582 enim

539 1625 683 1677 illam
715 1622 807 1676 tibi
834 1621 1231 1691 generationem
1283 1619 1456 1674 adhuc
1494 1632 1782 1682 recenseo;
1817 1617 1924 1671 imo
1962 1631 2134 1684 neque

537 1715 682 1768 illam
709 1729 829 1783 qute
869 1721 990 1778 post
1015 1713 1296 1780 sequitur,
1343 1725 1460 1780 qum
1508 1709 1793 1764 iueil‘abilis
1833 1718 1886 1763 et
1933 1723 2127 1762 arcana

539 1811 642 1858 est.
679 1803 895 1872 Hocque
919 1803 1017 1857 tibi
1045 1809 1171 1856 ante
1201 1815 1290 1856 me
1318 1799 1480 1855 Isaias
1515 1799 1778 1870 prepheta
1809 1797 2088 1854 denuntiat
2116 1813 2134 1852 :

544 1893 812 1964 siquidem
853 1894 970 1963 ejus
999 1891 1301 1962 passionem
1327 1891 1627 1961 pmdieans
1647 1934 1660 1955 ,
1693 1891 1966 1960 ipsiuSque
1993 1890 2134 1944 circa

541 1986 726 2041 orbem
757 1993 1026 2040 terrarum
1055 1984 1445 2055 providentiam
1469 1986 1490 2015 ¹
1529 2003 1542 2038 :
1572 1984 1841 2038 admirans
1869 1983 1990 2051 quis
2013 1997 2134 2039 cum

543 2086 687 2131 esset
710 2076 841 2146 quid
885 2076 1182 2140 factussit,
1235 2090 1409 2146 quove
1448 2074 1818 2139 descenderit,
1863 2089 2052 2143 magna
2083 2080 2140 2128 et

543 2168 686 2222 clara
716 2182 849 2223 voce
875 2167 1224 2222 exeiamando
1249 2166 1384 2222 dixit
1416 2184 1430 2220 :
1465 2165 1851 2221 Generationem
1891 2165 2002 2222 eius
2027 2165 2139 2235 quis

545 2260 796 2314 enarrabit
821 2257 980 2329 (Isai.
1003 2257 1092 2312 53.
1121 2256 1176 2319 8)
1201 2257 1226 2312 ἲ

615 2447 672 2502 2.
707 2447 1001 2503 lncarnatio
1025 2457 1267 2516 quantum
1295 2447 1577 2516 stupenda;
1607 2445 1858 2512 quomodo
1879 2461 1972 2499 nos
1997 2445 2137 2500 eral-

549 2550 637 2595 ιιι.
660 2538 888 2595 Christus
911 2538 1064 2593 Vetus
1092 2537 1466 2592 Testamentum
1493 2536 1638 2590 Novo
1659 2538 1914 2608 adjuuxit.
1944 2534 2011 2588 In
2050 2535 2143 2591 Ve-

549 2643 644 2690 teri
673 2635 987 2688 Testamento
1015 2634 1202 2704 ﬁgura,
1221 2633 1273 2686 in
1293 2630 1440 2686 Novo
1468 2631 1750 2686 ueritas.—
1777 2627 1894 2684 Non
1925 2644 2053 2699 ergo
2073 2627 2140 2683 de

549 2729 640 2781 illa
667 2725 1012 2796 generatione
1038 2724 1196 2778 nobis
1214 2738 1395 2780 sermo
1421 2731 1523 2784 est,
1549 2721 1642 2776 sed
1669 2719 1734 2775 tle
1763 2721 1864 2774 hac
1887 2719 2141 2774 inferiore

550 2827 606 2871 et
635 2827 842 2871 terrena
864 2855 882 2883 ,
921 2829 1040 2884 qua:
1071 2815 1380 2868 innumeros
1406 2811 1489 2865 sui
1524 2821 1689 2866 testes
1717 2809 1898 2865 habet.
1944 2810 2019 2863 De
2045 2809 2144 2862 hac

554 2925 714 2979 porro
739 2924 837 2979 pro
873 2908 1012 2962 virili
1045 2918 1227 2962 nostra
1258 2905 1554 2962 secundum
1599 2914 1872 2975 acceptam
1916 2903 2144 2974 Spiritus

557 3001 786 3071 gratiam
811 3041 826 3066 ,
870 3001 948 3055 sic
994 3013 1301 3054 sermonem
1346 2998 1708 3053 instituemus.
1747 2996 1930 3067 Neque
1968 3007 2143 3051 tamen

558 3094 696 3147 hanc
722 3108 844 3147 cum
889 3092 1033 3146 omni
1075 3090 1454 3161 perspicuitate
1496 3089 1763 3159 explicare
1811 3103 2094 3159 possumus
2129 3107 2142 3143 :

558 3199 680 3238 nam
724 3192 778 3238 et
812 3183 926 3254 ipsa
955 3197 1169 3254 quoque
1198 3181 1486 3236 admodum
1516 3181 1776 3250 stupenda
1806 3188 1908 3236 est.
1937 3179 2015 3235 Ne
2044 3180 2146 3234 ita-

557 3291 663 3344 que
689 3275 876 3344 exigua
907 3282 960 3329 te
985 3272 1173 3328 audire
1201 3281 1355 3344 putes
1377 3314 1393 3340 ,
1425 3272 1551 3327 dum
1579 3270 1716 3326 hanc
1743 3271 1895 3326 audis
1918 3285 2148 3342 genera-

559 3369 794 3433 tionem;
825 3365 922 3424 sed
959 3376 1195 3422 mentem
1240 3366 1434 3431 excita,
1479 3373 1540 3422 et
1567 3365 1747 3420 statim
1775 3364 2106 3422 exhorresce
2128 3405 2144 3430 ,

559 3461 730 3516 Deutn
759 3460 810 3514 in
841 3469 1040 3516 terram
1067 3459 1276 3514 venisse
1302 3456 1546 3512 audiens.
1578 3456 1710 3512 Illud
1755 3456 1901 3514 enim
1943 3457 2025 3511 sic
2051 3454 2149 3511 ad-

559 3549 862 3605 mirandum
881 3589 898 3616 ,
928 3548 1010 3604 sic
1038 3547 1462 3617 inexspectatum
1487 3555 1636 3615 erat,
1667 3554 1726 3601 ut
1743 3546 1914 3616 angeli
1942 3545 1996 3600 in
2019 3543 2152 3601 cho-

563 3657 680 3698 rum
708 3641 919 3697 collecti
945 3655 1108 3710 super
1133 3639 1234 3697 hac
1261 3655 1321 3696 re
1347 3654 1444 3710 pro
1474 3647 1587 3695 toto
1627 3638 1757 3695 orbe
1798 3638 2007 3696 laudem
2037 3639 2150 3708 glo-

562 3734 802 3802 riamque
825 3732 1206 3798 concinerent,
1253 3740 1308 3786 et
1346 3731 1624 3800 prophetae
1645 3730 1758 3801 jam
1787 3731 1920 3788 olim
1948 3730 2017 3786 de
2054 3730 2154 3785 hac

563 3839 624 3879 re
647 3823 1089 3894 obstupescerent
1109 3864 1126 3888 ,
1151 3822 1294 3892 quod
1324 3823 1374 3877 in
1409 3831 1550 3878 terra
1569 3823 1714 3878 visus
1743 3833 1797 3878 et
1823 3837 1944 3879 cuin
1976 3821 2154 3878 homi-

565 3916 721 3972 nibus
736 3924 1082 3970 conversatus
1096 3915 1162 3969 sit
1175 3913 1422 3984 (Buruclt.
1439 3915 1492 3970 3.
1515 3913 1632 3984 38).
1646 3913 1856 3970 Etenim
1867 3914 2154 3969 admodum

561 4005 887 4076 stupendum
917 4015 998 4060 est
1025 4005 1242 4074 audire,
1278 4006 1444 4061 Deum
1491 4005 1810 4060 ineffabilem
1835 4047 1851 4073 ,
1883 4003 2158 4060 inenarra-

567 4097 748 4164 bilem,
778 4095 1394 4167 incomprehensibilem,
1427 4097 1570 4153 Patri
1595 4097 1852 4168 aequalem
1877 4137 1894 4161 ,
1921 4111 2018 4165 per
2046 4097 2156 4154 vir-

565 4202 778 4258 gineam
808 4186 1022 4243 venisse
1046 4187 1280 4254 vulvam,
1302 4195 1358 4242 et
1380 4203 1450 4242 ex
1482 4186 1704 4243 muliere
1721 4187 2156 4258 naseidignatum

569 4295 710 4347 esse,
735 4293 973 4350 avosque
987 4279 1186 4335 habere
1207 4278 1527 4335 Davidemet
1546 4278 1928 4346 Abrahamum.
1951 4279 2016 4335 Et
2032 4280 2157 4350 quid

570 4371 690 4426 dico
722 4370 977 4427 Davidem
999 4380 1055 4426 et
1075 4369 1473 4426 Abrahamnm?
1497 4369 1632 4428 Nam
1659 4370 1801 4442 quod
1831 4371 2156 4438 horribilius,

572 4461 733 4516 etiam
767 4461 1023 4518 mulieres
1051 4461 1169 4517 illas
1211 4462 1525 4520 meretrices
1555 4463 1609 4530 ’,
1654 4477 1791 4534 quas
1834 4463 1994 4532 paulo
2037 4472 2161 4517 ante

573 4554 887 4609 memoravi.
915 4554 1041 4610 Iltec
1070 4554 1318 4623 audiens,
1349 4556 1586 4612 animum
1607 4556 1754 4626 erige
1772 4595 1788 4619 ,
1818 4564 1874 4611 et
1899 4555 2029 4610 nihil
2056 4556 2162 4610 vile

576 4645 864 4716 suspiceris
891 4662 906 4699 :
938 4644 1175 4716 illudque
1203 4647 1436 4704 maxime
1455 4647 1676 4714 mirare,
1700 4647 1841 4717 quod
1871 4647 2038 4705 Filius
2061 4689 2078 4714 ,
2107 4658 2164 4704 ct

562 4735 842 4806 genuinus
863 4734 1030 4792 Filius
1051 4736 1144 4792 Dei
1159 4736 1279 4793 sine
1297 4737 1559 4810 principio
1578 4737 1886 4795 exsistentis
1915 4753 1977 4795 se
1997 4739 2163 4798 tilium

579 4827 795 4886 Davidis
819 4827 1008 4886 audire
1048 4843 1236 4900 passus
1278 4831 1387 4898 sit,
1430 4839 1490 4886 ut
1513 4839 1568 4888 te
1595 4831 1799 4889 taceret
1827 4833 1920 4889 Dei
1944 4832 2115 4892 illium
2143 4851 2160 4890 :

580 4937 770 4992 passus
793 4929 878 4978 est
904 4936 964 4981 se
985 4933 1190 4994 patrem
1214 4921 1410 4979 habere
1433 4937 1669 4990 servum,
1693 4933 1752 4979 ut
1778 4924 1873 4982 tibi
1895 4939 2055 4982 servo
2074 4940 2168 4996 pa-

581 5024 717 5069 trem
762 5012 966 5070 iaeeret
1007 5012 1311 5070 Dominum.
1366 5013 1550 5070 Viden‘
1594 5015 1777 5072 statim
1819 5031 1851 5071 a
1897 5017 2166 5089 principio

580 5119 824 5174 quantam
853 5104 964 5162 sint
984 5105 1302 5175 evangelia?
1329 5105 1480 5173 Quod
1509 5105 1555 5161 si
1581 5105 1653 5162 de
1681 5106 1787 5161 tuis
1813 5107 2028 5164 dubitas
2048 5150 2066 5173 ,
2099 5109 2169 5168 ab

583 5193 650 5250 iis
677 5211 795 5266 qua:
832 5196 904 5254 ad
944 5197 1118 5268 ipsum
1143 5205 1392 5268 spectant
1425 5197 1543 5253 haec
1579 5207 1638 5254 ut
1663 5198 1852 5255 credas
1875 5199 2166 5256 inducaris.

587 5287 766 5360 Longe
788 5290 932 5346 enirn
961 5290 1234 5348 dii‘tieilius
1260 5301 1366 5359 est,
1393 5300 1650 5362 quantum
1675 5292 1742 5348 ad
1766 5293 2057 5350 humanum
2082 5293 2169 5349 in—

590 5384 856 5440 tellectum
877 5386 1129 5454 pertinet,
1161 5386 1330 5446 Deum
1361 5386 1632 5448 hominem
1654 5387 1794 5456 ﬁeri,
1820 5403 1977 5460 quam
1995 5387 2169 5444 homi-

655 5576 675 5610 ί
701 5573 819 5630 Alii,
841 5573 1250 5625 misrricordimn.

657 5637 680 5670 ³
709 5637 730 5684 ι
751 5651 830 5698 o1,
854 5636 1148 5697 meretrices,
1176 5639 1322 5689 deest
1345 5636 1395 5688 in
1419 5630 1761 5699 Mannscriptis
1789 5629 2029 5697 plurimis.

2229 1253 2386 1309 nobis
2415 1254 2690 1324 competit;
2720 1255 2864 1310 nasci
2885 1265 3061 1310 autem
3085 1271 3194 1311 non
3218 1271 3282 1311 ex
3312 1255 3591 1327 sanguine,
3619 1271 3758 1316 nont

2229 1349 2500 1402 voluntate
2525 1347 2624 1401 viri
2655 1356 2710 1402 et
2731 1348 2932 1414 carnis,
2959 1349 3053 1404 sed
3075 1364 3142 1404 ex
3171 1348 3372 1420 Spiritu
3401 1359 3587 1406 sancto
3605 1393 3621 1418 ,
3649 1365 3760 1422 gent

2232 1443 2496 1496 rationem
2523 1457 2621 1496 nos
2661 1452 3071 1512 exsuperantem
3101 1452 3156 1498 et
3202 1442 3431 1498 futuram
3463 1445 3762 1514 praenuntiat

2231 1549 2352 1604 quae
2374 1549 2440 1590 ex
2468 1532 2671 1603 Spiritu
2715 1534 2868 1590 nobis
2893 1533 3234 1590 concedenda
3265 1546 3400 1590 erat.
3429 1534 3567 1601 Quin
3609 1541 3664 1588 et
3705 1551 3764 1594 ea

2233 1637 2349 1682 tera
2385 1641 2603 1697 quoque
2655 1627 2835 1682 omnia
2883 1625 3190 1696 Imjusmodi
3237 1634 3409 1682 erant.
3454 1625 3666 1680 Etenim
3713 1625 3766 1682 ta!

2234 1729 2350 1777 erat
2377 1729 2431 1776 et
2459 1720 2729 1775 lavacrum
2750 1737 2764 1774 :
2783 1719 3052 1789 quidpiam
3083 1720 3226 1774 enim
3252 1735 3320 1775 ex
3342 1719 3530 1782 veteri,
3551 1718 3767 1788 quidpiat

2235 1812 2397 1868 etiam
2427 1825 2499 1866 ex
2539 1824 2678 1866 novo
2705 1808 2959 1866 habebat.
2987 1809 3121 1865 Nam
3165 1825 3197 1864 a
3241 1809 3496 1881 prepheta
3523 1805 3768 1878 baptizari

2234 1917 2334 1976 per
2361 1902 2493 1958 illud
2517 1911 2672 1958 vetus
2699 1902 3100 1973 exprimebatur
3125 1918 3140 1956 :
3167 1901 3424 1973 Spiritum
3471 1910 3652 1955 autem
3700 1916 3770 1956 sat

2238 2007 2383 2052 etum
2400 1995 2748 2062 descendere,
2769 2010 2962 2048 novum
2980 1992 3365 2048 subindicabat.
3385 1997 3460 2048 Ac
3475 1991 3771 2064 quemadmt

2240 2088 2368 2143 dum
2395 2088 2438 2142 si
2465 2087 2585 2156 quis
2615 2087 2667 2139 in
2716 2084 2893 2141 medio
2931 2095 3114 2151 stans,
3156 2085 3289 2138 duos
3337 2086 3470 2138 alios
3517 2083 3774 2152 sejunctos

2241 2178 2492 2249 expansis
2519 2178 2630 2231 suis
2659 2177 2997 2246 arreptisque
3025 2176 3237 2230 illorum
3284 2177 3528 2244 utrinque
3551 2175 3776 2230 manibus

2244 2269 2586 2339 conjunxerit
2622 2269 2736 2322 :ita
2786 2277 2841 2322 et
2887 2269 2980 2323 ille
3023 2269 3181 2332 fecit,
3228 2266 3392 2321 Vetus
3431 2266 3774 2322 Testamentu

2245 2362 2394 2418 Novo
2435 2359 2768 2430 adiungens,
2818 2367 3060 2414 naturam
3113 2357 3344 2413 divinam
3373 2356 3647 2411 ‘hnmanae
3672 2397 3689 2422 ,
3737 2370 3779 2409 ει

2243 2453 2466 2510 nostris.
2497 2451 2680 2506 Viden'
2704 2450 2850 2505 urbis
2896 2450 3117 2519 hujusce
3146 2447 3402 2519 fulgorem
3426 2490 3442 2515 ,
3468 2457 3782 2518 quantumqt

2252 2555 2303 2602 te
2345 2560 2376 2600 a
2415 2544 2676 2615 principio
2726 2542 3154 2596 colluStraverit?
3205 2540 3470 2609 quomodo
3518 2539 3613 2594 tibi
3661 2555 3783 2608 rege:

2253 2640 2430 2695 statim
2457 2635 2693 2693 ostendit
2719 2637 2770 2690 in
2807 2647 2894 2689 tua
2925 2635 3104 2704 specie
3127 2673 3145 2700 ,
3174 2634 3325 2704 quasi
3353 2633 3404 2687 in
3435 2632 3613 2687 medio
3643 2646 3786 2686 exert

2256 2735 2346 2788 tu?
2373 2733 2556 2800 Neque
2584 2730 2725 2785 enim
2767 2727 2840 2783 ibi
2867 2743 2962 2783 rex
2992 2743 3206 2797 semper
3234 2726 3542 2797 dignitatem
3566 2740 3722 2780 suam
3752 2741 3788 2776 οη

2258 2825 2444 2891 tendit,
2472 2822 2567 2880 sed
2605 2823 2766 2878 missa
2806 2834 3041 2891 purpura
3068 2829 3122 2874 et
3163 2818 3462 2874 diademate
3493 2858 3507 2882 ,
3557 2817 3789 2871 militare

2259 2931 2401 2987 saepe
2426 2923 2630 2970 vestem
2663 2912 2854 2968 induit.
2893 2909 2999 2966 Sed
3029 2909 3100 2965 ibi
3127 2907 3342 2979 quidem
3363 2949 3379 2974 ,
3412 2922 3480 2962 ne
3523 2915 3685 2961 notus
3726 2921 3784 2959 cn

2260 3009 2350 3075 sit,
2381 3007 2564 3062 hostes
2589 3005 2657 3060 ad
2685 3019 2746 3060 se
2769 3001 3038 3066 attrahat;
3075 2999 3162 3056 hic
3187 3010 3374 3056 contra
3395 3039 3412 3060 .
3444 3013 3510 3052 ne
3537 3006 3699 3050 notus
3728 3013 3788 3051 cu

2267 3109 2356 3172 sit,
2377 3105 2586 3161 hostem
2608 3121 2674 3160 ex
2702 3103 2982 3160 conﬂictus
3001 3101 3193 3154 timore
3218 3097 3272 3152 in
3300 3095 3474 3166 fugam
3489 3085 3693 3158 vertat,
3719 3105 3794 3144 net

2268 3213 2393 3254 suos
2417 3199 2702 3253 conturbet
2729 3195 2989 3251 :salutem
3035 3193 3180 3246 enim
3222 3189 3350 3260 ipsis
3373 3229 3390 3256 ,
3430 3201 3536 3241 non
3587 3193 3793 3240 terrore

2268 3289 2460 3345 aii'erre
2488 3290 2686 3345 studet.
2720 3288 2844 3343 Ideo
2867 3284 3044 3342 statim
3067 3283 3240 3354 ipsum
3258 3281 3351 3335 illo
3371 3277 3589 3334 nomine
3619 3275 3794 3331 vocavi

2270 3397 2463 3451 nempe
2485 3379 2688 3444 Iesum.
2716 3380 2826 3435 Iioc
2843 3378 3041 3450 quippe
3061 3389 3256 3430 nomen
3285 3371 3439 3427 Iesus
3464 3383 3573 3424 non
3599 3377 3688 3424 est
3708 3367 3794 3422 Gr.

2267 3487 2412 3539 cum;
2435 3471 2532 3528 sed
2553 3471 2810 3528 Hebraica
2832 3469 3007 3540 lingua
3024 3466 3104 3523 sie
3116 3463 3414 3536 appellatur
3435 3460 3615 3524 Iesus;
3645 3459 3699 3514 id
3715 3474 3794 3528 (ιω

2268 3561 2456 3618 Grece
2475 3562 2758 3632 signiﬁcat,
2786 3570 2969 3631 Σωτὴρ,
2995 3558 3243 3615 Salvator
3268 3573 3282 3611 :
3309 3555 3555 3609 Salvator
3580 3568 3745 3623 porro
3775 3567 3794 3606 (

2265 3655 2428 3724 citur,
2446 3657 2590 3724 quod
2615 3657 2829 3714 salvum
2855 3654 3018 3709 faciat
3041 3651 3291 3722 populum
3314 3664 3493 3702 suum.

2352 3837 2402 3892 3.
2419 3836 2581 3892 Vides
2604 3836 2872 3907 qusmiodo
2890 3837 3188 3891 auditorem
3208 3837 3400 3900 erexit,
3421 3845 3689 3892 consueto
3716 3852 3794 3890 me

2274 3915 2440 3982 verba
2467 3926 2687 3995 iaciens,
2715 3944 2777 3983 ac
2801 3943 2896 3998 per
2920 3943 2982 3984 ea
3011 3943 3132 3999 quae
3153 3927 3308 3996 dicit,
3336 3927 3423 3982 illa
3447 3943 3571 3998 qua;
3596 3941 3752 3997 spem
3778 3945 3794 3979 ς

2279 4029 2466 4089 perant
2491 4021 2645 4077 nobis
2673 4021 2920 4076 erunibus
2950 4021 3190 4077 iudicat?
3217 4020 3348 4075 Nam
3380 4021 3660 4089 utriusque
3691 4035 3794 4073 non

2272 4112 2359 4165 nis
2393 4126 2582 4182 magna
2607 4123 2722 4167 erat
2751 4112 2889 4182 apud
2911 4112 3127 4168 Iudaee
3164 4113 3414 4182 cognitio.
3448 4111 3581 4179 Quia
3609 4111 3761 4167 enim
3792 4115 3793 4134 ³

2272 4212 2576 4271 exSpectata
2631 4203 2876 4274 quzedam
2929 4204 3132 4274 agentia
3178 4213 3327 4258 erant
3357 4245 3372 4269 ,
3421 4204 3530 4272 jam
3587 4203 3793 4257 nomini

2277 4293 2459 4363 ﬁgurae
2484 4305 2904 4366 plu-cesserant;
2936 4297 3006 4351 ita
3034 4307 3092 4350 ut
3115 4298 3226 4366 jam
3251 4297 3377 4350 olim
3407 4297 3586 4351 omnis
3614 4297 3794 4350 novita

2264 4406 2528 4454 tumultus
2542 4405 2839 4468 praereptth
2855 4404 3016 4451 esset.
3031 4394 3188 4450 Iesus
3199 4409 3347 4449 enim
3362 4404 3587 4450 vocatur
3597 4392 3794 4464 qui,po

2265 4490 2525 4560 Moysen],
2546 4488 2804 4559 populum
2822 4488 2876 4542 in
2897 4495 3100 4542 terram
3119 4485 3496 4557 promissionis
3513 4485 3794 4540 introdnxi

2270 4580 2466 4637 Vidisti
2507 4580 2762 4651 ﬁguram,
2799 4577 2922 4632 vide
2961 4584 3018 4632 et
3061 4577 3362 4632 veritatem.
3405 4575 3500 4630 Ille
3536 4574 3596 4628 in
3639 4585 3790 4629 terra

2266 4671 2688 4743 promissionis,
2737 4669 2828 4726 hic
2867 4669 2923 4724 in
2961 4668 3153 4724 celum
3195 4676 3250 4724 et
3291 4669 3345 4722 in
3383 4666 3623 4723 caelestia
3668 4668 3794 4721 bon:

2269 4764 2357 4819 ille
2402 4771 2524 4833 post
2582 4771 2808 4817 mortem
2853 4760 3052 4833 Moysis
3079 4800 3094 4826 ,
3137 4761 3227 4817 hic
3271 4767 3557 4832 postquam
3605 4759 3698 4814 lex
3742 4774 3794 4811 ce

2270 4860 2414 4914 savit
2455 4877 2470 4914 :
2515 4858 2606 4913 ille
2637 4866 2699 4912 ut
2737 4857 2923 4928 populi
2968 4856 3100 4922 dux,
3149 4856 3238 4912 hic
3274 4863 3332 4911 nt
3355 4870 3470 4911 rex.
3519 4851 3630 4908 Sed
3677 4851 3793 4908 neI

2270 4964 2392 5005 sum
2429 4948 2656 5004 audiens
2693 4962 2757 5004 ex
2797 4947 3082 5003 nominum
3122 4945 3476 5002 similitudine
3511 4944 3793 5015 deeipiari:

2273 5039 2420 5098 aliud
2440 5039 2682 5094 subdidit
2706 5055 2724 5093 :
2749 5037 2881 5094 Iesu
2899 5038 3101 5094 Christi
3123 5037 3227 5107 ﬁlii
3250 5035 3451 5091 David.
3473 5035 3567 5089 Ille
3591 5050 3732 5090 vero
3756 5051 3793 5088 nt

2269 5149 2340 5188 ex
2372 5131 2590 5198 Davitle,
2618 5131 2713 5187 sed
2735 5146 2803 5188 ex
2823 5132 2929 5186 alia
2952 5131 3098 5186 tribu
3123 5137 3264 5186 erat.
3291 5129 3397 5185 Sed
3417 5142 3518 5183 cur
3536 5125 3753 5180 librum
3782 5143 3794 5172 η

2275 5232 2369 5277 cat
2394 5209 2764 5294 generationis
2785 5221 2914 5278 Iesu
2938 5223 3164 5286 Christi,
3193 5237 3316 5276 cum
3344 5231 3525 5274 tamen
3551 5234 3666 5272 non
3686 5217 3793 5272 sui;

2341 5449 2362 5481 ³
2386 5457 2534 5507 Savil.
2561 5464 2614 5506 et
2643 5458 2831 5518 Mnrei.,
2849 5464 3073 5509 naturam
3098 5464 3331 5518 nostram.
3357 5455 3456 5506 Sed
3481 5458 3794 5518 vox._nutura

2281 5519 2428 5582 deest
2465 5521 2774 5582 iuiomnibus
2797 5512 2925 5582 pene
2965 5517 3328 5582 Manuscriptis,
3361 5530 3451 5565 nec
3471 5512 3791 5577 exprimitur

2285 5581 2494 5632 Amano.
2524 5581 2646 5631 Nam
2672 5580 3045 5645 mnuum-nn,
3069 5580 3286 5632 relcrtur
3303 5581 3362 5631 ad
3387 5585 3794 5641 rocemgmerat

2285 5655 2446 5705 supra.
