3858 6292
553 244 622 298 κῃ
1258 222 1316 279 S.
1354 222 1632 280 JOANNIS
1667 219 2138 277 CIIRYSOSTOHI
2181 220 2494 276 ARCIIIEP.
2536 219 3067 276 CONSTANTINOP.
3789 226 3842 280 ἓξ

559 347 650 394 νος
673 330 750 393 ὥς
779 325 1124 400 δημαγωγὸς,
1152 318 1308 389 06:0;
1338 326 1416 387 ὡς
1450 320 1720 395 βασιλεύς.
1756 319 1896 372 Ἀλλ’
1927 318 2015 371 ἵνα
2047 319 2121 386 μὴ

571 413 782 493 Ἰησοῦν
815 418 1054 482 ἀκούσας
1084 416 1172 471 διὰ
1208 416 1309 486 τὴν
1349 413 1665 486 ὁμωνυμίαν
1710 409 2008 480 πλανηθῇς,
2033 408 2126 460 ἐπ-

560 513 768 584 ήγαγεν
789 528 806 544 ο
850 510 1054 578 Ἰησοῦ
1078 508 1355 578 Χριστοῦ,
1391 507 1525 562 υἱοῦ
1554 505 1754 560 Δαυτδ.
1791 504 2025 563 Ἐκεῖνος
2067 499 2123 552 δὲ

559 604 660 656 οὐκ
687 598 757 673 ῆν
775 601 869 655 τοῦ
895 599 1076 666 Δαυῒδ,
1099 598 1212 652 ἀλλ’
1237 598 1427 670 ἐτέρας
1456 597 1649 667 φυλῆς.
1674 594 1829 657 Τίνος
1855 593 1912 647 δέ
1939 592 2124 646 ἕνεκεν

563 695 752 747 Βίϐλον
791 693 960 762 αὐτὴν
989 691 1252 760 γενέσεως
1282 689 1438 743 καλεῖ
1469 685 1644 758 Ἰησοῦ
1689 682 1955 756 Χριστοῦ;
2008 682 2130 736 καί-

561 801 710 853 τοιγε
741 784 802 836 οὐ
833 783 990 836 τοῦτο
1011 781 1122 851 ἔχει
1157 781 1315 850 μόνον
1341 780 1439 851 τὴν
1465 777 1738 847 γέννησιν,
1786 773 1922 828 ἀλλά
1947 774 2128 826 πᾶσαν

563 875 660 941 τὴν
688 873 1014 942 οἰκονομίαν.
1043 872 1166 925 Ὅτι
1199 871 1380 939 πάσης
1410 871 1509 939 τῆς
1539 866 1847 931 οἰκονομίας
1873 864 1935 919 :6
1958 862 2129 933 κεφά-

567 962 714 1015 λαιον
747 960 936 1020 τοῦτο,
977 960 1071 1010 καί
1114 959 1256 1026 ἀρχὴ
1303 958 1395 1009 καὶ
1445 959 1569 1028 ῥίζα
1613 959 1829 1012 πάντων
1863 961 1995 1029 ἡμῖν
2021 956 2132 1010 τῶν

562 1049 782 1119 ἀγαθῶν
807 1048 1032 1116 γίνεται.
1065 1048 1272 1117 Ὥσπερ
1294 1041 1386 1101 οὖν
1418 1047 1620 1116 βιϐλίον
1643 1049 1871 1120 οὐρανοῦ
1904 1050 2000 1102 καὶ
2028 1049 2131 1117 γῆς

563 1144 720 1198 καλεῖ
749 1142 1008 1211 Μωῦσῆς,
1060 1141 1300 1210 καίτοιγε
1339 1142 1398 1194 o6
1434 1144 1563 1214 περὶ
1605 1145 1834 1216 οὐρανοῦ
1879 1144 1995 1216 [24]
2039 1143 2133 1197 καὶ

561 1234 666 1303 γῆς
696 1231 999 1302 διαλεχθεὶς
1051 1232 1229 1302 μόνον,
1270 1232 1406 1286 ἀλλά
1437 1235 1530 1286 καὶ
1581 1236 1710 1306 περὶ
1741 1235 1849 1288 τῶν
1895 1237 1952 1288 ἐν
1983 1235 2132 1305 μέσῳ

562 1325 804 1379 πάντων·
865 1322 1009 1376 οὕτω
1055 1323 1151 1376 καὶ
1201 1319 1356 1387 06:0;
1412 1323 1520 1377 ἀπὸ
1563 1325 1659 1378 τοῦ
1691 1326 1984 1400 κεφαλαίου
2023 1324 2132 1378 τῶν

563 1412 1003 1484 κατορθωμάτων
1047 1413 1108 1465 τὸ
1146 1412 1346 1481 βιϐλίον
1377 1414 1621 1470 ἐκάλεσε.
1655 1415 1730 1469 T6
1771 1416 1879 1487 γὰρ
1926 1414 2132 1484 ἐκπλή-

562 1506 698 1570 ξεως
734 1505 902 1574 γέμον
935 1503 1029 1557 καὶ
1065 1503 1206 1574 ὑπὲρ
1249 1504 1438 1558 ἐλπίδα
1470 1506 1566 1559 καὶ
1616 1507 1939 1578 προσδοκίαν
1989 1508 2132 1560 ᾶπα-

561 1612 683 1662 σαν,
717 1594 999 1665 ἄνθρωπον
1027 1592 1276 1661 γενέσθαι
1321 1593 1473 1647 Θεόνο
1504 1595 1694 1650 τούτου
1723 1597 1780 1651 δὲ
1815 1597 2128 1667 γενομένου,

556 1687 628 1739 τὰ
661 1685 798 1756 μετά
834 1684 1006 1739 ταῦτα
1038 1684 1253 1738 ἅπαντα
1283 1685 1427 1739 κατὰ
1471 1685 1626 1754 λόγον
1673 1689 1768 1742 καὶ
1811 1687 2129 1741 ἀκολουθίαν

557 1776 773 1832 ἕπεται.

624 1867 781 1930 Τίνος
828 1866 884 1921 δὲ
928 1866 1114 1920 ἕνεκεν
1160 1867 1261 1920 οὐκ
1305 1864 1478 1933 εἶπεν,
1521 1867 1652 1922 Υἰοῦ
1693 1869 1976 1939 Ἀϐραάμ,
2031 1868 2132 1922 καί⁸

554 1956 872 2022 τότε,’Υἰοῦ
925 1959 1117 2021 Δαυῖδς
1169 1959 1282 2028 Οὐχ
1329 1960 1405 2022 ὥς
1437 1977 1580 2022 τινες
1611 1960 1834 2024 οἴονται,
1882 1959 2132 2015 κάτωθεν

499 2034 508 2040 ’
552 2048 664 2102 ἀνω
691 2047 1009 2118 βουλόμενος
1031 2048 1227 2103 ἐλθεῖνο
1264 2049 1385 2102 ἐπεὶ
1410 2050 1663 2122 ἐποίησεν
1688 2050 1774 2115 ἂν,
1809 2052 1948 2122 ὅπερ
1972 2052 2066 2105 καὶ
2080 2052 2124 2084 ⁸⁸

550 2141 578 2191 6
626 2141 858 2202 Λουκᾶς
917 2139 1013 2194 νῦν
1059 2139 1116 2193 δέ
1155 2141 1462 2194 τούναντίον
1502 2143 1665 2195 ποιεῖ.
1713 2143 1867 2206 Τίνος
1896 2138 1988 2195 οὖν
2022 2143 2135 2195 Eve-

559 2246 653 2283 κεν
703 2229 796 2283 τοῦ
844 2229 1006 2284 Δαυῒδ
1055 2232 1500 2302 ἐμνημόνευσενς
1547 2233 1634 2285 Ἐν
1664 2233 1709 2266 ⁸³
1749 2237 1862 2298 τοῖς
1913 2235 2131 2288 πάντων

559 2321 823 2392 στόμασιν
866 2323 895 2375 6
927 2320 1212 2391 ἅνθρωπος
1252 2318 1340 2395 ἦν,
1386 2324 1494 2376 ἀπό
1531 2340 1592 2376 τε
1623 2324 1720 2394 τῆς
1752 2325 2128 2396 περιφανείας,

555 2412 665 2465 ἀπό
692 2429 752 2464 τε
781 2411 877 2466 τοῦ
925 2412 1138 2483 χρόνου·
1170 2413 1230 2466 o6
1271 2413 1380 2485 γὰρ
1409 2414 1576 2467 πάλαι
1609 2410 1679 2486 ἧν
1704 2413 2128 2485 τετελευτηκὼς,

557 2503 748 2575 ὥσπερ
776 2505 820 2556 6~
845 2503 1116 2574 Ἀϐραάμ.
1167 2505 1229 2558 Εἰ
1259 2505 1316 2558 δὲ
1346 2505 1676 2578 ἀμφοτέροις
1707 2506 2072 2577 ἐπηγγείλατο
2103 2508 2132 2559 6

552 2595 707 2658 Θεὸς,
731 2595 846 2649 ἀλλ’
875 2597 1026 2667 ὅμως
1065 2598 1241 2650 ἐκεῖνο
1294 2597 1414 2668 μὲν,
1467 2597 1544 2662 ὡς
1576 2597 1828 2662 παλαιὸν,
1872 2599 2093 2665 ἐσιγᾶτο
2114 2617 2125 2628 ·

549 2685 708 2739 τοῦτο
726 2685 804 2748 δὲ,
831 2686 909 2749 ὡς
941 2686 1251 2759 πρόσφατον
1291 2689 1382 2740 καί
1404 2687 1542 2752 νέον,
1581 2688 1687 2741 ὑπὸ
1725 2689 1942 2742 πάντων
1973 2705 2129 2757 περι-

551 2774 796 2844 εφέρετο.
822 2777 982 2828 Αὐτοὶ
1007 2775 1137 2843 γοῦν
1161 2775 1408 2843 λέγουσιν
1431 2792 1446 2807 ο
1481 2779 1603 2830 Οὐκ
1634 2778 1703 2830 ἐκ
1729 2776 1837 2830 τοῦ
1867 2775 2130 2844 σπέρμα-

551 2885 651 2933 τος
689 2868 871 2922 Δαυῒδ
901 2869 998 2922 καί
1025 2870 1142 2923 ἀπὸ
1168 2871 1438 2940 Βηθλεὲμ
1470 2870 1581 2939 τῆς
1611 2871 1831 2938 κώμης,
1858 2872 2011 2924 ὅπου
2049 2869 2131 2941 ἦν

553 2956 753 3023 Δανῒδ,
786 2957 1020 3025 ἔρχεται
1060 2961 1093 3012 d
1135 2961 1409 3028 Χριστός.
1457 2961 1566 3014 Καὶ
1618 2961 1792 3025 οὐδεὶς
1821 2962 1982 3014 αὐτὸν
2013 2962 2128 3015 υἰὺν

567 3049 839 3119 Ἀϐραὰμ,
874 3049 1007 3103 ἀλλὰ
1037 3049 1234 3114 πάντες
1262 3052 1376 3105 υἱὸν
1411 3051 1574 3105 Δαυῖδ
1607 3052 1856 3106 ἐκάλουν·
1892 3053 1986 3105 καί
2015 3053 2124 3124 γὰρ

466 3199 473 3206 _
554 3139 647 3190 καὶ
671 3137 759 3192 διὰ
783 3139 874 3192 τὸν
901 3139 1111 3209 χρόνον,
1137 3141 1212 3204 ὼς
1253 3139 1422 3211 ἔφθην
1452 3142 1647 3204 εἰπὼν,
1670 3143 1764 3196 καὶ
1785 3143 1874 3196 διὰ
1899 3144 1999 3214 τὴν
2027 3142 2124 3211 βα·-

552 3229 777 3294 σιλείαν,
830 3230 1028 3300 μᾶλλον
1073 3232 1131 3284 ἐν
1172 3233 1360 3302 μνήμῃ
1406 3233 1572 3286 πᾶσιν
1621 3226 1776 3295 οὗτος
1825 3229 1914 3304 ῆν.
1966 3232 2124 3288 Οὕτω

549 3317 678 3382 γοῦν
717 3319 810 3372 κα)⁸
845 3319 938 3383 οὓς
972 3321 1174 3388 ἐτίμων
1208 3320 1461 3389 βασιλέας
1496 3323 1612 3392 μετ’
1645 3324 1850 3376 ἐκεῖνον
1881 3322 1939 3386 ἐξ
1975 3321 2122 3375 ἐκεί-

556 3424 650 3462 νου
683 3407 924 3471 ἅπαντας
955 3408 1198 3472 ἐκάλουν,
1227 3409 1320 3462 καὶ
1345 3410 1495 3464 αὐτοὶ
1521 3413 1614 3466 καὶ
1640 3414 1668 3466 6
1691 3412 1842 3476 Θεός.
1876 3413 1985 3466 Καὶ
2012 3413 2122 3483 γάρ

556 3499 652 3554 καὶ
687 3498 960 3568 Ἰεζεκιὴλ,
994 3500 1088 3554 καὶ
1125 3501 1302 3571 ἕτεροι
1325 3501 1381 3554 δέ
1411 3503 1702 3576 προφῆται,
1731 3504 1980 3572 λέγουσιν
2022 3505 2124 3559 αύ-

555 3590 667 3652 τοῖς
697 3588 1091 3660 παραγίνεσθαι
1149 3589 1314 3644 Δαυῒδ
1362 3589 1458 3643 καί
1510 3591 1856 3657 ἀνίστασθαι,
1895 3595 1956 3647 06
1994 3592 2122 3664 περί

557 3680 761 3733 ἐκείνου
795 3681 1042 3748 λέγοντες
1072 3679 1167 3732 τοῦ
1207 3680 1674 3751 τετελευτηκότος,
1711 3682 1848 3736 ἀλλὰ
1889 3682 1995 3736 τῶν
2025 3683 2124 3753 ζη-

555 3770 788 3824 λούντων
820 3772 920 3840 τὴν
944 3770 1143 3841 ἀρετὴν
1174 3771 1541 3842 τηνέκείνου.
1576 3774 1688 3827 Καὶ
1711 3775 1756 3806 ⁸³
1795 3773 1874 3844 τῷ
1907 3773 2123 3844 Ἐζεκίᾳ

559 3861 741 3931 φησίν·
788 3860 1151 3926 Ὑπερασπιῶ
1206 3860 1316 3927 τῆς
1367 3863 1598 3928 πόλεως
1646 3865 1868 3931 ταύτης
1913 3863 1987 3917 δι’
2021 3864 2124 3932 ἐμὲ

559 3951 657 4004 καί
686 3950 784 4004 διὰ
819 3950 1001 4004 Δαυῒδ
1025 3952 1130 4004 τόν
1159 3951 1341 4005 παῖδὰ
1372 3969 1512 4021 μου.
1546 3951 1648 4005 Καὶ
1673 3952 1751 4021 τῷ
1773 3952 2045 4022 Σολομῶνι
2067 3952 2124 4005 δὲ

559 4042 740 4109 ἔλεγεν
781 4042 865 4105 ⁸⁸,
915 4043 998 4096 ὅτι
1052 4042 1140 4096 διὰ
1189 4043 1349 4097 Δαυῖδ
1403 4045 1465 4096 o6
1527 4043 1774 4114 διέρρηξε
1822 4044 1868 4074 ³⁸
1927 4042 2126 4107 ζῶντος

558 4132 722 4185 αὑτοῦ
782 4133 881 4204 τὴν
930 4133 1223 4203 βασιλείαν.
1276 4133 1452 4203 Πολλὴ
1505 4135 1612 4205 γὰρ
1658 4136 1691 4205 ἡ
1739 4135 1864 4201 δόξα
1896 4133 1990 4187 τοῦ
2031 4136 2126 4187 ἀνα

558 4224 684 4296 δρὸς
711 4220 780 4299 ἦν
833 4225 926 4278 καὶ
975 4225 1123 4297 παρὰ
1170 4223 1287 4297 [25]
1325 4225 1443 4296 Θεῷ
1473 4226 1564 4279 καὶ
1603 4226 1753 4298 παρὰ
1797 4226 2122 4296 ἀνθρώποις.

558 4316 656 4370 Διά
682 4315 839 4371 τοῦτο
886 4316 1089 4380 εὐθέως
1129 4319 1194 4370 ἐκ
1217 4316 1310 4370 τοῦ
1349 4318 1770 4389 γνωριμωτέρου
1811 4318 1912 4388 τὴν
1951 4319 2125 4390 ἀρχὴν

557 4413 810 4474 ποιεῖται,
844 4409 937 4466 καὶ
971 4410 1091 4463 τότε
1117 4409 1211 4464 ἐπὶ
1241 4409 1332 4462 τὸν
1351 4410 1572 4480 ⁴πατέρα
1599 4409 1910 4480 ἀνατρέχει,
1941 4426 2127 4480 περιτ-

558 4501 654 4556 τδν
691 4501 1010 4572 ἡγούμενος,
1053 4502 1177 4556 ὅσον
1210 4501 1350 4574 πρὸς
1384 4502 1690 4566 Ἰουδαίους,
1735 4502 1991 4572 ἀνωτέρω
2035 4503 2126 4555 τὸν

558 4591 715 4659 λόγον
751 4593 996 4660 ἀγαγεῖν.
1032 4587 1192 4646 Οὗτοι
1219 4594 1330 4661 γάρ
1380 4592 1613 4662 μάλιστα
1643 4589 1784 4664 ἦσαν
1830 4596 1878 4647 οἰ
1915 4595 2126 4664 θαυμα-

558 4682 775 4754 ζόμενοι
800 4697 813 4714 ·
845 4683 874 4736 6
906 4682 1027 4753 μὲν,
1070 4682 1146 4746 ὡς
1193 4683 1478 4755 προφήτης
1521 4683 1614 4737 καί
1665 4683 1948 4754 βασιλεύς·
1985 4686 2013 4737 ὁ
2042 4685 2122 4748 δὲ,

557 4773 634 4837 ὡς
663 4775 1004 4845 πατριάρχης
1033 4776 1129 4828 καὶ
1161 4776 1466 4846 προφήτης.
1511 4776 1621 4829 Καὶ
1654 4775 1815 4829 πόθεν
1855 4775 2012 4845 δῆλον
2043 4777 2125 4829 ὅτι

561 4866 625 4919 ἐκ
649 4865 742 4920 τοῦ
773 4865 933 4918 Δαυῖδ
955 4866 1103 4930 ἐστι,
1132 4866 1316 4936 φησίν.
1341 4867 1403 4920 Εἰ
1425 4866 1533 4936 γὰρ
1557 4867 1616 4933 ἐξ
1641 4866 1831 4936 ἀνδρὸς
1857 4867 1957 4920 οὐκ
1984 4869 2128 4935 ἐγεν-

518 5027 522 5030 .
562 4957 716 5029 νήθη,
740 4956 852 5011 ἀλλ’
905 4957 1012 5011 ἀπὸ
1051 4958 1305 5026 γυναικὸς
1341 4958 1520 5028 μόνον,
1568 4960 1601 5030 ή
1652 4959 1708 5012 δὲ
1763 4947 2034 5031 Παρθένος
2063 4961 2126 5012 o6

557 5045 977 5116 γενεαλογεῖται,
1017 5045 1133 5110 πῶς
1171 5047 1428 5117 εἰσόμεθα
1458 5049 1540 5102 ὅτι
1581 5049 1674 5102 τοῦ
1704 5049 1866 5102 Δαυῒδ
1907 5049 2126 5118 ἔκγονος

558 5132 657 5208 ῆν;
691 5137 794 5190 Δύο
833 5138 942 5208 γάρ
970 5139 1085 5191 ἐστι
1122 5137 1190 5192 τά
1227 5137 1530 5209 ζητούμενα
1550 5154 1566 5170 ⁸
1611 5141 1756 5205 τίνος
1780 5158 1840 5194 τε
1872 5140 2058 5196 ἕνεκεν
2089 5145 2122 5213 ή

563 5229 746 5300 μήτηρ
782 5230 842 5282 06
874 5230 1298 5299 γενεαλογεῖται,
1331 5231 1427 5285 καὶ
1465 5230 1518 5285 τί
1560 5231 1758 5302 δήποτε
1783 5235 1812 5287 6
1843 5234 2064 5306 Ἰωσὴφ,
2097 5237 2127 5288 6

563 5319 731 5389 μηδὲν
761 5319 1027 5373 συντελῶν
1073 5321 1207 5393 πρὸς
1250 5322 1351 5393 τὴν
1401 5322 1671 5392 γέννησιν,
1727 5326 2125 5396 μνημονεύεται

559 5409 690 5478 παρ’
724 5409 922 5462 αὐτῶν·
957 5410 1102 5464 δοκεῖ
1132 5411 1240 5482 γὰρ
1266 5411 1328 5465 :6
1354 5412 1453 5484 μὲν
1484 5415 1734 5484 περιττὸν
1760 5411 1918 5478 εἶναι,
1957 5419 2018 5470 :6
2066 5418 2124 5470 δὲ

557 5501 757 5564 ἐνδεές.
801 5502 958 5554 Ποῖον
996 5499 1089 5557 οὖν
1133 5503 1394 5578 πρότερον
1428 5505 1720 5575 ἀναγκαῖον
1757 5508 1961 5569 εἰπεῖν;
1999 5508 2123 5572 Πῶς

654 5633 701 5703 ε’
729 5631 851 5703 τήν]
875 5633 967 5686 καὶ
993 5633 1094 5699 τήν
1121 5634 1254 5691 ΕιΙιί.

579 5702 1102 5798 ξλδέλιιιιιιοφησξνϐ.
1161 5708 1446 5798 3:19.57“)
1477 5702 1781 5798 λέγετριξιῖ.
1819 5716 2130 5798 εηῐρηταιόἰςί.

575 5774 892 5854 διαέρήξωίς
932 5774 942 5778 ’
1053 5774 1350 5854 παρθένονῘ
1383 5774 1782 5854 τῆν-παρθένον
1819 5774 1951 5839 lit-Id:

1349 5638 1392 5673 Μ
1420 5641 1558 5682 ὅπερ)
1590 5643 1705 5682 vn”
1735 5642 1824 5682 Rin
1859 5643 1899 5682 R
1948 5645 2127 5682 a-mlnri
2154 5661 2243 5682 nm
2301 5647 2393 5682 vn:
2491 5647 2537 5678 81
2570 5647 2684 5682 ’ῐῗυῖ
2707 5648 2829 5682 "ﬂ...
2857 5649 2912 5682 ἃς.
2945 5647 2972 5682 F

1420 5642 1558 5714 ὅπερ
1590 5643 1705 5713 καί]
1735 5642 1824 5697 Sir
1859 5643 1919 5697 Β.
1948 5645 2127 5698 ra‘lori

1477 5713 1692 5788 λέγεται
1721 5715 1781 5768 C.
1819 5717 2034 5788 gmw:
2056 5716 2127 5788 ΔΕ.

2255 5685 2266 5696 .
2301 5647 2414 5699 καί.
2491 5647 2537 5678 ⁸⁸
2570 5647 2684 5718 Ἐν]
2707 5648 2830 5700 ’Ότι
2855 5649 2912 5700 ἐν
2945 5646 3040 5715 Ep.
3068 5647 3168 5701 An.
3267 5647 3313 5678 ”
3340 5646 3446 5700 Καί
3469 5645 3510 5696 -ἰ-
3537 5647 3565 5700 6
3595 5646 3726 5710 Θεδς
3747 5645 3793 5700 δέ

2255 5716 2270 5746 ⁵
2302 5716 2575 5788 διέρρηξε]
2605 5717 2696 5771 Sic
2732 5717 2789 5788 Β,
2838 5719 2898 5769 IL
2932 5719 3080 5770 Ann.
3109 5719 3426 5785 dirumperel
3450 5719 3593 5788 ίΑηη-
3620 5719 3793 5788 (τι-ἰπὶ

2051 5781 2096 5863 ἔτ
2112 5785 2332 5863 βούλει]
2360 5781 2400 5844 ’ἰί
2422 5781 2624 5863 ’μαθεῖν
2770 5787 2968 5863 βοέλει.
2999 5827 3012 5840 ο
3045 5828 3063 5863 -_
3079 5781 3786 5863 ,ἀκούεξῂηβούλειέοιπδνι

2255 325 2320 375 ἐκ
2347 323 2440 376 τοῦ
2467 320 2628 376 Δαυῒδ
2653 321 2687 388 ή
2717 318 3008 389 Παρθένος.
3056 316 3179 380 Πῶς
3206 312 3298 370 οὖν
3324 317 3579 388 εἰσόμεθα
3626 317 3727 370 ὅτι
3793 319 3842 366 ἐν

2255 413 2350 468 τοῦ
2381 413 2543 467 Δαυῖδ
2566 428 2582 478 ;
2606 413 2872 466 ’Ἄκουσον
2892 410 2986 464 τοῦ
3017 407 3152 462 Θεοῦ
3179 397 3427 477 λέγοντος
3454 409 3531 480 τῷ
3559 408 3827 478 Γαϐριὴ)

2249 505 2502 557 ἀπελθεῖν
2548 505 2704 572 Πρὸς
2750 503 3048 573 παρθένον
3075 504 3122 536 ⁸⁸
3147 491 3698 574 μεμνηστευμένην
3737 501 3842 555 ds"

2248 594 2361 662 δρὶ,
2389 587 2438 660 ᾧ
2470 594 2654 663 ὄνομα
2681 595 2910 663 Ἰωσὴφ,
2937 593 3007 658 ἐξ
3031 594 3198 647 οἴκου
3229 596 3328 648 καὶ
3353 596 3587 666 πατριᾶς
3617 591 3842 646 Δαυΐδ.

2249 692 2314 744 Τί
2343 693 2519 744 τοίνυν
2547 689 2730 760 βούλει
2763 690 2806 721 ⁸⁷
2853 688 3042 742 τούτου
3094 688 3445 760 σαφέστερον,
3481 689 3609 741 ὅταν
3663 684 3842 739 ἀκού-

2251 796 2351 854 σῃς
2387 782 2468 834 ὅτι
2498 781 2558 845 ἐξ
2590 781 2737 834 οἴκου
2764 779 2858 834 καὶ
2889 781 3122 850 πατριᾶς
3152 780 3314 832 Δαυῒδ
3345 775 3469 850 ἧνή
3507 777 3842 847 Παρθένος;

2318 871 2382 925 δ’.
2437 870 2598 923 Ὅθεν
2633 869 2809 941 δῆλον,
2846 869 2928 922 ὅτι
2959 871 3050 922 καὶ
3075 870 3104 920 6
3145 870 3342 940 Ἰωσὴφ
3370 869 3574 922 ἐκεῖθεν
3601 864 3703 936 ἦν.
3734 867 3842 918 Καῖ

2250 959 2357 1034 γὰρ
2371 961 2504 1032 νόμο
2521 957 2616 1031 ςῆν
2635 959 2663 1010 6
2679 959 2912 1013 κελεύων
2931 959 3004 1030 μὴ
3026 958 3430 1028 ἐξεῖναιγαμεϊν
3447 959 3702 1017 ἄλλοθεν,
3727 956 3842 1008 ἀλλ’

2251 1049 2284 1120 ἢ
2321 1053 2384 1103 ἐκ
2408 1050 2508 1120 τῆς
2531 1050 2702 1119 αὐτῆς
2727 1049 2917 1120 φυλῆς.
2959 1047 3063 1101 Καὶ
3098 1049 3127 1100 6
3157 1049 3497 1120 πατριάρχης
3534 1048 3592 1100 δὲ
3628 1045 3842 1100 Ἰακὼῆ

2250 1139 2356 1192 ἀπὸ
2378 1141 2476 1207 τῆς
2507 1139 2677 1194 ’ἰούδα
2698 1139 2868 1210 φυλῆς
2898 1140 3296 1212 ἀναστήσεσθαι
3324 1139 3484 1192 αὐτὸν
3501 1137 3842 1210 προῦλεγεν.

2249 1228 2392 1282 οὕτω
2419 1229 2612 1298 λέγων’
2642 1232 2762 1284 Οὐκ
2805 1231 3077 1300 ἐκλείψει
3103 1229 3306 1300 ἄρχων
3336 1231 3405 1294 ἐξ
3435 1229 3659 1292 Ἰούδα,
3696 1227 3842 1282 οὐδὲ

2249 1319 2580 1388 ἡγούμενος
2604 1320 2674 1373 ἐκ
2721 1320 2842 1373 τῶν
2863 1318 3074 1390 μηρῶν
3100 1320 3306 1385 αὐτοῦ,
3332 1320 3443 1385 ἕως
3478 1319 3556 1374 ἂν
3595 1321 3767 1385 ἔλθῃ
3803 1309 3842 1382 ᾧ

2250 1409 2576 1464 ἀπόκειταιο
2611 1410 2711 1464 καί
2749 1411 2932 1476 αὐτὸς
2986 1409 3321 1478 προσδοκία
3354 1409 3565 1464 ἐθνῶν.
3599 1409 3672 1462 Ἦ
3731 1407 3842 1477 γὰρ

2252 1497 2556 1568 προφητεία
2581 1497 2742 1568 αὕτη,
2766 1499 2847 1552 ὅτι
2880 1499 2978 1569 μὲν
3006 1501 3071 1552 ἐκ
3091 1502 3190 1570 τῆς
3214 1499 3387 1570 φυλῆς
3419 1498 3591 1552 Ἰούδα
3611 1497 3842 1564 γέγονεν

2249 1588 2416 1658 δηλοῖ·
2457 1591 2538 1643 ὅτι
2563 1589 2620 1642 δὲ
2645 1590 2738 1644 καὶ
2771 1590 2867 1643 τοῦ
2907 1591 3099 1660 γένους
3126 1592 3308 1655 Δαυῖδ,
3337 1592 3542 1645 οὐκέτι.
3563 1587 3636 1643 *Α
3649 1609 3729 1662 ρα
3751 1587 3842 1641 οὖν

2251 1683 2318 1751 τῇ
2346 1681 2484 1751 φυλῇ
2518 1680 2688 1734 ’ἰούδα
2721 1682 2842 1751 οὐχὶ
2869 1682 3026 1750 γένος
3057 1683 3114 1736 ἓν
3138 1679 3207 1753 ἦν
3244 1684 3401 1753 μόνον
3432 1682 3494 1735 :6
3523 1681 3618 1735 τοῦ
3645 1679 3842 1740 Δαυῒδ,

2255 1770 2392 1825 ἀλλά
2417 1772 2512 1824 καὶ
2540 1769 2712 1824 πολλὰ
2745 1771 2927 1842 ἕτερα·
2958 1773 3060 1826 καὶ
3086 1773 3365 1827 συνέϐαινε
3396 1774 3494 1843 τῆς
3525 1772 3626 1843 μὲν
3657 1770 3842 1840 φυλῆς

2257 1860 2395 1920 εἶναι
2426 1865 2519 1919 τοῦ
2556 1864 2744 1928 Ἰούδα,
2787 1865 2972 1918 οὐκέτι
3021 1866 3078 1919 δὲ
3131 1867 3232 1919 καὶ
3260 1866 3353 1918 τοῦ
3389 1857 3581 1932 γένους
3633 1863 3842 1925 Δαυῖδ;

2269 1956 2410 2010 Ἀλλ’
2451 1957 2561 2009 ἴνα·
2588 1957 2661 2026 μὴ
2703 1955 2861 2008 τούτο
2887 1956 3072 2027 λέγῃς,
3105 1955 3281 2010 ἀνεῖλέ
3309 1973 3401 2008 σου
3441 1955 3541 2026 τὴν
3571 1955 3842 2008 ὑπόνοιαν

2256 2045 2464 2117 ταύτην
2485 2047 2515 2099 6
2550 2045 2960 2114 εὐαγγελιστὴς,
3003 2045 3190 2110 εἰπὼν,
3225 2047 3307 2100 ὃτι
3341 2046 3398 2111 ἐξ
3423 2047 3574 2099 οῖκου
3599 2046 3706 2098 καὶ
3737 2061 3842 2096 πα⁴

2254 2138 2409 2208 τριᾶς
2439 2135 2550 2208 [‘26]
2573 2132 2641 2206 ἦν
2667 2137 2848 2191 Δαυῖδ.
2876 2137 2938 2188 Εἰ
2967 2135 3022 2188 δὲ
3059 2136 3156 2188 καὶ
3181 2134 3445 2207 ἑτέρωθεν
3466 2133 3646 2204 βούλει
3680 2133 3842 2186 τοῦτο

2257 2227 2466 2299 μαθεῖν,
2492 2227 2620 2286 ,οὐδὲ
2649 2227 2839 2297 ἑτέρας
2871 2227 3222 2298 ἀπορήσομεν
3249 2225 3599 2289 ἀποδείξεωςο
3628 2225 3698 2278 o6
3731 2225 3842 2293 γὰρ

2252 2316 2316 2389 δὴ
2362 2318 2520 2388 μόνον
2548 2317 2656 2369 ἀπὺ
2681 2317 2853 2387 φυλῆς
2881 2317 2979 2370 οὐκ
3008 2319 3136 2388 ἐξῆν
3169 2317 3383 2386 ἐτέρας,
3425 2317 3537 2370 ἀλλ’
3568 2316 3699 2370 οὐδὲ
3734 2315 3842 2369 ἀπὺ

2253 2411 2488 2480 πατριᾶς
2515 2409 2725 2477 ἐτέρας,
2755 2409 3022 2470 τουτέστι,
3054 2408 3392 2476 συγγενείας,
3416 2410 3638 2476 γαμεῖν.
3672 2408 3841 2458 Ὥστε

2256 2499 2322 2554 ἀν
2358 2517 2417 2553 τε
2453 2502 2516 2569 τῇ
2557 2497 2837 2568 Παρθένῳ,
2868 2499 2928 2552 :6
2968 2499 3028 2563 ἐξ
3056 2500 3207 2552 οἴκου
3254 2500 3348 2552 καὶ
3394 2499 3632 2568 πατριᾶς
3673 2496 3842 2550 Δαυῒδ

2255 2587 2607 2659 ἀρμόσωμεν,
2633 2589 2832 2658 ἕστηκε
2859 2589 2920 2640 τὸ
2962 2589 3271 2658 εἰρημένον·
3310 2589 3375 2642 ἀν
3401 2605 3459 2640 τε
3493 2587 3572 2657 τῷ
3607 2588 3837 2656 Ἰωσὴφ.

2254 2679 2320 2731 δι’
2360 2679 2570 2731 ἐκείνου
2618 2678 2910 2732 καὶτοῦτο
2955 2679 3439 2742 κατασκευάζεται.
3493 2680 3553 2730 Εἰ
3615 2679 3734 2747 γὰρ
3785 2679 3842 2740 ἐξ

2256 2772 2407 2824 οἴκου
2437 2769 2598 2822 Δαυῖδ
2646 2771 2740 2824 καί
2789 2772 3022 2838 πατριᾶς
3055 2766 3122 2840 ἦν
3155 2771 3204 2841 [6
3250 2771 3446 2839 Ἰωσὴφ
3478 2769 3570 2839 ⁸⁸],
3616 2770 3727 2821 οὐκ
3776 2769 3837 2820 ἂν

2255 2864 2475 2919 ἄλλοθεν
2503 2860 2660 2914 ἔλαϐε
2689 2861 2789 2931 τὴν
2814 2864 3069 2930 γυναῖκα,
3099 2864 3133 2933 ἢ
3171 2863 3296 2916 ὅθεν
3330 2864 3424 2918 καὶ
3449 2866 3615 2929 αὐτὸς
3644 2862 3741 2937 ἦν.
3772 2867 3834 2918 Τί

2255 2948 2369 3015 οὖν,
2397 2953 2446 3005 εἰ
2481 2951 2694 3022 παρέϐη
2729 2952 2819 3004 τὸν
2842 2953 3032 3022 νόμον;
3067 2954 3218 3025 φησί,
3247 2956 3344 3008 Διά
3368 2956 3476 3027 γάρ
3511 2957 3677 3010 τοῦτο
3707 2977 3833 3027 προ-

2256 3043 2434 3098 λαϐὼν
2471 3043 2868 3116 ἐμαρτύρησεν,
2896 3045 2976 3098 ὅτι
3003 3045 3210 3110 δίκαιος
3240 3042 3306 3117 ἦν
3331 3050 3360 3100 6
3390 3049 3608 3117 Ἰωσὴφ,
3639 3051 3732 3103 ἵνα
3762 3051 3830 3118 μὴ

2254 3137 2410 3191 τοῦτο
2440 3136 2624 3209 λέγῃς,
2651 3136 2786 3191 ἀλλὰ
2817 3135 3004 3207 μαθὼν
3029 3137 3192 3191 αὐτοῦ
3221 3139 3320 3208 τὴν
3352 3140 3570 3210 ἀρετὴν,
3605 3143 3831 3194 κάκεῖνο

2255 3228 2419 3299 εἰδῇς,
2451 3229 2533 3282 ὅτι
2583 3229 2682 3282 οὐκ
2715 3230 2784 3282 ἀν
2827 3229 3042 3300 παρέϐη
3082 3229 3171 3282 τὸν
3204 3230 3365 3300 νόμον
3426 3233 3482 3282 '0
3522 3233 3636 3302 γὰρ
3689 3232 3830 3284 οὕτω

2254 3316 2630 3390 φιλάνθρωπος
2681 3318 2774 3370 καὶ
2828 3316 3034 3380 πάθους
3069 3317 3255 3382 ἐκτὸς,
3291 3319 3368 3382 ὡς
3412 3319 3543 3390 μηδὲ
3589 3321 3828 3390 ὑποιῖκίας

2254 3406 2670 3476 ἀναγκαζούσης
2712 3407 3036 3478 βουληθῆναι
3077 3408 3422 3478 ἐπιχειρῆσαι
3468 3410 3705 3464 κολάσαι
3734 3411 3830 3476 τὴν

2255 3497 2550 3568 Παρθένον,
2589 3497 2706 3561 πῶς
2742 3499 2808 3551 ἂν
2839 3498 2906 3552 δι’
2929 3499 3123 3570 ἡδονὴν
3153 3500 3484 3570 παρέϐηετδν
3520 3502 3724 3571 νόμον;
3772 3503 3826 3555 '0

2255 3590 2364 3659 γὰρ
2392 3590 2532 3660 ὑπὲρ
2573 3589 2736 3659 νόμον
2769 3589 3136 3660 φιλοσοφήσας
3181 3593 3300 3661 (καὶ
3346 3593 3452 3664 γὰρ
3495 3593 3554 3646 τὸ
3607 3596 3827 3661 ἀφεῖναι

2261 3678 2354 3731 καὶ
2384 3676 2558 3748 λάθρα
2581 3679 2797 3746 ἀφεῖναι
2814 3679 2882 3743 ⁸⁸,
2909 3680 3048 3750 ὑπὲρ
3075 3681 3237 3750 νόμον
3262 3679 3683 3750 φιλοσοφοῦντος
3716 3678 3824 3752 ἢν),

2260 3768 2376 3830 πῶς
2405 3769 2470 3822 ἂν
2498 3771 2648 3839 παρά
2676 3769 2839 3839 νόμον
2859 3772 2903 3804 ³ο
2929 3770 3130 3842 ἔπραξέ
3159 3790 3238 3836 τι,
3257 3771 3541 3826 καὶταῦτα
3565 3773 3827 3843 οὐδεμιᾶς

2256 3860 2672 3931 ἀναγκαζούσης
2709 3861 2924 3929 αἰτίας;
2969 3862 3104 3916 Ἀλλ’
3147 3864 3232 3916 ὅτι
3271 3865 3371 3933 μὲν
3401 3866 3465 3917 ἐκ
3497 3863 3592 3916 τοῦ
3637 3866 3827 3934 γένους

2255 3949 2350 4004 τοῦ
2384 3951 2545 4004 Δαυῖδ
2583 3948 2651 4023 ἦν
2685 3956 2718 4024 ή
2767 3952 3060 4024 Παρθένος,
3101 3957 3166 4008 ἐκ
3205 3955 3410 4009 τούτων
3441 3956 3637 4026 δῆλονο
3686 3957 3826 4017 τίνος

2254 4043 2312 4095 δὲ
2340 4041 2524 4096 ἕνεκεν
2554 4043 2721 4114 αὐτὴν
2745 4046 2846 4098 οὐκ
2867 4045 3306 4116 ἐγενεαλόγησεν,
3335 4046 3471 4100 ἀλλὰ
3496 4047 3586 4099 τὸν
3603 4048 3822 4116 Ἰωσὴφ,

2253 4136 2550 4203 ἀναγκαῖον
2601 4137 2795 4190 εἰπεῖν.
2824 4137 2982 4200 Τίνος
3019 4133 3112 4192 οὖν
3153 4138 3368 4203 ἐνεκεν;
3401 4140 3512 4191 06x
3550 4135 3622 4209 ἦν
3669 4139 3825 4208 νόμος

2257 4227 2404 4296 παρά
2454 4227 2726 4289 Ἰουδαίοις
2782 4229 3216 4297 γενεαλογεῖσθαι
3272 4234 3552 4299 γυναῖκας.
3583 4231 3688 4284 Ἰν“
3738 4225 3825 4282 οὖν

2256 4318 2352 4371 καὶ
2382 4318 2444 4371 :6
2475 4317 2595 4382 ἔθος
2622 4319 2830 4391 φυλάξῃ
2861 4321 2956 4373 καὶ
3007 4321 3080 4392 μὴ
3118 4321 3245 4392 δόξῃ
3280 4322 3722 4393 παραχαράττειν
3764 4323 3824 4374 ὲκ

2255 4407 2578 4478 προοιμίων,
2627 4410 2720 4463 καὶ
2750 4409 2846 4480 τὴν
2875 4411 3043 4483 κόρην
3075 4413 3205 4483 ἡμῖν
3243 4413 3504 4484 γνωρίσῃ,
3538 4414 3629 4467 διὰ
3673 4415 3825 4468 τοῦτο

2255 4499 2380 4560 τοὺς
2401 4499 2696 4568 προγόνους
2729 4499 2897 4569 αὐτῆς
2939 4502 3188 4568 σιγήσας,
3236 4500 3327 4553 τὸν
3371 4501 3564 4570 Ἰωσὴφ
3606 4502 3820 4569 ἐγενεα-

2256 4587 2504 4658 λόγησεν.
2542 4588 2665 4642 Εἴτε
2697 4591 2806 4659 γὰρ
2840 4591 2933 4644 ἐπὶ
2962 4591 3062 4659 τῆς
3115 4591 3392 4660 Παρθένου
3436 4591 3592 4644 τοῦτο
3639 4593 3822 4661 ἐποίη-

2258 4697 2370 4741 σεν,
2401 4681 2574 4744 ἔδοξεν
2599 4682 2663 4734 ἂν
2693 4685 3052 4750 καινοτομεῖν·
3081 4684 3189 4736 εῐτε
3216 4683 3304 4737 τὸν
3321 4685 3516 4755 Ἰωσὴφ
3547 4685 3819 4755 ἐσίγησεν,

2255 4769 2355 4823 οὐκ
2387 4769 2451 4823 ἂν
2485 4771 2728 4842 ἔγνωμεν
2765 4773 2864 4843 τῆς
2911 4772 3186 4843 Παρθένου
3217 4775 3343 4837 :06;
3379 4774 3702 4844 προγόνους.
3733 4774 3820 4826 'lv‘

2256 4857 2348 4916 οὖν
2385 4862 2642 4933 μάθωμεν
2685 4863 2783 4933 τὴν
2830 4863 3066 4934 Μαρίαν,
3120 4863 3235 4936 [27]
3283 4865 3369 4928 τίς
3411 4861 3480 4936 ἦν
3515 4865 3609 4918 καὶ
3643 4866 3819 4926 πόθεν,

2257 4956 2350 5007 καὶ
2381 4955 2449 5008 τὰ
2478 4954 2586 5008 τῶν
2619 4954 2798 5022 νόμων
2827 4957 3060 5026 ἀκίνητα
3095 4956 3270 5030 μείνῃ,
3297 4957 3386 5011 τὸν
3420 4957 3707 5028 μνηστῆρα
3733 4957 3822 5010 αύ-

2265 5045 2356 5114 ιῆς
2386 5045 2798 5117 ἐγενεαλόγησε,
2845 5049 2939 5100 καὶ
2988 5048 3186 5112 ἔδειξεν
3231 5049 3359 5102 ὄντα
3413 5051 3476 5102 ἐκ
3508 5049 3606 5118 τῆς
3650 5049 3822 5109 οἰκίας

2258 5137 2436 5191 Δαυῖδ.
2470 5138 2672 5192 Τούτου
2698 5139 2806 5210 γὰρ
2831 5139 3260 5208 ἀποδειχθέντος,
3299 5141 3518 5193 κάκεῖνο
3541 5139 3822 5194 συναποδέ-

2257 5229 2484 5293 δεικται,
2513 5230 2573 5282 :6
2617 5231 2712 5283 καὶ
2758 5231 2876 5302 τήν·
2903 5231 3176 5303 Παρθένον
3207 5231 3413 5285 ἐκεῖθεν
3442 5227 3598 5292 εἶναι,
3642 5233 3732 5286 διὰ
3765 5232 3820 5285 :6

2257 5306 2345 5372 τὸν
2377 5321 2583 5374 δίκαιον
2609 5321 2817 5388 τοῦτον,
2851 5321 3099 5393 καθάπερ
3137 5322 3306 5393 ἔφθην
3335 5322 3523 5386 εἰπὼν,
3572 5323 3652 5394 μὴ
3697 5325 3820 5376 ἀνα⁸

2260 5411 2480 5482 σχέσθαι
2509 5413 2773 5484 ἑτέρωθεν
2814 5415 3118 5483 ἀγαγέσθαι
3163 5417 3414 5482 γυναῖκα.
3442 5416 3594 5468 Ἔστι
3640 5415 3700 5470 δὲ
3732 5416 3818 5470 καὶ

2257 5507 2441 5576 ἕτερον
2468 5502 2624 5560 λόνον
2658 5509 2830 5560 εἰπεῖν
2855 5505 3279 5578 μυστικώτερον,
3308 5508 3374 5560 δι’
3399 5507 3457 5560 ὃν
3490 5509 3816 5579 ὲσιγήθησαν

3267 5647 3313 5678 ⁸³
3340 5646 3446 5700 Καί
3469 5645 3510 5696 -ἰ-
3537 5647 3565 5700 6
3595 5646 3726 5710 Θεδς
3747 5645 3799 5700 δέ

575 5843 818 5908 ἀκούσας
851 5846 910 5901 Ε.
988 5847 1033 5880 ⁸⁸
1061 5849 1088 5899 6
1136 5843 1468 5921 Ἶωσήφόιί.
1496 5852 1556 5909 Β.
1588 5843 1692 5908 λιι.
1729 5855 1879 5911 Ann.
1955 5854 2003 5890 ⁸⁸
2031 5856 2127 5927 ὀιφί

2263 5843 2394 5912 Μὸιέ.
2431 5843 2648 5928 ἀφιέναι
2673 5843 2801 5913 δαν.
2840 5857 2971 5915 Ben.
3047 5860 3094 5891 ⁹⁰
3123 5843 3434 5930 παράνομ’ον
3469 5856 3527 5911 υ.
3561 5855 3622 5911 Ε.
