3832 6178
93 177 148 233 27
1249 180 1311 237 ΙΝ
1348 182 1437 238 ΜΛ
1446 183 1640 240 TTHJE

1789 189 2017 247 HOMIL.
2058 195 2121 253 ll.
3265 202 3337 259 28
3438 212 3440 214 ⁷

93 282 493 354 ειτιιιιπειιίιιηειιι,
524 280 618 337 sed
648 289 811 336 totam
850 278 1305 349 dispensationem
1334 278 1663 348 complecta-

93 374 205 427 tur?
232 373 362 439 Quia
398 372 500 427 hoc
542 373 700 427 totius
726 372 1137 441 dispensationis
1176 379 1333 440 caput
1365 380 1467 436 est,
1502 382 1663 439 atque

88 472 387 541 principium
431 477 584 532 nobis
612 487 666 533 et
704 479 854 533 radix
880 479 1117 533 omnium
1148 478 1432 532 bonorum.
1459 477 1650 545 Quem-

85 566 353 621 admodum
406 569 601 624 librutn
666 572 780 625 caeli
829 582 884 625 et
939 581 1095 626 terra:
1141 572 1353 624 vocavit
1402 570 1650 641 Moyse-‘4.

85 657 276 711 etiamsi
307 674 417 714 non
461 660 531 715 de
571 661 704 717 czelo
749 672 803 716 et
854 672 991 717 terra
1024 669 1227 716 tantum
1263 660 1528 730 loquatur,
1558 658 1653 713 sed

84 749 139 803 de
164 750 227 803 iis
251 751 419 805 etiam
458 768 577 822 quze
608 754 661 808 in
707 752 886 823 medio
929 755 1098 823 posita
1138 761 1293 807 erant
1324 770 1336 805 :
1369 751 1441 805 ita
1484 762 1537 806 et
1569 751 1652 805 hic

82 856 277 910 quoque
302 857 369 897 ex
398 846 575 913 capite
603 845 864 900 bonorum
890 859 955 899 ac
996 844 1249 913 prmclare
1278 855 1546 913 gesuoruui
1594 844 1654 893 li-

83 930 217 983 brum
242 935 593 1001 nuncupavit.
618 935 771 1002 Quod
797 936 939 991 enim
962 934 1278 1003 stupendum
1303 944 1385 988 est
1410 948 1653 988 omnem-

82 1036 168 1087 qne
189 1034 342 1091 spem
385 1028 948 1095 exspectationemque
986 1038 1202 1094 superat
1224 1068 1238 1089 ,
1273 1036 1354 1081 est
1381 1025 1653 1081 hominem

84 1114 229 1166 Deum
257 1114 376 1170 fieri
409 1136 422 1168 :
451 1134 559 1187 quo
584 1118 725 1173 facto
762 1119 939 1173 omnia
982 1117 1274 1173 secundum
1314 1117 1571 1172 rationem
1600 1124 1657 1172 et

81 1210 500 1274 consequentiam
522 1210 795 1263 eveniunt.

140 1402 348 1455 Doridis
412 1401 676 1469 splendor.
730 1400 975 1466 Quasdam
1010 1402 1073 1456 de
1118 1402 1412 1473 genealogia
1459 1402 1645 1457 C/trisli

76 1495 356 1563 ouationes
403 1492 688 1546 solvuntur.
715 1522 787 1532 ——
815 1492 925 1546 Cur
952 1502 1130 1547 autem
1175 1510 1280 1548 non
1326 1492 1492 1559 dixit,
1525 1496 1601 1548 liii
1630 1496 1643 1549 i

74 1585 344 1649 Abraham,
375 1594 436 1640 et
462 1585 803 1653 postea,Filii
834 1584 1035 1639 David?
1057 1585 1203 1652 Non,
1227 1597 1285 1641 ut
1303 1587 1515 1656 quidam
1537 1588 1645 1657 opi-

76 1691 265 1743 aaatur,
300 1678 370 1733 ab
400 1678 771 1732 inferioribus
795 1679 984 1734 volens
1023 1679 1090 1733 ad
1132 1681 1409 1749 superiora
1459 1695 1648 1736 ascen-

76 1774 216 1825 dere:
245 1769 491 1840 alioquin
541 1771 596 1824 id
628 1770 842 1826 fecisset
866 1770 1009 1840 quod
1052 1780 1106 1826 et
1138 1771 1343 1837 Lucas;
1373 1788 1514 1828 nunc
1552 1790 1649 1827 an.

77 1874 160 1917 tem
185 1879 216 1917 e
238 1862 517 1917 contrario
547 1862 689 1917 facit.
718 1862 827 1917 Cur
854 1878 982 1931 ergo
1016 1863 1264 1918 Davidem
1293 1867 1648 1920 memoravit?

76 1958 181 2023 Qui:
207 1956 293 2009 ille
323 1956 376 2008 in
422 1956 665 2010 omnium
696 1970 790 2010 ore
818 1955 1104 2020 ferebatur,
1134 1964 1243 2010 tum
1274 1956 1345 2011 ob
1372 1967 1644 2026 gestorum

20 2038 25 2041 Α
76 2048 413 2115 splendorem,
442 2058 555 2102 tum
582 2052 744 2103 etiam
778 2049 1036 2118 temporis
1057 2056 1238 2114 causa,
1267 2051 1408 2120 quod
1437 2066 1540 2104 non
1571 2061 1649 2107 tot

75 2150 175 2194 ante
202 2141 425 2194 Suculis
455 2149 701 2194 mortuus
724 2149 903 2204 esset,
925 2149 1058 2210 quot
1080 2140 1384 2195 Abraham.
1425 2143 1645 2197 Etiamsi

72 2250 178 2287 vero
203 2234 419 2303 utrique
440 2233 711 2304 pollicitus
730 2233 800 2288 sit
828 2234 989 2301 Deus,
1017 2234 1145 2289 illud
1171 2243 1347 2289 tamen
1371 2238 1519 2306 quasi
1547 2256 1647 2292 an-

74 2330 243 2397 tiquius
306 2328 642 2392 tacebatur;
694 2328 798 2382 hoc
840 2337 1019 2383 autem
1045 2368 1062 2394 ,
1092 2339 1276 2399 utpote
1328 2332 1594 2385 recentius
1627 2374 1643 2400 ,

71 2422 281 2475 omnium
329 2434 433 2474 ore
464 2417 965 2474 circumferebatur.
995 2420 1099 2489 Ipsi
1145 2434 1376 2490 namque
1414 2422 1596 2476 dicunt
1629 2441 1641 2477 :

74 2512 235 2565 Nonae
274 2527 339 2565 ea
384 2512 583 2564 sentina
609 2509 781 2564 David
822 2519 869 2564 et
911 2509 1203 2564 Bethleltem
1246 2514 1354 2565 vico
1378 2553 1393 2576 ,
1428 2512 1511 2565 ubi
1541 2522 1648 2568 erat

73 2604 378 2670 David,th
407 2603 645 2658 Christus
663 2602 847 2672 (Joan.
871 2604 924 2657 7.
951 2602 1080 2673 42)?
1106 2602 1274 2657 Nemo
1304 2604 1449 2657 illum
1480 2606 1646 2659 lilium

69 2694 271 2749 Abrahae
296 2736 310 2756 ,
341 2692 444 2749 sed
470 2706 663 2749 omnes
687 2693 852 2748 filium
884 2692 1055 2747 David
1093 2693 1392 2748 vocabant:
1425 2709 1545 2748 nam
1577 2694 1648 2750 ob

70 2787 303 2856 temporis
326 2786 593 2855 spatium,
620 2783 835 2850 ut'dixi,
865 2792 921 2839 et
943 2784 1015 2838 ob
1042 2798 1285 2853 regnum,
1313 2785 1363 2838 in
1393 2784 1647 2841 memoria

69 2884 317 2936 hominum
360 2882 542 2951 magis
583 2881 918 2936 versabatur.
946 2878 1200 2934 Similiter
1229 2886 1283 2932 et
1318 2892 1470 2946 reges
1503 2892 1639 2947 quos

65 2974 457 3037 τριιεηωηίιιτ,
492 2973 693 3041 quique
717 2980 839 3041 post
866 2970 1013 3025 illum
1042 2970 1209 3035 fuere,
1241 2968 1421 3023 abillo
1449 2982 1641 3037 cogno-

64 3063 310 3116 minabant
332 3103 348 3127 ,
378 3076 488 3116 nec
527 3060 631 3130 ipsi
676 3062 846 3115 solum
873 3100 890 3127 ,
921 3059 1015 3115 sed
1044 3059 1203 3114 etiam
1236 3059 1393 3113 Deus.
1426 3058 1636 3111 Etenim

65 3153 285 3209 Ezechiel
331 3165 388 3209 et
437 3153 529 3208 alii
565 3154 839 3223 propheta;
875 3153 1056 3206 dicunt
1081 3160 1363 3205 venturum
1389 3165 1510 3205 esse
1537 3151 1640 3204 Da-

64 3246 131 3297 vid
154 3256 205 3298 et
231 3256 670 3301 resurrecturum
710 3258 831 3301 esse
849 3285 866 3309 ,
893 3243 1094 3299 nonde
1124 3242 1323 3297 Davide
1365 3242 1455 3308 qui
1493 3255 1638 3296 mor-

64 3344 165 3389 tuus
185 3345 302 3391 erat
332 3336 627 3406 loquentes
652 3348 670 3400 ,‘
699 3335 795 3390 sed
820 3335 889 3390 de
918 3336 983 3389 iis
1009 3335 1097 3406 qui
1122 3334 1241 3405 ejus
1273 3334 1520 3388 virtutem
1551 3347 1637 3388 se-

62 3438 326 3483 ctarentur.
353 3428 616 3483 Ezechite
638 3443 766 3482 vero
794 3430 869 3482 ait
893 3445 908 3481 :
938 3427 1207 3497 Protegam
1232 3426 1478 3479 civitatem
1504 3426 1636 3480 Itane

64 3528 241 3587 propter
266 3536 348 3572 me
368 3529 421 3572 et
444 3527 656 3588 prapter
672 3517 839 3571 David
866 3534 1074 3587 puerum
1099 3532 1264 3570 meum
1300 3515 1372 3585 (4.
1396 3516 1518 3585 Reg.
1542 3516 1630 3572 l9.

62 3610 153 3680 ει).
180 3612 468 3665 Salomoni
499 3625 633 3665 vero
658 3610 888 3672 dicebat,
918 3616 1225 3677 seipropter
1262 3607 1513 3661 Davidi-m
1544 3622 1634 3661 re-

63 3716 196 3765 gnum
224 3705 447 3759 vivente
480 3703 600 3774 ipso
629 3698 960 3774 [Salomone]
992 3713 1096 3753 non
1125 3698 1367 3752 divisisse
1394 3699 1470 3767 (5.
1501 3696 1633 3768 Reg.

62 3796 131 3848 ll.
154 3797 267 3863 34).
298 3795 494 3865 Magna
532 3794 678 3848 enim
709 3800 825 3847 erat
863 3792 1003 3845 illius
1046 3790 1145 3844 viri
1185 3790 1351 3860 gloria
1399 3799 1452 3844 et
1494 3788 1632 3857 apud

64 3886 201 3940 Deum
244 3896 303 3942 et
331 3885 477 3955 apud
508 3885 775 3939 homines.
804 3882 1032 3952 Ideoque
1080 3883 1146 3936 ab
1184 3882 1275 3935 illo
1314 3880 1404 3950 qui
1455 3879 1633 3934 umior

61 3990 149 4031 erat
185 3980 476 4035 exordium
506 3976 691 4040 ducit,
722 3985 775 4031 et
802 3984 928 4029 tunc
950 3974 1027 4027 'ad
1052 3973 1400 4042 antiquiorem
1434 3987 1632 4040 paren-

63 4082 143 4121 tem
172 4070 447 4136 recurrit,
496 4067 824 4138 superfluum
866 4066 1103 4129 ducens,
1147 4071 1399 4132 quantum
1438 4063 1502 4115 ad
1535 4062 1638 4115 Ju-'

60 4163 181 4215 deos
201 4204 215 4226 ,
248 4163 509 4231 superius
546 4174 851 4215 sermonem
901 4157 1088 4211 ordiri.
1120 4155 1185 4210 Hi
1214 4154 1358 4209 enim
1402 4154 1633 4208 maxime

59 4254 307 4308 mirabiles
351 4262 514 4309 erant
546 4268 561 4304 :
592 4250 679 4306 hic
702 4292 717 4316 ,
746 4259 927 4320 utpote
964 4264 1059 4304 rex
1105 4257 1159 4302 et
1183 4246 1471 4316 propheta;
1506 4246 1629 4313 ille,

58 4357 99 4397 et
120 4347 418 4413 patriarcha
449 4355 507 4400 et
537 4344 821 4414 propheta.
849 4344 911 4397 Et
931 4342 1073 4397 unde
1097 4342 1369 4409 probatur,
1396 4340 1627 4409 inquies,

60 4437 181 4490 iiium
224 4454 295 4492 ex
338 4438 548 4493 Davide
577 4447 753 4491 ortum
783 4435 941 4491 esse?
965 4435 1020 4490 Si
1046 4436 1188 4489 enim
1220 4450 1324 4488 non
1371 4449 1434 4487 ex
1476 4434 1627 4499 viro,

59 4530 131 4583 sed
154 4546 216 4584 ex
250 4529 496 4585 muliere
517 4538 722 4583 tantum
755 4538 910 4582 natus
937 4524 1019 4582 est
1044 4565 1062 4593 ,
1090 4525 1310 4595 virginis
1335 4531 1512 4578 autem
1540 4539 1632 4594 ge-

62 4625 270 4694 nealogis
305 4641 417 4679 non
462 4623 714 4689 texitur,
746 4620 1016 4701 quomodo
1064 4618 1296 4673 sciemus
1345 4619 1514 4686 ipsum
1561 4632 1626 4670 ex

60 4714 227 4771 Davide
271 4731 396 4771 esse
428 4713 654 4768 ortum?
684 4713 812 4766 Dure
840 4722 1067 4782 namque
1105 4715 1231 4764 sunt
1258 4706 1579 4777 quaestiones
1610 4721 1623 4757 :
1673 4717 1677 4721 '

57 4820 131 4860 cur
152 4808 337 4862 matris
361 4805 682 4876 genealogia
709 4818 816 4857 non
850 4802 1063 4865 texitur,
1093 4808 1146 4856 et
1176 4814 1271 4853 cur
1293 4798 1510 4868 Joseph,
1537 4797 1626 4867 qui

62 4899 160 4955 uitii
181 4901 412 4955 contulit
443 4898 515 4951 ad
557 4897 976 4968 generationem,
1007 4894 1073 4946 ab
1118 4892 1224 4947 illis
1254 4899 1578 4946 memoratur
1607 4904 1623 4943 :

61 4992 236 5045 ruletur
263 4992 413 5046 enim
440 4990 548 5043 hoc
577 4986 899 5052 redundare,
923 4992 977 5040 et
1000 4983 1130 5038 illud
1156 4982 1466 5038 desiderari.
1488 4979 1623 5047 Quid

64 5096 158 5151 ergo
193 5085 348 5153 prius
393 5078 817 5152 perquirendum
866 5087 947 5133 est
973 5077 998 5131 ?
1025 5075 1304 5141 Quomodo
1331 5090 1395 5130 ex
1429 5073 1624 5152 Davide

62 5172 188 5244 Virgo
231 5187 357 5230 orta
402 5175 591 5229 fuerit.
615 5173 732 5238 Quo
760 5179 915 5240 pacto
959 5177 1135 5223 autem
1170 5168 1402 5223 sciemus
1427 5182 1494 5222 ex
1522 5166 1637 5220 Da-

62 5265 150 5319 tide
167 5275 343 5320 ortam
365 5279 493 5320 esse
517 5265 542 5317 ’ἶ
583 5260 723 5317 Audi
764 5260 928 5314 Deum
954 5256 1185 5314 Gabrieli
1227 5257 1618 5325 prmcipientem

72 5368 107 5409 εἰ
138 5362 308 5417 adiret
345 5360 606 5431 Virginem
643 5360 1001 5428 desponsatam
1041 5358 1181 5424 viro,
1213 5357 1296 5411 cui
1320 5372 1499 5419 nomen
1528 5364 1636 5410 erat

69 5446 246 5521 εἴπερὴ,
278 5454 346 5505 de
374 5453 529 5505 domo
556 5461 607 5505 et
633 5452 834 5522 familia
858 5450 1021 5505 David
1045 5451 1063 5520 (
1092 5449 1214 5504 Luc.
1248 5450 1297 5503 1.
1326 5448 1396 5503 ἓἹ
1425 5449 1465 5515 ).
1494 5448 1628 5517 Quid

71 5542 231 5596 (inritis
258 5545 540 5613 postulas,
570 5558 694 5596 cum
738 5543 889 5597 audis
927 5544 992 5597 de
1028 5543 1186 5597 domo
1216 5552 1269 5595 et
1307 5541 1501 5594 familia
1535 5541 1639 5594 Da-

72 5634 131 5685 rei
174 5632 441 5704 Virginem
476 5633 693 5688 fuisse?
742 5640 755 5657 ’

1852 299 1906 353 4.
1939 299 2089 355 Unde
2131 311 2314 372 patet,
2347 301 2545 374 Ioseph
2584 306 2742 361 etiam
2789 308 2910 364 inde
2954 319 3128 365 ortum
3160 311 3346 369 fuisse.

1780 387 1892 444 Lex
1924 393 2116 460 quippe
2142 402 2259 446 erat
2284 411 2401 463 quae
2444 407 2647 451 vetaret
2692 414 2884 455 uxores
2909 401 3137 466 ducere,
3169 404 3270 461 nisi
3298 420 3365 460 ex

1781 480 1992 548 propria
2021 482 2180 536 tribu.
2215 482 2519 538 Patriarcha
2544 502 2673 540 vero
2714 487 2880 543 Jacob
2920 491 3065 544 illum
3110 507 3175 546 ex
3220 494 3361 547 tribu

1777 568 1911 624 Juda
1939 573 2269 628 exoriturum
2300 590 2418 631 esse
2446 578 2689 646 praedixit
2713 597 2727 632 :
2762 579 2885 635 Non
2910 582 3105 652 deﬁciet
3128 584 3362 654 princeps

1778 660 1842 714 de
1863 662 2005 717 Iuda
2027 705 2042 731 ,
2084 682 2245 735 neque
2269 667 2376 721 dua:
2401 668 2464 722 de
2488 671 2762 740 femoribus
2803 673 2914 742 ejus
2934 715 2950 739 ,
2999 674 3157 728 donec
3203 677 3363 729 ueniat

1776 753 1856 805 cui
1882 756 2157 822 repositum
2175 767 2248 811 est
2266 773 2285 811 :
2312 767 2359 812 et
2385 758 2493 829 ipse
2516 762 2608 814 erit
2635 764 2938 832 exspectatio
2962 766 3183 835 gentium
3205 765 3357 837 (Gen.

1773 841 1864 897 49.
1894 844 2004 913 10).
2035 843 2195 901 Certe
2225 847 2339 902 huic
2365 851 2643 919 prophetia
2667 892 2683 918 ,
2716 853 2856 922 quod
2897 870 2965 909 ex
3003 855 3142 910 tribu
3191 856 3354 911 David

1773 932 1953 999 fuerit,
1976 934 2209 991 declarat
2234 953 2249 1003 ;
2281 949 2335 993 at
2362 956 2465 993 non
2496 942 2725 1010 quodex
2747 959 2946 1012 genere
2969 946 3199 1001 Davidis.
3220 946 3357 1001 Num

1773 1023 1933 1093 igitur
1969 1026 2023 1079 in
2052 1027 2191 1082 tribu
2209 1025 2342 1083 Juda
2362 1045 2469 1083 non
2500 1031 2641 1085 aliud
2669 1041 2789 1087 erat
2814 1048 2982 1103 genus
3008 1051 3166 1104 quam
3206 1037 3362 1091 Davi-

1772 1114 1897 1169 dis?
1923 1115 2034 1170 lmo
2066 1117 2234 1171 multa
2265 1119 2388 1185 alia,
2420 1128 2474 1175 et
2498 1122 2807 1192 contingere
2832 1126 3001 1192 potuit
3028 1134 3087 1179 ut
3115 1136 3256 1181 esset
3293 1143 3359 1181 cx

1741 1212 1747 1221 ’
1771 1207 1912 1262 tribu
1935 1207 2070 1263 Juda
2092 1247 2111 1277 ,
2139 1210 2263 1280 quin
2299 1220 2443 1267 esset
2467 1227 2531 1268 ex
2556 1228 2752 1283 genere
2790 1216 3027 1271 Davidis.
3061 1217 3259 1273 Verum
3290 1235 3357 1274 ne

1771 1298 1876 1355 hoc
1900 1299 2129 1367 diceres,
2159 1301 2297 1358 hanc
2327 1304 2418 1360 tibi
2443 1306 2803 1375 suspicionem
2835 1308 2971 1363 tollit
2992 1312 3317 1380 evangelista
3337 1353 3351 1375 ,

1768 1389 1953 1445 dicens
1998 1392 2143 1446 illum
2190 1393 2351 1449 fuisse
2378 1410 2442 1449 ex
2484 1396 2645 1452 domo
2684 1406 2740 1453 et
2763 1397 2961 1453 familia
2989 1399 3173 1454 David.
3204 1401 3354 1467 Quod

1768 1485 1812 1537 si
1842 1484 1893 1538 id
1920 1486 2135 1541 aliunde
2164 1490 2322 1543 etiam
2349 1490 2557 1547 discere
2584 1493 2740 1561 velis,
2772 1508 2879 1549 non
2907 1495 3079 1550 deerit
3103 1496 3205 1551 alia
3234 1512 3357 1568 pro-

1768 1574 1913 1629 batio
1942 1593 1954 1629 :
1984 1592 2088 1631 non
2119 1579 2278 1633 modo
2311 1581 2452 1635 enim
2476 1598 2579 1636 non
2612 1584 2809 1639 licebat
2834 1600 2899 1639 ex
2926 1586 3029 1640 alia
3060 1588 3196 1642 tribu
3224 1604 3356 1642 uxo-

1767 1679 1880 1720 rem
1910 1666 2126 1733 ducere,
2152 1669 2247 1724 sed
2272 1685 2443 1739 neque
2467 1689 2531 1726 ex
2558 1673 2659 1727 alia
2683 1674 2899 1740 familia,
2930 1676 2982 1731 id
3010 1686 3111 1739 est,
3143 1694 3210 1732 ex
3244 1680 3348 1732 alia

1764 1758 2096 1826 cognatione.
2123 1759 2303 1829 Itaque
2330 1761 2376 1815 si
2398 1761 2550 1827 illud,
2582 1763 2664 1817 Ea:
2690 1764 2841 1818 domo
2869 1774 2916 1819 et
2943 1767 3141 1837 familia
3160 1767 3351 1832 David,

1766 1843 1968 1915 Virgini
1993 1857 2257 1917 aptemus,
2279 1849 2481 1905 dictum
2508 1852 2638 1907 illud
2664 1856 2965 1921 constabit;
3008 1857 3051 1910 si
3079 1857 3344 1927 .Iusepho.

1765 1936 1895 1992 illud
1924 1938 2095 2007 ipsum
2125 1943 2489 2011 consequitur.
2520 1944 2575 1998 Si
2611 1946 2754 2000 enim
2782 1961 2855 2009 ex
2881 1947 3041 2002 domo
3065 1958 3116 2003 et
3145 1950 3341 2004 famila

1760 2028 1923 2084 David
1948 2041 2063 2086 erat
2082 2032 2423 2103 Joseph,non
2449 2038 2671 2092 aliunde
2689 2041 2893 2111 accepit
2923 2056 3170 2109 uxorem,
3191 2058 3346 2111 quam
3398 2026 3401 2027 ν

1755 2134 1821 2176 ex
1850 2124 2164 2192 cognatione
2187 2140 2300 2181 sua.
2321 2128 2457 2193 Quid
2485 2145 2634 2197 vero,
2661 2131 2887 2200 inquies,
2907 2134 2950 2186 si
2980 2132 3151 2203 legem
3172 2143 3347 2189 trans~

1755 2225 1971 2280 gressus
1998 2214 2112 2268 sit?
2150 2214 2255 2270 Sed
2284 2217 2482 2272 idcirco
2510 2234 2888 2290 praeoccupans
2914 2223 3229 2276 testificatus
3243 2235 3346 2288 est,

1755 2301 1955 2374 Joseph
2002 2304 2165 2362 fuisse
2207 2308 2408 2377 justum
2429 2350 2445 2375 ,
2487 2320 2547 2365 ut
2574 2327 2641 2365 ne
2675 2311 2774 2367 hoc
2800 2312 3008 2369 diceres
3032 2355 3048 2381 ,
3081 2314 3174 2369 sed
3208 2316 3349 2369 illius

1755 2400 2006 2452 virtutem
2040 2399 2293 2465 edoctus,
2326 2415 2512 2456 nosses
2550 2404 2726 2473 legem
2757 2405 2825 2457 ab
2865 2406 2982 2475 ipso
3024 2422 3131 2461 non
3175 2407 3340 2464 fuisse

1754 2490 2027 2544 violatam.
2057 2490 2157 2555 Qui
2184 2492 2324 2545 enim
2352 2492 2423 2546 ita
2454 2492 2717 2548 humanus
2739 2505 2856 2549 erat
2878 2498 2895 2529 ¹
2919 2505 2971 2551 et
2996 2512 3024 2550 a
3054 2511 3217 2565 pravo
3243 2498 3342 2552 ho-

1756 2579 1917 2636 minis
1941 2580 2129 2635 affectu
2148 2596 2364 2645 vacuus,
2388 2592 2444 2636 ut
2466 2598 2535 2638 ne
2560 2585 2860 2653 suspicione
2885 2586 3096 2655 quidem
3120 2600 3341 2657 urgente

1759 2667 1921 2724 vellet
1949 2668 2016 2724 de
2044 2669 2261 2740 Virgine
2280 2672 2416 2726 sumi
2447 2674 2786 2742 supplicium,
2816 2675 3084 2744 quomodo
3108 2676 3341 2731 libidinis

1756 2777 1913 2818 causa
1941 2764 2112 2833 legem
2135 2772 2496 2833 transgressus
2523 2768 2711 2822 esset?
2738 2768 2836 2835 Qui
2862 2770 3003 2823 enim
3033 2769 3154 2839 plus
3180 2785 3341 2840 quam

1758 2853 1844 2909 lex
1875 2856 2076 2910 ferebat
2104 2855 2575 2926 philosophabatur
2594 2861 2739 2927 (nam
2761 2860 3031 2916 dimittere
3055 2868 3109 2916 et
3134 2861 3341 2915 occulte

1758 2945 2057 3012 dimittere,
2091 2948 2219 3002 illud
2245 2957 2359 3004 erat
2389 2950 2522 3003 ultra
2549 2950 2718 3020 legem
2749 2951 3171 3021 philosophari),
3201 2968 3338 3023 quo-

1756 3034 1915 3090 modo
1938 3045 2123 3090 contra
2154 3037 2324 3106 legem
2352 3038 2559 3107 aliquid
2604 3040 2949 3106 admitteret,
2997 3042 3156 3112 idque
3194 3046 3337 3098 nulla

1749 3136 1976 3196 cogente
2000 3129 2369 3184 necessitate?
2397 3129 2596 3190 Verum
2638 3146 2701 3185 ex
2729 3147 2928 3201 genere
2974 3124 3138 3189 David
3166 3134 3339 3205 Virgi-

1761 3232 1883 3272 nem
1912 3216 2098 3285 fuisse’,
2128 3234 2191 3274 ex
2211 3219 2319 3289 jam
2347 3220 2504 3276 dictis
2535 3221 2707 3290 palam
2733 3231 2840 3279 est.
2863 3223 2978 3279 iam
3000 3236 3132 3280 vero
3158 3237 3336 3296 operte

1751 3307 1982 3376 pretium
2014 3308 2173 3364 fuerit
2202 3311 2399 3377 dicere,
2433 3328 2528 3367 cur
2552 3327 2657 3366 non
2686 3314 2847 3375 illius,
2877 3315 2969 3369 sed
2996 3315 3214 3386 Iosephi
3242 3333 3336 3386 ge-

1748 3401 2046 3471 nealogiam
2076 3402 2308 3457 duxerit.
2338 3403 2452 3469 Qua
2497 3403 2564 3458 de
2607 3419 2767 3458 causa
2813 3405 3172 3474 igitur?Non
3216 3419 3334 3463 erat

1745 3505 1862 3545 mos
1891 3491 2029 3560 apud
2068 3492 2279 3548 Judaios
2317 3494 2600 3549 mulierum
2646 3495 2980 3564 genealogias
3020 3505 3221 3552 texere.
3264 3500 3333 3554 Ut

1744 3582 1904 3651 igitur
1932 3582 2227 3638 secundum
2264 3599 2468 3639 morem
2494 3593 2712 3654 ageret,
2744 3599 2840 3641 nec
2868 3586 3138 3643 videretur
3176 3588 3326 3644 illum
3416 3596 3419 3597 ⁷

1744 3675 1812 3729 ab
1838 3673 1989 3728 initio
2008 3675 2325 3743 transgredi,
2353 3684 2512 3743 utque
2531 3675 2689 3731 simul
2727 3676 2881 3731 nobis
2904 3676 3134 3747 Virginis
3157 3694 3330 3749 genus
3428 3736 3435 3741 _

1745 3764 2003 3821 indicaret
2022 3806 2038 3832 ,
2070 3766 2235 3834 ipsius
2268 3767 2501 3834 majores
2535 3768 2765 3823 reticens
2789 3809 2803 3831 ,
2832 3768 3051 3838 Joscphi
3078 3774 3329 3841 genealo-

1740 3857 1878 3927 giam
1908 3856 2078 3911 duxit.
2104 3858 2165 3913 Si
2206 3857 2348 3913 enim
2380 3858 2429 3911 id
2457 3857 2525 3913 de
2558 3859 2773 3928 Virgine
2801 3861 3047 3926 fecisset,
3076 3863 3326 3917 novitatis

1742 3960 1918 4003 notam
1943 3965 2045 4003 non
2069 3949 2339 4020 etfugisset
2360 3968 2375 4015 ;
2398 3951 2441 4005 si
2469 3951 2759 4022 Josephum
2793 3955 3064 4022 tacuisset,
3096 3956 3327 4028 Virginis

1740 4043 2107 4111 progenitores
2134 4058 2240 4097 non
2269 4058 2567 4099 nossemus.
2592 4043 2662 4100 Ut
2702 4045 2881 4115 itaque
2908 4046 3175 4102 discamus
3202 4063 3323 4118 qua:

1738 4144 1881 4190 esset
1905 4134 2088 4199 Maria,
2111 4142 2165 4189 et
2186 4135 2326 4189 unde
2350 4146 2486 4200 orta,
2508 4136 2760 4206 legesque
2780 4137 2991 4192 intacta:
3018 4150 3319 4205 manerent,

1738 4225 1919 4294 sponsi
1951 4225 2066 4291 eius
2092 4226 2452 4296 genealogiam
2476 4230 2772 4293 contexuit,
2803 4235 2856 4281 et
2883 4244 2948 4283 ex
2975 4228 3135 4283 domo
3159 4230 3320 4283 David

1739 4317 1969 4372 ostendit
2000 4333 2140 4373 esse.
2172 4318 2285 4373 Hoc
2309 4320 2450 4373 enim
2478 4328 2928 4383 commonstrato,
2961 4320 3090 4374 illud
3112 4336 3325 4390 quoque

1738 4411 1898 4465 simul
1939 4410 2239 4466 ostenditur
2274 4410 2543 4482 Virginem
2585 4413 2745 4466 etiam
2778 4411 2901 4473 inde
2921 4421 3093 4467 ortam
3121 4411 3319 4477 fuisse;

1739 4500 2164 4571 quandoquidem
2181 4542 2195 4565 ,
2219 4508 2280 4555 ut
2301 4501 2409 4555 dixi
2436 4542 2447 4565 ,
2473 4502 2737 4556 noluisset
2758 4502 2935 4572 justus
2981 4503 3072 4557 ille
3108 4504 3325 4559 aliunde

1741 4606 1958 4646 uxorem
1982 4592 2247 4661 accipere.
2271 4592 2529 4662 Superest
2552 4601 2607 4647 et
2629 4593 2732 4647 alia
2754 4608 2913 4647 causa
2943 4594 3111 4664 magis
3130 4609 3320 4649 arcana

1745 4692 1791 4736 et
1814 4686 2057 4753 mystica,
2080 4700 2175 4738 cur
2198 4686 2428 4754 Virginis
2454 4686 2685 4755 majores
2700 4686 2912 4741 silentio
2935 4687 3080 4741 missi
3105 4685 3321 4754 fuerint,

1730 4796 1889 4851 quam
1917 4781 2003 4837 nic
2029 4783 2238 4852 aperire
2272 4784 2450 4838 minus
2484 4794 2841 4853 Opportunum
2866 4795 3029 4851 esset,
3059 4789 3176 4856 quin
3196 4788 3306 4858 jam

1730 4870 1895 4925 multa
1922 4871 2062 4927 dicta
2086 4882 2230 4927 sunt.
2259 4873 2620 4940 Quamobrem
2648 4875 2733 4931 hic
2754 4878 3108 4946 quaestionum
3148 4880 3305 4933 finem

1729 4963 2002 5030 facientes,
2026 4978 2091 5019 ea
2117 4979 2236 5033 quae
2266 4965 2420 5021 nobis
2457 4966 2718 5036 explicata
2743 4976 2868 5022 sunt
2900 4978 3146 5022 accurate
3175 4971 3307 5022 ri-ti-

1730 5064 1987 5109 neamus:
2019 5068 2212 5123 nempe
2235 5096 2249 5120 ,
2276 5070 2374 5109 cur
2407 5056 2621 5111 Davidis
2656 5059 2859 5112 mentio
2896 5058 3123 5127 primum
3168 5057 3304 5113 facta

1729 5144 1888 5198 fuerit
1902 5161 1917 5209 ;
1932 5160 2028 5200 cur
2042 5146 2236 5200 librum
2250 5146 2521 5203 vocaverit
2535 5148 2724 5202 librum
2740 5148 3119 5217 generationis,
3141 5165 3307 5220 quare

1730 5236 1941 5302 dixerit,
1955 5236 2077 5291 Iesu
2094 5234 2482 5309 Christi;quare
2509 5238 2785 5309 generatio
2814 5239 2882 5293 sit
2915 5241 3213 5294 communis
3254 5250 3308 5294 et

1728 5348 1833 5389 non
1849 5334 2176 5399 communis;
2197 5333 2457 5388 undenam
2483 5332 2641 5387 Maria
2664 5348 2727 5389 ex
2746 5331 2944 5388 Davide
2957 5342 3071 5387 orta
3090 5348 3207 5388 esse
3226 5349 3307 5385 os-

1730 5425 2005 5491 tendatur;
2027 5440 2123 5480 cur
2147 5426 2284 5479 illius
2310 5424 2597 5494 majoribus
2618 5424 2828 5480 silemio
2850 5423 3043 5491 missis,
3062 5426 3305 5496 genealo-

1808 5650 1821 5676 ι
1862 5645 1975 5702 Atti,
2002 5642 2067 5691 ita
2091 5640 2277 5691 virtutis
2299 5646 2401 5691 erat
2427 5648 2633 5689 tintutor.
