3832 6178
477 168 552 225 29
1135 174 1201 229 S.
1252 174 1539 227 JUANMS
1577 174 1929 227 CIIRYSUS'I
1945 173 2061 225 UMI
2104 172 2423 229 AIiCHlEP.
2467 172 3014 229 (IONSTANTINOP.
3052 188 3057 193 '
3656 184 3714 240 δυ

471 280 557 348 gia
569 277 790 348 Joseplii
817 276 976 335 ducta
1004 278 1186 335 fuerit.
1208 279 1266 336 Si
1291 279 1434 334 enim
1458 279 1571 334 lucc
1596 279 1965 344 servaveritis,
1990 279 2056 333 ad

472 372 674 441 reliqua
703 371 932 429 dicenda
960 373 1256 429 alacriores
1278 387 1376 427 nos
1395 370 1631 439 reddetis
1651 373 1731 438 ;si
1770 386 1899 427 vero
1944 371 2056 426 haec

473 463 786 533 reSpueritis
810 472 867 518 et
887 479 956 519 ex
990 465 1257 520 mentibus
1284 464 1442 517 missa
1473 464 1726 527 feceritis,
1758 462 1825 517 ad
1851 472 2048 518 caetera

476 554 795 623 proferenda
834 556 1115 625 segniores
1156 556 1381 610 erimus.
1420 553 1603 623 Neque
1647 554 1788 608 enim
1825 554 2057 624 agricola

474 653 670 701 terram
694 688 707 709 ,
729 662 849 717 qua:
876 647 1082 703 semina
1108 653 1455 715 corrumpat,
1488 646 1717 700 libenter
1740 646 2055 702 excoluerit.

474 734 830 801 Quamobrem
851 776 866 799 ,
894 750 1024 805 rogo
1047 776 1063 798 ,
1108 736 1222 789 hzec
1263 745 1444 789 mente
1478 735 1722 788 volvatis.
1754 735 1832 789 Ex
1874 736 2056 790 talium

474 826 673 894 quippe
697 841 875 879 rerum
907 825 1255 879 meditatione
1282 840 1530 895 magnum
1562 825 1830 894 quidpiam
1847 834 1902 881 et
1919 825 2061 879 salu-

480 926 591 971 tare
617 917 815 972 bonum
842 917 1036 970 animm
1059 917 1283 986 paritur.
1306 916 1437 970 Nam
1466 925 1520 970 et
1546 916 1657 971 Deo
1678 917 1888 985 placere
1909 925 2060 985 pote-

472 1011 641 1064 rimus
661 1050 678 1074 ,
705 1010 748 1063 si
776 1010 890 1063 haec
913 1024 1181 1074 curemus,
1202 1018 1257 1063 et
1284 1024 1377 1065 ora
1399 1018 1577 1064 nostra
1616 1024 1647 1063 a
1680 1009 2020 1065 contumeliis
2041 1048 2058 1076 ,

472 1104 739 1159 obscmnis
766 1105 943 1158 verbis
969 1114 1021 1159 et
1057 1104 1311 1159 conviciis
1358 1118 1489 1173 pura
1518 1111 1711 1170 erunt,
1743 1103 1869 1157 dum
1896 1103 2059 1172 spiri-

476 1196 707 1249 tualibus
754 1196 1147 1251 exercebuntur
1174 1196 1436 1266 eloquiis;
1486 1196 1922 1265 daemonibusque
1952 1196 2061 1251 for-

476 1287 756 1342 midabiles
782 1301 902 1342 esse
928 1287 1242 1357 poterimus,
1270 1287 1314 1341 si
1346 1287 1576 1356 linguam
1600 1295 1839 1342 nostram
1868 1288 2062 1342 talibus

477 1378 760 1432 verborum
802 1379 967 1432 armis
1009 1378 1347 1432 muniamus:
1400 1377 1525 1431 hinc
1574 1377 1851 1431 oculorum
1910 1378 2064 1432 nobis

481 1468 857 1537 perspicacitas
885 1477 1127 1537 augetur.
1153 1468 1286 1522 Nam
1317 1476 1371 1522 et
1394 1467 1601 1533 oculos,
1634 1478 1687 1522 et
1710 1482 1791 1533 os,
1825 1475 1880 1523 et
1905 1468 2061 1522 audi-

481 1571 589 1616 tum
618 1562 740 1616 ideo
765 1543 815 1615 in
846 1560 1002 1615 nobis
1032 1561 1226 1628 posuit,
1256 1568 1313 1615 ut
1338 1560 1519 1615 omnia
1552 1560 1651 1630 ipsi
1680 1560 1918 1615 membra
1952 1574 2066 1614 ser-

480 1655 692 1720 virent;
724 1663 782 1708 ut
807 1669 925 1724 quae
953 1655 1122 1725 ipsius
1153 1662 1278 1709 sunt
1306 1655 1620 1723 loquamur,
1654 1661 1714 1707 ut
1750 1668 1869 1722 quae
1898 1655 2063 1722 ipsius

481 1754 604 1799 sunt
631 1759 934 1813 operemur,
968 1754 1025 1797 ut
1053 1753 1310 1813 perpetuo
1336 1742 1561 1813 hymnos
1588 1743 1686 1811 ipsi
1712 1757 1987 1810 canamus,
2007 1751 2065 1798 ut

480 1836 773 1905 gratiarum
802 1834 1042 1889 actiones
1078 1834 1383 1889 emittamus
1401 1874 1417 1899 ,
1447 1848 1512 1888 ac
1536 1848 1631 1902 per
1651 1833 1767 1889 hate
1788 1835 2066 1890 conscien-

488 1928 611 1982 tiam
644 1936 882 1980 nostram
920 1940 1231 1995 purgemus.
1272 1924 1731 1992 Quemadmodum
1773 1928 1914 1980 enim
1942 1939 2066 1980 cor-

481 2035 586 2089 pus
607 2034 752 2090 puro
778 2018 968 2074 fruens
992 2033 1120 2074 aere
1144 2018 1419 2073 valentius
1444 2018 1661 2083 evadet,
1691 2018 1771 2073 sie
1799 2026 1858 2073 et
1880 2016 2064 2072 anima

479 2114 570 2169 his
598 2111 879 2168 exercitiis
917 2110 1209 2176 innutrita,
1238 2111 1600 2182 philosophiae
1631 2110 1805 2183 magis
1844 2108 2066 2166 addicta

392 2256 395 2257 ν
482 2201 613 2258 erit.

550 2382 604 2438 5.
626 2382 821 2436 Annon
848 2379 999 2436 vides
1040 2378 1285 2449 corporis
1313 2377 1498 2433 oculos
1521 2418 1537 2445 ,
1569 2378 1693 2433 dum
1722 2380 1775 2432 in
1797 2375 1944 2433 fumo
1960 2366 2087 2433 ver?

480 2481 687 2539 santur,
717 2472 980 2543 lacrymas
1007 2484 1218 2539 semper
1248 2468 1486 2535 fundere,
1512 2483 1633 2523 cum
1661 2460 1838 2524 autem
1865 2469 1918 2522 in
1947 2482 2082 2539 puro

484 2581 633 2632 aere,
664 2566 717 2621 in
746 2575 922 2636 prato,
952 2566 1004 2621 in
1035 2565 1269 2621 fontibus
1289 2607 1305 2632 ,
1336 2566 1388 2620 in
1424 2566 1612 2631 hortis,
1641 2574 1699 2621 et
1721 2566 2079 2637 perspicacio-

483 2671 569 2711 res
598 2664 653 2711 et
680 2655 923 2711 saniores
942 2655 1101 2714 esse?
1130 2655 1276 2710 Talis
1297 2666 1379 2712 est
1399 2664 1455 2711 et
1477 2656 1671 2711 anima:
1697 2656 1882 2712 oculus
1906 2674 1921 2711 :
1944 2656 1989 2710 si
2019 2656 2075 2709 in

482 2754 636 2817 prato
657 2747 1008 2815 spiritualium
1030 2747 1361 2818 eloquiorum
1390 2755 1657 2818 pascatur,
1687 2752 1875 2818 purus,
1899 2748 2074 2802 clarus

485 2847 539 2892 et
564 2837 840 2907 perspicax
862 2837 964 2892 erit
985 2854 1001 2903 ;
1029 2838 1115 2893 sin
1154 2838 1355 2893 fumum
1376 2839 1710 2893 saecularium
1739 2839 2075 2908 negotiorum

484 2930 661 2995 adeat,
691 2930 971 3000 plurimum
1001 2930 1381 3001 lacrymabitur
1398 2944 1462 2984 ac
1490 2929 1669 2995 ﬂebit,
1698 2938 1755 2985 et
1782 2943 1924 2984 nunc
1948 2938 2001 2983 et
2026 2928 2079 2983 in

486 3022 686 3077 futuro.
730 3022 970 3077 Humana
1010 3022 1207 3093 quippe
1268 3021 1478 3092 negotia
1528 3020 1671 3075 fumo
1713 3029 1839 3076 sunt
1866 3020 2078 3075 similia.

483 3112 715 3184 Ideoque
740 3114 956 3169 dicebat
993 3114 1253 3184 quispiam
1278 3131 1291 3167 :
1318 3113 1619 3184 Defecerunt
1638 3113 1769 3167 sicut
1787 3112 1957 3182 fumus
1976 3112 2081 3166 dies

487 3208 587 3260 mei
615 3205 787 3277 (Paul.
818 3205 943 3260 101.
974 3205 1057 3274 ι).
1097 3204 1203 3260 Sed
1255 3205 1344 3259 ille
1372 3204 1585 3275 quidem
1628 3203 1698 3259 de
1738 3202 2001 3258 brevitate
2027 3211 2080 3257 et

488 3294 557 3351 de
583 3296 701 3366 luga
730 3295 942 3351 mobilis
970 3296 1068 3350 aevi
1097 3296 1369 3365 loquitur:
1395 3310 1497 3365 ego
1521 3308 1650 3350 vero
1674 3309 1781 3350 non
1807 3294 1876 3349 de
1894 3295 1995 3349 bac
2015 3308 2077 3350 re

490 3396 718 3455 tantum,
751 3388 847 3444 sed
875 3388 1035 3444 etiam
1073 3387 1141 3443 de
1171 3387 1569 3458 perturbatione
1593 3388 1611 3420 ί
1637 3401 1813 3443 rerum
1843 3400 2080 3456 praesen.»

488 3469 619 3534 tium
644 3480 758 3534 haec
784 3478 1093 3549 accipienda
1113 3493 1238 3534 esse
1258 3492 1479 3535 censeo.
1524 3476 1665 3532 Nihil
1716 3477 1860 3531 enim
1887 3475 2082 3531 mentis

485 3571 698 3625 oculum
727 3573 799 3625 ita
826 3570 966 3626 male
992 3568 1154 3625 afficit
1180 3578 1235 3624 et
1261 3570 1458 3633 turbat,
1482 3577 1542 3622 ut
1564 3568 1900 3623 saecularium
1924 3581 2083 3622 cura-

490 3677 609 3715 rum
640 3662 916 3725 tumultus,
940 3669 994 3717 et
1016 3660 1568 3730 concupiscentiarum
1593 3660 1765 3715 turba.
1792 3660 1915 3714 Haec
1936 3658 2081 3714 enim

497 3759 624 3806 sunt
669 3751 800 3806 fumi
848 3751 1069 3821 hujusce
1115 3751 1278 3821 ligna.
1310 3753 1387 3805 Ac
1423 3750 1871 3820 quemadmodum
1900 3750 2078 3821 ignis,

488 3857 609 3896 cum
639 3841 912 3897 humidam
934 3842 1210 3897 materiam
1250 3842 1495 3911 corripit,
1524 3842 1748 3896 multum
1775 3842 1971 3896 excitat
1995 3841 2079 3896 fu-

500 3948 681 3987 mum:
709 3933 786 3988 sic
812 3942 869 3989 et
892 3932 1320 4003 concupiscentia
1340 3972 1356 3997 ,
1388 3948 1509 4002 quae
1553 3933 1764 3987 fervens
1793 3941 1849 3987 et
1876 3932 1988 4002 ipsa
2017 3946 2081 3987 ac

488 4025 637 4095 quasi
662 4024 902 4086 ﬂammea
936 4032 1039 4088 est,
1067 4038 1188 4078 cum
1212 4024 1482 4078 humidam
1506 4024 1789 4093 quamdam
1814 4038 1876 4077 ac
1902 4023 2083 4078 disso-

500 4117 664 4169 lutam
688 4113 913 4184 corripit
934 4113 1187 4180 animam,
1221 4114 1445 4168 multum
1470 4124 1526 4169 et
1552 4115 1665 4185 ipsa
1696 4114 1897 4168 fumum
1919 4114 2077 4183 parit.

493 4206 693 4262 Idcirco
726 4220 860 4275 opus
880 4217 963 4261 est
982 4220 1105 4262 rore
1126 4205 1374 4276 Spiritus,
1399 4216 1453 4261 et
1472 4221 1598 4260 aura
1627 4206 1738 4272 illa,
1762 4220 1882 4274 quin
1904 4204 2078 4274 ignem

490 4300 828 4369 exstinguat,
854 4312 918 4354 ac
943 4297 1148 4353 fumum
1175 4297 1431 4367 dissipet,
1465 4306 1806 4366 mentemque
1843 4306 2077 4349 nostram

491 4388 764 4444 Volucrem
791 4388 996 4444 reddat.
1025 4388 1133 4445 Nec
1160 4390 1282 4459 quis
1311 4397 1504 4459 potest,
1533 4402 1634 4442 nec
1658 4394 1831 4458 potest
1857 4387 2038 4455 utique
2059 4426 2076 4449 ,

488 4480 568 4526 tot
592 4473 819 4527 obrutus
839 4473 996 4528 malis
1036 4475 1103 4529 ad
1149 4476 1343 4530 caelum
1383 4475 1609 4529 volare:
1657 4474 1750 4528 sed
1780 4473 2073 4543 optandum

487 4572 590 4628 est,
619 4578 718 4619 nos
741 4565 1016 4634 expeditos
1035 4564 1173 4622 hanc
1198 4580 1355 4637 posse
1374 4580 1593 4637 carpere
1617 4567 1790 4631 viam;
1815 4566 1922 4621 imo
1948 4580 2079 4621 vero

487 4671 558 4713 ne
588 4656 665 4711 sic
707 4657 923 4727 quidem
952 4673 1239 4728 possumus
1258 4701 1272 4724 ,
1304 4659 1409 4713 nisi
1435 4661 1548 4715 alas
1576 4659 1808 4729 Spiritus
1831 4674 2075 4714 assuma-

488 4764 627 4804 mus.
657 4747 714 4804 Si
746 4749 925 4819 itaque
936 4749 1208 4833 .expedita
1258 4759 1467 4812 mente.
1498 4765 1561 4807 ac
1599 4750 1859 4819 spirituali
1902 4750 2071 4819 gratia

489 4855 624 4911 opus
652 4839 807 4896 nobis
830 4849 913 4896 est
936 4881 950 4903 ,
977 4850 1034 4896 ut
1058 4840 1125 4896 ad
1154 4850 1357 4896 tantam
1385 4840 1764 4897 sublimitatem
1785 4840 2077 4897 ascendere

489 4931 800 4997 valeamus;
840 4946 961 4991 eum
1009 4946 1195 4988 eorum
1236 4931 1391 4997 nihil,
1415 4931 1510 4987 sed
1558 4946 1777 5002 prorsus
1806 4931 2076 4987 contraria

491 5022 803 5094 pondusque
830 5022 1125 5081 satanicum
1154 5022 1532 5078 contrahamus
1559 5041 1572 5077 :
1604 5039 1710 5091 quo
1741 5033 1895 5093 pacto
1926 5033 2077 5092 pote-

490 5112 660 5167 rimus
682 5114 930 5182 avolare,
965 5121 1114 5169 tanto
1156 5126 1323 5170 onere
1358 5111 1640 5182 depressi?
1685 5113 1741 5169 Si
1787 5112 1907 5184 quis
1933 5113 2075 5170 enim

560 5352 576 5382 ¹
617 5349 803 5407 Morel.,
829 5350 888 5400 de
921 5351 1197 5413 fragilitate.
1239 5350 1295 5399 In
1318 5357 1479 5399 Graeco
1513 5349 1711 5413 legitur,
1742 5357 1961 5413 ἀρᾳινσιδις,
1983 5362 2075 5409 qua

564 5378 576 5382 '
618 5378 699 5398 l'IUI
715 5378 803 5407 Clu,
829 5378 887 5400 tu;
921 5378 1197 5413 puytumw.
1242 5378 1295 5399 Ill
1318 5378 1479 5399 ωιιῑυυ
1514 5378 1711 5411 ιυδιιυι,
1742 5378 1811 5410 αἷμα
1835 5378 1961 5406 νωοις,
1983 5378 2075 5409 qua

495 5425 614 5461 voce
640 5413 925 5519 exgritnitur
955 5415 1188 5475 fragilitas
1211 5412 1327 5462 telae
1350 5425 1572 5470 araneae;
1607 5412 1695 5459 sed
1726 5378 1854 5459 nulfa
1895 5422 2077 5519 supte-

495 5481 554 5519 ttt
590 5487 679 5519 vox
748 5474 845 5519 tina
868 5487 977 5519 (tua:
996 5476 1234 5519 eoniosam
1266 5474 1389 5519 hanc.
1410 5473 1809 5519 significationem
1833 5473 1883 5519 in
1905 5485 1962 5519 se
2021 5484 2076 5519 a-

495 5481 554 5585 gt
590 5487 679 5584 ἱοκ
703 5473 845 5522 latina
868 5487 977 5538 quae
996 5473 1234 5538 copiosam
1266 5474 1389 5523 hanc
1410 5473 1809 5537 significationem
1833 5473 1883 5522 in
1905 5485 1962 5522 se
1988 5473 2076 5521 ba-

532 5547 590 5584 ea

2158 281 2309 348 quasi
2336 294 2387 331 in
2407 278 2565 347 justis
2607 284 2825 332 staterts
2871 276 3134 347 cogitatus
3177 281 3390 330 nostros
3438 275 3727 345 appendere

2158 368 2321 435 velit,
2350 369 2487 422 inter
2514 366 2659 422 mille
2688 367 2882 422 talenta
2916 366 3249 423 saecularium
3274 381 3583 423 sermonum
3609 408 3623 433 ,
3652 369 3726 424 vix

2159 458 2411 514 denarios
2424 468 2638 513 centum
2653 457 3007 529 spiritualium
3022 458 3307 514 verborum
3326 459 3591 521 inveniet;
3615 458 3735 524 imo,

2161 565 2228 605 ne
2257 549 2443 604 decem
2468 549 2676 605 obolos.
2704 552 2896 604 Annon
2926 565 3055 621 ergo
3076 558 3229 619 turpe
3256 550 3583 620 omninoque
3610 550 3728 605 ridi-

2161 641 2335 695 culum
2366 648 2483 706 est,
2531 640 2657 694 dum
2704 654 2921 695 servum
2944 640 3218 706 habentes,
3247 640 3345 695 illo
3377 650 3434 696 ut
3462 641 3730 711 plurimum

2162 734 2360 789 utimur
2390 732 2458 787 ad
2488 747 2578 787 res
2602 733 2954 798 necessarias,
2986 747 3086 787 nos
3113 748 3227 798 ore,
3258 733 3501 788 membro
3522 742 3697 787 nostro
3716 777 3729 801 ,

2162 838 2269 879 non
2298 823 2519 893 perinde
2542 825 2615 877 uti
2655 832 2814 894 atque
2842 838 3039 890 servo;
3069 822 3165 878 sed
3196 831 3385 879 contra
3404 865 3419 889 ,
3449 823 3517 877 ad
3544 823 3733 881 inutilia

2162 925 2217 971 et
2236 916 2498 985 superﬂua
2526 916 2774 986 negotia?
2802 916 2976 986 Atque
2999 916 3203 975 utinam
3227 916 3295 971 ad
3323 916 3589 986 superﬂua
3621 928 3730 971 tan-

2167 1018 2320 1073 tum;
2352 1007 2450 1062 sed
2482 1008 2648 1062 etiam
2681 1006 2774 1062 illo
2815 1009 3026 1061 utimur
3056 1006 3127 1061 ad
3161 1008 3443 1062 contraria
3490 1014 3551 1063 et
3590 1010 3740 1065 noxia

2166 1110 2223 1156 et
2267 1101 2404 1155 nihil
2447 1098 2703 1154 utilitatis
2743 1099 3025 1153 habentia.
3057 1099 3115 1154 Si
3148 1099 3297 1153 enim
3332 1098 3493 1153 nobis
3523 1114 3588 1154 ea
3633 1114 3744 1170 quae

2166 1192 2450 1262 loquimur
2476 1191 2635 1246 utilia
2662 1200 2868 1256 essent,
2886 1192 3055 1246 etiam
3086 1192 3198 1247 Deo
3226 1192 3415 1262 procul
3440 1192 3612 1247 dubio
3638 1193 3744 1262 pla-

2166 1294 2381 1340 cerent.

2234 1485 2448 1555 Lingua:
2470 1481 2793 1536 moderanda!
2818 1478 3055 1533 ratio.—
3074 1477 3227 1534 Nunc
3250 1488 3427 1535 autem
3468 1494 3539 1555 ea
3572 1480 3741 1534 mania

2164 1552 2434 1648 loquimur
2459 1588 2581 1645 qua:
2605 1572 2849 1629 diabolus
2888 1571 3241 1641 suggesserit,
3287 1571 3450 1627 modo
3482 1552 3745 1636 ﬁdentes,

2168 1670 2331 1725 modo
2356 1667 2559 1722 urbana
2583 1665 2880 1733 loquentes,
2908 1661 3071 1715 modo
3094 1661 3377 1717 maledicta
3400 1672 3457 1717 et
3477 1672 3749 1717 contume-

2168 1759 2268 1814 lias
2298 1756 2648 1827 proferentes,
2681 1751 2842 1807 modo
2876 1750 3157 1821 iurantes,
3208 1753 3569 1817 mentientes,
3615 1752 3751 1822 peje«

2168 1856 2376 1914 rantes;
2408 1860 2549 1901 nunc
2575 1845 2922 1914 ferocientes,
2967 1858 3111 1900 nunc
3146 1842 3311 1899 futilia
3341 1853 3395 1899 et
3422 1844 3653 1899 anilibus
3678 1843 3752 1897 la-

2172 1940 2312 1995 bulis
2339 1939 2536 1994 leviora
2559 1980 2573 2005 ,
2603 1952 2722 2006 qua:
2751 1938 2882 1993 nihil
2909 1940 2974 1994 ad
3004 1952 3103 1995 nos
3141 1937 3402 2003 attinent,
3444 1936 3497 1990 in
3527 1935 3752 1990 medium

2172 2030 2476 2087 afferentes.
2494 2028 2625 2096 Quis
2641 2030 2783 2085 enim
2804 2039 3060 2095 vestrum,
3084 2041 3289 2099 quaso,
3312 2026 3577 2095 psalmum
3598 2041 3752 2079 unum

2174 2125 2403 2180 recitare
2440 2130 2691 2192 rogatus,
2741 2121 2795 2177 id
2821 2122 3001 2179 dicere
3022 2119 3229 2191 possit,
3266 2117 3353 2172 vel
3388 2116 3546 2171 aliam
3570 2129 3755 2185 quam-

2176 2216 2317 2286 piam
2356 2213 2551 2268 divinre
2577 2212 2869 2283 Scriptura:
2894 2211 3143 2283 partem?
3178 2209 3348 2264 Nemo
3388 2222 3539 2263 sane.
3579 2206 3759 2275 Neque

2180 2305 2308 2365 illud
2334 2305 2507 2359 solum
2532 2318 2693 2373 grave
2716 2313 2829 2369 est;
2874 2302 2970 2359 sed
3007 2301 3148 2373 quod
3174 2301 3317 2361 circa
3341 2298 3638 2369 spiritualia
3666 2296 3758 2353 de—

2176 2387 2316 2449 sides
2341 2428 2357 2456 ,
2404 2387 2547 2444 circa
2586 2390 2823 2446 sataniea
2861 2389 2985 2460 igne
3009 2389 3129 2445 sitis
3156 2388 3526 2445 ferventiores.
3556 2388 3693 2445 Nam
3719 2404 3763 2444 st

2176 2480 2293 2549 quis
2321 2494 2417 2534 vos
2446 2480 2777 2550 interrogare
2817 2481 2946 2537 velit
2984 2480 3053 2537 de
3090 2480 3365 2538 diabolieis
3393 2480 3651 2545 comicis,
3698 2480 3762 2534 de

2177 2572 2493 2628 meretriciis
2533 2582 2587 2627 et
2631 2572 2842 2629 lascivis
2882 2572 3243 2639 carminibus,
3289 2570 3491 2641 multos
3532 2572 3766 2631 inveniet

2176 2661 2262 2729 qui
2296 2660 2411 2718 haec
2455 2672 2703 2721 accurate
2746 2662 2950 2730 sciant,
2993 2671 3049 2720 et
3093 2677 3221 2721 cum
3261 2663 3533 2732 voluptate
3574 2676 3763 2731 magna

2179 2754 2545 2820 pronuntient.
2573 2755 2677 2811 Sed
2706 2770 2829 2825 qute
2853 2754 3096 2813 defensio
3132 2756 3203 2813 ad
3238 2757 3397 2815 talem
3437 2755 3767 2817 criminatio-

2180 2845 2345 2899 nem?
2376 2844 2493 2901 Non
2521 2861 2671 2911 sum,
2717 2846 2923 2917 inquit,
2959 2846 3281 2913 nionaebus,
3323 2847 3419 2905 sed
3459 2863 3685 2905 uxorem
3713 2857 3766 2903 et

2181 2934 2316 2989 tilios
2349 2934 2545 3000 habeo,
2571 2950 2863 3006 curamque
2887 2936 3200 2995 domesticae
3224 2938 3303 2994 rei
3330 2952 3485 3008 gero.
3511 2938 3680 3009 Atqui
3705 2938 3768 2992 il-

2179 3027 2266 3083 lud
2298 3036 2381 3084 est
2409 3028 2551 3098 quod
2582 3031 2759 3085 omnia
2786 3030 3098 3100 pessumdat
3119 3071 3135 3097 ,
3180 3031 3322 3101 quod
3364 3031 3435 3087 ad
3471 3032 3767 3091 monachos

2177 3117 2350 3177 solum
2382 3120 2579 3188 putetis
2620 3123 2888 3190 pertinere
2921 3122 3206 3178 lectionem
3245 3123 3547 3179 divinarum
3584 3122 3767 3192 Scripo

2180 3215 2449 3273 uirorum,
2492 3224 2615 3266 cum
2660 3212 2829 3269 multo
2872 3214 3043 3283 magis
3075 3228 3234 3282 quam
3264 3212 3370 3271 illis
3394 3212 3468 3271 sit
3490 3213 3651 3271 vobis
3678 3228 3773 3268 ne-

2177 3299 2431 3357 cessaria.
2465 3298 2545 3357 Illi
2571 3301 2715 3357 enim
2744 3302 2841 3371 qui
2866 3301 2919 3359 in
2951 3302 3130 3362 medio
3156 3312 3461 3369 versantur,
3490 3312 3553 3363 et
3584 3305 3766 3374 quoti-

2179 3388 2265 3444 die
2284 3391 2500 3449 vulnera
2523 3394 2816 3462 excipiunt,
2839 3395 3008 3453 multo
3021 3396 3191 3466 magis
3210 3397 3569 3463 medicamine
3585 3410 3769 3468 egent.

2179 3476 2360 3546 itaque
2390 3479 2545 3551 longe
2571 3483 2723 3551 pejus
2750 3493 2865 3551 est,
2885 3499 3044 3554 quam
3075 3500 3185 3543 non
3210 3487 3406 3561 legere,
3436 3488 3769 3558 superﬂuam

2179 3585 2289 3627 rem
2336 3587 2456 3629 esse
2509 3584 2717 3644 putare.
2764 3576 2894 3635 Haec
2919 3578 3118 3649 quippe
3157 3579 3323 3637 verba
3361 3581 3607 3639 suauia
3646 3592 3783 3642 sunt

2177 3672 2501 3721 00111018018.

2251 3845 2304 3902 6.
2367 3842 2533 3897 Lectio
2576 3838 2946 3910 eraitgeliorum
2990 3833 3289 3888 necessaria.
3312 3825 3521 3881 -—Non
3574 3824 3780 3879 auditis

2184 3937 2403 3992 Paulum
2433 3934 2734 3998 dicentem,
2771 3931 2887 3985 haec
2914 3926 3093 3984 omnia
3118 3924 3188 3978 ad
3214 3922 3616 3991 correptionem
3651 3934 3781 3974 nos-

2185 4037 2320 4081 tram
2347 4025 2545 4093 scripta
2563 4037 2682 4078 esse
2704 4022 2721 4092 (
2744 4022 2797 4076 1.
2823 4019 2942 4075 Cor.
2973 4016 3060 4072 10.
3086 4016 3148 4072 11
3170 4012 3226 4086 )‘l
3252 4013 3329 4079 Tu
3352 4026 3500 4076 vero,
3530 4012 3577 4064 si
3612 4010 3784 4064 Evan-

2184 4119 2381 4189 gelium
2411 4116 2573 4172 iilotis
2598 4113 2844 4171 manibus
2879 4124 3093 4169 sumere
3133 4114 3442 4177 Oporteret,
3488 4101 3545 4158 id
3592 4102 3783 4173 utique

2186 4209 2379 4273 nolles,
2408 4219 2463 4264 et
2493 4216 2669 4262 tamen
2693 4213 2848 4275 putas
2871 4218 2934 4259 ea
2959 4216 3080 4272 quae
3100 4200 3155 4255 in
3180 4198 3277 4255 illo.
3295 4196 3649 4255 continentur
3677 4211 3783 4249 non

2186 4317 2306 4365 esse
2332 4299 2619 4355 admodum
2648 4295 2967 4355 necessaria.
3008 4293 3237 4364 Ideoque
3262 4290 3440 4351 omnia
3468 4303 3566 4349 sus
3609 4288 3793 4359 deque

2190 4408 2342 4453 versa
2371 4400 2515 4447 sunt.
2545 4391 2695 4457 Quod
2722 4388 2772 4445 si
2811 4387 3019 4443 discere
3052 4384 3186 4440 velis
3217 4392 3473 4455 quantum
3519 4380 3668 4435 lucri
3710 4396 3796 4435 re—

2193 4494 2430 4555 portetur
2455 4500 2519 4539 ex
2548 4481 2835 4552 Scripturis
2861 4496 2875 4534 :
2903 4489 2955 4535 te
2975 4478 3145 4548 ipsum
3167 4474 3431 4539 examina,
3456 4488 3568 4545 quo
3594 4488 3799 4543 nempe

2194 4580 2246 4635 in
2273 4579 2377 4632 situ
2403 4584 2459 4632 et
2485 4583 2625 4631 statu
2653 4575 2727 4630 sis
2755 4587 2877 4629 cum
2919 4571 3153 4642 psalmos
3181 4567 3369 4635 audis,
3415 4578 3471 4622 et
3498 4582 3643 4636 quo,
3676 4581 3801 4621 cum

2195 4670 2484 4722 siitanicam
2532 4667 2852 4721 cantilenam
2896 4669 3051 4729 δίιυο
3091 4660 3283 4717 aﬂ'ecm
3329 4658 3404 4719 sis
3452 4658 3504 4712 in
3554 4658 3804 4712 ecclesia

2199 4771 2454 4823 versans,
2485 4771 2591 4826 quo
2619 4756 2670 4811 iu
2703 4756 2912 4810 theatro
2938 4755 3134 4811 sedens
3156 4770 3170 4807 :
3194 4749 3505 4820 videbisque
3533 4760 3808 4819 quantum

2200 4849 2271 4905 sit
2297 4848 2586 4905 discrimen
2619 4847 2758 4901 inter
2786 4844 2923 4901 hanc
2950 4854 3005 4900 et
3044 4844 3188 4899 illam
3234 4842 3487 4906 animam,
3534 4839 3678 4894 licet
3709 4853 3808 4893 una

2200 4939 2492 5009 eademque
2522 4939 2608 4993 sit.
2642 4936 2872 5009 Ideoque
2899 4936 3093 4997 Paulus
3122 4935 3287 4993 dicit:
3314 4930 3680 5000 Corrumpunt
3710 4948 3807 4983 mo

2204 5048 2283 5086 res
2307 5033 2459 5087 bonos
2487 5030 2738 5098 colloquia
2764 5044 2920 5099 mera
2946 5029 3028 5099 (1.
3058 5027 3177 5085 Cor.
3206 5026 3294 5085 15.
3324 5024 3452 5094 55).
3484 5021 3713 5076 Idcirco
3744 5038 3807 5076 as

2203 5122 2370 5183 siduis
2393 5122 2619 5192 Spiritus
2641 5120 2809 5177 sancti
2832 5119 3074 5177 cantibus
3094 5131 3332 5188 egemus.
3360 5111 3493 5171 Illud
3535 5113 3704 5169 enim
3745 5130 3807 5167 es

2204 5215 2257 5270 in
2287 5230 2394 5285 quo
2429 5214 2600 5269 brutis
2643 5219 2998 5283 priestamus,
3048 5210 3173 5266 licet
3214 5210 3268 5265 in
3316 5207 3435 5263 aliis
3474 5206 3808 5277 quibusdan

2206 5304 2362 5376 longe
2395 5306 2522 5377 ipsis
2549 5305 2831 5360 inferiores
2859 5304 3052 5361 simus.
3081 5302 3194 5357 IIoc
3226 5310 3311 5358 est
3336 5300 3678 5356 alimentum
3710 5300 3807 5356 ani

2209 5414 2338 5464 mae,
2375 5398 2477 5452 hoc
2502 5404 2874 5453 ornamentum
2902 5437 2917 5461 ,
2965 5395 3065 5449 hoc
3102 5393 3397 5457 securitas;
3437 5400 3645 5446 contra
3693 5408 3808 5445 ver.

2208 5504 2315 5545 non
2342 5488 2558 5557 audire,
2599 5487 2727 5549 illud
2768 5487 2965 5553 fames,
3005 5485 3134 5542 illud
3170 5483 3442 5556 corruptio
3468 5492 3558 5538 est
3610 5501 3629 5543 τ
3680 5482 3800 5538 Dab
