3858 6324
427 252 489 303 3|
1143 268 1199 323 S.
1239 267 1521 326 JOANNIS
1556 271 2040 330 CHRYSOSTOMI
2079 277 2400 338 ARCHIEP.
2439 282 2988 344 CONSTANTINOP.
3061 227 3070 236 .
3619 301 3693 355 3‘2

430 359 546 428 μῶν
575 359 808 425 ἀκούων,
843 361 924 426 τίς
965 361 1020 415 δέ
1067 365 1364 431 σατανικῆς
1390 365 1538 437 ᾠδῆς
1560 383 1573 397 ο
1608 367 1703 421 καὶ
1737 368 1853 431 πῶς
1884 368 2002 423 διά-

427 470 604 506 κεισαι
644 454 701 506 ἐν
750 455 1015 528 ἐκκλησία
1049 457 1359 528 διατρίϐων,
1393 459 1486 512 καὶ
1526 460 1644 524 πῶς
1683 460 1742 515 ἐν
1792 461 2005 535 θεάτρῳ

427 545 735 617 καθήμενος
755 563 769 576 ο
796 548 889 601 καὶ
915 548 1035 619 ὄψει
1066 549 1197 604 πολῦ
1223 550 1284 604 τδ
1315 551 1478 621 μέσον
1511 552 1714 622 ταύτης
1742 555 2004 625 κάκείνης

424 645 521 714 τῆς
550 641 761 713 ψυχῆς,
809 642 1054 719 καίτοιγε
1084 646 1212 717 μιᾶς
1240 643 1425 718 οὕσης.
1478 646 1576 700 Διά
1607 645 1763 702 τοῦτο
1792 647 2006 713 Παῦλος

316 778 322 784 .
347 741 350 744 ’
429 739 583 822 ἔλεγε
603 758 615 768 ·
642 742 996 809 Φθείρουσιν
1019 741 1133 809 ἤθη
1155 745 1390 810 χρηστὰ
1425 740 1650 808 ὁμιλίαι
1679 739 1875 792 κακαί.
1906 738 2006 793 Διά

430 829 586 884 τοῦτο
633 831 910 901 συνεχῶν⁸
945 835 1075 903 ημῖν
1113 833 1194 885 δεῖ
1239 831 1348 884 τῶν
1394 830 1502 884 ἀπὸ
1543 828 1637 882 τοῦ
1688 827 2006 898 Πνεύματος

429 920 672 991 ἐπῳδῶν.
708 923 816 976 Kal
855 922 964 994 γάρ
988 923 1146 976 τοῦτό
1175 923 1324 976 ἐστιν
1357 916 1412 991 ,ᾧ
1446 920 1553 974 τῶν
1586 919 1793 988 ἀλόγων
1818 919 2009 974 πλεον-

428 1011 714 1083 εκτοῦμεν,
739 1013 814 1078 ὡς
836 1014 946 1066 τῶν
974 1031 1038 1084 γε
1067 1015 1240 1070 ἄλλων
1265 1016 1451 1068 ἕνεκεν
1477 1014 1571 1068 καὶ
1599 1013 1805 1084 σφόδρα
1829 1011 2008 1066 αὐτῶν

430 1104 826 1174 ἐλαττούμεθα.
847 1104 1019 1158 Τοῦτό
1044 1107 1159 1158 ἐστι
1183 1104 1361 1176 τροφὴ
1385 1103 1757 1176 ψυχῆς,τοῦτο
1779 1108 2004 1176 κόσμος,

429 1193 587 1246 τοῦτο
616 1195 885 1264 ἀσφάλεια
907 1213 919 1225 ο
945 1194 1132 1266 ῶσπερ
1157 1190 1249 1248 οῦν
1276 1195 1336 1247 τὸ
1368 1194 1441 1265 μὴ
1465 1193 1703 1259 ἀκούειν,
1729 1195 1886 1266 λιμδς
1914 1195 2008 1250 καὶ

433 1283 628 1354 φθορά.
661 1283 828 1338 Δώσω
865 1284 995 1356 γὰρ,
1031 1285 1214 1354 φησὶν,
1253 1285 1456 1350 αὐτοῖς,
1485 1286 1566 1337 Οὐ
1591 1285 1770 1354 λιμὸν
1799 1285 2004 1354 ἄρτου,

428 1374 570 1428 οὐδὲ
595 1374 786 1442 δίψαν
817 1375 1056 1441 ὕδατος,
1086 1374 1246 1430 ἀλλὰ
1269 1374 1447 1444 λιμὸν
1475 1375 1581 1429 τοῦ
1607 1375 1870 1430 ἀκοῦσαι
1904 1375 2007 1430 λό-

427 1483 536 1532 γον
557 1468 797 1534 Κυρίου.
821 1467 885 1518 Τί
907 1466 1103 1535 γένοιτ’
1131 1468 1197 1520 ἂν
1227 1462 1320 1521 οῦν
1347 1465 1698 1538 ἀθλιώτερον,
1718 1468 1846 1521 ὅταν
1869 1467 2006 1539 ὅπερ

430 1560 458 1610 6
499 1557 634 1622 Θεὸς
673 1560 730 1611 ἐν
761 1558 912 1623 τάξει
943 1558 1217 1620 κολάσεως
1247 1559 1471 1630 ἀπειλῇ,
1500 1558 1659 1612 τοῦτο
1687 1558 2008 1630 αὐτομάτως

429 1650 493 1703 σὺ
541 1650 680 1704 κατὰ
706 1653 804 1722 τῆς
855 1649 968 1724 [51]
1021 1649 1218 1704 σαυτοῦ
1252 1650 1493 1720 κεφαλῆς
1522 1651 1687 1724 ἕλκῃς
1708 1650 1768 1704 τὸ
1813 1649 2005 1714 κακὸν,

427 1741 582 1811 λιμόν
612 1760 733 1796 τινα
759 1743 992 1814 χαλεπὸν
1036 1743 1343 1812 ἐπεισάγων
1371 1747 1436 1814 τῇ
1462 1744 1628 1814 ψυχῇ,
1661 1743 1756 1796 καὶ
1789 1743 2006 1798 πάντων

425 1835 596 1905 αὐτὴν
639 1836 1038 1907 ἀσθενεστέραν
1091 1837 1296 1902 ποιῶν;
1356 1837 1488 1889 Ἀπὸ
1533 1837 1643 1908 γὰρ
1692 1837 1865 1904 λόγων
1913 1837 2008 1890 καὶ

427 1925 747 1996 φθείρεσθαι
782 1929 874 1981 καὶ
904 1927 1170 1992 σώζεσθαι
1201 1929 1431 1998 πέφυκε.
1456 1929 1567 1981 Kal
1591 1928 1699 2002 γὰρ
1726 1931 1806 1992 είς
1838 1928 2006 2000 ὀργὴν

424 2018 584 2072 τοῦτο
613 2021 781 2092 αὐτὴν
815 2021 1016 2091 ἐξάγει,
1052 2025 1145 2076 καὶ
1173 2025 1404 2094 πραΰνει
1437 2022 1499 2075 τὸ
1541 2022 1673 2075 αὐτὸ
1707 2022 1865 2075 τοῦτο
1902 2023 2008 2076 πά-

427 2111 507 2164 λιν
529 2126 542 2139 ’
589 2114 684 2166 καὶ
723 2114 860 2185 πρὸς
894 2114 1190 2186 ἐπιθυμίαν
1225 2113 1390 2185 ἐξῆψε
1434 2115 1584 2186 ῥῆμα
1617 2115 1864 2185 αἰσχρὸν,
1912 2115 2007 2168 καὶ

428 2205 506 2267 εἰς
537 2205 893 2277 σωφροσύνην
927 2208 1100 2277 Ιίγγαγε
1131 2207 1288 2276 λόγος
1338 2206 1666 2277 σεμνότητος
1694 2205 1901 2276 γέμων.
1945 2207 2006 2260 Εἰ

426 2297 482 2348 δέ
531 2294 688 2365 λόγος
737 2298 920 2362 ἁπλῶς
949 2299 1216 2370 τοσαύτην
1247 2298 1359 2369 ἔχει
1401 2299 1498 2370 τὴν
1535 2299 1710 2369 ἰσχὺν,
1745 2298 1861 2362 πῶς
1897 2297 2005 2352 τῶν

428 2390 465 2442 Γ
472 2389 660 2461 ραφῶν
695 2392 1086 2461 καταφρονεῖςς
1127 2387 1248 2442 εἰπέ
1287 2406 1398 2460 μοι.
1441 2389 1504 2442 Et
1541 2388 1650 2459 γὰρ
1684 2388 2006 2460 παραίνεσις

425 2481 662 2536 τοσαῦτα
691 2481 934 2543 δύναται,
972 2479 1152 2552 πολλῷ
1180 2479 1379 2550 μᾶλλον
1411 2479 1537 2533 ὅταν
1569 2477 1707 2551 μετὰ
1753 2477 2005 2550 Πνεύμα-

425 2591 514 2638 τος
545 2568 677 2627 ὦσιν
699 2573 756 2630 al
785 2573 1157 2644 παραινέσεις.
1191 2572 1302 2627 Kal
1333 2572 1444 2644 γάρ
1470 2571 1644 2644 πυρὸς
1681 2571 1882 2642 μᾶλλον
1907 2570 2006 2642 τὴν

427 2666 839 2738 πεπωρωμένην
889 2666 1147 2736 μαλάττει
1197 2665 1410 2737 ψυχὴν,
1463 2665 1556 2720 καὶ
1609 2665 1745 2738 πρὸς
1791 2665 2006 2720 ἅπαντα

425 2756 733 2827 ἐπιτηδείαν
785 2755 1185 2820 κατασκευάζει
1236 2756 1303 2809 τά
1338 2755 1509 2822 καλὰ,
1559 2756 1716 2825 λόγος
1756 2753 1862 2808 ἀπὸ
1897 2753 2007 2808 τῶν

351 2885 353 2887 ι
425 2847 581 2901 θείων
619 2849 980 2919 ἐνηχούμενος
1025 2849 1278 2920 Γραφῶν.
1324 2847 1482 2902 Οὕτω
1544 2847 1637 2902 καὶ
1688 2846 2006 2919 Κορινθίους

426 2940 876 3010 πεφυσιωμένους
902 2940 1082 2996 λαϐὼν
1113 2945 1141 2995 ὁ
1180 2940 1393 3005 Παῦλος
1428 2941 1521 2994 καὶ
1548 2940 2003 3011 φλεγμαίνοντας,

427 3032 743 3086 κατέστειλε
770 3032 866 3086 καὶ
895 3034 1340 3104 ἐπιεικεστέρους
1364 3033 1610 3105 ἐποίησε.
1645 3033 1756 3086 Kal
1785 3031 1896 3105 γάρ
1919 3028 2005 3102 ἐφ’

435 3111 517 3180 οἷς
548 3116 896 3186 αἰσχύνεσθαι
925 3117 1032 3171 ἔδει
1059 3118 1153 3173 καὶ
1190 3118 1650 3188 ἐγκαλύπτεσθαι,
1685 3120 1777 3172 ἐπὶ
1803 3117 2010 3181 τούτοις

2119 370 2313 435 σκαλος
2342 374 2524 438 αὐτοῖς
2559 376 2959 452 ἐμαρτύρησεν,
2984 383 3126 437 οὕτω
3152 382 3326 454 λέγων
3346 403 3359 416 ·
3391 386 3550 441 Αὐτὸ
3578 389 3694 458 τὰρ

2117 462 2183 514 τὸ
2212 463 2222 494 ’
2280 465 2425 518 ,κατὰ
2460 466 2608 520 Θεὸν
2640 472 2986 541 λυπηθῆναι
3023 476 3198 548 ὑμᾶς,
3240 479 3443 546 πόσην
3496 479 3693 549 εἰργά-

2116 569 2268 608 σατο
2303 555 2372 610 ἐν
2402 558 2544 627 ὑμῖν
2582 563 2865 630 σπουδήν
2885 581 2900 596 α
2947 568 3109 622 ἀλλὰ
3137 570 3494 639 ἀπολογίαν,
3525 571 3692 624 ἀλλὰ

2115 644 2552 715 ἀγανάκτησιν,
2573 650 2593 722 [
2617 654 2662 685 ¹⁰
2682 655 2842 709 ἀλλὰ
2865 659 3071 721 φόϐον,
3091 661 3253 714 ἀλλὰ
3275 660 3688 732 ἐπιπόθησιν]

2114 735 2275 790 ἀλλὰ
2291 737 2496 807 ζῆλον,
2515 743 2673 798 ἀλλὰ
2693 746 3027 816 ἐκδίκησιν.
3048 750 3204 804 Οὕτω
3221 751 3314 805 καὶ
3336 753 3571 815 οἰκέτας,
3593 754 3692 806 καὶ

2117 827 2329 893 παῖδας,
2365 831 2458 884 καὶ
2483 839 2762 902 γυναῖκας,
2805 840 2900 893 καὶ⁵
2925 840 3110 910 φίλους
3140 842 3472 913 ῥυθμίζομεν
3492 843 3557 906 ¹¹,
3593 843 3691 898 καὶ

2113 919 2238 982 τοὺς
2269 920 2497 992 ἐχθροὺς
2526 925 2708 994 φίλους
2747 928 3025 1000 ποιοῦμεν.
3061 931 3218 984 Οὕτω
3253 933 3346 985 καὶ
3379 933 3429 985 οί
3459 932 3691 1001 μεγάλοι

2118 1007 2329 1080 ἄνδρες,
2365 1013 2458 1066 καὶ
2489 1015 2566 1086 τῷ
2597 1016 2716 1089 Θεῷ
2745 1021 2886 1088 φίλοι
2908 1022 2973 1085 ¹¹¹,
3005 1021 3240 1092 βελτίους
3273 1023 3540 1092 ἐγένοντο.
3577 1025 3692 1077 Kal

2114 1101 2222 1174 γάρ
2255 1104 2284 1156 6
2311 1105 2478 1158 Δαυῒδ
2507 1113 2644 1178 μετά
2686 1112 2784 1183 τὴν
2828 1115 3124 1188 ἁμαρτίαν,
3154 1115 3341 1187 ἐπειδὴ
3370 1115 3542 1182 λόγων
3579 1117 3689 1169 ἀπ-

2113 1190 2336 1259 ήλαυσε,
2377 1193 2499 1248 τότε
2543 1199 2622 1261 είς
2663 1199 2760 1270 τὴν
2792 1202 3081 1274 καλλίστην
3109 1205 3324 1273 ἐκείνην
3353 1199 3485 1273 ἦλθε
3521 1204 3691 1275 μετά-

2114 1298 2261 1336 νοιαν
2280 1298 2294 1312 ’
2324 1286 2418 1339 καὶ
2449 1290 2496 1340 οί
2538 1289 2820 1346 ἀπόστολοι
2846 1293 2902 1346 δέ
2933 1293 3074 1347 οὕτω
3101 1295 3388 1363 γεγόνασιν
3419 1297 3555 1366 ὅπερ
3587 1311 3688 1364 γε·-

2113 1373 2320 1440 γόνασι,
2358 1379 2451 1432 καὶ
2497 1381 2595 1452 τὴν
2640 1385 2965 1457 οἰκουμένην
3015 1386 3232 1440 ἃπασαν
3282 1387 3686 1442 ἐπεσπάσαντο.

2112 1465 2222 1518 Kal
2254 1467 2306 1521 τί
2335 1469 2396 1522 τὸ
2424 1471 2614 1542 κέρδος
2634 1513 2648 1535 ,
2682 1475 2866 1545 φησὶν,
2901 1475 3028 1528 ὅταν
3066 1475 3240 1546 ἀκούῃ
3261 1475 3306 1507 ¹³
3337 1493 3450 1540 τις,
3481 1476 3576 1529 καὶ
3605 1474 3688 1546 μὴ

2113 1560 2238 1629 ποιῇ
2258 1559 2302 1591 ⁸⁸⁵
2337 1561 2405 1615 τὰ
2433 1561 2731 1635 λεγόμενα;
2758 1564 2874 1638 [52]
2921 1566 2997 1619 Οὕ
3042 1566 3234 1638 μικρὸν
3287 1567 3386 1638 μὲν
3433 1567 3526 1620 καὶ
3574 1567 3690 1620 ἀπὸ

2111 1648 2210 1718 τῆς
2256 1651 2572 1724 ἀκροάσεως
2603 1656 2753 1711 ἔσται
2785 1658 2845 1711 τδ
2885 1656 3093 1728 κέρδος.
3124 1658 3234 1713 Καὶ
3263 1658 3370 1727 γὰρ
3401 1656 3691 1724 καταγνώ-

2113 1768 2262 1806 σεται
2288 1752 2480 1808 ἐαυτοῦ
2513 1750 2606 1804 καὶ
2646 1749 2910 1816 στενάξει,
2935 1751 3030 1804 καὶ
3058 1749 3175 1821 ἥξει
3208 1749 3339 1804 ποτὲ
3367 1751 3461 1804 καὶ
3503 1751 3597 1803 ἐπὶ
3619 1750 3688 1804 1:6

2112 1846 2283 1898 ποιεῖν
2323 1843 2389 1895 τὰ
2425 1842 2710 1912 λεγόμενα.
2745 1842 2803 1894 Ὀ
2837 1841 2893 1894 δὲ
2926 1839 3047 1912 μηδ’
3093 1839 3174 1893 ὅτι
3216 1840 3460 1911 ἥμαρτεν
3501 1840 3682 1904 εἰδὼς,

2111 1933 2241 1986 πότε
2271 1933 2634 2002 ἀποστήσεται
2677 1931 2770 1984 τοῦ
2822 1929 3190 2002 πλημμελεῖν;
3242 1930 3369 1984 πότε
3400 1931 3687 1999 καταγνῶ-

2112 2040 2262 2078 σεται
2291 2023 2520 2088 ἐαυτοῦς
2558 2023 2647 2095 Μὴ
2673 2024 2851 2076 τοίνυν
2895 2021 3323 2093 καταφρονῶμεν
3347 2021 3446 2091 τῆς
3475 2022 3685 2093 ἀκροά-

2110 2129 2248 2177 σεως
2269 2112 2378 2166 τῶν
2401 2111 2562 2166 θείων
2591 2106 2842 2185 Γραφῶν.
2876 2113 3177 2182 Σατανικῆς
3215 2111 3323 2181 γὰρ
3345 2111 3518 2166 ταῦτα
3563 2112 3686 2165 δια-

2108 2203 2293 2268 νοίας,
2323 2203 2423 2256 ούκ
2456 2203 2708 2274 ἀφιείσης
2741 2203 2829 2257 τὸν
2863 2202 3132 2276 θησαυρὸν
3163 2203 3313 2276 ἰδεῖν.
3357 2203 3442 2256 ἵνα
3475 2203 3547 2274 μὴ
3585 2203 3684 2256 τὸν

2109 2293 2340 2348 πλοῦτον
2363 2294 2731 2364 κερδάνωμεν.
2755 2293 2853 2347 Διά
2880 2293 3039 2347 τοῦτο
3071 2293 3220 2347 οὐδὲν
3248 2288 3386 2346 εἶναί
3417 2310 3546 2362 φησι
3578 2293 3684 2364 τὴν

2109 2385 2370 2457 ἀκρόασιν
2402 2384 2511 2438 τῶν
2542 2384 2701 2439 θείων
2733 2384 2944 2456 νόμων,
2976 2385 3065 2440 ἵνα
3094 2385 3169 2456 μὴ
3205 2383 3302 2457 τὴν
3332 2383 3526 2456 πρᾶξιν
3567 2384 3683 2438 ἀπὸ

2107 2481 2207 2552 τῆς
2235 2481 2550 2554 ἀκροάσεως
2579 2480 2665 2554 ἴδῃ
2689 2481 3126 2552 προσγενομένην
3156 2482 3304 2552 ἡμῖν.
3334 2480 3545 2543 Είδότες
3572 2479 3684 2532 τοί-

2107 2591 2200 2627 νυν
2243 2573 2342 2643 τὴν
2385 2571 2629 2644 πονηρὰν
2672 2571 2878 2641 ταύτην
2931 2571 3093 2626 αὑτοῦ
3137 2571 3358 2642 τέχνην,
3415 2568 3682 2623 πάντοθεν

2108 2665 2334 2728 ἑαυτοὺς
2377 2661 2895 2734 ἀποτειχίζωμενίδ,
2944 2662 3033 2716 ἵνα
3081 2664 3191 2725 τοῖς
3238 2661 3420 2725 ὅπλοις
3465 2663 3682 2724 τούτοις

2108 2758 2462 2828 φραξάμενοι,
2508 2754 2659 2809 αὐτοί
2701 2771 2761 2808 τε
2804 2753 3074 2808 ἀνάλωτοι
3118 2754 3382 2823 μένωμεν,
3435 2753 3527 2805 καὶ
3573 2751 3683 2822 τὴν

2109 2846 2324 2898 ἐκείνου
2375 2843 2625 2914 βάλωμεν
2645 2844 2688 2875 ⁸⁵
2739 2843 3013 2914 κεφαλήνο
3049 2843 3142 2896 καὶ
3170 2840 3310 2894 οὕτω
3355 2840 3580 2912 λαμπρά
3607 2841 3682 2895 τὰ

2108 2938 2400 3007 νικητήρια
2428 2936 2846 3008 ἀναδησάμενοι,
2870 2935 2978 2990 τῶν
3011 2935 3306 3006 μελλόντων
3335 2934 3682 3003 ἐπιτύχωμεν

2110 3027 2350 3099 ἀγαθῶν,
2398 3028 2581 3100 χάριτι
2620 3029 2714 3083 καὶ
2747 3027 3122 3100 φιλανθρωπίᾳ
3154 3027 3247 3081 τοῦ
3289 3025 3492 3099 Κυρίου
3520 3025 3684 3095 ἡμῶν

2122 3117 2298 3191 Ἰησοῦ
2332 3117 2591 3191 Χριστοῦ,
2635 3111 2680 3187 ᾧ
2711 3119 2746 3190 ἡ
2790 3117 2916 3185 δόξα
2949 3118 3043 3171 καὶ
3088 3115 3150 3170 τὸ
3197 3117 3396 3190 κράτος
3434 3117 3510 3180 είς
3549 3113 3683 3178 τοὺς

443 3206 582 3278 μέγα
609 3207 886 3278 ἐφρόνουν.
926 3207 1063 3261 ’.ἁλλ’
1094 3209 1281 3281 ἐπειδὴ
1316 3211 1414 3280 τὴν
1454 3209 1772 3281 Ἐπιστολὴν
1801 3208 2012 3273 ἐδέξαν-
2111 3211 2308 3275 αἰῶνας
2337 3209 2447 3266 τῶν
2481 3211 2712 3268 αἰώνων.
2754 3209 2946 3282 Ἀμήν.

441 3317 520 3360 το,
547 3298 774 3353 ἄκουσον
806 3301 982 3356 αὐτῶν
1013 3301 1111 3356 τὴν
1152 3301 1452 3374 μεταϐολὴν
1473 3343 1487 3368 ,
1524 3303 1592 3374 ἢν
1620 3303 1781 3367 αὐτὸς
1808 3304 1835 3355 6
1863 3297 2009 3356 διδά-

514 3459 536 3491 ⁸
572 3461 812 3530 συνεχῶς
840 3462 904 3516 Α.
938 3463 1042 3517 An.

440 3539 638 3606 ιιι-τοίω*
668 3531 807 3606 Ben,
888 3535 929 3565 “
960 3531 1452 3606 qupliopejLSig
1471 3534 1530 3588 Β.
1564 3543 1617 3588 ει

442 3600 709 3674 ποιῶμεν.
798 3605 840 3635 ²²
872 3600 970 3657 καῖ
993 3600 1076 3674 τῷ
1093 3605 1154 3657 Θ.
1304 3604 1394 3658 Sic
1432 3604 1489 3658 Β.
1520 3606 1623 3658 An.
1653 3600 1728 3673 τῷ

1149 3465 1170 3538 ᾖ
1204 3462 1556 3538 τὸλτοῦτο-τδ
1585 3461 1721 3517 Edd.
1756 3461 1865 3538 vid.
1895 3458 2003 3514 Μαι

2114 3458 2136 3512 ηε
2165 3457 2415 3538 agloc._
2476 3457 2670 3538 ‘zﬂagc
2689 3457 2854 3538 τρι-ιλιι
2892 3457 3092 3538 ςθειιηι
3133 3457 3188 3533 it}
3227 3457 3420 3538 90:10:,

1663 3549 1743 3602 pr.
1779 3531 1843 3585 D.
1897 3547 2003 3584 mox

2114 3528 2324 3602 οιοῦμεν
2375 3529 2436 3602 B_.
2588 3536 2641 3581 cl.
2683 3527 2860 3602 pr._C.
2902 3526 2962 3580 D.
2997 3523 3179 3602 ςαξιριὶ
3212 3519 3672 3602 ,ῥυθμίζωμενιςι

1854 3620 1912 3670 φ.
1940 3601 2034 3654 καί
2063 3603 2129 3653 Α.
2159 3596 2238 3652 DX
2261 3597 2321 3654 E.
2356 3598 2434 3669 τῷ
2472 3597 2534 3651 Θ.
2565 3613 2624 3670 φ.
2660 3596 2917 3670 γεγόνασι
2953 3598 3046 3670 καὶ
3073 3596 3133 3650 C.

2476 3456 2521 3489 ¹⁶
2544 3454 2670 3511 Haec
2689 3456 2854 3512 verba
2892 3457 3092 3513 desunt
3133 3451 3188 3506 in
3227 3447 3383 3504 codd.
3423 3452 3478 3502 et
3513 3444 3660 3501 Edd.

3211 3584 3256 3623 ¹’³
3292 3584 3496 3657 ἀκούση
3519 3584 3672 3643 Edd.

445 3671 487 3699 "‘
519 3659 644 3742 ποῗιῇ
671 3673 680 3743 |
715 3675 1010 3744 προσίηται
1044 3659 1106 3729 Β.
1185 3659 1230 3706 ¹’⁵
1251 3659 1577 3746 τειχίζωμεν
1607 3677 1672 3727 A.
1702 3659 1713 3673 ⁸
1748 3673 1790 3704 ⁸⁸
1817 3659 2003 3742 βάλλωλ

2117 3671 2183 3725 Α.
2211 3671 2274 3724 (ι.
2296 3670 2357 3724 Ε.
2383 3659 2504 3723 ιὶιοχ
2535 3659 2605 3721 τά
2637 3659 2750 3723 oin:
2779 3671 2845 3724 Α.
2879 3668 2941 3722 C.
2972 3668 3034 3734 E,
3066 3673 3120 3720 et
3138 3677 3220 3735 pr.
3252 3659 3314 3714 D.

507 3826 911 3836 Ἢ

917 3809 3670 3838 ____________________________________________

1879 3907 2121 3961 OMIAIA
2157 3902 2229 3958 I".

435 4095 647 4159 Βίϐλος
684 4090 978 4162 γενέσεως
1017 4090 1220 4162 Ἰησοῦ
1262 4091 1517 4162 Χριστοῦ
1542 4132 1555 4156 ,
1600 4090 1735 4147 υἱοῦ
1787 4088 2002 4152 Δαυῒδ,

1002 4160 1137 4215 υίοῦ
1173 4161 1439 4230 Ἁϐραάμ.

503 4274 569 4330 α’.
605 4275 734 4329 ’1δοῦ
758 4273 913 4346 τρίτη
932 4272 1182 4338 διάλεξις,
1203 4273 1293 4326 καὶ
1310 4273 1376 4327 τά
1398 4273 1454 4326 ἐν
1475 4274 1776 4345 προοιμίοις
1797 4273 2005 4328 οὐδέπω

431 4361 810 4432 διελυσάμεθα.
865 4361 979 4415 Οὐκ
1023 4361 1130 4432 ἄρα
1180 4360 1356 4432 μάτην
1390 4359 1593 4429 ἔλεγον,
1635 4361 1716 4413 ὅτι
1766 4360 1900 4413 πολὺ
1943 4360 2004 4413 τὸ

436 4457 595 4527 βάθος
638 4456 749 4526 ἔχει
794 4457 904 4509 τῶν
945 4455 1228 4525 νοημάτων
1259 4453 1463 4509 τούτων
1492 4457 1524 4524 ἡ
1559 4452 1739 4523 φύσις.
1775 4453 1909 4523 Φέρε
1937 4452 1998 4524 δὴ

432 4549 498 4601 τά
533 4548 826 4617 λειπόμενα
864 4549 1098 4619 σήμερον
1129 4551 1388 4619 εἴπωμεν.
1426 4547 1492 4602 Τί
1529 4549 1645 4600 ποτ’
1674 4541 1766 4599 οὖν
1791 4547 1906 4598 ἐστι
1939 4545 2001 4598 τὸ

434 4637 758 4708 ζητούμενον
786 4638 908 4703 νῦν;
940 4638 1094 4701 Τίνος
1137 4639 1322 4692 ἕνεκεν
1356 4640 1384 4692 6
1422 4637 1617 4707 Ἰωσὴφ
1657 4636 1998 4706 γενεαλογεῖ-

434 4746 543 4791 ται,
561 4728 713 4781 οῦδὲν
739 4729 872 4799 πρὸς
897 4729 995 4800 τὴν
1016 4728 1267 4801 γέννησιν
1293 4728 1578 4781 συντελῶν.
1608 4728 1714 4781 Kal
1740 4727 1867 4797 μίαν
1895 4726 1994 4796 μὲν

429 4817 606 4869 αἰτίαν
641 4817 942 4887 εἰρήκαμεν
965 4817 1064 4889 ἤδη
1084 4833 1098 4848 ο
1136 4817 1429 4886 ἀναγκαῖον
1455 4817 1510 4871 δέ
1555 4819 1650 4871 καὶ
1677 4819 1775 4890 τὴν
1807 4819 1998 4892 ἑτέραν

427 4911 598 4962 είπεῖν
619 4949 634 4972 ,
683 4907 779 4978 τὴν
812 4908 1218 4979 μυστικωτέραν
1258 4909 1352 4963 καὶ
1381 4909 1825 4980 άπορῤητοτέραν
1857 4912 1998 4965 ἐκεί-

432 5020 538 5075 νης.
560 5003 655 5065 Τίς
676 4996 768 5056 οῦν
795 5004 941 5056 ἐστιν
966 5000 1102 5072 αὕτη
1129 5018 1141 5066 ;
1173 5002 1286 5055 Ούκ
1314 5000 1567 5056 ἐϐούλετο
1591 5005 1704 5067 τοῖς
1720 5003 1998 5066 Ἰουδαίοις

430 5091 560 5148 εἶναι
595 5095 750 5165 δῆλον
795 5091 944 5164 παρὰ
971 5093 1116 5146 τὸν¹⁷
1149 5093 1257 5146 ¹τῶν
1290 5093 1495 5148 ὠδίνων
1524 5095 1735 5165 καιρὸν,
1766 5093 1880 5166 [3'5]
1915 5097 1996 5149 ὅτι

427 5197 488 5237 εκ
521 5187 792 5256 Παρθένου
818 5185 1139 5257 γεγέννηται
1170 5185 1213 5217 ¹⁸
1251 5187 1279 5240 6
1311 5185 1563 5259 Χριστός.
1607 5187 1770 5242 Ἀλλά
1804 5186 1877 5260 μὴ
1911 5187 1998 5240 θο-

427 5276 676 5347 ρυϐεῖσθε
701 5280 833 5348 πρὸς
858 5280 918 5332 τὸ
945 5278 1245 5349 παράδοξον
1269 5279 1361 5332 τοῦ
1391 5279 1702 5350 λεγομένου.
1725 5281 1799 5334 Ού
1823 5281 1864 5314 ¹⁹
1887 5279 1996 5352 γάρ

430 5367 557 5438 ἐμὸς
581 5368 608 5420 6
638 5368 813 5436 λόγος,
856 5369 988 5422 ἀλλά
1021 5371 1281 5440 Πατέρων
1325 5371 1632 5441 ἡμετέρων,
1665 5372 1994 5442 θαυμαστῶν

429 5460 516 5510 καὶ
550 5459 835 5529 ἐπισήμων
873 5459 1099 5530 ἀνδρῶν.
1128 5460 1188 5513 Εἰ
1220 5459 1327 5531 γάρ
1357 5461 1525 5515 πολλὰ
1550 5462 1902 5517 συνεσκίασεν
1935 5461 1995 5527 ἐξ

429 5547 601 5620 ἀρχῆς
623 5586 638 5610 ,
665 5543 793 5598 Υίδν
835 5541 1123 5610 ἀνθρώπου
1159 5543 1339 5596 καλῶν
1388 5546 1601 5612 ἑαυτὸν,
1634 5545 1729 5598 καὶ
1753 5543 1874 5597 οὕδέ
1902 5541 2000 5612 τὴν

437 5640 568 5710 πρὸς
597 5637 686 5692 τὸν
721 5634 942 5706 Πατέρα
989 5635 1207 5705 ἰσότητα
1236 5637 1508 5708 πανταχοῦ
1542 5635 1726 5706 σαφῶς
1755 5637 1886 5707 ἡμῖν
1916 5633 2001 5698 ἐξ-

434 5727 678 5795 ικάλυψε·
705 5727 757 5779 τί
784 5723 1104 5795 θαυμάζεις,
1133 5727 1180 5778 εί
1203 5728 1293 5779 καὶ
1322 5725 1480 5780 τοῦτο
1502 5725 1819 5779 συνεσκίασε
1843 5722 1998 5785 τέως,

2116 4067 2428 4139 θαυμαστόν
2463 4086 2515 4121 τι
2552 4069 2645 4122 καὶ
2681 4069 2825 4141 μέγα
2867 4070 3196 4142 οίκονομῶν;
3235 4071 3345 4126 Kal
3380 4073 3528 4124 ποῖον
3562 4071 3703 4123 Dau-

2119 4160 2359 4232 μαστόν;
2414 4161 2566 4232 φησί.
2605 4161 2677 4215 T6
2716 4162 3046 4234 διασωθῆναι
3096 4165 3195 4234 τὴν
3243 4163 3550 4236 Παρθένον,
3603 4164 3707 4216 καὶ

2115 4251 2349 4322 ὑποψίας
2375 4253 2757 4324 ἀπαλλαγῆναι
2789 4258 3049 4326 πονηρᾶς.
3085 4257 3145 4308 Εἰ
3175 4255 3283 4327 γάρ
3325 4254 3481 4308 τοῦτο
3515 4251 3576 4319 ἐξ
3598 4253 3706 4325 ἀρε

2115 4347 2213 4416 χῆς
2239 4345 2349 4407 τοῖς
2389 4335 2661 4409 Ἰουδαίοις
2701 4345 2893 4415 γέγονε
2937 4346 3265 4411 κατάδηλον,
3297 4346 3399 4399 κᾶν
3437 4344 3704 4398 κατέλευο

2118 4451 2216 4487 σαν
2243 4435 2339 4507 τὴν
2369 4436 2648 4507 Παρθένον
2681 4437 3114 4508 κακουργοῦντες
3140 4438 3216 4509 τῷ
3253 4437 3528 4509 λεγομένῳ
3549 4477 3564 4501 ,
3601 4439 3706 4490 καὶ

2120 4527 2366 4597 μοιχείας
2393 4527 2559 4598 αὐτὴν
2589 4527 2806 4599 ἔκριναν
2842 4530 2925 4582 ἄν.
2960 4530 3023 4582 Εἰ
3050 4530 3157 4602 γάρ
3206 4529 3344 4599 ὑπὲρ
3369 4528 3476 4582 τῶν
3499 4527 3703 4595 ἀλλων,

2115 4611 2188 4669 ὧν
2222 4617 2481 4682 πολλάκις
2532 4620 2624 4672 καὶ
2653 4619 3029 4690 ὑποδείγματα
3078 4617 3220 4690 εἶχον
3250 4622 3306 4672 ἐν
3349 4622 3415 4691 τῇ
3459 4619 3703 4692 Παλαιᾷ,

2115 4710 2364 4781 φανερῶς
2415 4710 2805 4781 ὴναισχύντουν
2871 4714 2986 4780 (καὶ
3040 4713 3146 4784 γὰρ
3193 4713 3381 4785 ἐπειδὴ
3433 4712 3704 4782 δαίμονας

2115 4801 2356 4865 ἐξέϐαλε,
2406 4801 2744 4874 δαιμονῶντα
2793 4804 3041 4867 ἐκάλουν,
3087 4806 3181 4858 καὶ
3212 4805 3398 4876 ἐπειδὴ
3443 4806 3500 4858 ἐν
3551 4805 3705 4858 Σαϐ-

2117 4895 2265 4964 ϐάτῳ
2303 4893 2693 4966 ἐθεράπευσεν,
2720 4895 2963 4950 ἀντίθεον
2989 4893 3127 4949 εἶναι
3153 4896 3420 4967 ἐνόμιζον,
3454 4896 3706 4967 καίτοιγε

2118 4986 2375 5050 πολλάκις
2428 4989 2518 5040 καὶ
2552 4989 2815 5062 πρότερον
2860 4989 3024 5060 ἐλύθη
3058 4989 3116 5043 τὸ
3155 4988 3477 5061 Σάϐϐατον),
3510 4989 3562 5042 τί
3599 4992 3710 5046 οὐκ

2115 5079 2180 5132 ἂν
2207 5075 2358 5132 εἶπον
2388 5080 2576 5134 τούτου
2608 5081 2919 5154 λεχθέντος;
2957 5085 3066 5137 Kal
3089 5081 3197 5154 γὰρ
3228 5077 3372 5153 εἶχον
3400 5084 3576 5137 πάντα
3602 5084 3706 5137 τὸν

2119 5170 2222 5239 πρὸ
2246 5171 2436 5226 τούτου
2469 5176 2966 5247 συναγωνιζόμενον
2987 5177 3171 5240 αὐτοῖς
3196 5175 3406 5246 καιρὸν,
3437 5175 3709 5231 οὐδέποτέ

2115 5283 2165 5319 τι
2195 5259 2433 5320 τοιοῦτον
2463 5268 2774 5336 ἐνεγκόντα.
2809 5270 2870 5341 Εἰ
2904 5269 3012 5340 γὰρ
3047 5268 3187 5339 μετά
3224 5267 3460 5322 τοσαῦτα
3493 5271 3708 5339 σημεῖα

2115 5357 2193 5409 ἔτι
2223 5357 2385 5410 αὑτὸν
2413 5357 2506 5410 τοῦ
2545 5360 2742 5430 Ἰωσὴφ
2774 5359 3000 5413 ἐκάλουν
3028 5360 3159 5427 υίδν,
3197 5359 3314 5424 πῶς
3357 5359 3423 5414 ἂν
3449 5358 3555 5430 πρὸ
3587 5361 3711 5414 τῶν

2118 5451 2360 5520 σημείων
2414 5451 2763 5516 ἐπίστευσαν,
2797 5454 2878 5506 ὅτι
2907 5455 2970 5506 ἐκ
2988 5453 3034 5483 ¹⁰
3070 5452 3347 5524 Παρθένου
3375 5447 3473 5524 ῆν;
3501 5452 3601 5506 Διά
3635 5455 3711 5527 δὴ

2115 5539 2271 5594 τοῦτο
2295 5540 2390 5594 καὶ
2415 5544 2837 5612 γενεαλογείται,
2868 5545 2960 5599 καὶ
2989 5543 3347 5616 μνηστεύεται
3367 5544 3463 5616 τὴν
3482 5545 3711 5616 Παρθέ-

2117 5649 2226 5684 νον.
2259 5633 2433 5686 Ὅπου
2466 5638 2574 5707 γὰρ
2617 5637 2645 5688 6
2695 5637 2892 5709 Ἰωσὴφ
2917 5678 2930 5701 ,
2965 5637 3057 5690 καὶ
3100 5636 3306 5700 δίκαιος
3336 5637 3410 5691 ῶν
3441 5638 3534 5691 καὶ
3565 5637 3711 5692 θαυ-

2121 5724 2323 5794 μαστὸς
2357 5727 2529 5797 ἀνὴρ,
2567 5727 2776 5781 πολλῶν
2818 5729 3012 5801 ἐδεήθη
3049 5730 3189 5783 ὥστε
3228 5729 3481 5794 δέξασθαι
3515 5730 3576 5783 τὸ
3609 5747 3715 5798 γε-

517 5858 740 5956 "me:
769 5886 880 5958 τόν]
908 5886 996 5942 Sic
1022 5886 1081 5940 Β.
1114 5885 1175 5940 F.
1209 5888 1311 5942 An.
1346 5888 1495 5941 Arm.
1529 5886 1706 5942 cancri
1741 5887 1830 5940 τὸν
1859 5885 1983 5957 πρό.

2138 5883 2427 5956 γεγένηται
2460 5881 2597 5940 Edd.
2675 5884 2720 5917 "
2749 5883 2865 5940 ούδέ
2893 5883 2952 5940 Β.
3015 5883 3078 5965 ν²⁶
3108 5883 3191 5958 ἐκ]
3221 5884 3312 5940 καὶ
3337 5885 3400 5939 ἐκ
3433 5883 3491 5940 Β.
3531 5879 3592 5938 D.
3617 5880 3693 5939 F.
