3832 6178
118 267 171 316 δι
1246 255 1312 312 IN
1354 250 1791 311 ΜΑΊτιιΑῖιιιι.
1836 246 2072 303 ιιοιιιιι.
2114 244 2209 301 ιιι.
3286 253 3356 307 3.3

115 378 239 429 enim
288 376 383 435 eis,
432 373 635 443 inquit,
692 389 797 427 non
856 372 1049 442 famem
1104 372 1280 442 panis,
1326 386 1494 441 neque
1541 367 1684 424 sitim

117 497 289 551 aqua;
332 480 423 534 sed
479 480 679 549 famem
731 479 980 534 audiendi
1032 479 1174 534 verbi
1228 478 1441 534 Domini
1491 477 1688 550 (Amos

118 589 162 643 8.
206 586 322 657 il).
361 584 502 652 Quid
542 594 729 641 autem
770 583 1047 640 infelicius
1090 599 1212 641 esse
1248 584 1442 655 possit,
1493 599 1682 655 quam,

118 709 229 749 cum
258 692 395 747 illud
428 691 579 761 quod
605 690 751 747 Deus
779 699 843 744 ut
872 706 1091 762 poenam
1120 690 1513 755 comminatur,
1547 687 1685 743 illud

119 802 282 870 ipsum
322 799 530 853 malum
578 806 642 853 tu
682 805 877 867 sponte
926 798 980 853 in
1027 804 1193 868 caput
1225 804 1380 852 tuum
1411 796 1684 861 attrahis,

121 906 235 960 dum
256 905 581 975 gravissima
604 903 746 959 fame
773 904 946 961 adicis
967 905 1206 959 animam
1230 913 1401 969 tuam,
1426 905 1687 974 illamque

124 1012 357 1067 omnibus
394 1010 757 1066 inﬁrmiorem
790 1010 1021 1066 reddis?
1048 1011 1183 1065 Nam
1224 1027 1255 1065 a
1284 1011 1471 1066 verbis
1504 1010 1597 1066 illa
1631 1016 1689 1066 et

125 1117 378 1187 corrumpi
418 1128 477 1172 et
512 1118 692 1172 sanari
719 1118 881 1172 solet.
926 1117 1212 1188 Siquidem
1241 1117 1352 1173 illis
1383 1126 1439 1173 et
1464 1116 1519 1172 in
1550 1115 1688 1171 iram

126 1224 425 1286 concitatur,
458 1232 514 1277 et
543 1232 818 1278 commota
849 1223 1168 1294 mitigatur:
1193 1222 1260 1279 ad
1292 1224 1688 1293 concupiscen—

127 1331 239 1384 tiam
289 1328 552 1383 lascivum
603 1328 813 1383 dictum
868 1311 1136 1392 incendit,
1171 1334 1228 1381 et
1263 1326 1329 1381 ad
1378 1326 1689 1381 castitatem

124 1435 332 1491 verbum
376 1434 672 1491 honestum
723 1434 961 1489 reducit.
1020 1432 1078 1488 Si
1124 1433 1273 1487 enim
1321 1446 1504 1487 sermo
1538 1431 1689 1486 solus

128 1550 310 1597 tantam
336 1540 448 1595 vim
472 1540 661 1605 habet,
687 1556 811 1605 cur,
835 1554 1041 1611 quaeso,
1068 1540 1383 1610 Scripturas
1408 1536 1688 1609 despicis?

127 1647 173 1701 Si
198 1662 425 1716 namque
456 1645 866 1702 admonitiones
895 1654 1105 1700 tantum
1134 1644 1342 1709 valent,
1371 1643 1545 1698 multo
1572 1658 1685 1698 ma-

126 1751 193 1820 gis
237 1752 455 1820 quando
507 1767 633 1806 cum
690 1750 1161 1806 admonitionibus
1216 1749 1374 1806 adest
1426 1748 1683 1820 Spiritus.

127 1856 319 1911 Etenim
360 1856 590 1912 verbum
624 1872 691 1912 ex
730 1856 1037 1928 Scripturis
1066 1856 1271 1912 divinis
1297 1856 1571 1928 prolatum
1607 1855 1690 1911 in-

126 1962 353 2017 dui-alam
390 1965 627 2018 animam
666 1964 790 2036 igne
822 1964 1205 2020 vehementius
1238 1964 1469 2028 emollit,
1517 1972 1574 2019 et
1617 1961 1687 2018 ad

125 2069 360 2137 quaelibet
383 2068 530 2123 bona
553 2079 737 2140 aptam
764 2070 951 2126 efﬁcit.
985 2069 1078 2126 Sic
1103 2085 1229 2125 cum
1260 2069 1463 2124 Paulus
1487 2068 1685 2125 Corin-

125 2174 252 2228 thios
271 2174 491 2233 inflatos
514 2184 573 2231 et
598 2183 877 2232 tumentes
898 2191 1020 2232 esse
1043 2176 1515 2247 deprehendisset,
1541 2190 1689 2231 com-

124 2282 305 2351 pressit
340 2297 409 2337 ac
445 2282 813 2338 modestiores
859 2283 1121 2339 reddidit.
1170 2283 1247 2338 De
1290 2282 1497 2354 quibus
1541 2281 1691 2337 enim

124 2386 313 2456 pudore
344 2387 663 2458 ruboreque
692 2387 833 2444 allici
870 2404 970 2460 par
1001 2397 1143 2455 erat,
1188 2387 1257 2444 de
1289 2387 1483 2444 iisdem
1514 2388 1686 2443 altum

125 2491 410 2562 sapiebant.
451 2492 559 2547 Sed
600 2501 893 2563 postquam
937 2493 1095 2549 Pauli
1133 2492 1422 2565 epistolam
1458 2508 1689 2564 accepe-

126 2606 252 2658 rant.
295 2597 426 2651 audi
473 2599 697 2654 illorum
732 2600 1116 2665 mutationem,
1144 2616 1309 2672 quam
1353 2601 1469 2673 ipse
1500 2600 1695 2656 doctor

126 2701 432 2756 testiﬁcatus
453 2712 542 2758 est
566 2703 655 2760 his
684 2704 904 2760 verbis:
926 2704 1035 2759 Hoc
1052 2707 1192 2760 enim
1211 2705 1384 2777 ipsum
1409 2707 1695 2761 secundum

128 2806 281 2861 Deum
315 2811 653 2875 contristari,
694 2820 958 2883 quantam
992 2813 1048 2868 in
1081 2813 1220 2867 vobis
1253 2823 1505 2885 operatur
1542 2813 1696 2869 solli-

129 2914 389 2968 citudinem
415 2930 435 2969 :
462 2916 559 2969 sed
586 2916 968 2987 defensionem,
1001 2918 1091 2973 sed
1127 2919 1569 2991 indignationem,
1586 2988 1589 2989 ν
1607 2922 1698 2975 sed

132 3018 531 3087 cautab'onem,
579 3021 673 3075 sed
718 3022 1009 3077 vindictam
1042 3022 1129 3095 (2.
1177 3022 1302 3078 Cor.
1346 3024 1397 3078 7.
1446 3014 1565 3094 HV).
1606 3023 1697 3080 Sic

1782 368 2037 432 famulos,
2078 367 2239 432 filios,
2276 382 2496 435 uxores,
2541 372 2749 426 amicos
2785 370 3157 434 instituamus.
3188 381 3245 426 et
3289 370 3358 427 de

1786 477 2025 533 inimicis
2052 479 2260 534 amicos
2288 478 2470 534 facere
2493 494 2770 535 curemus.
2797 478 2885 534 Sic
2914 480 3092 550 magni
3126 479 3204 533 illi
3229 480 3357 541 viri.

1784 584 2008 655 Deoque
2041 584 2226 649 amici,
2257 585 2518 641 meliores
2546 584 2727 640 effecti
2758 594 2906 640 sunt.
2944 584 3159 639 Etenim
3192 583 3360 640 David

1786 700 1908 760 post
1961 700 2270 761 peccatum,
2320 690 2478 746 verbi
2534 690 2737 755 fructu,
2796 690 2849 745 in
2898 690 3161 762 Optimam
3214 688 3363 746 illam

1785 795 2057 852 deductus
2085 805 2171 852 est
2200 796 2581 867 paenitentiam
2609 796 2684 866 (ἓ.
2705 795 2835 866 Reg.
2861 796 2947 850 12.
2977 797 3063 867 i5)
3091 814 3105 850 :
3130 798 3364 868 apostoli

1786 915 2007 972 quoque
2058 901 2139 957 sic
2185 902 2324 957 tales
2372 912 2689 967 evaserunt,
2743 900 2933 973 quales
2984 890 3259 968 novimus,
3308 910 3367 961 et

1788 1008 2107 1064 universum
2138 1007 2329 1063 orbem
2368 1017 2733 1065 attraxerunt.
2772 1010 2975 1079 Ecquis
3008 1008 3244 1076 fructus,
3280 1010 3367 1065 in-

1786 1114 1966 1186 quies,
2014 1114 2059 1169 si
2107 1115 2232 1186 quis
2277 1115 2484 1181 audiat,
2532 1125 2587 1171 et
2637 1115 2783 1171 dicta
2834 1132 2943 1171 non
2992 1118 3369 1187 exsequatur?

1788 1223 1907 1279 Non
1959 1222 2237 1278 modicum
2286 1231 2436 1279 certe
2487 1238 2555 1278 ex
2603 1223 2795 1278 auditu
2850 1223 3075 1279 accedet
3130 1223 3364 1279 lucrum.

1788 1330 1923 1387 Nam
1948 1331 1994 1385 is
2030 1330 2272 1401 seipsum
2305 1328 2589 1385 damnabit
2620 1338 2676 1384 et
2713 1329 3053 1401 ingemiscet,
3085 1341 3142 1386 et
3171 1344 3238 1385 eo
3270 1329 3370 1385 ali-

1787 1437 2010 1508 quando
2039 1437 2365 1502 deducetur,
2397 1446 2459 1491 ut
2488 1452 2609 1507 qua:
2642 1436 2789 1491 dicta
2816 1446 2947 1491 sunt
2982 1436 3227 1506 impleat.
3262 1434 3369 1502 Qui

1786 1560 1920 1601 vero
1954 1560 2024 1601 ne
2070 1544 2294 1615 quidem
2325 1544 2440 1600 'scit
2475 1558 2543 1598 an
2570 1542 2901 1613 peccaverit,
2929 1542 3150 1612 quando
3180 1557 3211 1596 a
3242 1556 3371 1612 pee-

1794 1649 1970 1705 cando
1999 1649 2269 1705 desistet?
2302 1647 2523 1720 quando
2557 1654 2776 1718 peccata
2811 1646 3096 1701 damnabit
3125 1647 3263 1702 sua?
3290 1646 3371 1703 Ne

1794 1754 1980 1826 itaque
2012 1762 2431 1810 contemnamus
2459 1752 2769 1807 divinarum
2798 1752 3091 1807 lectionem
3122 1751 3373 1824 Scriptu-

1792 1876 1999 1916 rarum.
2038 1862 2164 1918 Hzec
2194 1862 2342 1918 enim
2374 1860 2645 1917 diabolica
2683 1872 2769 1917 est
2807 1860 3069 1932 cogitatio
3107 1876 3230 1931 qua:
3258 1876 3371 1916 non

1791 1968 2065 2037 permittit
2103 1974 2165 2024 ut
2208 1968 2527 2024 thesaurum
2572 1964 2879 2030 videamus,
2919 1980 2990 2019 ne
3023 1963 3246 2021 divitias
3277 1978 3371 2019 ac-

1792 2075 2098 2145 quiramus.
2120 2075 2248 2131 Ideo
2272 2073 2412 2131 nihil
2438 2088 2559 2129 esse
2582 2072 2718 2128 dicit
2745 2070 2936 2127 audire
2959 2071 3178 2126 divinas
3199 2070 3374 2142 leges.

1761 2162 1766 2169 ’
1792 2199 1863 2239 ne
1892 2199 1960 2238 ex
1990 2181 2183 2239 auditu
2211 2197 2314 2237 nos
2345 2180 2412 2236 ad
2436 2180 2695 2236 effectum
2719 2195 2835 2235 rem
2858 2178 3134 2234 deducere
3163 2177 3371 2234 videat.

1796 2292 2043 2347 Scientes
2067 2291 2254 2362 igitur,
2288 2290 2431 2345 hanc
2454 2290 2574 2360 ejus
2592 2302 2715 2344 esse
2748 2285 3144 2358 nequissimam
3172 2290 3374 2351 artem,

1796 2402 2040 2473 undique
2078 2417 2181 2457 nos
2218 2401 2553 2462 muniamus,
2585 2408 2644 2453 ut
2674 2398 2762 2452 his
2802 2396 2972 2452 armis
3009 2394 3286 2460 instructi,
3316 2404 3377 2450 et

1796 2525 1897 2565 nos
1914 2508 2099 2564 invicti
2122 2522 2440 2562 maneamus
2455 2505 2683 2575 ejusque
2703 2511 2867 2574 caput
2882 2501 3166 2566 feriamus,
3182 2501 3373 2571 sicque

1792 2617 2037 2673 victoriae
2077 2614 2386 2687 insignibus
2422 2612 2695 2675 coronati,
2748 2611 2935 2664 futura
2965 2622 3375 2678 consequamur

1796 2722 1969 2788 bona,
2020 2721 2193 2794 gratia
2250 2728 2306 2776 et
2352 2718 2691 2789 benignitate
2744 2714 2962 2770 Domini
3015 2712 3195 2769 nostri
3242 2711 3376 2768 Jesu

1794 2827 2037 2893 Christi,
2076 2828 2167 2883 cui
2197 2825 2372 2898 gloria
2399 2832 2455 2880 et
2489 2822 2778 2894 imperium
2818 2822 2875 2879 in
2911 2820 3113 2877 saecula
3150 2819 3382 2877 saculo-

1802 2952 1949 2992 rum.
1984 2934 2176 2990 Amen.

153 3403 3381 3430 WM

1514 3643 1857 3707 HOMILIA
1903 3643 2012 3705 ΙΙΙ.

152 3930 260 3988 (Συ.
310 3931 353 3997 1,
401 3948 458 3986 v.
494 3930 551 3984 1.
589 3928 741 3983 Liber
784 3928 1139 4000 generationis
1184 3924 1311 3979 Jesu
1352 3922 1571 3987 Christi,
1621 3920 1721 3989 ﬁlii

611 4035 803 4100 David,
840 4033 945 4103 ﬁlii
970 4033 1262 4089 Abraham.

218 4248 263 4300 Ι.
292 4246 400 4301 Cur
450 4246 702 4317 Iosephi,
751 4260 856 4298 non
894 4242 1080 4297 Maria:
1122 4240 1432 4313 genealogia
1470 4241 1719 4294 ducatur.

155 4357 357 4411 —L‘cce
402 4357 519 4427 jam
569 4352 790 4408 tertiam
834 4350 1319 4414 dissertationem,
1365 4359 1421 4405 et
1458 4347 1724 4418 prooemia

156 4462 373 4516 nondum
422 4460 787 4516 absolvimus.
842 4455 966 4512 Non
1019 4469 1151 4527 ergo
1197 4453 1402 4510 frustra
1450 4453 1722 4518 dicebam,

156 4569 431 4623 admodum
497 4563 831 4636 profundam
886 4577 1011 4619 esse
1064 4561 1263 4617 harum
1323 4560 1723 4617 sententiarum

155 4684 405 4729 naturam.
459 4677 577 4744 Age
626 4672 792 4728 hodie
835 4685 958 4741 qua:
1008 4669 1227 4725 residua
1280 4676 1411 4724 sunt
1456 4666 1722 4723 dicamus.

157 4778 275 4843 Quid
304 4797 438 4850 ergo
465 4781 580 4849 jam
618 4775 961 4848 quaerimus?
991 4774 1105 4831 Cur
1151 4773 1377 4843 Josephi
1409 4772 1726 4844 genealogia

160 4886 387 4949 ducatur,
422 4887 522 4957 qui
557 4885 698 4940 nihil
741 4884 807 4939 ad
850 4882 1262 4953 generationem
1311 4878 1581 4936 contulit?
1607 4878 1727 4934 Jam

160 5008 296 5046 suam
329 5009 558 5049 causam
584 4992 825 5045 diximus
854 5007 866 5042 :
898 5003 1079 5059 Operae
1102 4986 1342 5057 pretium
1370 4994 1455 5041 est
1480 4993 1541 5040 ut
1566 4984 1726 5040 aliam

162 5095 399 5159 dicamus,
450 5096 634 5167 magis
684 5096 970 5166 mysticam
1022 5103 1080 5148 et
1135 5108 1415 5148 arcanam.
1470 5090 1728 5159 Quaenam

162 5201 233 5253 illa
270 5204 387 5257 est?
430 5202 676 5257 Nolebat
720 5200 932 5255 Iudaeis
980 5206 1173 5254 notum
1207 5213 1331 5255 esse
1376 5198 1496 5268 ipso
1541 5205 1731 5268 partus

174 5315 392 5378 tempore
427 5325 497 5364 ex
526 5306 756 5379 Virgine
780 5306 933 5361 nasci
959 5304 1259 5361 Christum.
1293 5304 1401 5359 Sed
1436 5320 1506 5359 ne
1541 5303 1731 5359 turbe-

168 5415 272 5466 mini
291 5415 357 5469 de
383 5416 762 5483 inexspectata
786 5410 1167 5480 responsione.
1191 5410 1381 5480 Neque
1400 5410 1547 5465 enim
1572 5425 1728 5465 meus

170 5517 237 5571 hic
260 5529 338 5573 est
375 5533 581 5581 sermo,
614 5516 710 5572 sed
748 5524 967 5586 patrum
1006 5523 1323 5570 nostrorum
1370 5514 1722 5571 admirando-

172 5639 265 5677 mm
312 5626 730 5697 insigniumque
765 5623 1036 5677 virorum.
1069 5621 1127 5677 Si
1181 5621 1329 5677 enim
1366 5623 1538 5679 multa
1592 5623 1725 5678 sub-

1822 3920 2054 3975 obscure
2083 3918 2153 3974 ab
2179 3917 2337 3972 initio
2366 3918 2628 3987 loquutus
2655 3924 2762 3982 est,
2787 3916 2987 3972 Filium
3011 3918 3255 3971 hominis
3275 3930 3399 3974 sese

1819 4039 2044 4087 vocans,
2072 4038 2177 4079 nec
2208 4022 2414 4092 ubique
2463 4034 2617 4076 suam
2663 4034 2791 4074 cum
2830 4020 2990 4075 Patre
3032 4021 3399 4091 aequalitatem

1821 4132 1967 4189 clare
2017 4131 2287 4197 revelans,
2325 4129 2459 4201 quid
2492 4129 2711 4184 miraris
2759 4128 2805 4185 si
2855 4128 2963 4184 hoc
3007 4129 3171 4184 etiam
3209 4128 3376 4185 adum

1822 4238 2022 4305 bravit,
2054 4253 2249 4309 magna
2280 4237 2515 4307 quadam
2550 4246 2608 4292 et
2633 4236 2873 4292 mirabili
2900 4252 3034 4292 usus
3062 4237 3404 4293 mconomia?

1823 4343 2035 4415 Ecquid
2061 4343 2151 4398 hic
2172 4341 2462 4397 mirabile?
2486 4341 2805 4412 inquies.Ut
2831 4350 3076 4397 servaret
3102 4341 3402 4414 Virginem,

1822 4459 1879 4509 et
1902 4467 1933 4507 a
1967 4466 2133 4523 prava
2164 4449 2476 4520 suspicione
2511 4448 2793 4505 liberaret.
2821 4448 2878 4505 Si
2906 4450 3055 4506 enim
3082 4451 3199 4506 haec
3227 4450 3403 4507 Judasi

1824 4558 1893 4614 ab
1944 4558 2105 4614 initio
2155 4556 2464 4620 audissent,
2511 4555 2753 4627 maligne
2804 4572 2921 4612 rem
2971 4557 3405 4624 interpretantes

1824 4663 2105 4736 Virginem
2134 4663 2487 4733 lapidassent,
2514 4671 2677 4734 atque
2708 4672 2767 4718 ut
2809 4662 3116 4719 adulteram
3145 4664 3404 4720 damnas-

1825 4777 1968 4825 sent.
2001 4769 2136 4823 Nam
2186 4769 2231 4824 si
2279 4769 2336 4823 in
2384 4767 2528 4834 aliis,
2560 4783 2795 4839 quorum
2825 4769 2993 4825 etiam
3020 4770 3267 4842 exempla
3304 4770 3423 4831 has

1826 4878 2032 4934 hebant
2058 4879 2114 4933 in
2142 4878 2326 4935 Veteri
2357 4876 2729 4947 Testamento,
2762 4879 3111 4951 impudenter
3138 4881 3314 4951 palam
3345 4896 3404 4938 se

1828 4985 2094 5056 gerebant
2128 5003 2141 5039 :
2170 4984 2215 5040 si
2244 4985 2466 5056 quando
2490 4986 2768 5042 daemonas
2795 4987 2977 5058 ejecit,
3008 4987 3405 5045 dmmoniacum

1830 5092 2121 5157 vocabant,
2156 5093 2200 5147 si
2229 5093 2357 5163 quia
2386 5092 2442 5147 in
2471 5092 2700 5148 sabbato
2734 5093 2968 5158 curavit,
3007 5093 3121 5149 Deo
3147 5093 3405 5151 adversa-

1838 5195 1983 5251 rium
2013 5196 2302 5267 putabant,
2326 5198 2543 5253 etiamsi
2571 5208 2733 5253 antea
2762 5196 3051 5253 sabbatum
3084 5214 3229 5270 saepe
3242 5199 3401 5254 Solu~

1836 5312 1955 5360 tum
1990 5304 2228 5360 fuisset:
2257 5304 2389 5375 quid
2435 5322 2543 5360 non
2576 5304 2777 5360 dicturi
2811 5314 2989 5372 erant,
3022 5306 3129 5363 hoc
3174 5307 3404 5362 audien-

1836 5412 1956 5467 tes?
1982 5412 2197 5467 Etenim
2225 5427 2325 5483 pro
2366 5412 2501 5483 ipsis
2528 5422 2825 5484 pugnasset
2858 5422 3033 5468 totum
3065 5417 3405 5485 praeteritum

1832 5528 2071 5590 tempus,
2096 5520 2188 5575 ubi
2216 5534 2512 5589 numquam
2541 5520 2675 5590 quid
2703 5520 2880 5576 simile
2901 5530 3115 5593 gestum
3138 5522 3331 5577 fuerat.
3351 5515 3410 5579 Si

1835 5641 2070 5696 namque
2101 5635 2225 5696 post
2254 5634 2331 5682 tot
2361 5626 2514 5699 signa
2544 5628 2703 5683 illum
2754 5626 2937 5683 adhuc
2986 5627 3204 5701 Iosephi
3237 5627 3413 5684 filium
3472 5660 3485 5671 κ
