3832 6178
392 187 464 241 55
1106 200 1162 256 s.
1193 199 1470 260 JOANNIS
1507 200 1980 260 CHRYSOSTOMI
2017 167 2342 260 saeuum}
2377 203 2906 265 CONSTANTINOP.
3603 205 3666 264 st

395 297 755 370 appellabant,
784 299 1051 369 quomodo
1092 309 1215 356 ante
1253 302 1343 356 illa
1387 304 1533 375 signa
1563 306 1734 376 ipsum
1765 322 1827 363 ex
1864 307 1982 364 Vir-

390 392 512 461 gine
543 400 724 448 natum
751 392 1106 450 credidissent
1134 395 1157 450 ?
1199 394 1323 453 Ideo
1367 397 1546 469 itaque
1585 399 1703 468 ejus
1730 402 1981 472 geneato-

391 484 475 554 gia
513 483 756 552 ducitur,
785 484 1162 558 Virginemque
1208 488 1516 559 desponsat.
1563 489 1787 561 Quando
1837 495 1980 550 enim

391 573 610 645 Joseph,
656 576 738 630 vir
779 575 952 647 justus
981 587 1036 634 et
1077 579 1460 648 admirandus,
1511 582 1691 639 multis
1719 575 1855 654 opus
1886 586 1980 642 ha-

393 669 526 736 buit,
556 680 612 724 ttt
640 670 781 740 quod
810 682 1015 741 gestum
1057 683 1174 730 erat
1202 674 1482 741 edisceret,
1512 677 1734 747 angelo,
1773 680 1980 738 visione

391 775 488 829 per
516 777 762 817 somnum
793 805 809 830 ,
841 773 896 819 et
928 767 1305 835 prophetarum
1335 769 1672 836 testimonio;
1711 773 1980 841 quomodo

390 852 556 908 Juduri
585 855 822 924 perversi
855 868 911 912 et
947 858 1204 929 corrupti,
1227 868 1282 915 et
1311 860 1387 916 illi
1416 859 1634 929 infensi,
1663 861 1800 920 hanc
1821 879 1977 921 exce-

387 948 591 1016 pissent
639 948 989 1018 opinionem?
1040 950 1340 1008 Admodum
1383 953 1525 1009 euim
1571 953 1691 1010 illos
1737 970 1825 1012 res
1870 965 1978 1013 tam

395 1061 528 1101 nova
555 1087 570 1112 ,
595 1054 703 1101 tam
734 1038 1090 1114 inexSpectata
1135 1044 1507 1114 perturbatura
1537 1059 1651 1104 erat
1670 1091 1685 1114 ,
1729 1064 1794 1107 eo
1837 1051 1978 1119 quod

390 1138 786 1208 progenitorum
827 1151 1045 1192 suorum
1091 1151 1206 1191 aevo
1255 1136 1388 1191 nihil
1418 1137 1718 1208 hujusmodi
1771 1151 1978 1212 gestmn

389 1245 638 1299 umquam
669 1229 873 1284 fuisset.
901 1228 1110 1284 Etenim
1133 1229 1221 1298 qui
1246 1229 1414 1284 semel
1437 1230 1662 1286 credidit
1690 1232 1838 1288 illum
1861 1248 1980 1289 esse

389 1322 482 1376 Dei
506 1321 720 1386 Filium,
745 1321 873 1375 nihil
902 1321 1002 1376 hac
1025 1320 1092 1376 de
1119 1336 1178 1376 re
1199 1322 1468 1392 ambigere
1487 1321 1670 1378 debuit
1694 1343 1706 1378 :
1735 1324 1826 1394 qui
1852 1339 1982 1380 vero

389 1413 537 1467 illum
584 1412 924 1467 seductorem
951 1423 1004 1467 et
1048 1412 1156 1468 Deo
1199 1413 1565 1468 adversarium
1611 1395 1978 1482 existimaret,

387 1505 656 1574 quomodo
699 1518 804 1559 non
839 1505 937 1558 hac
981 1503 1049 1559 de
1085 1518 1144 1559 re
1172 1505 1340 1574 magis
1383 1503 1776 1571 offenderetur,
1806 1508 1894 1576 qui
1926 1507 1979 1562 in

388 1597 532 1650 illam
565 1612 668 1650 non
699 1596 1052 1651 deduceretur
1093 1596 1398 1665 opinionem
1425 1598 1447 1651 ?
1476 1595 1707 1668 Ideoque
1754 1599 1984 1670 apostoli

390 1689 493 1745 hoc
519 1689 695 1744 statim
726 1689 793 1743 ab
817 1689 964 1743 initio
991 1703 1096 1744 non
1118 1688 1335 1753 dicunt,
1367 1690 1461 1745 sed
1495 1689 1564 1746 de
1589 1692 1980 1749 resurrectione

389 1783 553 1836 multa
592 1797 735 1853 saepe
781 1782 1086 1849 disserunt,
1139 1783 1292 1852 cujus
1329 1783 1440 1853 jam
1479 1786 1725 1855 exempla
1756 1783 1981 1842 fuerant

391 1876 673 1944 prmteritis
726 1876 1083 1946 temporibus,
1131 1877 1229 1932 etsi
1261 1893 1367 1932 non
1397 1876 1522 1933 huic
1571 1878 1762 1933 similia
1796 1899 1806 1934 :
1839 1881 1978 1950 quod

391 1978 568 2025 autem
591 1969 658 2025 de
673 1968 891 2040 Virgine
917 1978 1071 2024 natus
1100 1970 1188 2035 sit,
1214 1984 1320 2025 non
1343 1969 1412 2024 ita
1436 1970 1738 2042 frequenter
1763 1971 1978 2038 dicunt;

391 2061 486 2116 sed
531 2077 704 2132 neque
751 2069 921 2117 mater
945 2060 998 2115 id
1023 2069 1103 2114 est
1133 2075 1258 2114 ausa
1288 2061 1546 2130 proferre.
1580 2062 1713 2119 Vide
1755 2080 1982 2134 namque

391 2152 518 2223 quid
545 2153 622 2208 illi
652 2152 810 2224 Virgo
838 2153 979 2208 dicat
1009 2173 1021 2208 :
1055 2150 1188 2207 Ecce
1227 2169 1318 2224 ego
1345 2164 1392 2208 et
1419 2164 1562 2224 pater
1585 2165 1700 2208 tuus
1725 2157 1984 2226 «μαγεύο-

391 2264 505 2302 mus
533 2245 773 2316 te(Luc.
801 2245 856 2301 2.
885 2245 1012 2314 48).
1063 2245 1195 2300 Nam
1245 2246 1289 2300 si
1337 2246 1466 2300 illud
1523 2247 1576 2302 itt
1622 2248 1980 2318 suspicionem

392 2339 662 2405 venisset,
717 2353 891 2409 neque
941 2337 1153 2394 Davidis
1182 2336 1398 2393 demum
1444 2338 1578 2393 filius
1604 2354 1721 2396 esse
1749 2341 1982 2397 creditus

393 2433 610 2487 fuisset:
635 2433 732 2487 hac
773 2445 930 2500 porro
959 2431 1162 2488 sublata
1205 2431 1486 2500 opinione,
1517 2431 1678 2486 multa
1718 2434 1819 2488 alia
1851 2435 1982 2489 sub-

393 2527 594 2580 oritura
640 2523 778 2580 mala
820 2531 994 2578 erant.
1021 2523 1307 2595 Propterea
1339 2540 1405 2579 ne
1432 2524 1529 2594 ipsi
1562 2525 1775 2594 quidem
1805 2525 1980 2596 angeli

397 2615 530 2670 illud
570 2613 779 2680 dicunt,
826 2613 930 2668 nisi
970 2613 1154 2670 Mariae
1191 2623 1402 2670 tantum
1439 2625 1492 2670 et
1535 2613 1805 2685 Josepho;
1849 2631 1976 2671 cum

395 2723 525 2760 vero
561 2707 875 2776 pastoribus
915 2704 1094 2762 fausta
1148 2708 1482 2774 nuntiarent,
1531 2708 1582 2762 id
1629 2709 1852 2765 minime
1890 2709 1980 2763 ad-

394 2798 694 2868 jecerunt-
729 2798 842 2853 Cur
897 2798 1174 2854 Abraham
1236 2811 1582 2865 memorato,
1625 2816 1749 2856 cum
1804 2801 1976 2858 dixis-

397 2900 500 2953 set,
540 2890 728 2962 genuit
762 2892 933 2956 Isaae,
963 2899 1017 2946 et
1049 2892 1206 2948 Isaac
1234 2891 1426 2959 Jacob,
1461 2910 1561 2949 nec
1595 2894 1817 2951 fratrem
1841 2897 1858 2927 ¹
1881 2895 1975 2952 Ja-

397 2982 520 3037 cobi
544 2984 902 3049 nominasset,
936 3000 1063 3039 cum
1109 2986 1176 3040 ad
1199 2985 1466 3042 Jacobum
1503 2996 1692 3056 postea
1729 2989 1892 3054 venit,
1925 2997 1979 3043 et

395 3069 590 3126 ludam
613 3082 665 3128 et
687 3075 885 3132 fratres
904 3077 1023 3146 ejus
1046 3075 1484 3132 commemorat?

463 3244 520 3300 2.
559 3243 786 3313 Quidam
832 3242 1044 3303 dicunt,
1086 3237 1139 3293 id
1189 3235 1260 3292 ob
1302 3248 1497 3306 pravos
1539 3232 1681 3288 Esau
1711 3244 1888 3286 mores
1934 3235 1992 3284 et

396 3335 626 3393 aliorum
674 3333 910 3404 priorum
957 3329 1156 3386 factum
1186 3342 1328 3384 esse.
1378 3326 1492 3398 Ego
1538 3339 1668 3381 vero
1722 3322 1851 3380 illud
1880 3338 1986 3378 non

392 3424 619 3481 dixerim
649 3441 663 3477 :
695 3439 816 3479 nam
844 3423 888 3478 si
917 3421 1017 3477 hoc
1042 3429 1207 3485 esset,
1236 3434 1332 3475 cur
1362 3418 1495 3474 tales
1519 3416 1677 3488 paulo
1716 3425 1834 3487 post
1864 3430 1985 3470 mu-

393 3517 552 3574 lieres
573 3514 994 3573 commemorat?
1033 3513 1163 3568 Nam
1185 3511 1350 3584 gloria
1374 3510 1489 3580 ejus
1511 3509 1597 3564 hic
1618 3525 1683 3564 ex
1704 3507 1987 3563 contrariis

391 3609 644 3665 eluccscit
669 3627 682 3639 ο
714 3624 820 3664 ιιοη
845 3623 911 3662 ex
940 3621 1006 3662 eo
1035 3605 1177 3676 quod
1207 3619 1427 3674 magnos
1454 3601 1648 3657 habeat
1678 3600 1984 3672 progenito-

393 3715 514 3768 res,
547 3700 642 3756 sed
684 3701 857 3770 potius
899 3700 1120 3770 exiguos
1148 3708 1202 3754 et
1232 3697 1380 3753 viles.
1419 3695 1645 3752 Sublimi
1687 3696 1830 3751 enim
1869 3694 1987 3750 iure

393 3807 581 3865 magna
624 3794 793 3864 gloria
823 3801 943 3859 est,
990 3792 1034 3848 si
1081 3792 1250 3862 possit
1298 3791 1564 3846 demissus
1593 3789 1878 3846 admodum
1930 3799 1986 3844 et

391 3885 515 3941 vilis
540 3898 800 3957 apparere
833 3904 845 3940 :
880 3899 977 3940 cur
1001 3884 1184 3954 itaque
1210 3897 1314 3938 non
1343 3881 1825 3938 commemoravit?
1850 3880 1984 3950 Quia

391 3977 526 4035 nihil
552 3992 838 4033 cmnmune
867 3977 1136 4032 habebant
1162 3975 1239 4031 illi
1275 3990 1396 4031 cum
1434 3975 1723 4031 Israelitico
1745 3989 1940 4046 genere
1966 4014 1982 4041 ,

390 4084 582 4138 nempe
609 4067 902 4136 Saraceni,
935 4067 1216 4124 lsmaelita:
1264 4076 1319 4124 et
1355 4066 1595 4132 Arabes,
1628 4076 1683 4123 et
1725 4075 1985 4138 quotquot

387 4158 582 4215 abillis
607 4159 901 4230 majoribus
930 4160 1033 4215 orti
1063 4168 1209 4214 sunt.
1231 4158 1462 4230 Ideoque
1493 4159 1598 4214 illis
1625 4159 1839 4215 silentio
1855 4159 1956 4238 mis

386 4253 462 4307 sis
479 4295 493 4319 ,
523 4252 590 4308 ad
617 4252 734 4323 ejus
759 4262 816 4308 et
842 4251 1050 4310 Judaici
1077 4252 1258 4323 populi
1283 4250 1514 4322 majores
1539 4261 1808 4323 properat.
1854 4251 1980 4308 Ideo

386 4344 458 4398 ait
492 4363 505 4399 :
545 4342 707 4399 Jacob
734 4355 902 4402 autem
948 4347 1121 4418 genuit
1165 4344 1362 4399 ludam
1401 4354 1448 4399 et
1472 4343 1656 4415 fratres
1701 4345 1831 4415 ejus.
1881 4342 1981 4401 llic

383 4434 492 4504 jam
520 4434 824 4492 Iudaeorum
853 4437 1162 4509 designatur
1199 4438 1447 4508 populus.
1491 4437 1660 4494 ludas
1690 4446 1856 4494 autem
1892 4455 1982 4511 ge-

387 4526 496 4581 nuit
520 4525 720 4582 Phares
757 4538 803 4584 et
831 4529 1018 4584 Zaram
1043 4529 1107 4584 de
1134 4528 1382 4585 Thamar.

452 4716 532 4771 De
573 4719 826 4788 majorum
874 4717 1096 4788 nequitia
1142 4733 1241 4770 non
1286 4715 1695 4771 erubescendum.
1725 4746 1797 4757 —
1832 4717 1972 4786 Quid

377 4808 542 4874 facis,
571 4813 640 4866 mi
676 4813 875 4874 homo,
916 4811 1041 4864 dum
1070 4809 1345 4864 historiam
1389 4809 1548 4865 affers
1586 4811 1812 4882 improbi
1859 4812 1972 4866 coi-

377 4911 462 4956 tus
485 4903 508 4955 ?
532 4898 674 4967 Quid
702 4896 876 4955 dicis?
906 4898 1102 4970 inquit.
1129 4901 1287 4958 Certe
1307 4902 1351 4956 si
1397 4902 1519 4958 nudi
1548 4903 1778 4960 hominis
1803 4919 1971 4975 genus

376 5009 781 5060 enarraremus,
823 4996 945 5066 jure
989 4994 1109 5066 quis
1144 4993 1259 5050 haec
1304 4995 1581 5060 tacuisset;
1613 4997 1656 5052 si
1683 5007 1858 5052 autem
1888 4999 1971 5054 in-

377 5089 578 5162 carnali
603 5088 698 5144 Dei
718 5129 732 5153 ,
754 5105 862 5145 non
904 5088 1068 5145 modo
1098 5088 1211 5144 haec
1235 5105 1339 5143 non
1373 5088 1594 5145 tacenda
1618 5130 1635 5158 ,
1685 5090 1780 5147 sed
1805 5092 1966 5148 etiam

378 5179 1046 5252 magnifice-expromenda
1076 5191 1224 5251 sunt,
1248 5192 1305 5238 ut
1331 5183 1448 5254 ejus
1477 5192 1532 5239 et
1561 5185 1892 5254 providentia
1914 5196 1968 5244 et

378 5283 613 5344 potestas
640 5276 981 5332 ostendatur.
1015 5278 1138 5333 Ideo
1182 5293 1411 5350 namque
1441 5277 1620 5345 venit,
1651 5294 1757 5336 non
1788 5290 1846 5336 ut
1869 5295 1968 5350 op-

378 5365 590 5435 probria
640 5375 823 5425 nostra
868 5368 1070 5440 fugiat;
1119 5371 1212 5427 sed
1259 5379 1317 5426 ut
1359 5371 1448 5428 illa
1474 5371 1543 5429 de
1584 5372 1764 5430 medio
1793 5355 1989 5431 tollat.

454 5555 469 5585 ¹
505 5553 643 5605 savii.
667 5554 806 5622 legit,
838 5558 1040 5610 Domini.

2083 305 2232 361 Sicut
2259 321 2366 361 non
2394 313 2500 360 tam
2531 307 2888 369 admiramur,
2919 306 3060 377 quod
3090 316 3335 365 mortuus
3363 309 3470 375 sit,
3512 325 3668 380 quam

2082 395 2223 466 quod
2250 397 2565 461 crucifixus;
2591 397 2712 452 licet
2735 412 2820 452 res
2848 399 3102 467 probrosa
3133 399 3201 453 sit
3226 418 3238 454 :
3270 399 3365 456 sed
3400 416 3508 472 quo
3555 416 3673 470 pro-

2083 487 2324 554 brosior,
2385 497 2532 544 tanto
2581 489 2749 558 magis
2800 489 2915 557 ejus
2968 505 3091 560 erga
3138 490 3383 546 homines
3431 508 3668 549 amorem

2078 577 2346 634 exhibet:
2392 578 2469 634 sic
2515 577 2583 633 de
2636 579 2979 648 generatione
3027 577 3144 647 ejus
3186 578 3518 637 dicendum:
3567 597 3668 637 non

2083 671 2243 727 modo
2269 670 2410 742 quod
2438 685 2656 727 carnem
2677 671 2978 740 susceperit
3011 671 3356 727 admirandus
3402 681 3485 728 est
3510 689 3525 737 ;
3578 675 3669 729 sed

2081 763 2244 820 etiam
2272 763 2414 832 quod
2443 762 2576 819 tales
2603 761 2801 818 habere
2827 773 3082 834 cognatos
3109 763 3356 834 dignatus
3405 765 3506 829 sit,
3547 779 3674 821 nus-

2079 875 2237 928 quam
2275 859 2343 915 de
2381 858 2535 914 malis
2557 858 2754 914 nostris
2779 859 3043 929 susceptis
3066 858 3407 915 erubescens.
3435 857 3672 928 llludque

2079 968 2142 1007 ex
2177 953 2292 1024 ipso
2328 951 2690 1023 generationis
2719 950 2941 1007 exordio
2973 952 3315 1020 praedicavit,
3344 967 3404 1008 se
3431 952 3498 1007 de
3523 952 3672 1007 nullo

2077 1045 2219 1113 quod
2245 1044 2312 1100 ad
2340 1059 2437 1100 uos
2463 1045 2726 1114 pertineat
2769 1046 3089 1100 erubescere
3114 1063 3128 1100 :
3156 1060 3250 1115 per
3275 1044 3389 1100 ha-c
3417 1061 3512 1100 nos
3540 1047 3673 1101 cdo.

2076 1152 2242 1203 cens,
2286 1151 2352 1191 ne
2379 1151 2630 1206 umquam
2668 1135 2737 1191 de
2780 1152 3038 1207 majorum
3085 1147 3389 1192 nostrorum
3435 1139 3668 1207 nequitia

2075 1231 2488 1293 erubescamus;
2535 1228 2629 1284 sed
2661 1243 2819 1282 unam
2861 1229 3035 1283 solum
3060 1245 3361 1299 quaeramus
3395 1229 3667 1284 virtutem.

2074 1322 2208 1378 Nam
2232 1325 2319 1394 qui
2348 1323 2500 1378 illaut
2523 1330 2776 1387 sectatur,
2801 1322 3008 1376 etiamsi
3038 1321 3391 1392 alienigenam
3423 1322 3671 1392 progeni-

2077 1429 2247 1470 torem
2274 1414 2486 1479 habeat,
2511 1413 2722 1469 etiamsi
2773 1421 2999 1467 matrem
3053 1413 3409 1476 meretricem,
3449 1413 3533 1467 vel
3563 1413 3670 1467 alio

2077 1509 2238 1564 modo
2267 1507 2687 1578 despiciendam,
2718 1505 2850 1561 nihil
2888 1504 3015 1560 hinc
3059 1503 3364 1560 noeumenti
3412 1519 3670 1574 passurus

2074 1612 2178 1659 est.
2209 1601 2342 1658 Nam
2371 1601 2416 1656 si
2446 1599 2843 1664 fornicatorem,
2874 1597 2965 1668 qui
2993 1597 3297 1666 resipuerit,
3343 1596 3491 1652 nullo
3521 1596 3670 1666 prior

2075 1697 2180 1752 vita
2203 1695 2466 1751 dedecore
2481 1693 2648 1748 afficit
2681 1710 2694 1746 :
2725 1690 2894 1746 multo
2915 1690 3088 1745 minus
3108 1691 3188 1745 vir
3208 1690 3425 1760 probus,
3455 1705 3520 1744 ex
3549 1705 3668 1746 me-

2074 1790 2269 1846 retrice
2291 1788 2372 1843 vel
2399 1787 2638 1842 adultera
2657 1793 2830 1851 natus,
2853 1791 3134 1853 parentum
3152 1781 3489 1852 improbitate
3509 1781 3672 1836 deho-

2075 1880 2388 1937 nestabitur.
2436 1877 2525 1934 Sic
2568 1890 2726 1945 porro
2747 1890 2806 1930 se
2833 1873 3072 1944 gerebat,
3101 1888 3205 1929 non
3255 1882 3458 1928 tantum
3487 1882 3544 1927 ut
3567 1888 3670 1928 nos

2073 1975 2390 2039 institueret,
2421 1971 2513 2027 sed
2531 1971 2691 2027 etiam
2709 1978 2769 2024 ut
2788 1967 3092 2025 Judtcorum
3113 1975 3373 2022 tumorem
3396 1967 3670 2037 deprime-

2072 2075 2174 2123 ret.
2191 2066 2323 2135 Quia
2352 2063 2494 2120 enim
2537 2060 2701 2116 animi
2741 2059 2938 2115 virtute
2967 2057 3206 2129 neglecta
3241 2099 3256 2123 ,
3303 2057 3668 2114 Abrahamum

2073 2173 2288 2228 semper
2316 2170 2410 2210 ore
2452 2151 2730 2219 ferebant,
2769 2158 3022 2222 putantes
3047 2163 3363 2220 proavorum
3415 2150 3668 2205 virtutem

2073 2249 2368 2307 defensioni
2398 2247 2499 2302 sibi
2527 2259 2666 2312 esse,
2689 2244 2757 2299 ab
2779 2244 2894 2313 ipso
2920 2242 3072 2298 initio
3095 2241 3346 2306 ostendit,
3370 2241 3492 2298 hinc
3509 2243 3672 2297 mini-

2074 2362 2159 2403 tne
2177 2345 2400 2417 gloriam
2425 2340 2675 2410 aucupari
2699 2347 2948 2408 oportere
2970 2377 2985 2404 ,
3025 2335 3120 2392 sed
3157 2335 3227 2391 de
3250 2337 3479 2407 propriis
3519 2347 3672 2392 recte

2073 2439 2244 2495 factis.
2267 2435 2529 2494 Posthtec
2553 2431 2680 2488 illud
2706 2445 2919 2502 queque
2941 2429 3068 2500 agit,
3101 2437 3160 2484 ut
3200 2429 3446 2484 ostendat
3475 2444 3671 2486 omnes

2073 2530 2303 2604 peccatis
2323 2527 2583 2584 obnoxios
2604 2522 2790 2588 fuisse,
2814 2523 3080 2592 etiamque
3104 2534 3329 2592 proavos
3350 2521 3512 2592 ipsos.
3530 2522 3665 2578 Nam

2071 2625 2184 2695 ipse
2207 2618 2530 2694 patriarcha,
2550 2617 2640 2687 qui
2662 2629 2854 2670 nomen
2875 2614 3063 2668 indidit
3079 2613 3244 2685 genti,
3265 2629 3368 2668 non
3393 2614 3666 2668 modicum

2073 2720 2124 2772 in
2155 2722 2436 2788 peccatum
2467 2710 2648 2780 lapsus
2677 2716 2959 2761 narratur:
2984 2715 3090 2759 stat
3117 2704 3260 2761 enim
3288 2704 3522 2760 Thamar
3547 2704 3670 2775 ejus

2072 2809 2477 2868 fornicationem
2504 2815 2762 2858 accusans
2786 2816 2801 2866 ;
2833 2797 2996 2854 David
3044 2814 3255 2870 quoque
3280 2813 3344 2853 ex
3368 2798 3668 2854 adulterata

2071 2903 2296 2960 muliere
2315 2899 2655 2954 Salomonem
2675 2889 2929 2960 suscepit.
2947 2889 3003 2944 Si
3025 2904 3186 2960 porro
3206 2889 3291 2945 lex
3310 2904 3378 2945 ne
3398 2903 3428 2943 a
3455 2890 3668 2960 magnis

2077 2983 2291 3055 quidem
2309 2983 2413 3038 illis
2429 2982 2560 3038 viris
2576 2981 2791 3051 impleta
2818 2989 2920 3042 est,
2942 2980 3112 3034 multo
3129 2979 3304 3034 minus
3333 2980 3400 3032 ab
3423 2979 3673 3045 exiguis;

2078 3075 2120 3129 si
2143 3085 2319 3130 autem
2349 3073 2563 3144 impleta
2588 3088 2694 3127 non
2725 3081 2829 3134 est,
2855 3086 3040 3125 omnes
3068 3078 3441 3138 peccaverunt,
3473 3085 3536 3123 ae
3565 3085 3669 3124 ne-

2079 3165 2345 3220 cessarius
2390 3164 2488 3218 fuit
2515 3162 2712 3218 Christi
2741 3163 3020 3216 adventus.
3054 3161 3338 3230 Propterea
3383 3159 3677 3215 duodecim

2080 3255 2406 3325 patriarchas
2452 3254 2922 3320 commemoravit,
2952 3252 3077 3308 inde
3120 3267 3329 3323 quoque
3354 3252 3678 3323 jactantiam

2080 3349 2223 3403 illam
2264 3347 2334 3404 de
2379 3346 2778 3418 progenitorum
2826 3344 3102 3401 nobilitate
3149 3343 3477 3415 deprimens.
3533 3343 3680 3398 Nam

2079 3440 2268 3494 horum
2293 3439 2442 3495 multi
2469 3454 2536 3494 ex
2566 3437 2775 3493 ancillis
2807 3437 2917 3492 nati
2957 3444 3148 3492 erant:
3179 3447 3233 3490 et
3264 3444 3442 3490 tamen
3473 3450 3685 3505 paren-

2079 3542 2189 3586 tum
2218 3531 2305 3585 illa
2335 3530 2635 3586 diﬂ‘erentia
2662 3527 3018 3583 differentiam
3054 3527 3192 3582 inter
3231 3526 3367 3581 filios
3395 3541 3502 3581 non
3529 3526 3690 3580 intu-

2080 3624 2156 3677 lit.
2180 3621 2379 3678 Omnes
2399 3620 2542 3677 enim
2559 3602 2728 3676 'simul
2754 3627 2909 3674 erant
2937 3628 2989 3674 et
3010 3616 3327 3688 patriarcha:
3350 3626 3406 3672 et
3433 3617 3688 3674 tribuum

2082 3717 2372 3787 principes.
2406 3714 2495 3769 Illa
2517 3713 2714 3783 quippe
2738 3720 2822 3767 est
2851 3709 3104 3765 Ecclesiae
3133 3709 3481 3780 praerogativa
3506 3727 3522 3762 :
3552 3707 3695 3766 haec

2077 3806 2216 3876 apud
2237 3820 2336 3862 nos
2356 3812 2440 3861 est
2465 3802 2754 3859 nobilitatis
2775 3801 3150 3872 dignitatisque
3173 3799 3332 3866 ratio,
3360 3798 3515 3870 cujus
3538 3799 3692 3856 olim

2076 3897 2241 3969 ﬁgura
2269 3895 2560 3968 przecessit.
2591 3893 2666 3949 Ita
2694 3894 2807 3950 sive
2836 3905 3052 3956 servus,
3094 3891 3210 3946 sive
3238 3889 3374 3946 liber
3400 3890 3508 3956 sis,
3533 3889 3696 3946 nihil

2079 3991 2196 4061 plus
2220 4033 2235 4058 ,
2265 3990 2396 4045 nihil
2421 3989 2598 4043 minus
2627 3985 2844 4050 habeas,
2873 3983 2968 4040 sed
2996 3999 3159 4040 unum
3199 3981 3444 4054 estquod
3465 3984 3695 4052 quaeri-

2080 4093 2165 4137 tur
2181 4124 2196 4147 ,
2233 4082 2478 4136 voluntas
2502 4078 2774 4148 animique
2799 4089 3001 4130 mores.

2149 4177 2201 4232 5.
2242 4175 2344 4231 Cur
2367 4173 2505 4229 Zara
2533 4181 2580 4227 et
2607 4172 2805 4227 Phares
2850 4172 2903 4225 in
2941 4169 3233 4241 genealogia
3273 4169 3460 4225 Christi
3504 4173 3694 4226 nomi-

2078 4278 2283 4322 nantur.
2306 4298 2375 4309 —
2395 4267 2598 4322 Prrcter
2619 4279 2680 4320 ea
2703 4279 2823 4334 qua:
2851 4263 2991 4318 dicta
3033 4271 3178 4329 sunt,
3220 4262 3323 4316 alia
3363 4276 3524 4316 causa
3573 4262 3694 4319 fuit

2080 4360 2193 4415 haec
2235 4355 2689 4415 eommemoraudi
2723 4373 2736 4409 :
2766 4369 2938 4424 neque
2980 4353 3122 4408 enim
3168 4353 3286 4408 sine
3337 4367 3496 4407 causa
3546 4366 3693 4423 post

2078 4453 2277 4507 Phares
2302 4450 2513 4505 additus
2538 4455 2698 4504 estet
2723 4446 2880 4501 Zara.
2929 4445 3057 4500 Erat
3096 4444 3239 4498 enim
3285 4443 3605 4500 redundans
3629 4457 3696 4503 ct

2076 4545 2401 4615 superﬂuum
2445 4551 2568 4614 post
2615 4545 3092 4596 commemoratum
3139 4531 3390 4599 Pharetu,
3442 4550 3512 4590 ex
3557 4553 3696 4608 quo

2075 4638 2272 4694 Christi
2304 4638 2320 4669 ¹
2347 4634 2658 4707 genealogia
2686 4632 2916 4694 ducitur,
2949 4630 3103 4684 Zarat
3127 4628 3290 4684 etiam
3308 4628 3485 4683 facere
3512 4645 3714 4686 men‘

2078 4733 2295 4786 tionem.
2317 4727 2424 4784 Cur
2448 4741 2578 4798 ergo
2602 4734 2653 4782 et
2677 4724 2820 4779 hunc
2850 4720 3202 4777 memoravit?
3225 4719 3358 4775 Cum
3385 4719 3484 4774 hos
3521 4723 3698 4789 pari-

2078 4833 2194 4878 tura
2224 4820 2455 4876 Tbamar
2492 4827 2654 4884 esset,
2697 4814 3017 4871 adveniente
3062 4822 3238 4882 partu,
3282 4811 3416 4866 Zara
3460 4811 3700 4882 primus

2078 4929 2292 4968 manum
2321 4911 2500 4967 emisit
2525 4925 2556 4966 e
2585 4908 2739 4963 vulva
2770 4928 2782 4962 :
2816 4905 2918 4961 hoc
2945 4913 3234 4975 conspecto
3277 4902 3542 4958 obstetrix
3568 4946 3587 4969 ,
3629 4917 3701 4962 ut

2078 5005 2168 5059 ille
2197 5004 2342 5074 prior
2369 5009 2702 5065 nasceretur,
2731 4997 2979 5054 coccinea
3007 4993 3170 5050 fascia
3195 5009 3409 5048 manum
3431 4995 3575 5063 ejus
3614 4998 3697 5052 li-

2074 5096 2250 5167 gavit;
2276 5106 2334 5150 ut
2361 5109 2520 5164 porro
2553 5092 2709 5163 ligata
2737 5090 2854 5155 fuit,
2884 5089 3102 5144 retraxit
3126 5101 3261 5157 puer
3289 5099 3529 5150 manum,
3563 5103 3702 5158 quo

2076 5189 2216 5245 facto
2240 5202 2488 5258 egressus
2519 5193 2601 5240 est
2626 5182 2849 5248 Phares,
2891 5189 2947 5235 et
2989 5189 3173 5248 postea
3200 5176 3355 5232 Zara.
3385 5176 3498 5232 lloc
3528 5192 3699 5234 eun-

2077 5288 2261 5348 specto
2289 5273 2546 5334 obstetrix
2575 5274 2648 5330 ait
2670 5290 2685 5329 :
2707 5271 2877 5340 Quare
2905 5277 3110 5341 prapter
3137 5278 3184 5322 te
3221 5267 3385 5322 excisa
3417 5277 3494 5321 est
3525 5285 3702 5341 scpes

2077 5370 2229 5440 (Gen.
2257 5369 2346 5426 38.
2373 5367 2503 5439 aa)?
2529 5365 2713 5424 Viden’
2733 5361 3103 5437 mysteriorum
3130 5358 3450 5430 'vnigmata?
3482 5359 3704 5433 Neque

2152 5560 2168 5589 ι
2197 5552 2343 5604 Savil.
2375 5551 2520 5617 legit,
2551 5552 2754 5604 Domini.
