  <div class='ocr_page' id='page_1' title='image "/cluster/home/n/w/nwhite01/storage/ocr_20150623/57-58/hvd.32044012465811/050.png"; bbox 0 0 3832 6178; ppageno 0'>
   <div class='ocr_carea' id='block_1_1' title="bbox 234 196 1783 270">
    <p class='ocr_par' dir='ltr' id='par_1_1' title="bbox 234 196 1783 256">
     <span class='ocr_line' id='line_1_1' title="bbox 234 196 1783 256; baseline -0.003 0"><span class='ocrx_word' id='word_1_1' title='bbox 234 205 303 256; x_wconf 75' lang='grc'><strong>55</strong></span> <span class='ocrx_word' id='word_1_2' title='bbox 1379 196 1451 253; x_wconf 83' lang='grc' dir='ltr'><strong>ΙΝ</strong></span> <span class='ocrx_word' id='word_1_3' title='bbox 1501 196 1783 253; x_wconf 80' lang='grc' dir='ltr'><strong>ΜΑΤΤΠΑ</strong></span> 
     </span>
    </p>
   </div>
   <div class='ocr_carea' id='block_1_2' title="bbox 1891 196 3470 270">
    <p class='ocr_par' dir='ltr' id='par_1_2' title="bbox 1891 198 3470 270">
     <span class='ocr_line' id='line_1_2' title="bbox 1891 198 3470 270; baseline 0.011 -17"><span class='ocrx_word' id='word_1_4' title='bbox 1891 199 1916 253; x_wconf 72' lang='lat' dir='ltr'><strong>d</strong></span> <span class='ocrx_word' id='word_1_5' title='bbox 1981 198 2212 254; x_wconf 70' lang='lat' dir='ltr'><strong>IIOMIL.</strong></span> <span class='ocrx_word' id='word_1_6' title='bbox 2253 198 2329 253; x_wconf 86' lang='lat' dir='ltr'><strong>Ill.</strong></span> <span class='ocrx_word' id='word_1_7' title='bbox 3403 217 3470 270; x_wconf 66' lang='lat' dir='ltr'><strong>5t}</strong></span> 
     </span>
    </p>
   </div>
   <div class='ocr_carea' id='block_1_3' title="bbox 228 318 1785 391">
    <p class='ocr_par' dir='ltr' id='par_1_3' title="bbox 228 318 1785 391">
     <span class='ocr_line' id='line_1_3' title="bbox 228 318 1785 391; baseline 0.001 -17"><span class='ocrx_word' id='word_1_8' title='bbox 228 322 363 375; x_wconf 86' lang='lat' dir='ltr'><strong>enim</strong></span> <span class='ocrx_word' id='word_1_9' title='bbox 390 318 495 375; x_wconf 76' lang='lat' dir='ltr'><strong>inec</strong></span> <span class='ocrx_word' id='word_1_10' title='bbox 517 319 632 375; x_wconf 86' lang='lat' dir='ltr'><strong>sine</strong></span> <span class='ocrx_word' id='word_1_11' title='bbox 674 333 830 375; x_wconf 88' lang='lat' dir='ltr'><strong>causa</strong></span> <span class='ocrx_word' id='word_1_12' title='bbox 858 319 1053 391; x_wconf 89' lang='lat' dir='ltr'><strong>scripta</strong></span> <span class='ocrx_word' id='word_1_13' title='bbox 1094 318 1249 375; x_wconf 91' lang='lat' dir='ltr'><strong>nobis</strong></span> <span class='ocrx_word' id='word_1_14' title='bbox 1288 318 1436 376; x_wconf 89' lang='lat' dir='ltr'><strong>fuere</strong></span> <span class='ocrx_word' id='word_1_15' title='bbox 1465 338 1479 374; x_wconf 87' lang='lat'>:</span> <span class='ocrx_word' id='word_1_16' title='bbox 1509 337 1681 391; x_wconf 89' lang='lat' dir='ltr'><strong>neque</strong></span> <span class='ocrx_word' id='word_1_17' title='bbox 1722 330 1785 375; x_wconf 81' lang='lat' dir='ltr'><strong>ad</strong></span> 
     </span>
    </p>
   </div>
   <div class='ocr_carea' id='block_1_4' title="bbox 227 411 1785 483">
    <p class='ocr_par' dir='ltr' id='par_1_4' title="bbox 227 411 1785 483">
     <span class='ocr_line' id='line_1_4' title="bbox 227 411 1785 483; baseline 0.001 -17"><span class='ocrx_word' id='word_1_18' title='bbox 227 412 448 467; x_wconf 73' lang='lat' dir='ltr'><strong>historiae</strong></span> <span class='ocrx_word' id='word_1_19' title='bbox 467 411 774 481; x_wconf 87' lang='lat' dir='ltr'><strong>dignitatem</strong></span> <span class='ocrx_word' id='word_1_20' title='bbox 803 413 1105 483; x_wconf 97' lang='lat' dir='ltr'><strong>pertinebat</strong></span> <span class='ocrx_word' id='word_1_21' title='bbox 1132 411 1393 479; x_wconf 87' lang='lat' dir='ltr'><strong>ediscere,</strong></span> <span class='ocrx_word' id='word_1_22' title='bbox 1420 413 1544 482; x_wconf 89' lang='lat' dir='ltr'><strong>quid</strong></span> <span class='ocrx_word' id='word_1_23' title='bbox 1565 413 1785 468; x_wconf 78' lang='lat' dir='ltr'><strong>dixisset</strong></span> 
     </span>
    </p>
   </div>
   <div class='ocr_carea' id='block_1_5' title="bbox 223 504 1785 575">
    <p class='ocr_par' dir='ltr' id='par_1_5' title="bbox 223 504 1785 575">
     <span class='ocr_line' id='line_1_5' title="bbox 223 504 1785 575; baseline 0.001 -18"><span class='ocrx_word' id='word_1_24' title='bbox 223 505 510 559; x_wconf 74' lang='lat' dir='ltr'><strong>obstetrix:</strong></span> <span class='ocrx_word' id='word_1_25' title='bbox 544 520 718 573; x_wconf 90' lang='lat' dir='ltr'><strong>neque</strong></span> <span class='ocrx_word' id='word_1_26' title='bbox 748 504 1073 559; x_wconf 90' lang='lat' dir='ltr'><strong>narrandum</strong></span> <span class='ocrx_word' id='word_1_27' title='bbox 1115 504 1395 560; x_wconf 84' lang='lat' dir='ltr'><strong>videbatur</strong></span> <span class='ocrx_word' id='word_1_28' title='bbox 1441 521 1597 571; x_wconf 90' lang='lat' dir='ltr'><strong>esse,</strong></span> <span class='ocrx_word' id='word_1_29' title='bbox 1647 505 1785 575; x_wconf 88' lang='lat' dir='ltr'><strong>quod</strong></span> 
     </span>
    </p>
   </div>
   <div class='ocr_carea' id='block_1_6' title="bbox 222 594 1783 667">
    <p class='ocr_par' dir='ltr' id='par_1_6' title="bbox 222 594 1783 667">
     <span class='ocr_line' id='line_1_6' title="bbox 222 594 1783 667; baseline 0 -18"><span class='ocrx_word' id='word_1_30' title='bbox 222 610 422 649; x_wconf 83' lang='lat' dir='ltr'><strong>manum</strong></span> <span class='ocrx_word' id='word_1_31' title='bbox 448 595 692 650; x_wconf 83' lang='lat' dir='ltr'><strong>extulerit</strong></span> <span class='ocrx_word' id='word_1_32' title='bbox 713 595 918 666; x_wconf 91' lang='lat' dir='ltr'><strong>primus</strong></span> <span class='ocrx_word' id='word_1_33' title='bbox 947 596 988 649; x_wconf 92' lang='lat' dir='ltr'><strong>is</strong></span> <span class='ocrx_word' id='word_1_34' title='bbox 1018 595 1103 664; x_wconf 87' lang='lat' dir='ltr'><strong>qui</strong></span> <span class='ocrx_word' id='word_1_35' title='bbox 1132 594 1396 650; x_wconf 84' lang='lat' dir='ltr'><strong>secundus</strong></span> <span class='ocrx_word' id='word_1_36' title='bbox 1420 610 1665 667; x_wconf 87' lang='lat' dir='ltr'><strong>egressus</strong></span> <span class='ocrx_word' id='word_1_37' title='bbox 1685 607 1783 650; x_wconf 79' lang='lat' dir='ltr'><strong>est.</strong></span> 
     </span>
    </p>
   </div>
   <div class='ocr_carea' id='block_1_7' title="bbox 168 681 1785 758">
    <p class='ocr_par' dir='ltr' id='par_1_7' title="bbox 168 681 1785 758">
     <span class='ocr_line' id='line_1_7' title="bbox 168 681 1785 758; baseline 0.001 -18"><span class='ocrx_word' id='word_1_38' title='bbox 168 738 181 749; x_wconf 77' lang='grc'><em>,</em></span> <span class='ocrx_word' id='word_1_39' title='bbox 218 686 485 754; x_wconf 81' lang='lat' dir='ltr'><strong>Quodnam</strong></span> <span class='ocrx_word' id='word_1_40' title='bbox 501 687 659 757; x_wconf 81' lang='lat' dir='ltr'><strong>igitur</strong></span> <span class='ocrx_word' id='word_1_41' title='bbox 678 687 779 742; x_wconf 90' lang='lat' dir='ltr'><strong>hoc</strong></span> <span class='ocrx_word' id='word_1_42' title='bbox 798 681 1026 757; x_wconf 59' lang='lat' dir='ltr'><strong>duigma</strong></span> <span class='ocrx_word' id='word_1_43' title='bbox 1041 686 1161 741; x_wconf 87' lang='lat' dir='ltr'><strong>est?</strong></span> <span class='ocrx_word' id='word_1_44' title='bbox 1189 686 1387 754; x_wconf 87' lang='lat' dir='ltr'><strong>Primo,</strong></span> <span class='ocrx_word' id='word_1_45' title='bbox 1404 704 1468 742; x_wconf 91' lang='lat' dir='ltr'><strong>ex</strong></span> <span class='ocrx_word' id='word_1_46' title='bbox 1496 689 1610 758; x_wconf 82' lang='lat' dir='ltr'><strong>ipso</strong></span> <span class='ocrx_word' id='word_1_47' title='bbox 1639 689 1785 758; x_wconf 84' lang='lat' dir='ltr'><strong>pueri</strong></span> 
     </span>
    </p>
   </div>
   <div class='ocr_carea' id='block_1_8' title="bbox 218 778 1786 847">
    <p class='ocr_par' dir='ltr' id='par_1_8' title="bbox 218 778 1786 847">
     <span class='ocr_line' id='line_1_8' title="bbox 218 778 1786 847; baseline 0.003 -15"><span class='ocrx_word' id='word_1_48' title='bbox 218 778 424 833; x_wconf 80' lang='lat' dir='ltr'><strong>nomine</strong></span> <span class='ocrx_word' id='word_1_49' title='bbox 451 779 797 847; x_wconf 74' lang='lat' dir='ltr'><strong>quazstionem</strong></span> <span class='ocrx_word' id='word_1_50' title='bbox 826 779 1087 833; x_wconf 79' lang='lat' dir='ltr'><strong>solvimus</strong></span> <span class='ocrx_word' id='word_1_51' title='bbox 1113 795 1126 831; x_wconf 90' lang='lat'>:</span> <span class='ocrx_word' id='word_1_52' title='bbox 1152 778 1351 834; x_wconf 87' lang='lat' dir='ltr'><strong>Phares</strong></span> <span class='ocrx_word' id='word_1_53' title='bbox 1380 794 1524 834; x_wconf 81' lang='lat' dir='ltr'><strong>enim</strong></span> <span class='ocrx_word' id='word_1_54' title='bbox 1553 791 1634 835; x_wconf 90' lang='lat' dir='ltr'><strong>est</strong></span> <span class='ocrx_word' id='word_1_55' title='bbox 1655 781 1786 836; x_wconf 82' lang='lat' dir='ltr'><strong>divi-</strong></span> 
     </span>
    </p>
   </div>
   <div class='ocr_carea' id='block_1_9' title="bbox 215 870 1785 943">
    <p class='ocr_par' dir='ltr' id='par_1_9' title="bbox 215 870 1785 943">
     <span class='ocr_line' id='line_1_9' title="bbox 215 870 1785 943; baseline 0.001 -18"><span class='ocrx_word' id='word_1_56' title='bbox 215 874 295 926; x_wconf 87' lang='lat' dir='ltr'><strong>sio</strong></span> <span class='ocrx_word' id='word_1_57' title='bbox 322 881 371 925; x_wconf 89' lang='lat' dir='ltr'><strong>et</strong></span> <span class='ocrx_word' id='word_1_58' title='bbox 384 870 636 925; x_wconf 90' lang='lat' dir='ltr'><strong>eoneisio.</strong></span> <span class='ocrx_word' id='word_1_59' title='bbox 665 870 913 926; x_wconf 91' lang='lat' dir='ltr'><strong>Secundo</strong></span> <span class='ocrx_word' id='word_1_60' title='bbox 930 886 994 926; x_wconf 85' lang='lat' dir='ltr'><strong>ex</strong></span> <span class='ocrx_word' id='word_1_61' title='bbox 1020 872 1131 941; x_wconf 90' lang='lat' dir='ltr'><strong>ipsa</strong></span> <span class='ocrx_word' id='word_1_62' title='bbox 1154 887 1210 925; x_wconf 92' lang='lat' dir='ltr'><strong>re</strong></span> <span class='ocrx_word' id='word_1_63' title='bbox 1232 880 1415 942; x_wconf 89' lang='lat' dir='ltr'><strong>gesta:</strong></span> <span class='ocrx_word' id='word_1_64' title='bbox 1449 887 1618 943; x_wconf 89' lang='lat' dir='ltr'><strong>neque</strong></span> <span class='ocrx_word' id='word_1_65' title='bbox 1644 875 1785 928; x_wconf 87' lang='lat' dir='ltr'><strong>enim</strong></span> 
     </span>
    </p>
   </div>
   <div class='ocr_carea' id='block_1_10' title="bbox 216 961 1786 1031">
    <p class='ocr_par' dir='ltr' id='par_1_10' title="bbox 216 961 1786 1031">
     <span class='ocr_line' id='line_1_10' title="bbox 216 961 1786 1031; baseline 0.001 -15"><span class='ocrx_word' id='word_1_66' title='bbox 216 978 277 1017; x_wconf 76' lang='lat' dir='ltr'><strong>ex</strong></span> <span class='ocrx_word' id='word_1_67' title='bbox 330 961 550 1015; x_wconf 81' lang='lat' dir='ltr'><strong>naturali</strong></span> <span class='ocrx_word' id='word_1_68' title='bbox 604 962 985 1031; x_wconf 90' lang='lat' dir='ltr'><strong>consequentia</strong></span> <span class='ocrx_word' id='word_1_69' title='bbox 1042 970 1160 1015; x_wconf 90' lang='lat' dir='ltr'><strong>erat</strong></span> <span class='ocrx_word' id='word_1_70' title='bbox 1199 976 1321 1016; x_wconf 90' lang='lat' dir='ltr'><strong>eum</strong></span> <span class='ocrx_word' id='word_1_71' title='bbox 1371 962 1459 1031; x_wconf 91' lang='lat' dir='ltr'><strong>qui</strong></span> <span class='ocrx_word' id='word_1_72' title='bbox 1508 962 1786 1017; x_wconf 90' lang='lat' dir='ltr'><strong>extulisset</strong></span> 
     </span>
    </p>
   </div>
   <div class='ocr_carea' id='block_1_11' title="bbox 214 1051 1787 1122">
    <p class='ocr_par' dir='ltr' id='par_1_11' title="bbox 214 1051 1787 1122">
     <span class='ocr_line' id='line_1_11' title="bbox 214 1051 1787 1122; baseline -0.001 -15"><span class='ocrx_word' id='word_1_73' title='bbox 214 1067 444 1115; x_wconf 88' lang='lat' dir='ltr'><strong>manum,</strong></span> <span class='ocrx_word' id='word_1_74' title='bbox 481 1053 650 1121; x_wconf 86' lang='lat' dir='ltr'><strong>ipsam</strong></span> <span class='ocrx_word' id='word_1_75' title='bbox 674 1062 855 1122; x_wconf 88' lang='lat' dir='ltr'><strong>postea</strong></span> <span class='ocrx_word' id='word_1_76' title='bbox 887 1051 1161 1106; x_wconf 82' lang='lat' dir='ltr'><strong>retrahere</strong></span> <span class='ocrx_word' id='word_1_77' title='bbox 1187 1051 1438 1121; x_wconf 78' lang='lat' dir='ltr'><strong>ligatam;</strong></span> <span class='ocrx_word' id='word_1_78' title='bbox 1472 1066 1572 1107; x_wconf 89' lang='lat' dir='ltr'><strong>nec</strong></span> <span class='ocrx_word' id='word_1_79' title='bbox 1611 1052 1664 1107; x_wconf 90' lang='lat' dir='ltr'><strong>id</strong></span> <span class='ocrx_word' id='word_1_80' title='bbox 1706 1068 1787 1106; x_wconf 90' lang='lat' dir='ltr'><strong>ra-</strong></span> 
     </span>
    </p>
   </div>
   <div class='ocr_carea' id='block_1_12' title="bbox 215 1144 1785 1215">
    <p class='ocr_par' dir='ltr' id='par_1_12' title="bbox 215 1144 1785 1215">
     <span class='ocr_line' id='line_1_12' title="bbox 215 1144 1785 1215; baseline 0.003 -17"><span class='ocrx_word' id='word_1_81' title='bbox 215 1145 337 1199; x_wconf 90' lang='lat' dir='ltr'><strong>tioni</strong></span> <span class='ocrx_word' id='word_1_82' title='bbox 368 1144 449 1199; x_wconf 87' lang='lat' dir='ltr'><strong>vel</strong></span> <span class='ocrx_word' id='word_1_83' title='bbox 476 1153 678 1198; x_wconf 71' lang='lat' dir='ltr'><strong>natura:</strong></span> <span class='ocrx_word' id='word_1_84' title='bbox 725 1160 1019 1199; x_wconf 90' lang='lat' dir='ltr'><strong>consonum</strong></span> <span class='ocrx_word' id='word_1_85' title='bbox 1051 1144 1281 1201; x_wconf 90' lang='lat' dir='ltr'><strong>videtur.</strong></span> <span class='ocrx_word' id='word_1_86' title='bbox 1333 1144 1466 1199; x_wconf 87' lang='lat' dir='ltr'><strong>Nam</strong></span> <span class='ocrx_word' id='word_1_87' title='bbox 1515 1147 1785 1215; x_wconf 50' lang='lat' dir='ltr'><strong>prmmissa</strong></span> 
     </span>
    </p>
   </div>
   <div class='ocr_carea' id='block_1_13' title="bbox 212 1219 1787 1307">
    <p class='ocr_par' dir='ltr' id='par_1_13' title="bbox 212 1219 1787 1307">
     <span class='ocr_line' id='line_1_13' title="bbox 212 1219 1787 1307; baseline 0.001 -17"><span class='ocrx_word' id='word_1_88' title='bbox 212 1236 417 1307; x_wconf 86' lang='lat' dir='ltr'><strong>quidem</strong></span> <span class='ocrx_word' id='word_1_89' title='bbox 436 1237 590 1291; x_wconf 90' lang='lat' dir='ltr'><strong>unius</strong></span> <span class='ocrx_word' id='word_1_90' title='bbox 610 1252 794 1303; x_wconf 90' lang='lat' dir='ltr'><strong>manu,</strong></span> <span class='ocrx_word' id='word_1_91' title='bbox 822 1219 1050 1290; x_wconf 77' lang='lat' dir='ltr'><strong>alterum</strong></span> <span class='ocrx_word' id='word_1_92' title='bbox 1077 1235 1277 1306; x_wconf 79' lang='lat' dir='ltr'><strong>egredi,</strong></span> <span class='ocrx_word' id='word_1_93' title='bbox 1303 1235 1352 1289; x_wconf 91' lang='lat' dir='ltr'><strong>id</strong></span> <span class='ocrx_word' id='word_1_94' title='bbox 1380 1235 1517 1291; x_wconf 94' lang='lat' dir='ltr'><strong>forte</strong></span> <span class='ocrx_word' id='word_1_95' title='bbox 1544 1238 1787 1293; x_wconf 88' lang='lat' dir='ltr'><strong>naturale</strong></span> 
     </span>
    </p>
   </div>
   <div class='ocr_carea' id='block_1_14' title="bbox 214 1327 1783 1397">
    <p class='ocr_par' dir='ltr' id='par_1_14' title="bbox 214 1327 1783 1397">
     <span class='ocr_line' id='line_1_14' title="bbox 214 1327 1783 1397; baseline 0 -13"><span class='ocrx_word' id='word_1_96' title='bbox 214 1329 399 1392; x_wconf 86' lang='lat' dir='ltr'><strong>fuerit;</strong></span> <span class='ocrx_word' id='word_1_97' title='bbox 430 1327 524 1383; x_wconf 86' lang='lat' dir='ltr'><strong>sed</strong></span> <span class='ocrx_word' id='word_1_98' title='bbox 557 1336 784 1383; x_wconf 86' lang='lat' dir='ltr'><strong>retracta</strong></span> <span class='ocrx_word' id='word_1_99' title='bbox 816 1342 999 1395; x_wconf 89' lang='lat' dir='ltr'><strong>manu,</strong></span> <span class='ocrx_word' id='word_1_100' title='bbox 1028 1327 1179 1381; x_wconf 86' lang='lat' dir='ltr'><strong>alteri</strong></span> <span class='ocrx_word' id='word_1_101' title='bbox 1211 1327 1491 1381; x_wconf 89' lang='lat' dir='ltr'><strong>transitum</strong></span> <span class='ocrx_word' id='word_1_102' title='bbox 1520 1328 1783 1397; x_wconf 69' lang='lat' dir='ltr'><strong>prmbere,</strong></span> 
     </span>
    </p>
   </div>
   <div class='ocr_carea' id='block_1_15' title="bbox 215 1421 1785 1478">
    <p class='ocr_par' dir='ltr' id='par_1_15' title="bbox 215 1421 1785 1478">
     <span class='ocr_line' id='line_1_15' title="bbox 215 1421 1785 1478; baseline 0.001 -1"><span class='ocrx_word' id='word_1_103' title='bbox 215 1424 262 1477; x_wconf 89' lang='lat' dir='ltr'><strong>id</strong></span> <span class='ocrx_word' id='word_1_104' title='bbox 285 1438 385 1477; x_wconf 92' lang='lat' dir='ltr'><strong>non</strong></span> <span class='ocrx_word' id='word_1_105' title='bbox 418 1421 475 1476; x_wconf 89' lang='lat' dir='ltr'><strong>lit</strong></span> <span class='ocrx_word' id='word_1_106' title='bbox 519 1436 585 1477; x_wconf 86' lang='lat' dir='ltr'><strong>ex</strong></span> <span class='ocrx_word' id='word_1_107' title='bbox 630 1437 779 1476; x_wconf 90' lang='lat' dir='ltr'><strong>more</strong></span> <span class='ocrx_word' id='word_1_108' title='bbox 827 1422 1200 1476; x_wconf 90' lang='lat' dir='ltr'><strong>nascentium:</strong></span> <span class='ocrx_word' id='word_1_109' title='bbox 1233 1438 1417 1477; x_wconf 90' lang='lat' dir='ltr'><strong>verum</strong></span> <span class='ocrx_word' id='word_1_110' title='bbox 1452 1422 1638 1478; x_wconf 84' lang='lat' dir='ltr'><strong>aderat</strong></span> <span class='ocrx_word' id='word_1_111' title='bbox 1692 1423 1785 1478; x_wconf 86' lang='lat' dir='ltr'><strong>Dei</strong></span> 
     </span>
    </p>
   </div>
   <div class='ocr_carea' id='block_1_16' title="bbox 209 1512 1786 1585">
    <p class='ocr_par' dir='ltr' id='par_1_16' title="bbox 209 1512 1786 1585">
     <span class='ocr_line' id='line_1_16' title="bbox 209 1512 1786 1585; baseline 0.003 -18"><span class='ocrx_word' id='word_1_112' title='bbox 209 1514 371 1585; x_wconf 86' lang='lat' dir='ltr'><strong>gratia</strong></span> <span class='ocrx_word' id='word_1_113' title='bbox 397 1529 516 1584; x_wconf 69' lang='lat' dir='ltr'><strong>qua:</strong></span> <span class='ocrx_word' id='word_1_114' title='bbox 547 1513 663 1568; x_wconf 64' lang='lat' dir='ltr'><strong>haec</strong></span> <span class='ocrx_word' id='word_1_115' title='bbox 691 1513 833 1567; x_wconf 88' lang='lat' dir='ltr'><strong>circa</strong></span> <span class='ocrx_word' id='word_1_116' title='bbox 864 1527 1056 1582; x_wconf 90' lang='lat' dir='ltr'><strong>pueros</strong></span> <span class='ocrx_word' id='word_1_117' title='bbox 1083 1512 1418 1582; x_wconf 88' lang='lat' dir='ltr'><strong>dispensaret</strong></span> <span class='ocrx_word' id='word_1_118' title='bbox 1438 1555 1452 1579; x_wconf 90' lang='lat'><strong>,</strong></span> <span class='ocrx_word' id='word_1_119' title='bbox 1475 1523 1529 1569; x_wconf 92' lang='lat' dir='ltr'><strong>et</strong></span> <span class='ocrx_word' id='word_1_120' title='bbox 1553 1530 1649 1583; x_wconf 91' lang='lat' dir='ltr'><strong>per</strong></span> <span class='ocrx_word' id='word_1_121' title='bbox 1672 1515 1786 1572; x_wconf 59' lang='lat' dir='ltr'><strong>haec</strong></span> 
     </span>
    </p>
   </div>
   <div class='ocr_carea' id='block_1_17' title="bbox 211 1603 1788 1678">
    <p class='ocr_par' dir='ltr' id='par_1_17' title="bbox 211 1603 1788 1678">
     <span class='ocr_line' id='line_1_17' title="bbox 211 1603 1788 1678; baseline 0.001 -18"><span class='ocrx_word' id='word_1_122' title='bbox 211 1609 499 1660; x_wconf 84' lang='lat' dir='ltr'><strong>futurorum</strong></span> <span class='ocrx_word' id='word_1_123' title='bbox 522 1603 804 1675; x_wconf 88' lang='lat' dir='ltr'><strong>quamdam</strong></span> <span class='ocrx_word' id='word_1_124' title='bbox 826 1604 1107 1674; x_wconf 84' lang='lat' dir='ltr'><strong>imaginem</strong></span> <span class='ocrx_word' id='word_1_125' title='bbox 1132 1604 1495 1660; x_wconf 84' lang='lat' dir='ltr'><strong>adumbraret.</strong></span> <span class='ocrx_word' id='word_1_126' title='bbox 1528 1606 1663 1675; x_wconf 86' lang='lat' dir='ltr'><strong>Quid</strong></span> <span class='ocrx_word' id='word_1_127' title='bbox 1690 1607 1788 1678; x_wconf 80' lang='lat' dir='ltr'><strong>igi-</strong></span> 
     </span>
    </p>
   </div>
   <div class='ocr_carea' id='block_1_18' title="bbox 216 1695 1786 1767">
    <p class='ocr_par' dir='ltr' id='par_1_18' title="bbox 216 1695 1786 1767">
     <span class='ocr_line' id='line_1_18' title="bbox 216 1695 1786 1767; baseline 0.002 -15"><span class='ocrx_word' id='word_1_128' title='bbox 216 1710 292 1752; x_wconf 90' lang='lat' dir='ltr'><strong>tur</strong></span> <span class='ocrx_word' id='word_1_129' title='bbox 326 1697 475 1751; x_wconf 90' lang='lat' dir='ltr'><strong>aiunt</strong></span> <span class='ocrx_word' id='word_1_130' title='bbox 517 1695 732 1765; x_wconf 91' lang='lat' dir='ltr'><strong>quidam</strong></span> <span class='ocrx_word' id='word_1_131' title='bbox 782 1710 849 1750; x_wconf 85' lang='lat' dir='ltr'><strong>ex</strong></span> <span class='ocrx_word' id='word_1_132' title='bbox 899 1695 1004 1751; x_wconf 91' lang='lat' dir='ltr'><strong>illis</strong></span> <span class='ocrx_word' id='word_1_133' title='bbox 1047 1696 1137 1765; x_wconf 85' lang='lat' dir='ltr'><strong>qui</strong></span> <span class='ocrx_word' id='word_1_134' title='bbox 1182 1696 1296 1751; x_wconf 63' lang='lat' dir='ltr'><strong>haec</strong></span> <span class='ocrx_word' id='word_1_135' title='bbox 1336 1697 1786 1767; x_wconf 83' lang='lat' dir='ltr'><strong>exploraverunt?</strong></span> 
     </span>
    </p>
   </div>
   <div class='ocr_carea' id='block_1_19' title="bbox 213 1788 1781 1863">
    <p class='ocr_par' dir='ltr' id='par_1_19' title="bbox 213 1788 1781 1863">
     <span class='ocr_line' id='line_1_19' title="bbox 213 1788 1781 1863; baseline 0 -17"><span class='ocrx_word' id='word_1_136' title='bbox 213 1792 374 1846; x_wconf 89' lang='lat' dir='ltr'><strong>llosce</strong></span> <span class='ocrx_word' id='word_1_137' title='bbox 425 1803 625 1860; x_wconf 89' lang='lat' dir='ltr'><strong>pueros</strong></span> <span class='ocrx_word' id='word_1_138' title='bbox 692 1788 918 1843; x_wconf 90' lang='lat' dir='ltr'><strong>duorum</strong></span> <span class='ocrx_word' id='word_1_139' title='bbox 978 1803 1099 1843; x_wconf 89' lang='lat' dir='ltr'><strong>esse</strong></span> <span class='ocrx_word' id='word_1_140' title='bbox 1159 1789 1475 1858; x_wconf 87' lang='lat' dir='ltr'><strong>populorum</strong></span> <span class='ocrx_word' id='word_1_141' title='bbox 1540 1792 1781 1863; x_wconf 84' lang='lat' dir='ltr'><strong>ﬁguram.</strong></span> 
     </span>
    </p>
   </div>
   <div class='ocr_carea' id='block_1_20' title="bbox 214 1879 1785 1955">
    <p class='ocr_par' dir='ltr' id='par_1_20' title="bbox 214 1879 1785 1955">
     <span class='ocr_line' id='line_1_20' title="bbox 214 1879 1785 1955; baseline 0.001 -17"><span class='ocrx_word' id='word_1_142' title='bbox 214 1883 402 1939; x_wconf 85' lang='lat' dir='ltr'><strong>Deinde</strong></span> <span class='ocrx_word' id='word_1_143' title='bbox 454 1892 513 1936; x_wconf 90' lang='lat' dir='ltr'><strong>ut</strong></span> <span class='ocrx_word' id='word_1_144' title='bbox 560 1881 759 1949; x_wconf 89' lang='lat' dir='ltr'><strong>discas,</strong></span> <span class='ocrx_word' id='word_1_145' title='bbox 807 1879 1029 1935; x_wconf 90' lang='lat' dir='ltr'><strong>secundi</strong></span> <span class='ocrx_word' id='word_1_146' title='bbox 1058 1881 1238 1951; x_wconf 86' lang='lat' dir='ltr'><strong>populi</strong></span> <span class='ocrx_word' id='word_1_147' title='bbox 1267 1881 1563 1937; x_wconf 82' lang='lat' dir='ltr'><strong>inStitutum</strong></span> <span class='ocrx_word' id='word_1_148' title='bbox 1590 1886 1785 1955; x_wconf 89' lang='lat' dir='ltr'><strong>prioris</strong></span> 
     </span>
    </p>
   </div>
   <div class='ocr_carea' id='block_1_21' title="bbox 209 1972 1787 2045">
    <p class='ocr_par' dir='ltr' id='par_1_21' title="bbox 209 1972 1787 2045">
     <span class='ocr_line' id='line_1_21' title="bbox 209 1972 1787 2045; baseline 0.001 -15"><span class='ocrx_word' id='word_1_149' title='bbox 209 1977 339 2030; x_wconf 89' lang='lat' dir='ltr'><strong>ortui</strong></span> <span class='ocrx_word' id='word_1_150' title='bbox 366 1972 696 2045; x_wconf 59' lang='lat' dir='ltr'><strong>praeluxisse,</strong></span> <span class='ocrx_word' id='word_1_151' title='bbox 730 1988 946 2028; x_wconf 89' lang='lat' dir='ltr'><strong>manum</strong></span> <span class='ocrx_word' id='word_1_152' title='bbox 972 1973 1263 2028; x_wconf 81' lang='lat' dir='ltr'><strong>extendens</strong></span> <span class='ocrx_word' id='word_1_153' title='bbox 1289 1990 1419 2044; x_wconf 90' lang='lat' dir='ltr'><strong>puer</strong></span> <span class='ocrx_word' id='word_1_154' title='bbox 1464 1992 1569 2032; x_wconf 89' lang='lat' dir='ltr'><strong>non</strong></span> <span class='ocrx_word' id='word_1_155' title='bbox 1603 1992 1663 2032; x_wconf 90' lang='lat' dir='ltr'><strong>se</strong></span> <span class='ocrx_word' id='word_1_156' title='bbox 1708 1988 1787 2031; x_wconf 90' lang='lat' dir='ltr'><strong>to-</strong></span> 
     </span>
    </p>
   </div>
   <div class='ocr_carea' id='block_1_22' title="bbox 210 2066 1783 2140">
    <p class='ocr_par' dir='ltr' id='par_1_22' title="bbox 210 2066 1783 2140">
     <span class='ocr_line' id='line_1_22' title="bbox 210 2066 1783 2140; baseline 0.001 -17"><span class='ocrx_word' id='word_1_157' title='bbox 210 2082 312 2123; x_wconf 90' lang='lat' dir='ltr'><strong>tum</strong></span> <span class='ocrx_word' id='word_1_158' title='bbox 339 2066 579 2130; x_wconf 79' lang='lat' dir='ltr'><strong>exhibet,</strong></span> <span class='ocrx_word' id='word_1_159' title='bbox 610 2067 721 2120; x_wconf 91' lang='lat' dir='ltr'><strong>imo</strong></span> <span class='ocrx_word' id='word_1_160' title='bbox 751 2066 892 2121; x_wconf 88' lang='lat' dir='ltr'><strong>illam</strong></span> <span class='ocrx_word' id='word_1_161' title='bbox 923 2075 1107 2136; x_wconf 91' lang='lat' dir='ltr'><strong>postea</strong></span> <span class='ocrx_word' id='word_1_162' title='bbox 1132 2067 1389 2132; x_wconf 89' lang='lat' dir='ltr'><strong>retrahit,</strong></span> <span class='ocrx_word' id='word_1_163' title='bbox 1424 2078 1477 2123; x_wconf 92' lang='lat' dir='ltr'><strong>et</strong></span> <span class='ocrx_word' id='word_1_164' title='bbox 1509 2079 1783 2140; x_wconf 81' lang='lat' dir='ltr'><strong>postquam</strong></span> 
     </span>
    </p>
   </div>
   <div class='ocr_carea' id='block_1_23' title="bbox 208 2160 1781 2231">
    <p class='ocr_par' dir='ltr' id='par_1_23' title="bbox 208 2160 1781 2231">
     <span class='ocr_line' id='line_1_23' title="bbox 208 2160 1781 2231; baseline 0.001 -17"><span class='ocrx_word' id='word_1_165' title='bbox 208 2168 339 2215; x_wconf 90' lang='lat' dir='ltr'><strong>totus</strong></span> <span class='ocrx_word' id='word_1_166' title='bbox 362 2160 531 2213; x_wconf 84' lang='lat' dir='ltr'><strong>frater</strong></span> <span class='ocrx_word' id='word_1_167' title='bbox 558 2171 805 2227; x_wconf 89' lang='lat' dir='ltr'><strong>egressus</strong></span> <span class='ocrx_word' id='word_1_168' title='bbox 826 2167 927 2221; x_wconf 88' lang='lat' dir='ltr'><strong>est,</strong></span> <span class='ocrx_word' id='word_1_169' title='bbox 961 2165 1084 2212; x_wconf 91' lang='lat' dir='ltr'><strong>tunc</strong></span> <span class='ocrx_word' id='word_1_170' title='bbox 1114 2167 1166 2212; x_wconf 93' lang='lat' dir='ltr'><strong>et</strong></span> <span class='ocrx_word' id='word_1_171' title='bbox 1193 2160 1307 2227; x_wconf 91' lang='lat' dir='ltr'><strong>ipse</strong></span> <span class='ocrx_word' id='word_1_172' title='bbox 1337 2167 1479 2213; x_wconf 88' lang='lat' dir='ltr'><strong>totus</strong></span> <span class='ocrx_word' id='word_1_173' title='bbox 1516 2170 1736 2231; x_wconf 83' lang='lat' dir='ltr'><strong>apparet</strong></span> <span class='ocrx_word' id='word_1_174' title='bbox 1769 2179 1781 2214; x_wconf 92' lang='lat'>:</span> 
     </span>
    </p>
   </div>
   <div class='ocr_carea' id='block_1_24' title="bbox 206 2248 1783 2325">
    <p class='ocr_par' dir='ltr' id='par_1_24' title="bbox 206 2248 1783 2325">
     <span class='ocr_line' id='line_1_24' title="bbox 206 2248 1783 2325; baseline 0 -17"><span class='ocrx_word' id='word_1_175' title='bbox 206 2253 253 2308; x_wconf 84' lang='lat' dir='ltr'><strong>id</strong></span> <span class='ocrx_word' id='word_1_176' title='bbox 282 2252 425 2325; x_wconf 89' lang='lat' dir='ltr'><strong>quod</strong></span> <span class='ocrx_word' id='word_1_177' title='bbox 460 2250 625 2307; x_wconf 89' lang='lat' dir='ltr'><strong>etiam</strong></span> <span class='ocrx_word' id='word_1_178' title='bbox 655 2251 707 2304; x_wconf 92' lang='lat' dir='ltr'><strong>in</strong></span> <span class='ocrx_word' id='word_1_179' title='bbox 749 2248 957 2304; x_wconf 90' lang='lat' dir='ltr'><strong>duobus</strong></span> <span class='ocrx_word' id='word_1_180' title='bbox 1009 2248 1217 2319; x_wconf 92' lang='lat' dir='ltr'><strong>populis</strong></span> <span class='ocrx_word' id='word_1_181' title='bbox 1256 2258 1465 2319; x_wconf 89' lang='lat' dir='ltr'><strong>gestum</strong></span> <span class='ocrx_word' id='word_1_182' title='bbox 1518 2262 1618 2306; x_wconf 78' lang='lat' dir='ltr'><strong>est.</strong></span> <span class='ocrx_word' id='word_1_183' title='bbox 1651 2252 1783 2308; x_wconf 84' lang='lat' dir='ltr'><strong>Nam</strong></span> 
     </span>
    </p>
   </div>
   <div class='ocr_carea' id='block_1_25' title="bbox 206 2341 1784 2414">
    <p class='ocr_par' dir='ltr' id='par_1_25' title="bbox 206 2341 1784 2414">
     <span class='ocr_line' id='line_1_25' title="bbox 206 2341 1784 2414; baseline -0.004 -11"><span class='ocrx_word' id='word_1_184' title='bbox 206 2363 317 2403; x_wconf 84' lang='lat' dir='ltr'><strong>cum</strong></span> <span class='ocrx_word' id='word_1_185' title='bbox 346 2344 770 2402; x_wconf 76' lang='lat' dir='ltr'><strong>ecclesiasticum</strong></span> <span class='ocrx_word' id='word_1_186' title='bbox 801 2342 1097 2397; x_wconf 88' lang='lat' dir='ltr'><strong>institutum</strong></span> <span class='ocrx_word' id='word_1_187' title='bbox 1131 2341 1181 2395; x_wconf 92' lang='lat' dir='ltr'><strong>in</strong></span> <span class='ocrx_word' id='word_1_188' title='bbox 1212 2341 1402 2397; x_wconf 88' lang='lat' dir='ltr'><strong>diebus</strong></span> <span class='ocrx_word' id='word_1_189' title='bbox 1435 2342 1664 2398; x_wconf 71' lang='lat' dir='ltr'><strong>Abrahae</strong></span> <span class='ocrx_word' id='word_1_190' title='bbox 1686 2360 1784 2414; x_wconf 85' lang='lat' dir='ltr'><strong>ap-</strong></span> 
     </span>
    </p>
   </div>
   <div class='ocr_carea' id='block_1_26' title="bbox 206 2433 1781 2511">
    <p class='ocr_par' dir='ltr' id='par_1_26' title="bbox 206 2433 1781 2511">
     <span class='ocr_line' id='line_1_26' title="bbox 206 2433 1781 2511; baseline -0.003 -16"><span class='ocrx_word' id='word_1_191' title='bbox 206 2439 483 2511; x_wconf 83' lang='lat' dir='ltr'><strong>paruisset,</strong></span> <span class='ocrx_word' id='word_1_192' title='bbox 538 2434 839 2504; x_wconf 89' lang='lat' dir='ltr'><strong>deindeque</strong></span> <span class='ocrx_word' id='word_1_193' title='bbox 888 2434 940 2488; x_wconf 92' lang='lat' dir='ltr'><strong>in</strong></span> <span class='ocrx_word' id='word_1_194' title='bbox 980 2433 1159 2488; x_wconf 92' lang='lat' dir='ltr'><strong>medio</strong></span> <span class='ocrx_word' id='word_1_195' title='bbox 1210 2434 1781 2504; x_wconf 78' lang='lat' dir='ltr'><strong>suppressumfuissct,</strong></span> 
     </span>
    </p>
   </div>
   <div class='ocr_carea' id='block_1_27' title="bbox 204 2525 1783 2600">
    <p class='ocr_par' dir='ltr' id='par_1_27' title="bbox 204 2525 1783 2600">
     <span class='ocr_line' id='line_1_27' title="bbox 204 2525 1783 2600; baseline -0.004 -10"><span class='ocrx_word' id='word_1_196' title='bbox 204 2534 339 2590; x_wconf 84' lang='lat' dir='ltr'><strong>venit</strong></span> <span class='ocrx_word' id='word_1_197' title='bbox 361 2531 617 2589; x_wconf 87' lang='lat' dir='ltr'><strong>Judaicus</strong></span> <span class='ocrx_word' id='word_1_198' title='bbox 640 2527 869 2600; x_wconf 91' lang='lat' dir='ltr'><strong>populus</strong></span> <span class='ocrx_word' id='word_1_199' title='bbox 889 2535 943 2582; x_wconf 88' lang='lat' dir='ltr'><strong>et</strong></span> <span class='ocrx_word' id='word_1_200' title='bbox 966 2525 1260 2581; x_wconf 88' lang='lat' dir='ltr'><strong>institutum</strong></span> <span class='ocrx_word' id='word_1_201' title='bbox 1293 2528 1459 2597; x_wconf 83' lang='lat' dir='ltr'><strong>legale</strong></span> <span class='ocrx_word' id='word_1_202' title='bbox 1481 2569 1496 2593; x_wconf 92' lang='lat'><strong>,</strong></span> <span class='ocrx_word' id='word_1_203' title='bbox 1527 2536 1578 2583; x_wconf 91' lang='lat' dir='ltr'><strong>et</strong></span> <span class='ocrx_word' id='word_1_204' title='bbox 1600 2541 1783 2598; x_wconf 74' lang='lat' dir='ltr'><strong>poetea</strong></span> 
     </span>
    </p>
   </div>
   <div class='ocr_carea' id='block_1_28' title="bbox 205 2621 1781 2697">
    <p class='ocr_par' dir='ltr' id='par_1_28' title="bbox 205 2621 1781 2697">
     <span class='ocr_line' id='line_1_28' title="bbox 205 2621 1781 2697; baseline -0.003 -13"><span class='ocrx_word' id='word_1_205' title='bbox 205 2643 363 2685; x_wconf 85' lang='lat' dir='ltr'><strong>novus</strong></span> <span class='ocrx_word' id='word_1_206' title='bbox 390 2628 481 2682; x_wconf 89' lang='lat' dir='ltr'><strong>ille</strong></span> <span class='ocrx_word' id='word_1_207' title='bbox 512 2625 740 2697; x_wconf 87' lang='lat' dir='ltr'><strong>populus</strong></span> <span class='ocrx_word' id='word_1_208' title='bbox 776 2638 896 2677; x_wconf 92' lang='lat' dir='ltr'><strong>cum</strong></span> <span class='ocrx_word' id='word_1_209' title='bbox 930 2623 1127 2692; x_wconf 87' lang='lat' dir='ltr'><strong>legibus</strong></span> <span class='ocrx_word' id='word_1_210' title='bbox 1154 2623 1282 2677; x_wconf 90' lang='lat' dir='ltr'><strong>suis.</strong></span> <span class='ocrx_word' id='word_1_211' title='bbox 1316 2621 1540 2693; x_wconf 87' lang='lat' dir='ltr'><strong>Ideoque</strong></span> <span class='ocrx_word' id='word_1_212' title='bbox 1573 2625 1647 2678; x_wconf 87' lang='lat' dir='ltr'><strong>ait</strong></span> <span class='ocrx_word' id='word_1_213' title='bbox 1685 2623 1781 2679; x_wconf 86' lang='lat' dir='ltr'><strong>ob-</strong></span> 
     </span>
    </p>
   </div>
   <div class='ocr_carea' id='block_1_29' title="bbox 203 2714 1782 2785">
    <p class='ocr_par' dir='ltr' id='par_1_29' title="bbox 203 2714 1782 2785">
     <span class='ocr_line' id='line_1_29' title="bbox 203 2714 1782 2785; baseline -0.005 -8"><span class='ocrx_word' id='word_1_214' title='bbox 203 2722 378 2778; x_wconf 74' lang='lat' dir='ltr'><strong>Stetrix</strong></span> <span class='ocrx_word' id='word_1_215' title='bbox 411 2739 425 2772; x_wconf 88' lang='lat'><strong>:</strong></span> <span class='ocrx_word' id='word_1_216' title='bbox 458 2719 564 2773; x_wconf 77' lang='lat' dir='ltr'><strong>Cur</strong></span> <span class='ocrx_word' id='word_1_217' title='bbox 592 2717 761 2771; x_wconf 69' lang='lat' dir='ltr'><strong>excisa</strong></span> <span class='ocrx_word' id='word_1_218' title='bbox 788 2725 860 2768; x_wconf 87' lang='lat' dir='ltr'><strong>est</strong></span> <span class='ocrx_word' id='word_1_219' title='bbox 888 2723 1090 2785; x_wconf 88' lang='lat' dir='ltr'><strong>propter</strong></span> <span class='ocrx_word' id='word_1_220' title='bbox 1131 2722 1176 2767; x_wconf 89' lang='lat' dir='ltr'><strong>te</strong></span> <span class='ocrx_word' id='word_1_221' title='bbox 1208 2731 1349 2783; x_wconf 82' lang='lat' dir='ltr'><strong>sepes</strong></span> <span class='ocrx_word' id='word_1_222' title='bbox 1371 2715 1533 2783; x_wconf 84' lang='lat' dir='ltr'><strong>?quia</strong></span> <span class='ocrx_word' id='word_1_223' title='bbox 1557 2714 1782 2769; x_wconf 87' lang='lat' dir='ltr'><strong>instituti</strong></span> 
     </span>
    </p>
   </div>
   <div class='ocr_carea' id='block_1_30' title="bbox 203 2804 1780 2877">
    <p class='ocr_par' dir='ltr' id='par_1_30' title="bbox 203 2804 1780 2877">
     <span class='ocr_line' id='line_1_30' title="bbox 203 2804 1780 2877; baseline -0.006 -9"><span class='ocrx_word' id='word_1_224' title='bbox 203 2815 492 2868; x_wconf 80' lang='lat' dir='ltr'><strong>libertatem</strong></span> <span class='ocrx_word' id='word_1_225' title='bbox 521 2808 606 2863; x_wconf 90' lang='lat' dir='ltr'><strong>lex</strong></span> <span class='ocrx_word' id='word_1_226' title='bbox 630 2806 1009 2877; x_wconf 85' lang='lat' dir='ltr'><strong>superveniens</strong></span> <span class='ocrx_word' id='word_1_227' title='bbox 1032 2805 1303 2860; x_wconf 89' lang='lat' dir='ltr'><strong>dissecuit.</strong></span> <span class='ocrx_word' id='word_1_228' title='bbox 1356 2804 1562 2860; x_wconf 81' lang='lat' dir='ltr'><strong>Etenim</strong></span> <span class='ocrx_word' id='word_1_229' title='bbox 1609 2806 1780 2875; x_wconf 80' lang='lat' dir='ltr'><strong>legem</strong></span> 
     </span>
    </p>
   </div>
   <div class='ocr_carea' id='block_1_31' title="bbox 201 2891 1785 2970">
    <p class='ocr_par' dir='ltr' id='par_1_31' title="bbox 201 2891 1785 2970">
     <span class='ocr_line' id='line_1_31' title="bbox 201 2891 1785 2970; baseline -0.006 -16"><span class='ocrx_word' id='word_1_230' title='bbox 201 2899 471 2970; x_wconf 78' lang='lat' dir='ltr'><strong>Scriptura</strong></span> <span class='ocrx_word' id='word_1_231' title='bbox 497 2913 686 2969; x_wconf 86' lang='lat' dir='ltr'><strong>sepem</strong></span> <span class='ocrx_word' id='word_1_232' title='bbox 713 2910 912 2951; x_wconf 78' lang='lat' dir='ltr'><strong>vocare</strong></span> <span class='ocrx_word' id='word_1_233' title='bbox 946 2896 1111 2959; x_wconf 90' lang='lat' dir='ltr'><strong>solet;</strong></span> <span class='ocrx_word' id='word_1_234' title='bbox 1142 2895 1279 2948; x_wconf 91' lang='lat' dir='ltr'><strong>sicut</strong></span> <span class='ocrx_word' id='word_1_235' title='bbox 1310 2892 1474 2947; x_wconf 81' lang='lat' dir='ltr'><strong>David</strong></span> <span class='ocrx_word' id='word_1_236' title='bbox 1523 2891 1785 2963; x_wconf 87' lang='lat' dir='ltr'><strong>propheta</strong></span> 
     </span>
    </p>
   </div>
   <div class='ocr_carea' id='block_1_32' title="bbox 202 2986 1792 3060">
    <p class='ocr_par' dir='ltr' id='par_1_32' title="bbox 202 2986 1792 3060">
     <span class='ocr_line' id='line_1_32' title="bbox 202 2986 1792 3060; baseline -0.004 -16"><span class='ocrx_word' id='word_1_237' title='bbox 202 2992 340 3057; x_wconf 83' lang='lat' dir='ltr'><strong>dicit,</strong></span> <span class='ocrx_word' id='word_1_238' title='bbox 374 2991 654 3047; x_wconf 70' lang='lat' dir='ltr'><strong>Sustulisti</strong></span> <span class='ocrx_word' id='word_1_239' title='bbox 677 3006 843 3060; x_wconf 81' lang='lat' dir='ltr'><strong>sepem</strong></span> <span class='ocrx_word' id='word_1_240' title='bbox 869 2988 998 3054; x_wconf 77' lang='lat' dir='ltr'><strong>eius.</strong></span> <span class='ocrx_word' id='word_1_241' title='bbox 1029 2997 1075 3040; x_wconf 87' lang='lat' dir='ltr'><strong>et</strong></span> <span class='ocrx_word' id='word_1_242' title='bbox 1112 2986 1418 3039; x_wconf 78' lang='lat' dir='ltr'><strong>vindemiant</strong></span> <span class='ocrx_word' id='word_1_243' title='bbox 1460 3001 1569 3038; x_wconf 80' lang='lat' dir='ltr'><strong>eam</strong></span> <span class='ocrx_word' id='word_1_244' title='bbox 1620 2999 1792 3038; x_wconf 83' lang='lat' dir='ltr'><strong>omnes</strong></span> 
     </span>
    </p>
   </div>
   <div class='ocr_carea' id='block_1_33' title="bbox 201 3071 1774 3153">
    <p class='ocr_par' dir='ltr' id='par_1_33' title="bbox 201 3071 1774 3153">
     <span class='ocr_line' id='line_1_33' title="bbox 201 3071 1774 3153; baseline -0.006 -17"><span class='ocrx_word' id='word_1_245' title='bbox 201 3082 786 3153; x_wconf 73' lang='lat' dir='ltr'><strong>quiprtetergrediuntur</strong></span> <span class='ocrx_word' id='word_1_246' title='bbox 804 3076 1124 3152; x_wconf 85' lang='lat' dir='ltr'><strong>oiam(Psol.</strong></span> <span class='ocrx_word' id='word_1_247' title='bbox 1156 3077 1244 3131; x_wconf 82' lang='lat'><strong>79.</strong></span> <span class='ocrx_word' id='word_1_248' title='bbox 1276 3074 1398 3145; x_wconf 74' lang='lat'><strong>1&#39;5);</strong></span> <span class='ocrx_word' id='word_1_249' title='bbox 1434 3085 1489 3129; x_wconf 83' lang='lat' dir='ltr'><strong>et</strong></span> <span class='ocrx_word' id='word_1_250' title='bbox 1514 3074 1696 3137; x_wconf 87' lang='lat' dir='ltr'><strong>Isaias,</strong></span> <span class='ocrx_word' id='word_1_251' title='bbox 1728 3071 1774 3127; x_wconf 86' lang='lat' dir='ltr'><em>E</em></span> 
     </span>
    </p>
   </div>
   <div class='ocr_carea' id='block_1_34' title="bbox 203 3165 1764 3247">
    <p class='ocr_par' dir='ltr' id='par_1_34' title="bbox 203 3165 1764 3247">
     <span class='ocr_line' id='line_1_34' title="bbox 203 3165 1764 3247; baseline -0.008 -16"><span class='ocrx_word' id='word_1_252' title='bbox 203 3194 360 3247; x_wconf 58' lang='lat' dir='ltr'><strong>sepem</strong></span> <span class='ocrx_word' id='word_1_253' title='bbox 387 3175 733 3247; x_wconf 80' lang='lat' dir='ltr'><strong>circamposui</strong></span> <span class='ocrx_word' id='word_1_254' title='bbox 753 3174 798 3228; x_wconf 81' lang='lat' dir='ltr'><strong>ei</strong></span> <span class='ocrx_word' id='word_1_255' title='bbox 819 3171 968 3245; x_wconf 80' lang='lat' dir='ltr'><strong>(lsai.</strong></span> <span class='ocrx_word' id='word_1_256' title='bbox 1001 3173 1053 3225; x_wconf 86' lang='lat'><strong>5.</strong></span> <span class='ocrx_word' id='word_1_257' title='bbox 1077 3169 1166 3243; x_wconf 77' lang='lat'><strong>‘2);</strong></span> <span class='ocrx_word' id='word_1_258' title='bbox 1196 3170 1320 3223; x_wconf 84' lang='lat' dir='ltr'><strong>item</strong></span> <span class='ocrx_word' id='word_1_259' title='bbox 1351 3167 1566 3230; x_wconf 85' lang='lat' dir='ltr'><strong>Paulus.</strong></span> <span class='ocrx_word' id='word_1_260' title='bbox 1601 3165 1662 3220; x_wconf 87' lang='lat' dir='ltr'><strong>Et</strong></span> <span class='ocrx_word' id='word_1_261' title='bbox 1686 3181 1764 3219; x_wconf 84' lang='lat' dir='ltr'><strong>me</strong></span> 
     </span>
    </p>
   </div>
   <div class='ocr_carea' id='block_1_35' title="bbox 203 3259 1577 3339">
    <p class='ocr_par' dir='ltr' id='par_1_35' title="bbox 203 3259 1577 3339">
     <span class='ocr_line' id='line_1_35' title="bbox 203 3259 1577 3339; baseline -0.007 -17"><span class='ocrx_word' id='word_1_262' title='bbox 203 3271 331 3322; x_wconf 76' lang='lat' dir='ltr'><strong>dium</strong></span> <span class='ocrx_word' id='word_1_263' title='bbox 362 3270 614 3339; x_wconf 81' lang='lat' dir='ltr'><strong>parietem</strong></span> <span class='ocrx_word' id='word_1_264' title='bbox 642 3266 879 3322; x_wconf 77' lang='lat' dir='ltr'><strong>maceria:</strong></span> <span class='ocrx_word' id='word_1_265' title='bbox 904 3263 1099 3319; x_wconf 80' lang='lat' dir='ltr'><strong>soluens</strong></span> <span class='ocrx_word' id='word_1_266' title='bbox 1128 3259 1347 3333; x_wconf 79' lang='lat' dir='ltr'><strong>(Ep/tes.</strong></span> <span class='ocrx_word' id='word_1_267' title='bbox 1376 3260 1432 3313; x_wconf 74' lang='lat'><strong>2.</strong></span> <span class='ocrx_word' id='word_1_268' title='bbox 1464 3259 1577 3329; x_wconf 67' lang='grc'><strong>14).</strong></span> 
     </span>
    </p>
   </div>
   <div class='ocr_carea' id='block_1_36' title="bbox 259 3457 1786 3532">
    <p class='ocr_par' dir='ltr' id='par_1_36' title="bbox 259 3457 1786 3532">
     <span class='ocr_line' id='line_1_36' title="bbox 259 3457 1786 3532; baseline -0.007 -9"><span class='ocrx_word' id='word_1_269' title='bbox 259 3469 312 3523; x_wconf 71' lang='grc' dir='ltr'>ι.</span> <span class='ocrx_word' id='word_1_270' title='bbox 353 3467 461 3523; x_wconf 80' lang='lat' dir='ltr'><strong>Alii</strong></span> <span class='ocrx_word' id='word_1_271' title='bbox 507 3465 665 3531; x_wconf 87' lang='lat' dir='ltr'><strong>illud,</strong></span> <span class='ocrx_word' id='word_1_272' title='bbox 700 3465 803 3520; x_wconf 83' lang='lat' dir='ltr'><strong>Cur</strong></span> <span class='ocrx_word' id='word_1_273' title='bbox 823 3464 992 3519; x_wconf 81' lang='lat' dir='ltr'><strong>excisa</strong></span> <span class='ocrx_word' id='word_1_274' title='bbox 1040 3471 1114 3517; x_wconf 87' lang='lat' dir='ltr'><strong>est</strong></span> <span class='ocrx_word' id='word_1_275' title='bbox 1163 3470 1369 3532; x_wconf 83' lang='lat' dir='ltr'><strong>propter</strong></span> <span class='ocrx_word' id='word_1_276' title='bbox 1409 3468 1455 3515; x_wconf 87' lang='lat' dir='ltr'><strong>te</strong></span> <span class='ocrx_word' id='word_1_277' title='bbox 1502 3458 1691 3530; x_wconf 80' lang='lat' dir='ltr'><strong>sepes?</strong></span> <span class='ocrx_word' id='word_1_278' title='bbox 1718 3457 1786 3513; x_wconf 87' lang='lat' dir='ltr'><strong>de</strong></span> 
     </span>
    </p>
   </div>
   <div class='ocr_carea' id='block_1_37' title="bbox 200 3552 1785 3629">
    <p class='ocr_par' dir='ltr' id='par_1_37' title="bbox 200 3552 1785 3629">
     <span class='ocr_line' id='line_1_37' title="bbox 200 3552 1785 3629; baseline -0.004 -16"><span class='ocrx_word' id='word_1_279' title='bbox 200 3574 325 3613; x_wconf 81' lang='lat' dir='ltr'><strong>novo</strong></span> <span class='ocrx_word' id='word_1_280' title='bbox 353 3560 555 3629; x_wconf 85' lang='lat' dir='ltr'><strong>populo</strong></span> <span class='ocrx_word' id='word_1_281' title='bbox 581 3558 788 3613; x_wconf 86' lang='lat' dir='ltr'><strong>dictum</strong></span> <span class='ocrx_word' id='word_1_282' title='bbox 811 3564 1014 3628; x_wconf 88' lang='lat' dir='ltr'><strong>putant.</strong></span> <span class='ocrx_word' id='word_1_283' title='bbox 1041 3554 1138 3610; x_wconf 83' lang='lat' dir='ltr'><strong>Hic</strong></span> <span class='ocrx_word' id='word_1_284' title='bbox 1165 3556 1360 3625; x_wconf 90' lang='lat' dir='ltr'><strong>quippe</strong></span> <span class='ocrx_word' id='word_1_285' title='bbox 1389 3568 1508 3608; x_wconf 92' lang='lat' dir='ltr'><strong>cum</strong></span> <span class='ocrx_word' id='word_1_286' title='bbox 1535 3552 1785 3607; x_wconf 81' lang='lat' dir='ltr'><strong>advenis-</strong></span> 
     </span>
    </p>
   </div>
   <div class='ocr_carea' id='block_1_38' title="bbox 199 3643 1784 3722">
    <p class='ocr_par' dir='ltr' id='par_1_38' title="bbox 199 3643 1784 3722">
     <span class='ocr_line' id='line_1_38' title="bbox 199 3643 1784 3722; baseline -0.005 -16"><span class='ocrx_word' id='word_1_287' title='bbox 199 3660 290 3716; x_wconf 78' lang='lat' dir='ltr'><strong>set,</strong></span> <span class='ocrx_word' id='word_1_288' title='bbox 314 3651 490 3722; x_wconf 81' lang='lat' dir='ltr'><strong>legem</strong></span> <span class='ocrx_word' id='word_1_289' title='bbox 517 3649 822 3720; x_wconf 82' lang='lat' dir='ltr'><strong>abrogavit.</strong></span> <span class='ocrx_word' id='word_1_290' title='bbox 853 3647 1014 3703; x_wconf 86' lang='lat' dir='ltr'><strong>Vides</strong></span> <span class='ocrx_word' id='word_1_291' title='bbox 1039 3650 1210 3716; x_wconf 91' lang='lat' dir='ltr'><strong>ipsum</strong></span> <span class='ocrx_word' id='word_1_292' title='bbox 1244 3661 1347 3701; x_wconf 93' lang='lat' dir='ltr'><strong>non</strong></span> <span class='ocrx_word' id='word_1_293' title='bbox 1383 3644 1484 3699; x_wconf 88' lang='lat' dir='ltr'><strong>levi</strong></span> <span class='ocrx_word' id='word_1_294' title='bbox 1524 3643 1592 3699; x_wconf 91' lang='lat' dir='ltr'><strong>de</strong></span> <span class='ocrx_word' id='word_1_295' title='bbox 1622 3658 1784 3698; x_wconf 79' lang='lat' dir='ltr'><strong>causa</strong></span> 
     </span>
    </p>
   </div>
   <div class='ocr_carea' id='block_1_39' title="bbox 200 3735 1787 3798">
    <p class='ocr_par' dir='ltr' id='par_1_39' title="bbox 200 3735 1787 3798">
     <span class='ocr_line' id='line_1_39' title="bbox 200 3735 1787 3798; baseline -0.004 0"><span class='ocrx_word' id='word_1_296' title='bbox 200 3752 351 3798; x_wconf 84' lang='lat' dir='ltr'><strong>totam</strong></span> <span class='ocrx_word' id='word_1_297' title='bbox 417 3740 937 3798; x_wconf 85' lang='lat' dir='ltr'><strong>commemoravisse</strong></span> <span class='ocrx_word' id='word_1_298' title='bbox 999 3738 1153 3795; x_wconf 71' lang='lat' dir='ltr'><strong>Judre</strong></span> <span class='ocrx_word' id='word_1_299' title='bbox 1222 3737 1536 3793; x_wconf 87' lang='lat' dir='ltr'><strong>historiam?</strong></span> <span class='ocrx_word' id='word_1_300' title='bbox 1584 3735 1787 3791; x_wconf 87' lang='lat' dir='ltr'><strong>Idcirco</strong></span> 
     </span>
    </p>
   </div>
   <div class='ocr_carea' id='block_1_40' title="bbox 197 3831 1787 3902">
    <p class='ocr_par' dir='ltr' id='par_1_40' title="bbox 197 3831 1787 3902">
     <span class='ocr_line' id='line_1_40' title="bbox 197 3831 1787 3902; baseline -0.004 -10"><span class='ocrx_word' id='word_1_301' title='bbox 197 3838 347 3892; x_wconf 80' lang='lat' dir='ltr'><strong>etiam</strong></span> <span class='ocrx_word' id='word_1_302' title='bbox 379 3836 526 3892; x_wconf 80' lang='lat' dir='ltr'><strong>Ruth</strong></span> <span class='ocrx_word' id='word_1_303' title='bbox 553 3846 607 3892; x_wconf 88' lang='lat' dir='ltr'><strong>et</strong></span> <span class='ocrx_word' id='word_1_304' title='bbox 634 3835 821 3890; x_wconf 86' lang='lat' dir='ltr'><strong>Rahab</strong></span> <span class='ocrx_word' id='word_1_305' title='bbox 849 3836 866 3866; x_wconf 78' lang='grc'>³</span> <span class='ocrx_word' id='word_1_306' title='bbox 897 3833 1163 3900; x_wconf 89' lang='lat' dir='ltr'><strong>meminit,</strong></span> <span class='ocrx_word' id='word_1_307' title='bbox 1204 3848 1427 3902; x_wconf 89' lang='lat' dir='ltr'><strong>quarum</strong></span> <span class='ocrx_word' id='word_1_308' title='bbox 1460 3831 1626 3886; x_wconf 90' lang='lat' dir='ltr'><strong>altera</strong></span> <span class='ocrx_word' id='word_1_309' title='bbox 1655 3831 1787 3885; x_wconf 88' lang='lat' dir='ltr'><strong>alie-</strong></span> 
     </span>
    </p>
   </div>
   <div class='ocr_carea' id='block_1_41' title="bbox 201 3926 1873 4000">
    <p class='ocr_par' dir='ltr' id='par_1_41' title="bbox 201 3926 1873 4000">
     <span class='ocr_line' id='line_1_41' title="bbox 201 3926 1873 4000; baseline -0.003 -17"><span class='ocrx_word' id='word_1_310' title='bbox 201 3932 401 4000; x_wconf 86' lang='lat' dir='ltr'><strong>nigena,</strong></span> <span class='ocrx_word' id='word_1_311' title='bbox 424 3932 596 3985; x_wconf 88' lang='lat' dir='ltr'><strong>altera</strong></span> <span class='ocrx_word' id='word_1_312' title='bbox 624 3930 882 3985; x_wconf 88' lang='lat' dir='ltr'><strong>meretrix</strong></span> <span class='ocrx_word' id='word_1_313' title='bbox 909 3937 1045 3993; x_wconf 89' lang='lat' dir='ltr'><strong>erat,</strong></span> <span class='ocrx_word' id='word_1_314' title='bbox 1079 3935 1138 3981; x_wconf 90' lang='lat' dir='ltr'><strong>ut</strong></span> <span class='ocrx_word' id='word_1_315' title='bbox 1172 3926 1444 3982; x_wconf 87' lang='lat' dir='ltr'><strong>edisceres</strong></span> <span class='ocrx_word' id='word_1_316' title='bbox 1489 3926 1661 3995; x_wconf 90' lang='lat' dir='ltr'><strong>ipsum</strong></span> <span class='ocrx_word' id='word_1_317' title='bbox 1692 3939 1786 3978; x_wconf 83' lang='lat' dir='ltr'><strong>ve-</strong></span> <span class='ocrx_word' id='word_1_318' title='bbox 1869 3974 1873 3978; x_wconf 92' lang='lat'><strong>.</strong></span> 
     </span>
    </p>
   </div>
   <div class='ocr_carea' id='block_1_42' title="bbox 202 4017 1784 4083">
    <p class='ocr_par' dir='ltr' id='par_1_42' title="bbox 202 4017 1784 4083">
     <span class='ocr_line' id='line_1_42' title="bbox 202 4017 1784 4083; baseline -0.004 -6"><span class='ocrx_word' id='word_1_319' title='bbox 202 4038 333 4079; x_wconf 82' lang='lat' dir='ltr'><strong>msse</strong></span> <span class='ocrx_word' id='word_1_320' title='bbox 354 4031 410 4077; x_wconf 92' lang='lat' dir='ltr'><strong>ut</strong></span> <span class='ocrx_word' id='word_1_321' title='bbox 430 4023 569 4077; x_wconf 87' lang='lat' dir='ltr'><strong>mala</strong></span> <span class='ocrx_word' id='word_1_322' title='bbox 586 4022 767 4077; x_wconf 91' lang='lat' dir='ltr'><strong>omnia</strong></span> <span class='ocrx_word' id='word_1_323' title='bbox 786 4030 968 4077; x_wconf 89' lang='lat' dir='ltr'><strong>nostra</strong></span> <span class='ocrx_word' id='word_1_324' title='bbox 998 4020 1249 4075; x_wconf 80' lang='lat' dir='ltr'><strong>solveret.</strong></span> <span class='ocrx_word' id='word_1_325' title='bbox 1270 4018 1341 4075; x_wconf 93' lang='lat' dir='ltr'><strong>Ut</strong></span> <span class='ocrx_word' id='word_1_326' title='bbox 1360 4017 1595 4073; x_wconf 90' lang='lat' dir='ltr'><strong>medicus</strong></span> <span class='ocrx_word' id='word_1_327' title='bbox 1620 4017 1784 4083; x_wconf 92' lang='lat' dir='ltr'><strong>enim,</strong></span> 
     </span>
    </p>
   </div>
   <div class='ocr_carea' id='block_1_43' title="bbox 203 4109 1789 4191">
    <p class='ocr_par' dir='ltr' id='par_1_43' title="bbox 203 4109 1789 4191">
     <span class='ocr_line' id='line_1_43' title="bbox 203 4109 1789 4191; baseline -0.006 -21"><span class='ocrx_word' id='word_1_328' title='bbox 203 4131 295 4170; x_wconf 85' lang='lat' dir='ltr'><strong>non</strong></span> <span class='ocrx_word' id='word_1_329' title='bbox 320 4126 377 4170; x_wconf 91' lang='lat' dir='ltr'><strong>ut</strong></span> <span class='ocrx_word' id='word_1_330' title='bbox 419 4114 586 4185; x_wconf 90' lang='lat' dir='ltr'><strong>judex</strong></span> <span class='ocrx_word' id='word_1_331' title='bbox 638 4115 806 4170; x_wconf 83' lang='lat' dir='ltr'><strong>venit.</strong></span> <span class='ocrx_word' id='word_1_332' title='bbox 827 4110 1318 4191; x_wconf 31' lang='lat' dir='ltr'><strong>‘Quemadmodum</strong></span> <span class='ocrx_word' id='word_1_333' title='bbox 1351 4110 1511 4180; x_wconf 79' lang='lat' dir='ltr'><strong>igitur</strong></span> <span class='ocrx_word' id='word_1_334' title='bbox 1541 4109 1592 4163; x_wconf 87' lang='lat' dir='ltr'><strong>bi</strong></span> <span class='ocrx_word' id='word_1_335' title='bbox 1627 4109 1789 4165; x_wconf 88' lang='lat' dir='ltr'><strong>forni-</strong></span> 
     </span>
    </p>
   </div>
   <div class='ocr_carea' id='block_1_44' title="bbox 202 4201 1782 4272">
    <p class='ocr_par' dir='ltr' id='par_1_44' title="bbox 202 4201 1782 4272">
     <span class='ocr_line' id='line_1_44' title="bbox 202 4201 1782 4272; baseline -0.004 -10"><span class='ocrx_word' id='word_1_336' title='bbox 202 4208 357 4263; x_wconf 70' lang='lat' dir='ltr'><strong>mrias</strong></span> <span class='ocrx_word' id='word_1_337' title='bbox 383 4208 592 4263; x_wconf 87' lang='lat' dir='ltr'><strong>duxere</strong></span> <span class='ocrx_word' id='word_1_338' title='bbox 614 4207 883 4272; x_wconf 90' lang='lat' dir='ltr'><strong>mulieres,</strong></span> <span class='ocrx_word' id='word_1_339' title='bbox 918 4209 991 4262; x_wconf 88' lang='lat' dir='ltr'><strong>ita</strong></span> <span class='ocrx_word' id='word_1_340' title='bbox 1018 4217 1070 4261; x_wconf 93' lang='lat' dir='ltr'><strong>et</strong></span> <span class='ocrx_word' id='word_1_341' title='bbox 1099 4206 1239 4263; x_wconf 89' lang='lat' dir='ltr'><strong>Deus</strong></span> <span class='ocrx_word' id='word_1_342' title='bbox 1267 4216 1511 4261; x_wconf 86' lang='lat' dir='ltr'><strong>naturam</strong></span> <span class='ocrx_word' id='word_1_343' title='bbox 1544 4201 1782 4261; x_wconf 88' lang='lat' dir='ltr'><strong>fornica-</strong></span> 
     </span>
    </p>
   </div>
   <div class='ocr_carea' id='block_1_45' title="bbox 203 4298 1785 4372">
    <p class='ocr_par' dir='ltr' id='par_1_45' title="bbox 203 4298 1785 4372">
     <span class='ocr_line' id='line_1_45' title="bbox 203 4298 1785 4372; baseline -0.004 -15"><span class='ocrx_word' id='word_1_344' title='bbox 203 4310 297 4357; x_wconf 82' lang='lat' dir='ltr'><strong>tam</strong></span> <span class='ocrx_word' id='word_1_345' title='bbox 346 4302 625 4372; x_wconf 79' lang='lat' dir='ltr'><strong>copulavit</strong></span> <span class='ocrx_word' id='word_1_346' title='bbox 673 4301 820 4357; x_wconf 89' lang='lat' dir='ltr'><strong>sibi:</strong></span> <span class='ocrx_word' id='word_1_347' title='bbox 854 4300 906 4355; x_wconf 93' lang='lat' dir='ltr'><strong>id</strong></span> <span class='ocrx_word' id='word_1_348' title='bbox 952 4300 1091 4371; x_wconf 90' lang='lat' dir='ltr'><strong>quod</strong></span> <span class='ocrx_word' id='word_1_349' title='bbox 1141 4300 1269 4355; x_wconf 92' lang='lat' dir='ltr'><strong>olim</strong></span> <span class='ocrx_word' id='word_1_350' title='bbox 1324 4300 1598 4371; x_wconf 84' lang='lat' dir='ltr'><strong>prophetae</strong></span> <span class='ocrx_word' id='word_1_351' title='bbox 1646 4298 1785 4353; x_wconf 89' lang='lat' dir='ltr'><strong>circa</strong></span> 
     </span>
    </p>
   </div>
   <div class='ocr_carea' id='block_1_46' title="bbox 202 4378 1783 4469">
    <p class='ocr_par' dir='ltr' id='par_1_46' title="bbox 202 4378 1783 4469">
     <span class='ocr_line' id='line_1_46' title="bbox 202 4378 1783 4469; baseline -0.003 -20"><span class='ocrx_word' id='word_1_352' title='bbox 202 4410 513 4469; x_wconf 68' lang='lat' dir='ltr'><strong>synagogam</strong></span> <span class='ocrx_word' id='word_1_353' title='bbox 549 4396 743 4452; x_wconf 88' lang='lat' dir='ltr'><strong>factum</strong></span> <span class='ocrx_word' id='word_1_354' title='bbox 782 4410 903 4451; x_wconf 89' lang='lat' dir='ltr'><strong>esse</strong></span> <span class='ocrx_word' id='word_1_355' title='bbox 949 4395 1219 4450; x_wconf 85' lang='lat' dir='ltr'><strong>dixerunt.</strong></span> <span class='ocrx_word' id='word_1_356' title='bbox 1277 4393 1383 4450; x_wconf 89' lang='lat' dir='ltr'><strong>Sed</strong></span> <span class='ocrx_word' id='word_1_357' title='bbox 1432 4378 1783 4461; x_wconf 31' lang='lat' dir='ltr'><strong>illa&#39;quidcm</strong></span> 
     </span>
    </p>
   </div>
   <div class='ocr_carea' id='block_1_47' title="bbox 202 4483 1787 4560">
    <p class='ocr_par' dir='ltr' id='par_1_47' title="bbox 202 4483 1787 4560">
     <span class='ocr_line' id='line_1_47' title="bbox 202 4483 1787 4560; baseline -0.004 -17"><span class='ocrx_word' id='word_1_358' title='bbox 202 4489 396 4560; x_wconf 77' lang='lat' dir='ltr'><strong>coniugi</strong></span> <span class='ocrx_word' id='word_1_359' title='bbox 427 4504 528 4543; x_wconf 92' lang='lat' dir='ltr'><strong>suo</strong></span> <span class='ocrx_word' id='word_1_360' title='bbox 559 4490 767 4560; x_wconf 86' lang='lat' dir='ltr'><strong>ingrata</strong></span> <span class='ocrx_word' id='word_1_361' title='bbox 792 4488 913 4553; x_wconf 90' lang='lat' dir='ltr'><strong>fuit,</strong></span> <span class='ocrx_word' id='word_1_362' title='bbox 948 4486 1189 4543; x_wconf 88' lang='lat' dir='ltr'><strong>Ecclesia</strong></span> <span class='ocrx_word' id='word_1_363' title='bbox 1216 4501 1345 4541; x_wconf 88' lang='lat' dir='ltr'><strong>vero</strong></span> <span class='ocrx_word' id='word_1_364' title='bbox 1365 4501 1393 4539; x_wconf 89' lang='lat' dir='ltr'><strong>a</strong></span> <span class='ocrx_word' id='word_1_365' title='bbox 1421 4485 1606 4556; x_wconf 86' lang='lat' dir='ltr'><strong>patriis</strong></span> <span class='ocrx_word' id='word_1_366' title='bbox 1630 4483 1787 4538; x_wconf 91' lang='lat' dir='ltr'><strong>malis</strong></span> 
     </span>
    </p>
   </div>
   <div class='ocr_carea' id='block_1_48' title="bbox 205 4577 1778 4650">
    <p class='ocr_par' dir='ltr' id='par_1_48' title="bbox 205 4577 1778 4650">
     <span class='ocr_line' id='line_1_48' title="bbox 205 4577 1778 4650; baseline -0.003 -14"><span class='ocrx_word' id='word_1_367' title='bbox 205 4583 356 4636; x_wconf 60' lang='lat' dir='ltr'><strong>umel</strong></span> <span class='ocrx_word' id='word_1_368' title='bbox 389 4582 643 4648; x_wconf 87' lang='lat' dir='ltr'><strong>liberata,</strong></span> <span class='ocrx_word' id='word_1_369' title='bbox 675 4583 726 4637; x_wconf 92' lang='lat' dir='ltr'><strong>in</strong></span> <span class='ocrx_word' id='word_1_370' title='bbox 760 4581 941 4650; x_wconf 89' lang='lat' dir='ltr'><strong>sponsi</strong></span> <span class='ocrx_word' id='word_1_371' title='bbox 973 4582 1219 4649; x_wconf 90' lang='lat' dir='ltr'><strong>amplexu</strong></span> <span class='ocrx_word' id='word_1_372' title='bbox 1244 4579 1557 4650; x_wconf 88' lang='lat' dir='ltr'><strong>permansit.</strong></span> <span class='ocrx_word' id='word_1_373' title='bbox 1589 4577 1778 4632; x_wconf 86' lang='lat' dir='ltr'><strong>Anim-</strong></span> 
     </span>
    </p>
   </div>
   <div class='ocr_carea' id='block_1_49' title="bbox 203 4669 1781 4745">
    <p class='ocr_par' dir='ltr' id='par_1_49' title="bbox 203 4669 1781 4745">
     <span class='ocr_line' id='line_1_49' title="bbox 203 4669 1781 4745; baseline -0.001 -19"><span class='ocrx_word' id='word_1_374' title='bbox 203 4674 416 4730; x_wconf 72' lang='lat' dir='ltr'><strong>adverte</strong></span> <span class='ocrx_word' id='word_1_375' title='bbox 436 4689 499 4730; x_wconf 85' lang='lat' dir='ltr'><strong>ea</strong></span> <span class='ocrx_word' id='word_1_376' title='bbox 528 4690 651 4745; x_wconf 80' lang='lat' dir='ltr'><strong>qua:</strong></span> <span class='ocrx_word' id='word_1_377' title='bbox 680 4673 744 4727; x_wconf 90' lang='lat' dir='ltr'><strong>ad</strong></span> <span class='ocrx_word' id='word_1_378' title='bbox 767 4672 911 4733; x_wconf 75' lang='lat' dir='ltr'><strong>Ruth</strong></span> <span class='ocrx_word' id='word_1_379' title='bbox 938 4680 1179 4741; x_wconf 91' lang='lat' dir='ltr'><strong>spectant</strong></span> <span class='ocrx_word' id='word_1_380' title='bbox 1203 4672 1399 4727; x_wconf 87' lang='lat' dir='ltr'><strong>nostris</strong></span> <span class='ocrx_word' id='word_1_381' title='bbox 1427 4686 1549 4727; x_wconf 87' lang='lat' dir='ltr'><strong>esse</strong></span> <span class='ocrx_word' id='word_1_382' title='bbox 1567 4669 1781 4725; x_wconf 81' lang='lat' dir='ltr'><strong>similia.</strong></span> 
     </span>
    </p>
   </div>
   <div class='ocr_carea' id='block_1_50' title="bbox 204 4764 1785 4839">
    <p class='ocr_par' dir='ltr' id='par_1_50' title="bbox 204 4764 1785 4839">
     <span class='ocr_line' id='line_1_50' title="bbox 204 4764 1785 4839; baseline -0.003 -18"><span class='ocrx_word' id='word_1_383' title='bbox 204 4766 313 4823; x_wconf 75' lang='lat' dir='ltr'><strong>llzec</strong></span> <span class='ocrx_word' id='word_1_384' title='bbox 330 4768 533 4839; x_wconf 88' lang='lat' dir='ltr'><strong>quippe</strong></span> <span class='ocrx_word' id='word_1_385' title='bbox 558 4766 861 4837; x_wconf 76' lang='lat' dir='ltr'><strong>alienigena</strong></span> <span class='ocrx_word' id='word_1_386' title='bbox 900 4774 1037 4828; x_wconf 87' lang='lat' dir='ltr'><strong>erat,</strong></span> <span class='ocrx_word' id='word_1_387' title='bbox 1065 4773 1118 4819; x_wconf 88' lang='lat' dir='ltr'><strong>et</strong></span> <span class='ocrx_word' id='word_1_388' title='bbox 1146 4764 1211 4818; x_wconf 92' lang='lat' dir='ltr'><strong>ad</strong></span> <span class='ocrx_word' id='word_1_389' title='bbox 1251 4772 1548 4820; x_wconf 78' lang='lat' dir='ltr'><strong>extremam</strong></span> <span class='ocrx_word' id='word_1_390' title='bbox 1587 4776 1785 4831; x_wconf 83' lang='lat' dir='ltr'><strong>paupe-</strong></span> 
     </span>
    </p>
   </div>
   <div class='ocr_carea' id='block_1_51' title="bbox 202 4856 1787 4925">
    <p class='ocr_par' dir='ltr' id='par_1_51' title="bbox 202 4856 1787 4925">
     <span class='ocr_line' id='line_1_51' title="bbox 202 4856 1787 4925; baseline -0.004 -9"><span class='ocrx_word' id='word_1_391' title='bbox 202 4862 316 4916; x_wconf 85' lang='lat' dir='ltr'><strong>riem</strong></span> <span class='ocrx_word' id='word_1_392' title='bbox 344 4860 614 4923; x_wconf 88' lang='lat' dir='ltr'><strong>deducta;</strong></span> <span class='ocrx_word' id='word_1_393' title='bbox 653 4869 891 4914; x_wconf 85' lang='lat' dir='ltr'><strong>attamen</strong></span> <span class='ocrx_word' id='word_1_394' title='bbox 914 4857 1104 4913; x_wconf 89' lang='lat' dir='ltr'><strong>videns</strong></span> <span class='ocrx_word' id='word_1_395' title='bbox 1125 4857 1267 4911; x_wconf 86' lang='lat' dir='ltr'><strong>illam</strong></span> <span class='ocrx_word' id='word_1_396' title='bbox 1291 4856 1453 4922; x_wconf 86' lang='lat' dir='ltr'><strong>Booz,</strong></span> <span class='ocrx_word' id='word_1_397' title='bbox 1472 4870 1569 4911; x_wconf 90' lang='lat' dir='ltr'><strong>nec</strong></span> <span class='ocrx_word' id='word_1_398' title='bbox 1588 4870 1787 4925; x_wconf 85' lang='lat' dir='ltr'><strong>paupe-</strong></span> 
     </span>
    </p>
   </div>
   <div class='ocr_carea' id='block_1_52' title="bbox 202 4948 1781 5023">
    <p class='ocr_par' dir='ltr' id='par_1_52' title="bbox 202 4948 1781 5023">
     <span class='ocr_line' id='line_1_52' title="bbox 202 4948 1781 5023; baseline -0.003 -17"><span class='ocrx_word' id='word_1_399' title='bbox 202 4954 319 5008; x_wconf 88' lang='lat' dir='ltr'><strong>riem</strong></span> <span class='ocrx_word' id='word_1_400' title='bbox 371 4953 665 5023; x_wconf 77' lang='lat' dir='ltr'><strong>despexit,</strong></span> <span class='ocrx_word' id='word_1_401' title='bbox 703 4966 876 5021; x_wconf 84' lang='lat' dir='ltr'><strong>neque</strong></span> <span class='ocrx_word' id='word_1_402' title='bbox 920 4950 1150 5021; x_wconf 83' lang='lat' dir='ltr'><strong>ignobile</strong></span> <span class='ocrx_word' id='word_1_403' title='bbox 1195 4948 1518 5018; x_wconf 68' lang='lat' dir='ltr'><strong>contempsit</strong></span> <span class='ocrx_word' id='word_1_404' title='bbox 1562 4962 1781 5020; x_wconf 87' lang='lat' dir='ltr'><strong>genus:</strong></span> 
     </span>
    </p>
   </div>
   <div class='ocr_carea' id='block_1_53' title="bbox 201 5040 1784 5116">
    <p class='ocr_par' dir='ltr' id='par_1_53' title="bbox 201 5040 1784 5116">
     <span class='ocr_line' id='line_1_53' title="bbox 201 5040 1784 5116; baseline -0.004 -15"><span class='ocrx_word' id='word_1_405' title='bbox 201 5045 640 5116; x_wconf 83' lang='lat' dir='ltr'><strong>quemadmodum</strong></span> <span class='ocrx_word' id='word_1_406' title='bbox 669 5054 725 5101; x_wconf 93' lang='lat' dir='ltr'><strong>et</strong></span> <span class='ocrx_word' id='word_1_407' title='bbox 757 5043 1001 5100; x_wconf 87' lang='lat' dir='ltr'><strong>Christus</strong></span> <span class='ocrx_word' id='word_1_408' title='bbox 1052 5053 1353 5114; x_wconf 87' lang='lat' dir='ltr'><strong>susceptam</strong></span> <span class='ocrx_word' id='word_1_409' title='bbox 1381 5040 1698 5105; x_wconf 75' lang='lat' dir='ltr'><strong>Ecclesium,</strong></span> <span class='ocrx_word' id='word_1_410' title='bbox 1729 5049 1784 5095; x_wconf 88' lang='lat' dir='ltr'><strong>et</strong></span> 
     </span>
    </p>
   </div>
   <div class='ocr_carea' id='block_1_54' title="bbox 203 5136 1783 5211">
    <p class='ocr_par' dir='ltr' id='par_1_54' title="bbox 203 5136 1783 5211">
     <span class='ocr_line' id='line_1_54' title="bbox 203 5136 1783 5211; baseline -0.002 -18"><span class='ocrx_word' id='word_1_411' title='bbox 203 5142 537 5211; x_wconf 81' lang='lat' dir='ltr'><strong>alienigenam</strong></span> <span class='ocrx_word' id='word_1_412' title='bbox 565 5150 621 5195; x_wconf 92' lang='lat' dir='ltr'><strong>et</strong></span> <span class='ocrx_word' id='word_1_413' title='bbox 649 5154 963 5209; x_wconf 88' lang='lat' dir='ltr'><strong>magnorum</strong></span> <span class='ocrx_word' id='word_1_414' title='bbox 994 5136 1216 5207; x_wconf 90' lang='lat' dir='ltr'><strong>penuria</strong></span> <span class='ocrx_word' id='word_1_415' title='bbox 1236 5137 1499 5192; x_wconf 87' lang='lat' dir='ltr'><strong>bonorum</strong></span> <span class='ocrx_word' id='word_1_416' title='bbox 1530 5136 1783 5190; x_wconf 87' lang='lat' dir='ltr'><strong>laboran-</strong></span> 
     </span>
    </p>
   </div>
   <div class='ocr_carea' id='block_1_55' title="bbox 206 5227 1779 5300">
    <p class='ocr_par' dir='ltr' id='par_1_55' title="bbox 206 5227 1779 5300">
     <span class='ocr_line' id='line_1_55' title="bbox 206 5227 1779 5300; baseline -0.003 -13"><span class='ocrx_word' id='word_1_417' title='bbox 206 5245 315 5299; x_wconf 80' lang='lat' dir='ltr'><strong>tem,</strong></span> <span class='ocrx_word' id='word_1_418' title='bbox 360 5234 412 5289; x_wconf 90' lang='lat' dir='ltr'><strong>in</strong></span> <span class='ocrx_word' id='word_1_419' title='bbox 453 5243 767 5289; x_wconf 90' lang='lat' dir='ltr'><strong>consortem</strong></span> <span class='ocrx_word' id='word_1_420' title='bbox 809 5230 1043 5286; x_wconf 88' lang='lat' dir='ltr'><strong>admisit.</strong></span> <span class='ocrx_word' id='word_1_421' title='bbox 1074 5231 1149 5285; x_wconf 88' lang='lat' dir='ltr'><strong>Ac</strong></span> <span class='ocrx_word' id='word_1_422' title='bbox 1192 5227 1636 5300; x_wconf 88' lang='lat' dir='ltr'><strong>quemadmodum</strong></span> <span class='ocrx_word' id='word_1_423' title='bbox 1670 5229 1779 5298; x_wconf 83' lang='lat' dir='ltr'><strong>illa,</strong></span> 
     </span>
    </p>
   </div>
   <div class='ocr_carea' id='block_1_56' title="bbox 206 5320 1781 5401">
    <p class='ocr_par' dir='ltr' id='par_1_56' title="bbox 206 5320 1781 5401">
     <span class='ocr_line' id='line_1_56' title="bbox 206 5320 1781 5401; baseline -0.002 -20"><span class='ocrx_word' id='word_1_424' title='bbox 206 5330 286 5383; x_wconf 75' lang='lat' dir='ltr'><strong>nisi</strong></span> <span class='ocrx_word' id='word_1_425' title='bbox 306 5329 451 5389; x_wconf 70' lang='lat' dir='ltr'><strong>prius</strong></span> <span class='ocrx_word' id='word_1_426' title='bbox 476 5336 690 5401; x_wconf 88' lang='lat' dir='ltr'><strong>patrem</strong></span> <span class='ocrx_word' id='word_1_427' title='bbox 710 5324 1025 5393; x_wconf 81' lang='lat' dir='ltr'><strong>dimisisset,</strong></span> <span class='ocrx_word' id='word_1_428' title='bbox 1044 5320 1263 5379; x_wconf 90' lang='lat' dir='ltr'><strong>domum</strong></span> <span class='ocrx_word' id='word_1_429' title='bbox 1292 5323 1703 5394; x_wconf 83' lang='lat' dir='ltr'><strong>contempsisset</strong></span> <span class='ocrx_word' id='word_1_430' title='bbox 1726 5330 1781 5378; x_wconf 88' lang='lat' dir='ltr'><strong>et</strong></span> 
     </span>
    </p>
   </div>
   <div class='ocr_carea' id='block_1_57' title="bbox 257 5524 1774 5593">
    <p class='ocr_par' dir='ltr' id='par_1_57' title="bbox 257 5524 1774 5593">
     <span class='ocr_line' id='line_1_57' title="bbox 257 5524 1774 5593; baseline 0.005 -18"><span class='ocrx_word' id='word_1_431' title='bbox 257 5527 272 5557; x_wconf 81' lang='grc' dir='ltr'><strong>ι</strong></span> <span class='ocrx_word' id='word_1_432' title='bbox 288 5526 352 5593; x_wconf 64' lang='lat' dir='ltr'><strong>in</strong></span> <span class='ocrx_word' id='word_1_433' title='bbox 368 5525 537 5593; x_wconf 71' lang='lat' dir='ltr'><strong>Morel.</strong></span> <span class='ocrx_word' id='word_1_434' title='bbox 555 5533 692 5593; x_wconf 65' lang='grc' dir='ltr'><strong>[οδε.</strong></span> <span class='ocrx_word' id='word_1_435' title='bbox 723 5524 869 5589; x_wconf 79' lang='lat' dir='ltr'><strong>Raab,</strong></span> <span class='ocrx_word' id='word_1_436' title='bbox 888 5525 1017 5579; x_wconf 89' lang='lat' dir='ltr'><strong>male</strong></span> <span class='ocrx_word' id='word_1_437' title='bbox 1039 5526 1248 5590; x_wconf 84' lang='lat' dir='ltr'><strong>additur,</strong></span> <span class='ocrx_word' id='word_1_438' title='bbox 1263 5533 1309 5579; x_wconf 88' lang='lat' dir='ltr'><strong>et</strong></span> <span class='ocrx_word' id='word_1_439' title='bbox 1327 5526 1548 5590; x_wconf 80' lang='lat' dir='ltr'><strong>Thamar,</strong></span> <span class='ocrx_word' id='word_1_440' title='bbox 1563 5528 1669 5593; x_wconf 81' lang='lat' dir='ltr'><strong>ipsa</strong></span> <span class='ocrx_word' id='word_1_441' title='bbox 1689 5540 1774 5582; x_wconf 87' lang='lat' dir='ltr'><strong>se-</strong></span> 
     </span>
    </p>
   </div>
   <div class='ocr_carea' id='block_1_58' title="bbox 211 5589 751 5640">
    <p class='ocr_par' dir='ltr' id='par_1_58' title="bbox 211 5589 751 5640">
     <span class='ocr_line' id='line_1_58' title="bbox 211 5589 751 5640; baseline 0.002 -4"><span class='ocrx_word' id='word_1_442' title='bbox 211 5590 268 5638; x_wconf 85' lang='lat' dir='ltr'><strong>rie</strong></span> <span class='ocrx_word' id='word_1_443' title='bbox 288 5589 459 5640; x_wconf 75' lang='lat' dir='ltr'><strong>lapsum</strong></span> <span class='ocrx_word' id='word_1_444' title='bbox 485 5590 751 5640; x_wconf 83' lang='lat' dir='ltr'><strong>indicante.</strong></span> 
     </span>
    </p>
   </div>
   <div class='ocr_carea' id='block_1_59' title="bbox 1902 323 3487 396">
    <p class='ocr_par' dir='ltr' id='par_1_59' title="bbox 1902 323 3487 396">
     <span class='ocr_line' id='line_1_59' title="bbox 1902 323 3487 396; baseline 0.003 -22"><span class='ocrx_word' id='word_1_445' title='bbox 1902 334 2071 388; x_wconf 83' lang='lat' dir='ltr'><strong>genus</strong></span> <span class='ocrx_word' id='word_1_446' title='bbox 2100 330 2152 375; x_wconf 85' lang='lat' dir='ltr'><strong>et</strong></span> <span class='ocrx_word' id='word_1_447' title='bbox 2185 323 2407 390; x_wconf 82' lang='lat' dir='ltr'><strong>patriam</strong></span> <span class='ocrx_word' id='word_1_448' title='bbox 2429 332 2483 376; x_wconf 89' lang='lat' dir='ltr'><strong>et</strong></span> <span class='ocrx_word' id='word_1_449' title='bbox 2513 334 2766 394; x_wconf 86' lang='lat' dir='ltr'><strong>cognatos</strong></span> <span class='ocrx_word' id='word_1_450' title='bbox 2787 367 2804 390; x_wconf 95' lang='lat'><strong>,</strong></span> <span class='ocrx_word' id='word_1_451' title='bbox 2837 341 3121 396; x_wconf 83' lang='lat' dir='ltr'><strong>numquam</strong></span> <span class='ocrx_word' id='word_1_452' title='bbox 3152 325 3239 380; x_wconf 85' lang='lat' dir='ltr'><strong>tali</strong></span> <span class='ocrx_word' id='word_1_453' title='bbox 3282 341 3487 379; x_wconf 74' lang='lat' dir='ltr'><strong>counu~</strong></span> 
     </span>
    </p>
   </div>
   <div class='ocr_carea' id='block_1_60' title="bbox 1906 410 3492 489">
    <p class='ocr_par' dir='ltr' id='par_1_60' title="bbox 1906 410 3492 489">
     <span class='ocr_line' id='line_1_60' title="bbox 1906 410 3492 489; baseline 0.004 -23"><span class='ocrx_word' id='word_1_454' title='bbox 1906 410 1993 466; x_wconf 86' lang='lat' dir='ltr'><strong>hio</strong></span> <span class='ocrx_word' id='word_1_455' title='bbox 2014 413 2226 483; x_wconf 82' lang='lat' dir='ltr'><strong>dignata</strong></span> <span class='ocrx_word' id='word_1_456' title='bbox 2252 414 2435 469; x_wconf 74' lang='lat' dir='ltr'><strong>fuisset</strong></span> <span class='ocrx_word' id='word_1_457' title='bbox 2463 434 2475 468; x_wconf 87' lang='lat'><strong>:</strong></span> <span class='ocrx_word' id='word_1_458' title='bbox 2506 418 2583 471; x_wconf 89' lang='lat' dir='ltr'><strong>sic</strong></span> <span class='ocrx_word' id='word_1_459' title='bbox 2614 416 2850 473; x_wconf 85' lang='lat' dir='ltr'><strong>Ecclesia</strong></span> <span class='ocrx_word' id='word_1_460' title='bbox 2901 420 3085 489; x_wconf 88' lang='lat' dir='ltr'><strong>patriis</strong></span> <span class='ocrx_word' id='word_1_461' title='bbox 3114 418 3351 474; x_wconf 84' lang='lat' dir='ltr'><strong>dimissis</strong></span> <span class='ocrx_word' id='word_1_462' title='bbox 3377 434 3492 473; x_wconf 82' lang='lat' dir='ltr'><strong>mo-</strong></span> 
     </span>
    </p>
   </div>
   <div class='ocr_carea' id='block_1_61' title="bbox 1902 502 3485 580">
    <p class='ocr_par' dir='ltr' id='par_1_61' title="bbox 1902 502 3485 580">
     <span class='ocr_line' id='line_1_61' title="bbox 1902 502 3485 580; baseline 0.006 -24"><span class='ocrx_word' id='word_1_463' title='bbox 1902 502 2071 570; x_wconf 87' lang='lat' dir='ltr'><strong>ribus,</strong></span> <span class='ocrx_word' id='word_1_464' title='bbox 2107 514 2230 558; x_wconf 91' lang='lat' dir='ltr'><strong>tunc</strong></span> <span class='ocrx_word' id='word_1_465' title='bbox 2257 507 2502 561; x_wconf 85' lang='lat' dir='ltr'><strong>amabilis</strong></span> <span class='ocrx_word' id='word_1_466' title='bbox 2551 522 2751 578; x_wconf 79' lang='lat' dir='ltr'><strong>Sponso</strong></span> <span class='ocrx_word' id='word_1_467' title='bbox 2782 509 2896 563; x_wconf 86' lang='lat' dir='ltr'><strong>fuit.</strong></span> <span class='ocrx_word' id='word_1_468' title='bbox 2931 508 3086 577; x_wconf 84' lang='lat' dir='ltr'><strong>Quod</strong></span> <span class='ocrx_word' id='word_1_469' title='bbox 3130 518 3184 564; x_wconf 87' lang='lat' dir='ltr'><strong>et</strong></span> <span class='ocrx_word' id='word_1_470' title='bbox 3228 509 3485 580; x_wconf 83' lang='lat' dir='ltr'><strong>propheta</strong></span> 
     </span>
    </p>
   </div>
   <div class='ocr_carea' id='block_1_62' title="bbox 1903 602 3485 675">
    <p class='ocr_par' dir='ltr' id='par_1_62' title="bbox 1903 602 3485 675">
     <span class='ocr_line' id='line_1_62' title="bbox 1903 602 3485 675; baseline 0.003 -20"><span class='ocrx_word' id='word_1_471' title='bbox 1903 602 2073 670; x_wconf 88' lang='lat' dir='ltr'><strong>ipsam</strong></span> <span class='ocrx_word' id='word_1_472' title='bbox 2111 602 2390 671; x_wconf 89' lang='lat' dir='ltr'><strong>alloquens</strong></span> <span class='ocrx_word' id='word_1_473' title='bbox 2412 602 2647 658; x_wconf 71' lang='lat' dir='ltr'><strong>declarat</strong></span> <span class='ocrx_word' id='word_1_474' title='bbox 2672 622 2683 656; x_wconf 91' lang='lat'>:</span> <span class='ocrx_word' id='word_1_475' title='bbox 2721 603 3024 658; x_wconf 84' lang='lat' dir='ltr'><strong>Oblivisccre</strong></span> <span class='ocrx_word' id='word_1_476' title='bbox 3050 605 3291 675; x_wconf 84' lang='lat' dir='ltr'><strong>papulum</strong></span> <span class='ocrx_word' id='word_1_477' title='bbox 3320 618 3485 671; x_wconf 78' lang='lat' dir='ltr'><strong>tuum,</strong></span> 
     </span>
    </p>
   </div>
   <div class='ocr_carea' id='block_1_63' title="bbox 1898 692 3487 764">
    <p class='ocr_par' dir='ltr' id='par_1_63' title="bbox 1898 692 3487 764">
     <span class='ocr_line' id='line_1_63' title="bbox 1898 692 3487 764; baseline 0.005 -19"><span class='ocrx_word' id='word_1_478' title='bbox 1898 702 1944 745; x_wconf 89' lang='lat' dir='ltr'><strong>et</strong></span> <span class='ocrx_word' id='word_1_479' title='bbox 1966 692 2168 746; x_wconf 84' lang='lat' dir='ltr'><strong>domum</strong></span> <span class='ocrx_word' id='word_1_480' title='bbox 2210 695 2368 762; x_wconf 81' lang='lat' dir='ltr'><strong>patris</strong></span> <span class='ocrx_word' id='word_1_481' title='bbox 2394 694 2485 759; x_wconf 85' lang='lat' dir='ltr'><strong>tui,</strong></span> <span class='ocrx_word' id='word_1_482' title='bbox 2516 705 2562 749; x_wconf 86' lang='lat' dir='ltr'><strong>et</strong></span> <span class='ocrx_word' id='word_1_483' title='bbox 2609 698 2924 764; x_wconf 82' lang='lat' dir='ltr'><strong>concupiscet</strong></span> <span class='ocrx_word' id='word_1_484' title='bbox 2969 714 3058 751; x_wconf 77' lang='lat' dir='ltr'><strong>rex</strong></span> <span class='ocrx_word' id='word_1_485' title='bbox 3086 700 3315 753; x_wconf 82' lang='lat' dir='ltr'><strong>decorem</strong></span> <span class='ocrx_word' id='word_1_486' title='bbox 3344 708 3487 753; x_wconf 88' lang='lat' dir='ltr'><strong>tuum</strong></span> 
     </span>
    </p>
   </div>
   <div class='ocr_carea' id='block_1_64' title="bbox 1899 786 3491 861">
    <p class='ocr_par' dir='ltr' id='par_1_64' title="bbox 1899 786 3491 861">
     <span class='ocr_line' id='line_1_64' title="bbox 1899 786 3491 861; baseline 0.004 -21"><span class='ocrx_word' id='word_1_487' title='bbox 1899 786 2070 855; x_wconf 82' lang='lat' dir='ltr'><strong>(Psal.</strong></span> <span class='ocrx_word' id='word_1_488' title='bbox 2101 790 2189 843; x_wconf 72' lang='grc'><strong>44.</strong></span> <span class='ocrx_word' id='word_1_489' title='bbox 2217 790 2308 844; x_wconf 84' lang='lat' dir='ltr'><strong>ll.</strong></span> <span class='ocrx_word' id='word_1_490' title='bbox 2348 789 2438 861; x_wconf 74' lang='grc'><strong>12)</strong></span> <span class='ocrx_word' id='word_1_491' title='bbox 2470 806 2484 820; x_wconf 78' lang='grc'><em>’</em></span> <span class='ocrx_word' id='word_1_492' title='bbox 2520 787 2622 845; x_wconf 86' lang='lat' dir='ltr'><strong>hoc</strong></span> <span class='ocrx_word' id='word_1_493' title='bbox 2662 799 2723 845; x_wconf 87' lang='lat' dir='ltr'><strong>et</strong></span> <span class='ocrx_word' id='word_1_494' title='bbox 2763 791 2907 847; x_wconf 82' lang='lat' dir='ltr'><strong>Ruth</strong></span> <span class='ocrx_word' id='word_1_495' title='bbox 2960 790 3085 847; x_wconf 86' lang='lat' dir='ltr'><strong>fecit</strong></span> <span class='ocrx_word' id='word_1_496' title='bbox 3111 806 3127 845; x_wconf 85' lang='lat'><strong>:</strong></span> <span class='ocrx_word' id='word_1_497' title='bbox 3156 793 3276 848; x_wconf 80' lang='lat' dir='ltr'><strong>ideo</strong></span> <span class='ocrx_word' id='word_1_498' title='bbox 3324 803 3491 848; x_wconf 77' lang='lat' dir='ltr'><strong>mater</strong></span> 
     </span>
    </p>
   </div>
   <div class='ocr_carea' id='block_1_65' title="bbox 1898 881 3492 957">
    <p class='ocr_par' dir='ltr' id='par_1_65' title="bbox 1898 881 3492 957">
     <span class='ocr_line' id='line_1_65' title="bbox 1898 881 3492 957; baseline 0.004 -23"><span class='ocrx_word' id='word_1_499' title='bbox 1898 897 2079 950; x_wconf 80' lang='lat' dir='ltr'><strong>regum</strong></span> <span class='ocrx_word' id='word_1_500' title='bbox 2110 881 2226 947; x_wconf 85' lang='lat' dir='ltr'><strong>fuit,</strong></span> <span class='ocrx_word' id='word_1_501' title='bbox 2251 882 2699 953; x_wconf 87' lang='lat' dir='ltr'><strong>quemadmodum</strong></span> <span class='ocrx_word' id='word_1_502' title='bbox 2715 894 2767 939; x_wconf 89' lang='lat' dir='ltr'><strong>et</strong></span> <span class='ocrx_word' id='word_1_503' title='bbox 2790 885 3022 940; x_wconf 83' lang='lat' dir='ltr'><strong>Ecclesia</strong></span> <span class='ocrx_word' id='word_1_504' title='bbox 3049 902 3061 937; x_wconf 89' lang='lat'><strong>:</strong></span> <span class='ocrx_word' id='word_1_505' title='bbox 3087 900 3154 940; x_wconf 82' lang='lat' dir='ltr'><strong>ex</strong></span> <span class='ocrx_word' id='word_1_506' title='bbox 3188 886 3273 939; x_wconf 89' lang='lat' dir='ltr'><strong>illa</strong></span> <span class='ocrx_word' id='word_1_507' title='bbox 3295 888 3492 957; x_wconf 82' lang='lat' dir='ltr'><strong>quippe</strong></span> 
     </span>
    </p>
   </div>
   <div class='ocr_carea' id='block_1_66' title="bbox 1897 976 3491 1048">
    <p class='ocr_par' dir='ltr' id='par_1_66' title="bbox 1897 976 3491 1048">
     <span class='ocr_line' id='line_1_66' title="bbox 1897 976 3491 1048; baseline 0.004 -22"><span class='ocrx_word' id='word_1_508' title='bbox 1897 985 2046 1028; x_wconf 89' lang='lat' dir='ltr'><strong>ortus</strong></span> <span class='ocrx_word' id='word_1_509' title='bbox 2075 984 2159 1030; x_wconf 87' lang='lat' dir='ltr'><strong>est</strong></span> <span class='ocrx_word' id='word_1_510' title='bbox 2187 976 2377 1031; x_wconf 87' lang='lat' dir='ltr'><strong>David.</strong></span> <span class='ocrx_word' id='word_1_511' title='bbox 2414 978 2515 1032; x_wconf 80' lang='lat' dir='ltr'><strong>Per</strong></span> <span class='ocrx_word' id='word_1_512' title='bbox 2537 976 2651 1032; x_wconf 63' lang='lat' dir='ltr'><strong>ha‘e</strong></span> <span class='ocrx_word' id='word_1_513' title='bbox 2694 978 2854 1048; x_wconf 81' lang='lat' dir='ltr'><strong>igitur</strong></span> <span class='ocrx_word' id='word_1_514' title='bbox 2904 980 3079 1032; x_wconf 88' lang='lat' dir='ltr'><strong>onmia</strong></span> <span class='ocrx_word' id='word_1_515' title='bbox 3132 980 3331 1047; x_wconf 83' lang='lat' dir='ltr'><strong>pudore</strong></span> <span class='ocrx_word' id='word_1_516' title='bbox 3374 981 3491 1034; x_wconf 83' lang='lat' dir='ltr'><strong>illos</strong></span> 
     </span>
    </p>
   </div>
   <div class='ocr_carea' id='block_1_67' title="bbox 1897 1066 3488 1143">
    <p class='ocr_par' dir='ltr' id='par_1_67' title="bbox 1897 1066 3488 1143">
     <span class='ocr_line' id='line_1_67' title="bbox 1897 1066 3488 1143; baseline 0.003 -26"><span class='ocrx_word' id='word_1_517' title='bbox 1897 1066 2154 1133; x_wconf 82' lang='lat' dir='ltr'><strong>afficiens,</strong></span> <span class='ocrx_word' id='word_1_518' title='bbox 2184 1068 2522 1140; x_wconf 86' lang='lat' dir='ltr'><strong>suadensque</strong></span> <span class='ocrx_word' id='word_1_519' title='bbox 2550 1086 2615 1123; x_wconf 91' lang='lat' dir='ltr'><strong>ne</strong></span> <span class='ocrx_word' id='word_1_520' title='bbox 2643 1071 2808 1125; x_wconf 89' lang='lat' dir='ltr'><strong>altum</strong></span> <span class='ocrx_word' id='word_1_521' title='bbox 2830 1080 3098 1140; x_wconf 89' lang='lat' dir='ltr'><strong>saperent,</strong></span> <span class='ocrx_word' id='word_1_522' title='bbox 3126 1073 3488 1143; x_wconf 74' lang='lat' dir='ltr'><strong>genealogiam</strong></span> 
     </span>
    </p>
   </div>
   <div class='ocr_carea' id='block_1_68' title="bbox 1899 1161 3487 1233">
    <p class='ocr_par' dir='ltr' id='par_1_68' title="bbox 1899 1161 3487 1233">
     <span class='ocr_line' id='line_1_68' title="bbox 1899 1161 3487 1233; baseline 0.004 -23"><span class='ocrx_word' id='word_1_523' title='bbox 1899 1164 2084 1225; x_wconf 81' lang='lat' dir='ltr'><strong>texuit,</strong></span> <span class='ocrx_word' id='word_1_524' title='bbox 2110 1161 2468 1231; x_wconf 83' lang='lat' dir='ltr'><strong>mulieresque</strong></span> <span class='ocrx_word' id='word_1_525' title='bbox 2493 1163 2621 1217; x_wconf 89' lang='lat' dir='ltr'><strong>istas</strong></span> <span class='ocrx_word' id='word_1_526' title='bbox 2644 1164 2695 1217; x_wconf 92' lang='lat' dir='ltr'><strong>in</strong></span> <span class='ocrx_word' id='word_1_527' title='bbox 2725 1164 2961 1219; x_wconf 90' lang='lat' dir='ltr'><strong>medium</strong></span> <span class='ocrx_word' id='word_1_528' title='bbox 2992 1166 3231 1233; x_wconf 84' lang='lat' dir='ltr'><strong>protulit.</strong></span> <span class='ocrx_word' id='word_1_529' title='bbox 3276 1166 3487 1219; x_wconf 80' lang='lat' dir='ltr'><strong>Etenim</strong></span> 
     </span>
    </p>
   </div>
   <div class='ocr_carea' id='block_1_69' title="bbox 1896 1252 3489 1329">
    <p class='ocr_par' dir='ltr' id='par_1_69' title="bbox 1896 1252 3489 1329">
     <span class='ocr_line' id='line_1_69' title="bbox 1896 1252 3489 1329; baseline 0.003 -25"><span class='ocrx_word' id='word_1_530' title='bbox 1896 1266 2147 1321; x_wconf 87' lang='lat' dir='ltr'><strong>magnum</strong></span> <span class='ocrx_word' id='word_1_531' title='bbox 2169 1252 2255 1307; x_wconf 86' lang='lat' dir='ltr'><strong>illa</strong></span> <span class='ocrx_word' id='word_1_532' title='bbox 2287 1270 2469 1324; x_wconf 85' lang='lat' dir='ltr'><strong>regem</strong></span> <span class='ocrx_word' id='word_1_533' title='bbox 2500 1272 2592 1326; x_wconf 89' lang='lat' dir='ltr'><strong>per</strong></span> <span class='ocrx_word' id='word_1_534' title='bbox 2624 1266 2845 1327; x_wconf 88' lang='lat' dir='ltr'><strong>nepotes</strong></span> <span class='ocrx_word' id='word_1_535' title='bbox 2875 1258 3097 1329; x_wconf 87' lang='lat' dir='ltr'><strong>genuit;</strong></span> <span class='ocrx_word' id='word_1_536' title='bbox 3130 1274 3302 1328; x_wconf 91' lang='lat' dir='ltr'><strong>neque</strong></span> <span class='ocrx_word' id='word_1_537' title='bbox 3328 1274 3389 1315; x_wconf 87' lang='lat' dir='ltr'><strong>ea</strong></span> <span class='ocrx_word' id='word_1_538' title='bbox 3424 1260 3489 1312; x_wconf 82' lang='lat' dir='ltr'><strong>de</strong></span> 
     </span>
    </p>
   </div>
   <div class='ocr_carea' id='block_1_70' title="bbox 1896 1344 2948 1402">
    <p class='ocr_par' dir='ltr' id='par_1_70' title="bbox 1896 1344 2948 1402">
     <span class='ocr_line' id='line_1_70' title="bbox 1896 1344 2948 1402; baseline 0.008 -5"><span class='ocrx_word' id='word_1_539' title='bbox 1896 1359 1953 1397; x_wconf 89' lang='lat' dir='ltr'><strong>re</strong></span> <span class='ocrx_word' id='word_1_540' title='bbox 1982 1344 2249 1401; x_wconf 88' lang='lat' dir='ltr'><strong>erubescit</strong></span> <span class='ocrx_word' id='word_1_541' title='bbox 2280 1345 2462 1402; x_wconf 89' lang='lat' dir='ltr'><strong>David.</strong></span> <span class='ocrx_word' id='word_1_542' title='bbox 2910 1359 2948 1393; x_wconf 59' lang='grc' dir='ltr'><strong>κε</strong></span> 
     </span>
    </p>
   </div>
   <div class='ocr_carea' id='block_1_71' title="bbox 1955 1510 3474 1582">
    <p class='ocr_par' dir='ltr' id='par_1_71' title="bbox 1955 1510 3474 1582">
     <span class='ocr_line' id='line_1_71' title="bbox 1955 1510 3474 1582; baseline 0 -17"><span class='ocrx_word' id='word_1_543' title='bbox 1955 1510 2196 1582; x_wconf 84' lang='lat' dir='ltr'><strong>Nequitia</strong></span> <span class='ocrx_word' id='word_1_544' title='bbox 2222 1519 2486 1581; x_wconf 86' lang='lat' dir='ltr'><strong>parentum</strong></span> <span class='ocrx_word' id='word_1_545' title='bbox 2514 1526 2613 1564; x_wconf 88' lang='lat' dir='ltr'><strong>non</strong></span> <span class='ocrx_word' id='word_1_546' title='bbox 2641 1517 2785 1564; x_wconf 85' lang='lat' dir='ltr'><strong>nocet</strong></span> <span class='ocrx_word' id='word_1_547' title='bbox 2819 1510 2986 1579; x_wconf 78' lang='lat' dir='ltr'><strong>probis</strong></span> <span class='ocrx_word' id='word_1_548' title='bbox 3009 1525 3027 1563; x_wconf 90' lang='lat'><em>:</em></span> <span class='ocrx_word' id='word_1_549' title='bbox 3053 1519 3322 1572; x_wconf 82' lang='lat' dir='ltr'><strong>parentum</strong></span> <span class='ocrx_word' id='word_1_550' title='bbox 3350 1527 3474 1581; x_wconf 73' lang='lat' dir='ltr'><strong>pro-</strong></span> 
     </span>
    </p>
   </div>
   <div class='ocr_carea' id='block_1_72' title="bbox 1882 1588 3473 1672">
    <p class='ocr_par' dir='ltr' id='par_1_72' title="bbox 1882 1588 3473 1672">
     <span class='ocr_line' id='line_1_72' title="bbox 1882 1588 3473 1672; baseline -0.001 -15"><span class='ocrx_word' id='word_1_551' title='bbox 1882 1604 2008 1658; x_wconf 80' lang='lat' dir='ltr'><strong>bitas</strong></span> <span class='ocrx_word' id='word_1_552' title='bbox 2055 1588 2154 1658; x_wconf 80' lang='lat' dir='ltr'><strong>non</strong></span> <span class='ocrx_word' id='word_1_553' title='bbox 2192 1603 2393 1672; x_wconf 72' lang='lat' dir='ltr'><strong>prodest</strong></span> <span class='ocrx_word' id='word_1_554' title='bbox 2422 1603 2680 1672; x_wconf 80' lang='lat' dir='ltr'><strong>improbis.</strong></span> <span class='ocrx_word' id='word_1_555' title='bbox 2712 1632 2784 1642; x_wconf 95' lang='lat'><strong>—</strong></span> <span class='ocrx_word' id='word_1_556' title='bbox 2811 1601 2925 1656; x_wconf 91' lang='lat' dir='ltr'><strong>Non</strong></span> <span class='ocrx_word' id='word_1_557' title='bbox 2958 1594 3131 1672; x_wconf 83' lang='lat' dir='ltr'><strong>potest</strong></span> <span class='ocrx_word' id='word_1_558' title='bbox 3172 1604 3336 1667; x_wconf 85' lang='lat' dir='ltr'><strong>enim,</strong></span> <span class='ocrx_word' id='word_1_559' title='bbox 3368 1621 3473 1657; x_wconf 89' lang='lat' dir='ltr'><strong>non</strong></span> 
     </span>
    </p>
   </div>
   <div class='ocr_carea' id='block_1_73' title="bbox 1883 1696 3475 1767">
    <p class='ocr_par' dir='ltr' id='par_1_73' title="bbox 1883 1696 3475 1767">
     <span class='ocr_line' id='line_1_73' title="bbox 1883 1696 3475 1767; baseline 0.001 -18"><span class='ocrx_word' id='word_1_560' title='bbox 1883 1706 2059 1766; x_wconf 88' lang='lat' dir='ltr'><strong>potest</strong></span> <span class='ocrx_word' id='word_1_561' title='bbox 2081 1697 2264 1765; x_wconf 88' lang='lat' dir='ltr'><strong>utique</strong></span> <span class='ocrx_word' id='word_1_562' title='bbox 2290 1696 2553 1766; x_wconf 89' lang='lat' dir='ltr'><strong>quispiam</strong></span> <span class='ocrx_word' id='word_1_563' title='bbox 2585 1710 2648 1750; x_wconf 81' lang='lat' dir='ltr'><strong>ex</strong></span> <span class='ocrx_word' id='word_1_564' title='bbox 2681 1696 2874 1751; x_wconf 90' lang='lat' dir='ltr'><strong>virtute</strong></span> <span class='ocrx_word' id='word_1_565' title='bbox 2904 1706 2993 1750; x_wconf 89' lang='lat' dir='ltr'><strong>aut</strong></span> <span class='ocrx_word' id='word_1_566' title='bbox 3015 1713 3077 1750; x_wconf 86' lang='lat' dir='ltr'><strong>ex</strong></span> <span class='ocrx_word' id='word_1_567' title='bbox 3103 1697 3333 1767; x_wconf 84' lang='lat' dir='ltr'><strong>nequitia</strong></span> <span class='ocrx_word' id='word_1_568' title='bbox 3365 1712 3475 1750; x_wconf 88' lang='lat' dir='ltr'><strong>ma-</strong></span> 
     </span>
    </p>
   </div>
   <div class='ocr_carea' id='block_1_74' title="bbox 1878 1790 3475 1861">
    <p class='ocr_par' dir='ltr' id='par_1_74' title="bbox 1878 1790 3475 1861">
     <span class='ocr_line' id='line_1_74' title="bbox 1878 1790 3475 1861; baseline -0.001 -16"><span class='ocrx_word' id='word_1_569' title='bbox 1878 1791 2053 1861; x_wconf 88' lang='lat' dir='ltr'><strong>jorum</strong></span> <span class='ocrx_word' id='word_1_570' title='bbox 2098 1800 2187 1844; x_wconf 89' lang='lat' dir='ltr'><strong>aut</strong></span> <span class='ocrx_word' id='word_1_571' title='bbox 2225 1791 2422 1859; x_wconf 89' lang='lat' dir='ltr'><strong>probus</strong></span> <span class='ocrx_word' id='word_1_572' title='bbox 2459 1799 2550 1844; x_wconf 89' lang='lat' dir='ltr'><strong>aut</strong></span> <span class='ocrx_word' id='word_1_573' title='bbox 2584 1790 2858 1860; x_wconf 90' lang='lat' dir='ltr'><strong>improbus</strong></span> <span class='ocrx_word' id='word_1_574' title='bbox 2899 1804 3037 1856; x_wconf 86' lang='lat' dir='ltr'><strong>esse,</strong></span> <span class='ocrx_word' id='word_1_575' title='bbox 3082 1798 3173 1843; x_wconf 89' lang='lat' dir='ltr'><strong>aut</strong></span> <span class='ocrx_word' id='word_1_576' title='bbox 3212 1790 3475 1855; x_wconf 84' lang='lat' dir='ltr'><strong>gloriosus</strong></span> 
     </span>
    </p>
   </div>
   <div class='ocr_carea' id='block_1_75' title="bbox 1883 1882 3473 1954">
    <p class='ocr_par' dir='ltr' id='par_1_75' title="bbox 1883 1882 3473 1954">
     <span class='ocr_line' id='line_1_75' title="bbox 1883 1882 3473 1954; baseline -0.001 -17"><span class='ocrx_word' id='word_1_577' title='bbox 1883 1892 1974 1937; x_wconf 88' lang='lat' dir='ltr'><strong>aut</strong></span> <span class='ocrx_word' id='word_1_578' title='bbox 2003 1884 2257 1953; x_wconf 90' lang='lat' dir='ltr'><strong>inglorius</strong></span> <span class='ocrx_word' id='word_1_579' title='bbox 2287 1902 2300 1937; x_wconf 91' lang='lat'><strong>:</strong></span> <span class='ocrx_word' id='word_1_580' title='bbox 2332 1898 2517 1938; x_wconf 89' lang='lat' dir='ltr'><strong>verttm</strong></span> <span class='ocrx_word' id='word_1_581' title='bbox 2550 1884 2593 1938; x_wconf 92' lang='lat' dir='ltr'><strong>si</strong></span> <span class='ocrx_word' id='word_1_582' title='bbox 2622 1883 2746 1954; x_wconf 90' lang='lat' dir='ltr'><strong>quid</strong></span> <span class='ocrx_word' id='word_1_583' title='bbox 2784 1885 2973 1938; x_wconf 90' lang='lat' dir='ltr'><strong>mirum</strong></span> <span class='ocrx_word' id='word_1_584' title='bbox 3019 1883 3161 1937; x_wconf 89' lang='lat' dir='ltr'><strong>dictu</strong></span> <span class='ocrx_word' id='word_1_585' title='bbox 3195 1882 3473 1951; x_wconf 83' lang='lat' dir='ltr'><strong>proferen-</strong></span> 
     </span>
    </p>
   </div>
   <div class='ocr_carea' id='block_1_76' title="bbox 1883 1975 3474 2046">
    <p class='ocr_par' dir='ltr' id='par_1_76' title="bbox 1883 1975 3474 2046">
     <span class='ocr_line' id='line_1_76' title="bbox 1883 1975 3474 2046; baseline -0.001 -15"><span class='ocrx_word' id='word_1_586' title='bbox 1883 1976 2032 2041; x_wconf 88' lang='lat' dir='ltr'><strong>dum,</strong></span> <span class='ocrx_word' id='word_1_587' title='bbox 2067 1976 2156 2030; x_wconf 85' lang='lat' dir='ltr'><strong>ille.</strong></span> <span class='ocrx_word' id='word_1_588' title='bbox 2197 1975 2384 2044; x_wconf 87' lang='lat' dir='ltr'><strong>majori</strong></span> <span class='ocrx_word' id='word_1_589' title='bbox 2417 1976 2575 2045; x_wconf 83' lang='lat' dir='ltr'><strong>fulget</strong></span> <span class='ocrx_word' id='word_1_590' title='bbox 2604 1976 2915 2046; x_wconf 89' lang='lat' dir='ltr'><strong>splendore,</strong></span> <span class='ocrx_word' id='word_1_591' title='bbox 2939 1976 3026 2046; x_wconf 91' lang='lat' dir='ltr'><strong>qui</strong></span> <span class='ocrx_word' id='word_1_592' title='bbox 3055 1992 3119 2030; x_wconf 83' lang='lat' dir='ltr'><strong>ex</strong></span> <span class='ocrx_word' id='word_1_593' title='bbox 3162 1992 3265 2028; x_wconf 90' lang='lat' dir='ltr'><strong>non</strong></span> <span class='ocrx_word' id='word_1_594' title='bbox 3295 1976 3474 2043; x_wconf 83' lang='lat' dir='ltr'><strong>probis</strong></span> 
     </span>
    </p>
   </div>
   <div class='ocr_carea' id='block_1_77' title="bbox 1882 2066 3474 2137">
    <p class='ocr_par' dir='ltr' id='par_1_77' title="bbox 1882 2066 3474 2137">
     <span class='ocr_line' id='line_1_77' title="bbox 1882 2066 3474 2137; baseline 0 -16"><span class='ocrx_word' id='word_1_595' title='bbox 1882 2067 2176 2135; x_wconf 87' lang='lat' dir='ltr'><strong>majoribus</strong></span> <span class='ocrx_word' id='word_1_596' title='bbox 2215 2077 2385 2132; x_wconf 89' lang='lat' dir='ltr'><strong>ortus,</strong></span> <span class='ocrx_word' id='word_1_597' title='bbox 2434 2067 2631 2137; x_wconf 91' lang='lat' dir='ltr'><strong>probus</strong></span> <span class='ocrx_word' id='word_1_598' title='bbox 2677 2076 2852 2121; x_wconf 89' lang='lat' dir='ltr'><strong>tamen</strong></span> <span class='ocrx_word' id='word_1_599' title='bbox 2899 2066 3119 2122; x_wconf 86' lang='lat' dir='ltr'><strong>ellectus</strong></span> <span class='ocrx_word' id='word_1_600' title='bbox 3160 2074 3260 2123; x_wconf 90' lang='lat' dir='ltr'><strong>est.</strong></span> <span class='ocrx_word' id='word_1_601' title='bbox 3307 2066 3474 2123; x_wconf 87' lang='lat' dir='ltr'><strong>Nemo</strong></span> 
     </span>
    </p>
   </div>
   <div class='ocr_carea' id='block_1_78' title="bbox 1884 2158 3473 2230">
    <p class='ocr_par' dir='ltr' id='par_1_78' title="bbox 1884 2158 3473 2230">
     <span class='ocr_line' id='line_1_78' title="bbox 1884 2158 3473 2230; baseline 0.003 -17"><span class='ocrx_word' id='word_1_602' title='bbox 1884 2159 2044 2229; x_wconf 77' lang='lat' dir='ltr'><strong>igitur</strong></span> <span class='ocrx_word' id='word_1_603' title='bbox 2078 2159 2144 2213; x_wconf 89' lang='lat' dir='ltr'><strong>de</strong></span> <span class='ocrx_word' id='word_1_604' title='bbox 2187 2160 2251 2215; x_wconf 90' lang='lat' dir='ltr'><strong>iis</strong></span> <span class='ocrx_word' id='word_1_605' title='bbox 2292 2160 2457 2214; x_wconf 88' lang='lat' dir='ltr'><strong>altum</strong></span> <span class='ocrx_word' id='word_1_606' title='bbox 2501 2159 2693 2230; x_wconf 87' lang='lat' dir='ltr'><strong>sapiat,</strong></span> <span class='ocrx_word' id='word_1_607' title='bbox 2746 2158 2839 2214; x_wconf 92' lang='lat' dir='ltr'><strong>sed</strong></span> <span class='ocrx_word' id='word_1_608' title='bbox 2889 2160 3238 2218; x_wconf 88' lang='lat' dir='ltr'><strong>consideratis</strong></span> <span class='ocrx_word' id='word_1_609' title='bbox 3269 2163 3473 2218; x_wconf 80' lang='lat' dir='ltr'><strong>Domini</strong></span> 
     </span>
    </p>
   </div>
   <div class='ocr_carea' id='block_1_79' title="bbox 1882 2251 3473 2321">
    <p class='ocr_par' dir='ltr' id='par_1_79' title="bbox 1882 2251 3473 2321">
     <span class='ocr_line' id='line_1_79' title="bbox 1882 2251 3473 2321; baseline 0.003 -16"><span class='ocrx_word' id='word_1_610' title='bbox 1882 2252 2333 2321; x_wconf 85' lang='lat' dir='ltr'><strong>progenitoribus,</strong></span> <span class='ocrx_word' id='word_1_611' title='bbox 2365 2262 2533 2306; x_wconf 90' lang='lat' dir='ltr'><strong>totum</strong></span> <span class='ocrx_word' id='word_1_612' title='bbox 2574 2251 2789 2321; x_wconf 89' lang='lat' dir='ltr'><strong>abjiciat</strong></span> <span class='ocrx_word' id='word_1_613' title='bbox 2819 2260 3104 2319; x_wconf 90' lang='lat' dir='ltr'><strong>tumorem,</strong></span> <span class='ocrx_word' id='word_1_614' title='bbox 3137 2263 3191 2309; x_wconf 87' lang='lat' dir='ltr'><strong>et</strong></span> <span class='ocrx_word' id='word_1_615' title='bbox 3234 2254 3301 2310; x_wconf 78' lang='lat' dir='ltr'><strong>tle</strong></span> <span class='ocrx_word' id='word_1_616' title='bbox 3344 2256 3473 2310; x_wconf 80' lang='lat' dir='ltr'><strong>solis</strong></span> 
     </span>
    </p>
   </div>
   <div class='ocr_carea' id='block_1_80' title="bbox 1883 2342 3471 2415">
    <p class='ocr_par' dir='ltr' id='par_1_80' title="bbox 1883 2342 3471 2415">
     <span class='ocr_line' id='line_1_80' title="bbox 1883 2342 3471 2415; baseline 0.002 -17"><span class='ocrx_word' id='word_1_617' title='bbox 1883 2343 2052 2413; x_wconf 86' lang='lat' dir='ltr'><strong>probe</strong></span> <span class='ocrx_word' id='word_1_618' title='bbox 2101 2346 2265 2415; x_wconf 90' lang='lat' dir='ltr'><strong>gestis</strong></span> <span class='ocrx_word' id='word_1_619' title='bbox 2308 2342 2590 2413; x_wconf 79' lang='lat' dir='ltr'><strong>glorietur;</strong></span> <span class='ocrx_word' id='word_1_620' title='bbox 2648 2347 2756 2397; x_wconf 92' lang='lat' dir='ltr'><strong>imo</strong></span> <span class='ocrx_word' id='word_1_621' title='bbox 2795 2360 2894 2399; x_wconf 83' lang='lat' dir='ltr'><strong>nec</strong></span> <span class='ocrx_word' id='word_1_622' title='bbox 2939 2344 3005 2399; x_wconf 89' lang='lat' dir='ltr'><strong>de</strong></span> <span class='ocrx_word' id='word_1_623' title='bbox 3038 2346 3158 2401; x_wconf 90' lang='lat' dir='ltr'><strong>illis.</strong></span> <span class='ocrx_word' id='word_1_624' title='bbox 3208 2347 3281 2401; x_wconf 84' lang='lat' dir='ltr'><strong>Ita</strong></span> <span class='ocrx_word' id='word_1_625' title='bbox 3332 2348 3471 2403; x_wconf 90' lang='lat' dir='ltr'><strong>enim</strong></span> 
     </span>
    </p>
   </div>
   <div class='ocr_carea' id='block_1_81' title="bbox 1883 2436 3475 2507">
    <p class='ocr_par' dir='ltr' id='par_1_81' title="bbox 1883 2436 3475 2507">
     <span class='ocr_line' id='line_1_81' title="bbox 1883 2436 3475 2507; baseline 0.004 -15"><span class='ocrx_word' id='word_1_626' title='bbox 1883 2437 2187 2494; x_wconf 70' lang='lat' dir='ltr'><strong>Pharisatus</strong></span> <span class='ocrx_word' id='word_1_627' title='bbox 2236 2438 2519 2507; x_wconf 87' lang='lat' dir='ltr'><strong>publicano</strong></span> <span class='ocrx_word' id='word_1_628' title='bbox 2560 2436 2782 2491; x_wconf 87' lang='lat' dir='ltr'><strong>inferior</strong></span> <span class='ocrx_word' id='word_1_629' title='bbox 2815 2438 2927 2493; x_wconf 89' lang='lat' dir='ltr'><strong>fuit.</strong></span> <span class='ocrx_word' id='word_1_630' title='bbox 2968 2440 3021 2496; x_wconf 90' lang='lat' dir='ltr'><strong>Si</strong></span> <span class='ocrx_word' id='word_1_631' title='bbox 3062 2442 3139 2495; x_wconf 89' lang='lat' dir='ltr'><strong>vis</strong></span> <span class='ocrx_word' id='word_1_632' title='bbox 3177 2443 3319 2497; x_wconf 89' lang='lat' dir='ltr'><strong>enim</strong></span> <span class='ocrx_word' id='word_1_633' title='bbox 3365 2460 3475 2498; x_wconf 88' lang='lat' dir='ltr'><strong>ma-</strong></span> 
     </span>
    </p>
   </div>
   <div class='ocr_carea' id='block_1_82' title="bbox 1883 2527 3473 2600">
    <p class='ocr_par' dir='ltr' id='par_1_82' title="bbox 1883 2527 3473 2600">
     <span class='ocr_line' id='line_1_82' title="bbox 1883 2527 3473 2600; baseline 0.003 -18"><span class='ocrx_word' id='word_1_634' title='bbox 1883 2545 2046 2600; x_wconf 88' lang='lat' dir='ltr'><strong>guum</strong></span> <span class='ocrx_word' id='word_1_635' title='bbox 2099 2539 2353 2599; x_wconf 77' lang='lat' dir='ltr'><strong>przestare</strong></span> <span class='ocrx_word' id='word_1_636' title='bbox 2399 2527 2622 2593; x_wconf 79' lang='lat' dir='ltr'><strong>facinus,</strong></span> <span class='ocrx_word' id='word_1_637' title='bbox 2678 2544 2745 2584; x_wconf 90' lang='lat' dir='ltr'><strong>ne</strong></span> <span class='ocrx_word' id='word_1_638' title='bbox 2790 2529 2953 2584; x_wconf 90' lang='lat' dir='ltr'><strong>altum</strong></span> <span class='ocrx_word' id='word_1_639' title='bbox 3004 2532 3197 2599; x_wconf 85' lang='lat' dir='ltr'><strong>sapias,</strong></span> <span class='ocrx_word' id='word_1_640' title='bbox 3250 2542 3302 2585; x_wconf 92' lang='lat' dir='ltr'><strong>et</strong></span> <span class='ocrx_word' id='word_1_641' title='bbox 3352 2541 3473 2587; x_wconf 91' lang='lat' dir='ltr'><strong>tunc</strong></span> 
     </span>
    </p>
   </div>
   <div class='ocr_carea' id='block_1_83' title="bbox 1886 2620 3473 2695">
    <p class='ocr_par' dir='ltr' id='par_1_83' title="bbox 1886 2620 3473 2695">
     <span class='ocr_line' id='line_1_83' title="bbox 1886 2620 3473 2695; baseline 0.002 -19"><span class='ocrx_word' id='word_1_642' title='bbox 1886 2622 2056 2691; x_wconf 86' lang='lat' dir='ltr'><strong>majus</strong></span> <span class='ocrx_word' id='word_1_643' title='bbox 2100 2620 2303 2677; x_wconf 81' lang='lat' dir='ltr'><strong>facinus</strong></span> <span class='ocrx_word' id='word_1_644' title='bbox 2338 2620 2626 2677; x_wconf 85' lang='lat' dir='ltr'><strong>exhibuiin</strong></span> <span class='ocrx_word' id='word_1_645' title='bbox 2661 2640 2672 2675; x_wconf 91' lang='lat'>:</span> <span class='ocrx_word' id='word_1_646' title='bbox 2704 2638 2769 2676; x_wconf 86' lang='lat' dir='ltr'><strong>ne</strong></span> <span class='ocrx_word' id='word_1_647' title='bbox 2805 2631 2963 2691; x_wconf 89' lang='lat' dir='ltr'><strong>putes</strong></span> <span class='ocrx_word' id='word_1_648' title='bbox 3004 2633 3055 2678; x_wconf 92' lang='lat' dir='ltr'><strong>te</strong></span> <span class='ocrx_word' id='word_1_649' title='bbox 3084 2624 3353 2695; x_wconf 90' lang='lat' dir='ltr'><strong>quidpiam</strong></span> <span class='ocrx_word' id='word_1_650' title='bbox 3396 2625 3473 2679; x_wconf 88' lang='lat' dir='ltr'><strong>fe-</strong></span> 
     </span>
    </p>
   </div>
   <div class='ocr_carea' id='block_1_84' title="bbox 1884 2714 3473 2787">
    <p class='ocr_par' dir='ltr' id='par_1_84' title="bbox 1884 2714 3473 2787">
     <span class='ocr_line' id='line_1_84' title="bbox 1884 2714 3473 2787; baseline -0.001 -16"><span class='ocrx_word' id='word_1_651' title='bbox 1884 2716 2043 2782; x_wconf 88' lang='lat' dir='ltr'><strong>cisse,</strong></span> <span class='ocrx_word' id='word_1_652' title='bbox 2076 2724 2128 2770; x_wconf 88' lang='lat' dir='ltr'><strong>et</strong></span> <span class='ocrx_word' id='word_1_653' title='bbox 2157 2725 2279 2770; x_wconf 91' lang='lat' dir='ltr'><strong>tunc</strong></span> <span class='ocrx_word' id='word_1_654' title='bbox 2309 2724 2474 2769; x_wconf 89' lang='lat' dir='ltr'><strong>totum</strong></span> <span class='ocrx_word' id='word_1_655' title='bbox 2503 2715 2692 2769; x_wconf 87' lang='lat' dir='ltr'><strong>fecisti.</strong></span> <span class='ocrx_word' id='word_1_656' title='bbox 2722 2714 2775 2769; x_wconf 91' lang='lat' dir='ltr'><strong>Si</strong></span> <span class='ocrx_word' id='word_1_657' title='bbox 2812 2715 2952 2769; x_wconf 89' lang='lat' dir='ltr'><strong>enim</strong></span> <span class='ocrx_word' id='word_1_658' title='bbox 2983 2717 3195 2786; x_wconf 84' lang='lat' dir='ltr'><strong>quando</strong></span> <span class='ocrx_word' id='word_1_659' title='bbox 3227 2729 3473 2787; x_wconf 60' lang='lat' dir='ltr'><strong>peccato-</strong></span> 
     </span>
    </p>
   </div>
   <div class='ocr_carea' id='block_1_85' title="bbox 1884 2806 3471 2876">
    <p class='ocr_par' dir='ltr' id='par_1_85' title="bbox 1884 2806 3471 2876">
     <span class='ocr_line' id='line_1_85' title="bbox 1884 2806 3471 2876; baseline -0.001 -16"><span class='ocrx_word' id='word_1_660' title='bbox 1884 2821 1971 2860; x_wconf 86' lang='lat' dir='ltr'><strong>res</strong></span> <span class='ocrx_word' id='word_1_661' title='bbox 2007 2820 2209 2869; x_wconf 91' lang='lat' dir='ltr'><strong>sumus,</strong></span> <span class='ocrx_word' id='word_1_662' title='bbox 2254 2821 2372 2860; x_wconf 93' lang='lat' dir='ltr'><strong>cum</strong></span> <span class='ocrx_word' id='word_1_663' title='bbox 2418 2820 2515 2859; x_wconf 91' lang='lat' dir='ltr'><strong>nos</strong></span> <span class='ocrx_word' id='word_1_664' title='bbox 2551 2820 2670 2859; x_wconf 85' lang='lat' dir='ltr'><strong>esse</strong></span> <span class='ocrx_word' id='word_1_665' title='bbox 2716 2817 2967 2875; x_wconf 89' lang='lat' dir='ltr'><strong>putamus</strong></span> <span class='ocrx_word' id='word_1_666' title='bbox 2999 2806 3048 2860; x_wconf 89' lang='lat' dir='ltr'><strong>id</strong></span> <span class='ocrx_word' id='word_1_667' title='bbox 3090 2807 3228 2876; x_wconf 88' lang='lat' dir='ltr'><strong>quod</strong></span> <span class='ocrx_word' id='word_1_668' title='bbox 3266 2824 3471 2874; x_wconf 76' lang='lat' dir='ltr'><strong>smnus,</strong></span> 
     </span>
    </p>
   </div>
   <div class='ocr_carea' id='block_1_86' title="bbox 1881 2896 3471 2970">
    <p class='ocr_par' dir='ltr' id='par_1_86' title="bbox 1881 2896 3471 2970">
     <span class='ocr_line' id='line_1_86' title="bbox 1881 2896 3471 2970; baseline 0.002 -19"><span class='ocrx_word' id='word_1_669' title='bbox 1881 2897 2008 2968; x_wconf 88' lang='lat' dir='ltr'><strong>justi</strong></span> <span class='ocrx_word' id='word_1_670' title='bbox 2041 2897 2323 2963; x_wconf 85' lang='lat' dir='ltr'><strong>efﬁcimur,</strong></span> <span class='ocrx_word' id='word_1_671' title='bbox 2359 2906 2415 2952; x_wconf 94' lang='lat' dir='ltr'><strong>ut</strong></span> <span class='ocrx_word' id='word_1_672' title='bbox 2445 2896 2759 2966; x_wconf 89' lang='lat' dir='ltr'><strong>publicanus</strong></span> <span class='ocrx_word' id='word_1_673' title='bbox 2786 2898 2875 2952; x_wconf 91' lang='lat' dir='ltr'><strong>ille</strong></span> <span class='ocrx_word' id='word_1_674' title='bbox 2900 2916 2912 2950; x_wconf 86' lang='lat'>:</span> <span class='ocrx_word' id='word_1_675' title='bbox 2937 2908 3135 2967; x_wconf 86' lang='lat' dir='ltr'><strong>quanto</strong></span> <span class='ocrx_word' id='word_1_676' title='bbox 3158 2900 3324 2970; x_wconf 86' lang='lat' dir='ltr'><strong>magis</strong></span> <span class='ocrx_word' id='word_1_677' title='bbox 3352 2917 3471 2954; x_wconf 89' lang='lat' dir='ltr'><strong>cum</strong></span> 
     </span>
    </p>
   </div>
   <div class='ocr_carea' id='block_1_87' title="bbox 1882 2989 3473 3061">
    <p class='ocr_par' dir='ltr' id='par_1_87' title="bbox 1882 2989 3473 3061">
     <span class='ocr_line' id='line_1_87' title="bbox 1882 2989 3473 3061; baseline 0 -16"><span class='ocrx_word' id='word_1_678' title='bbox 1882 2989 2010 3061; x_wconf 82' lang='lat' dir='ltr'><strong>justi</strong></span> <span class='ocrx_word' id='word_1_679' title='bbox 2056 3004 2262 3054; x_wconf 87' lang='lat' dir='ltr'><strong>sumus,</strong></span> <span class='ocrx_word' id='word_1_680' title='bbox 2296 2998 2350 3045; x_wconf 91' lang='lat' dir='ltr'><strong>et</strong></span> <span class='ocrx_word' id='word_1_681' title='bbox 2380 3004 2476 3043; x_wconf 91' lang='lat' dir='ltr'><strong>nos</strong></span> <span class='ocrx_word' id='word_1_682' title='bbox 2524 3004 2647 3045; x_wconf 91' lang='lat' dir='ltr'><strong>esse</strong></span> <span class='ocrx_word' id='word_1_683' title='bbox 2675 2998 2982 3059; x_wconf 79' lang='lat' dir='ltr'><strong>peccatores</strong></span> <span class='ocrx_word' id='word_1_684' title='bbox 3025 2991 3386 3045; x_wconf 81' lang='lat' dir='ltr'><strong>arbitramur?</strong></span> <span class='ocrx_word' id='word_1_685' title='bbox 3418 2992 3473 3045; x_wconf 86' lang='lat' dir='ltr'><strong>Si</strong></span> 
     </span>
    </p>
   </div>
   <div class='ocr_carea' id='block_1_88' title="bbox 1886 3080 3473 3151">
    <p class='ocr_par' dir='ltr' id='par_1_88' title="bbox 1886 3080 3473 3151">
     <span class='ocr_line' id='line_1_88' title="bbox 1886 3080 3473 3151; baseline -0.001 -15"><span class='ocrx_word' id='word_1_686' title='bbox 1886 3081 2028 3136; x_wconf 91' lang='lat' dir='ltr'><strong>enim</strong></span> <span class='ocrx_word' id='word_1_687' title='bbox 2058 3080 2331 3135; x_wconf 89' lang='lat' dir='ltr'><strong>humiliter</strong></span> <span class='ocrx_word' id='word_1_688' title='bbox 2354 3096 2543 3149; x_wconf 90' lang='lat' dir='ltr'><strong>sapere</strong></span> <span class='ocrx_word' id='word_1_689' title='bbox 2581 3096 2646 3135; x_wconf 86' lang='lat' dir='ltr'><strong>ex</strong></span> <span class='ocrx_word' id='word_1_690' title='bbox 2688 3082 3058 3151; x_wconf 78' lang='lat' dir='ltr'><strong>peccatoribus</strong></span> <span class='ocrx_word' id='word_1_691' title='bbox 3084 3081 3256 3149; x_wconf 82' lang='lat' dir='ltr'><strong>justos</strong></span> <span class='ocrx_word' id='word_1_692' title='bbox 3290 3082 3473 3146; x_wconf 86' lang='lat' dir='ltr'><strong>el&#39;ticit,</strong></span> 
     </span>
    </p>
   </div>
   <div class='ocr_carea' id='block_1_89' title="bbox 1886 3172 3474 3239">
    <p class='ocr_par' dir='ltr' id='par_1_89' title="bbox 1886 3172 3474 3239">
     <span class='ocr_line' id='line_1_89' title="bbox 1886 3172 3474 3239; baseline 0 -10"><span class='ocrx_word' id='word_1_693' title='bbox 1886 3174 2096 3229; x_wconf 88' lang='lat' dir='ltr'><strong>etiamsi</strong></span> <span class='ocrx_word' id='word_1_694' title='bbox 2132 3173 2258 3229; x_wconf 88' lang='lat' dir='ltr'><strong>illud</strong></span> <span class='ocrx_word' id='word_1_695' title='bbox 2290 3189 2396 3227; x_wconf 91' lang='lat' dir='ltr'><strong>non</strong></span> <span class='ocrx_word' id='word_1_696' title='bbox 2423 3188 2550 3229; x_wconf 90' lang='lat' dir='ltr'><strong>vere</strong></span> <span class='ocrx_word' id='word_1_697' title='bbox 2572 3172 2846 3227; x_wconf 89' lang='lat' dir='ltr'><strong>humilitas</strong></span> <span class='ocrx_word' id='word_1_698' title='bbox 2876 3173 2963 3235; x_wconf 90' lang='lat' dir='ltr'><strong>sit,</strong></span> <span class='ocrx_word' id='word_1_699' title='bbox 2992 3173 3085 3228; x_wconf 89' lang='lat' dir='ltr'><strong>sed</strong></span> <span class='ocrx_word' id='word_1_700' title='bbox 3116 3175 3256 3239; x_wconf 83' lang='lat' dir='ltr'><strong>jnsta</strong></span> <span class='ocrx_word' id='word_1_701' title='bbox 3289 3176 3474 3229; x_wconf 59' lang='lat' dir='ltr'><strong>exis”.-</strong></span> 
     </span>
    </p>
   </div>
   <div class='ocr_carea' id='block_1_90' title="bbox 1885 3264 3472 3335">
    <p class='ocr_par' dir='ltr' id='par_1_90' title="bbox 1885 3264 3472 3335">
     <span class='ocr_line' id='line_1_90' title="bbox 1885 3264 3472 3335; baseline -0.002 -14"><span class='ocrx_word' id='word_1_702' title='bbox 1885 3268 2051 3321; x_wconf 87' lang='lat' dir='ltr'><strong>matio</strong></span> <span class='ocrx_word' id='word_1_703' title='bbox 2071 3267 2088 3298; x_wconf 72' lang='grc' dir='ltr'>ί</span> <span class='ocrx_word' id='word_1_704' title='bbox 2120 3283 2133 3319; x_wconf 89' lang='lat'><strong>:</strong></span> <span class='ocrx_word' id='word_1_705' title='bbox 2166 3266 2209 3321; x_wconf 93' lang='lat' dir='ltr'><strong>si</strong></span> <span class='ocrx_word' id='word_1_706' title='bbox 2238 3265 2398 3335; x_wconf 89' lang='lat' dir='ltr'><strong>igitur</strong></span> <span class='ocrx_word' id='word_1_707' title='bbox 2432 3265 2547 3320; x_wconf 77' lang='lat' dir='ltr'><strong>ltzec</strong></span> <span class='ocrx_word' id='word_1_708' title='bbox 2569 3264 2713 3335; x_wconf 91' lang='lat' dir='ltr'><strong>justa</strong></span> <span class='ocrx_word' id='word_1_709' title='bbox 2744 3264 3069 3319; x_wconf 81' lang='lat' dir='ltr'><strong>existimatio</strong></span> <span class='ocrx_word' id='word_1_710' title='bbox 3101 3274 3305 3321; x_wconf 91' lang='lat' dir='ltr'><strong>tantum</strong></span> <span class='ocrx_word' id='word_1_711' title='bbox 3332 3266 3472 3320; x_wconf 83' lang='lat' dir='ltr'><strong>valet</strong></span> 
     </span>
    </p>
   </div>
   <div class='ocr_carea' id='block_1_91' title="bbox 1891 3348 3477 3426">
    <p class='ocr_par' dir='ltr' id='par_1_91' title="bbox 1891 3348 3477 3426">
     <span class='ocr_line' id='line_1_91' title="bbox 1891 3348 3477 3426; baseline -0.007 -15"><span class='ocrx_word' id='word_1_712' title='bbox 1891 3357 1945 3412; x_wconf 88' lang='lat' dir='ltr'><strong>in</strong></span> <span class='ocrx_word' id='word_1_713' title='bbox 1966 3354 2354 3426; x_wconf 88' lang='lat' dir='ltr'><strong>peccatoribus,</strong></span> <span class='ocrx_word' id='word_1_714' title='bbox 2387 3352 2510 3421; x_wconf 90' lang='lat' dir='ltr'><strong>quid</strong></span> <span class='ocrx_word' id='word_1_715' title='bbox 2535 3368 2638 3404; x_wconf 88' lang='lat' dir='ltr'><strong>non</strong></span> <span class='ocrx_word' id='word_1_716' title='bbox 2662 3360 2781 3420; x_wconf 86' lang='lat' dir='ltr'><strong>aget</strong></span> <span class='ocrx_word' id='word_1_717' title='bbox 2812 3350 3081 3403; x_wconf 85' lang='lat' dir='ltr'><strong>humilitas</strong></span> <span class='ocrx_word' id='word_1_718' title='bbox 3109 3352 3159 3403; x_wconf 91' lang='lat' dir='ltr'><strong>in</strong></span> <span class='ocrx_word' id='word_1_719' title='bbox 3183 3350 3381 3417; x_wconf 80' lang='lat' dir='ltr'><strong>justis?</strong></span> <span class='ocrx_word' id='word_1_720' title='bbox 3402 3348 3477 3401; x_wconf 77' lang='lat' dir='ltr'><strong>Ne</strong></span> 
     </span>
    </p>
   </div>
   <div class='ocr_carea' id='block_1_92' title="bbox 1891 3440 3474 3517">
    <p class='ocr_par' dir='ltr' id='par_1_92' title="bbox 1891 3440 3474 3517">
     <span class='ocr_line' id='line_1_92' title="bbox 1891 3440 3474 3517; baseline -0.009 -12"><span class='ocrx_word' id='word_1_721' title='bbox 1891 3449 2049 3517; x_wconf 83' lang='lat' dir='ltr'><strong>igitur</strong></span> <span class='ocrx_word' id='word_1_722' title='bbox 2078 3447 2286 3501; x_wconf 89' lang='lat' dir='ltr'><strong>labores</strong></span> <span class='ocrx_word' id='word_1_723' title='bbox 2314 3456 2430 3500; x_wconf 91' lang='lat' dir='ltr'><strong>tuos</strong></span> <span class='ocrx_word' id='word_1_724' title='bbox 2457 3445 2762 3507; x_wconf 71' lang='lat' dir='ltr'><strong>labefactes,</strong></span> <span class='ocrx_word' id='word_1_725' title='bbox 2792 3458 2921 3496; x_wconf 87' lang='lat' dir='ltr'><strong>neve</strong></span> <span class='ocrx_word' id='word_1_726' title='bbox 2943 3442 3194 3497; x_wconf 88' lang='lat' dir='ltr'><strong>sudorum</strong></span> <span class='ocrx_word' id='word_1_727' title='bbox 3227 3440 3474 3494; x_wconf 87' lang='lat' dir='ltr'><strong>meritum</strong></span> 
     </span>
    </p>
   </div>
   <div class='ocr_carea' id='block_1_93' title="bbox 1890 3528 3475 3605">
    <p class='ocr_par' dir='ltr' id='par_1_93' title="bbox 1890 3528 3475 3605">
     <span class='ocr_line' id='line_1_93' title="bbox 1890 3528 3475 3605; baseline -0.007 -13"><span class='ocrx_word' id='word_1_728' title='bbox 1890 3538 2124 3605; x_wconf 87' lang='lat' dir='ltr'><strong>auferas,</strong></span> <span class='ocrx_word' id='word_1_729' title='bbox 2173 3553 2241 3592; x_wconf 91' lang='lat' dir='ltr'><strong>ne</strong></span> <span class='ocrx_word' id='word_1_730' title='bbox 2286 3552 2421 3592; x_wconf 85' lang='lat' dir='ltr'><strong>vane</strong></span> <span class='ocrx_word' id='word_1_731' title='bbox 2465 3530 2650 3590; x_wconf 80' lang='lat' dir='ltr'><strong>curras</strong></span> <span class='ocrx_word' id='word_1_732' title='bbox 2685 3543 2803 3603; x_wconf 90' lang='lat' dir='ltr'><strong>post</strong></span> <span class='ocrx_word' id='word_1_733' title='bbox 2853 3533 2995 3587; x_wconf 91' lang='lat' dir='ltr'><strong>mille</strong></span> <span class='ocrx_word' id='word_1_734' title='bbox 3030 3533 3255 3587; x_wconf 85' lang='lat' dir='ltr'><strong>decursa</strong></span> <span class='ocrx_word' id='word_1_735' title='bbox 3308 3528 3475 3583; x_wconf 89' lang='lat' dir='ltr'><strong>stadia</strong></span> 
     </span>
    </p>
   </div>
   <div class='ocr_carea' id='block_1_94' title="bbox 1887 3622 3476 3691">
    <p class='ocr_par' dir='ltr' id='par_1_94' title="bbox 1887 3622 3476 3691">
     <span class='ocr_line' id='line_1_94' title="bbox 1887 3622 3476 3691; baseline -0.007 -7"><span class='ocrx_word' id='word_1_736' title='bbox 1887 3644 2101 3685; x_wconf 87' lang='lat' dir='ltr'><strong>omnem</strong></span> <span class='ocrx_word' id='word_1_737' title='bbox 2142 3628 2422 3684; x_wconf 81' lang='lat' dir='ltr'><strong>effundens</strong></span> <span class='ocrx_word' id='word_1_738' title='bbox 2451 3627 2709 3681; x_wconf 88' lang='lat' dir='ltr'><strong>laborem.</strong></span> <span class='ocrx_word' id='word_1_739' title='bbox 2754 3624 3009 3678; x_wconf 86' lang='lat' dir='ltr'><strong>Dominus</strong></span> <span class='ocrx_word' id='word_1_740' title='bbox 3051 3622 3192 3678; x_wconf 89' lang='lat' dir='ltr'><strong>enim</strong></span> <span class='ocrx_word' id='word_1_741' title='bbox 3240 3623 3395 3691; x_wconf 83' lang='lat' dir='ltr'><strong>longe</strong></span> <span class='ocrx_word' id='word_1_742' title='bbox 3428 3631 3476 3673; x_wconf 89' lang='lat' dir='ltr'><strong>te</strong></span> 
     </span>
    </p>
   </div>
   <div class='ocr_carea' id='block_1_95' title="bbox 1888 3710 3474 3789">
    <p class='ocr_par' dir='ltr' id='par_1_95' title="bbox 1888 3710 3474 3789">
     <span class='ocr_line' id='line_1_95' title="bbox 1888 3710 3474 3789; baseline -0.006 -15"><span class='ocrx_word' id='word_1_743' title='bbox 1888 3721 2074 3774; x_wconf 90' lang='lat' dir='ltr'><strong>melius</strong></span> <span class='ocrx_word' id='word_1_744' title='bbox 2115 3722 2260 3774; x_wconf 90' lang='lat' dir='ltr'><strong>novit</strong></span> <span class='ocrx_word' id='word_1_745' title='bbox 2295 3733 2454 3789; x_wconf 89' lang='lat' dir='ltr'><strong>opera</strong></span> <span class='ocrx_word' id='word_1_746' title='bbox 2506 3728 2612 3771; x_wconf 91' lang='lat' dir='ltr'><strong>tua.</strong></span> <span class='ocrx_word' id='word_1_747' title='bbox 2655 3715 2710 3770; x_wconf 92' lang='lat' dir='ltr'><strong>Si</strong></span> <span class='ocrx_word' id='word_1_748' title='bbox 2748 3716 2830 3769; x_wconf 91' lang='lat' dir='ltr'><strong>vel</strong></span> <span class='ocrx_word' id='word_1_749' title='bbox 2871 3725 3049 3783; x_wconf 88' lang='lat' dir='ltr'><strong>potum</strong></span> <span class='ocrx_word' id='word_1_750' title='bbox 3088 3728 3241 3783; x_wconf 66' lang='lat' dir='ltr'><strong>aqum</strong></span> <span class='ocrx_word' id='word_1_751' title='bbox 3271 3710 3474 3781; x_wconf 72' lang='lat' dir='ltr'><strong>frigida:</strong></span> 
     </span>
    </p>
   </div>
   <div class='ocr_carea' id='block_1_96' title="bbox 1888 3805 3473 3880">
    <p class='ocr_par' dir='ltr' id='par_1_96' title="bbox 1888 3805 3473 3880">
     <span class='ocr_line' id='line_1_96' title="bbox 1888 3805 3473 3880; baseline -0.006 -14"><span class='ocrx_word' id='word_1_752' title='bbox 1888 3812 2097 3868; x_wconf 75' lang='lat' dir='ltr'><strong>dederis</strong></span> <span class='ocrx_word' id='word_1_753' title='bbox 2124 3854 2138 3878; x_wconf 89' lang='lat'><strong>,</strong></span> <span class='ocrx_word' id='word_1_754' title='bbox 2173 3826 2240 3866; x_wconf 89' lang='lat' dir='ltr'><strong>ne</strong></span> <span class='ocrx_word' id='word_1_755' title='bbox 2292 3810 2421 3866; x_wconf 92' lang='lat' dir='ltr'><strong>illud</strong></span> <span class='ocrx_word' id='word_1_756' title='bbox 2465 3808 2679 3880; x_wconf 90' lang='lat' dir='ltr'><strong>quidem</strong></span> <span class='ocrx_word' id='word_1_757' title='bbox 2732 3806 3073 3876; x_wconf 81' lang='lat' dir='ltr'><strong>deSpicit:si</strong></span> <span class='ocrx_word' id='word_1_758' title='bbox 3130 3806 3211 3859; x_wconf 83' lang='lat' dir='ltr'><strong>vel</strong></span> <span class='ocrx_word' id='word_1_759' title='bbox 3261 3805 3473 3859; x_wconf 90' lang='lat' dir='ltr'><strong>obolum</strong></span> 
     </span>
    </p>
   </div>
   <div class='ocr_carea' id='block_1_97' title="bbox 1888 3898 3472 3973">
    <p class='ocr_par' dir='ltr' id='par_1_97' title="bbox 1888 3898 3472 3973">
     <span class='ocr_line' id='line_1_97' title="bbox 1888 3898 3472 3973; baseline -0.005 -15"><span class='ocrx_word' id='word_1_760' title='bbox 1888 3903 2219 3973; x_wconf 89' lang='lat' dir='ltr'><strong>profuderis,</strong></span> <span class='ocrx_word' id='word_1_761' title='bbox 2265 3902 2312 3956; x_wconf 87' lang='lat' dir='ltr'><strong>si</strong></span> <span class='ocrx_word' id='word_1_762' title='bbox 2355 3901 2677 3972; x_wconf 86' lang='lat' dir='ltr'><strong>ingemueris</strong></span> <span class='ocrx_word' id='word_1_763' title='bbox 2726 3910 2960 3965; x_wconf 89' lang='lat' dir='ltr'><strong>tantum,</strong></span> <span class='ocrx_word' id='word_1_764' title='bbox 3007 3898 3183 3953; x_wconf 91' lang='lat' dir='ltr'><strong>omnia</strong></span> <span class='ocrx_word' id='word_1_765' title='bbox 3226 3899 3312 3953; x_wconf 92' lang='lat' dir='ltr'><strong>ille</strong></span> <span class='ocrx_word' id='word_1_766' title='bbox 3351 3912 3472 3951; x_wconf 89' lang='lat' dir='ltr'><strong>cum</strong></span> 
     </span>
    </p>
   </div>
   <div class='ocr_carea' id='block_1_98' title="bbox 1886 3992 3474 4067">
    <p class='ocr_par' dir='ltr' id='par_1_98' title="bbox 1886 3992 3474 4067">
     <span class='ocr_line' id='line_1_98' title="bbox 1886 3992 3474 4067; baseline -0.003 -16"><span class='ocrx_word' id='word_1_767' title='bbox 1886 4012 2073 4067; x_wconf 85' lang='lat' dir='ltr'><strong>magna</strong></span> <span class='ocrx_word' id='word_1_768' title='bbox 2123 3995 2493 4051; x_wconf 85' lang='lat' dir='ltr'><strong>benevolentia</strong></span> <span class='ocrx_word' id='word_1_769' title='bbox 2540 3994 2750 4064; x_wconf 85' lang='lat' dir='ltr'><strong>recipit,</strong></span> <span class='ocrx_word' id='word_1_770' title='bbox 2800 3993 2989 4047; x_wconf 90' lang='lat' dir='ltr'><strong>horum</strong></span> <span class='ocrx_word' id='word_1_771' title='bbox 3040 3992 3373 4058; x_wconf 90' lang='lat' dir='ltr'><strong>recordatur,</strong></span> <span class='ocrx_word' id='word_1_772' title='bbox 3420 4003 3474 4047; x_wconf 90' lang='lat' dir='ltr'><strong>et</strong></span> 
     </span>
    </p>
   </div>
   <div class='ocr_carea' id='block_1_99' title="bbox 1886 4083 3470 4157">
    <p class='ocr_par' dir='ltr' id='par_1_99' title="bbox 1886 4083 3470 4157">
     <span class='ocr_line' id='line_1_99' title="bbox 1886 4083 3470 4157; baseline -0.003 -16"><span class='ocrx_word' id='word_1_773' title='bbox 1886 4102 2074 4157; x_wconf 88' lang='lat' dir='ltr'><strong>magna</strong></span> <span class='ocrx_word' id='word_1_774' title='bbox 2102 4085 2183 4140; x_wconf 89' lang='lat' dir='ltr'><strong>his</strong></span> <span class='ocrx_word' id='word_1_775' title='bbox 2214 4086 2429 4155; x_wconf 65' lang='lat' dir='ltr'><strong>praemia</strong></span> <span class='ocrx_word' id='word_1_776' title='bbox 2460 4084 2664 4139; x_wconf 84' lang='lat' dir='ltr'><strong>definit.</strong></span> <span class='ocrx_word' id='word_1_777' title='bbox 2707 4084 2815 4137; x_wconf 89' lang='lat' dir='ltr'><strong>Cur</strong></span> <span class='ocrx_word' id='word_1_778' title='bbox 2838 4093 2923 4137; x_wconf 88' lang='lat' dir='ltr'><strong>tua</strong></span> <span class='ocrx_word' id='word_1_779' title='bbox 2951 4083 3218 4152; x_wconf 85' lang='lat' dir='ltr'><strong>exploras,</strong></span> <span class='ocrx_word' id='word_1_780' title='bbox 3248 4090 3301 4135; x_wconf 85' lang='lat' dir='ltr'><strong>et</strong></span> <span class='ocrx_word' id='word_1_781' title='bbox 3329 4097 3470 4151; x_wconf 59' lang='lat' dir='ltr'><strong>saepe</strong></span> 
     </span>
    </p>
   </div>
   <div class='ocr_carea' id='block_1_100' title="bbox 1882 4173 3469 4242">
    <p class='ocr_par' dir='ltr' id='par_1_100' title="bbox 1882 4173 3469 4242">
     <span class='ocr_line' id='line_1_100' title="bbox 1882 4173 3469 4242; baseline -0.004 -9"><span class='ocrx_word' id='word_1_782' title='bbox 1882 4181 1934 4234; x_wconf 88' lang='lat' dir='ltr'><strong>in</strong></span> <span class='ocrx_word' id='word_1_783' title='bbox 1976 4180 2211 4235; x_wconf 85' lang='lat' dir='ltr'><strong>medium</strong></span> <span class='ocrx_word' id='word_1_784' title='bbox 2250 4177 2448 4232; x_wconf 79' lang='lat' dir='ltr'><strong>aﬂ&#39;ers?</strong></span> <span class='ocrx_word' id='word_1_785' title='bbox 2488 4178 2567 4230; x_wconf 91' lang='lat' dir='ltr'><strong>An</strong></span> <span class='ocrx_word' id='word_1_786' title='bbox 2597 4176 2770 4232; x_wconf 80' lang='lat' dir='ltr'><strong>nescis</strong></span> <span class='ocrx_word' id='word_1_787' title='bbox 2803 4176 2936 4242; x_wconf 51' lang='lat' dir='ltr'><strong>si.te</strong></span> <span class='ocrx_word' id='word_1_788' title='bbox 2975 4173 3180 4240; x_wconf 90' lang='lat' dir='ltr'><strong>laudes,</strong></span> <span class='ocrx_word' id='word_1_789' title='bbox 3211 4173 3378 4227; x_wconf 87' lang='lat' dir='ltr'><strong>Detnn</strong></span> <span class='ocrx_word' id='word_1_790' title='bbox 3420 4182 3469 4227; x_wconf 89' lang='lat' dir='ltr'><strong>te</strong></span> 
     </span>
    </p>
   </div>
   <div class='ocr_carea' id='block_1_101' title="bbox 1881 4264 3468 4336">
    <p class='ocr_par' dir='ltr' id='par_1_101' title="bbox 1881 4264 3468 4336">
     <span class='ocr_line' id='line_1_101' title="bbox 1881 4264 3468 4336; baseline -0.004 -10"><span class='ocrx_word' id='word_1_791' title='bbox 1881 4286 1985 4326; x_wconf 92' lang='lat' dir='ltr'><strong>non</strong></span> <span class='ocrx_word' id='word_1_792' title='bbox 2016 4271 2149 4325; x_wconf 91' lang='lat' dir='ltr'><strong>ultra</strong></span> <span class='ocrx_word' id='word_1_793' title='bbox 2179 4270 2513 4325; x_wconf 88' lang='lat' dir='ltr'><strong>laudaturum</strong></span> <span class='ocrx_word' id='word_1_794' title='bbox 2550 4267 2711 4322; x_wconf 86' lang='lat' dir='ltr'><strong>esse?</strong></span> <span class='ocrx_word' id='word_1_795' title='bbox 2743 4264 3188 4336; x_wconf 88' lang='lat' dir='ltr'><strong>quemadmodum</strong></span> <span class='ocrx_word' id='word_1_796' title='bbox 3233 4272 3299 4320; x_wconf 78' lang='lat' dir='ltr'><strong>et</strong></span> <span class='ocrx_word' id='word_1_797' title='bbox 3328 4266 3372 4318; x_wconf 93' lang='lat' dir='ltr'><strong>si</strong></span> <span class='ocrx_word' id='word_1_798' title='bbox 3417 4274 3468 4320; x_wconf 88' lang='lat' dir='ltr'><strong>te</strong></span> 
     </span>
    </p>
   </div>
   <div class='ocr_carea' id='block_1_102' title="bbox 1883 4357 3537 4428">
    <p class='ocr_par' dir='ltr' id='par_1_102' title="bbox 1883 4357 3537 4428">
     <span class='ocr_line' id='line_1_102' title="bbox 1883 4357 3537 4428; baseline -0.004 -12"><span class='ocrx_word' id='word_1_799' title='bbox 1883 4362 2138 4417; x_wconf 68' lang='lat' dir='ltr'><strong>mi.~crum</strong></span> <span class='ocrx_word' id='word_1_800' title='bbox 2167 4362 2334 4426; x_wconf 89' lang='lat' dir='ltr'><strong>dicas,</strong></span> <span class='ocrx_word' id='word_1_801' title='bbox 2364 4376 2469 4414; x_wconf 90' lang='lat' dir='ltr'><strong>non</strong></span> <span class='ocrx_word' id='word_1_802' title='bbox 2500 4369 2830 4414; x_wconf 89' lang='lat' dir='ltr'><strong>cessaturum</strong></span> <span class='ocrx_word' id='word_1_803' title='bbox 2862 4366 2911 4413; x_wconf 91' lang='lat' dir='ltr'><strong>te</strong></span> <span class='ocrx_word' id='word_1_804' title='bbox 2939 4357 3079 4428; x_wconf 88' lang='lat' dir='ltr'><strong>apud</strong></span> <span class='ocrx_word' id='word_1_805' title='bbox 3111 4372 3300 4411; x_wconf 90' lang='lat' dir='ltr'><strong>omnes</strong></span> <span class='ocrx_word' id='word_1_806' title='bbox 3333 4373 3469 4427; x_wconf 66' lang='lat' dir='ltr'><strong>prte-</strong></span> <span class='ocrx_word' id='word_1_807' title='bbox 3534 4406 3537 4407; x_wconf 32' lang='grc' dir='ltr'><em>ν</em></span> 
     </span>
    </p>
   </div>
   <div class='ocr_carea' id='block_1_103' title="bbox 1878 4451 3466 4520">
    <p class='ocr_par' dir='ltr' id='par_1_103' title="bbox 1878 4451 3466 4520">
     <span class='ocr_line' id='line_1_103' title="bbox 1878 4451 3466 4520; baseline -0.003 -12"><span class='ocrx_word' id='word_1_808' title='bbox 1878 4454 2099 4508; x_wconf 86' lang='lat' dir='ltr'><strong>dicare?</strong></span> <span class='ocrx_word' id='word_1_809' title='bbox 2129 4453 2241 4508; x_wconf 86' lang='lat' dir='ltr'><strong>Non</strong></span> <span class='ocrx_word' id='word_1_810' title='bbox 2275 4452 2383 4506; x_wconf 89' lang='lat' dir='ltr'><strong>vult</strong></span> <span class='ocrx_word' id='word_1_811' title='bbox 2408 4452 2563 4507; x_wconf 84' lang='lat' dir='ltr'><strong>enim.</strong></span> <span class='ocrx_word' id='word_1_812' title='bbox 2578 4451 2789 4506; x_wconf 87' lang='lat' dir='ltr'><strong>labores</strong></span> <span class='ocrx_word' id='word_1_813' title='bbox 2820 4462 2938 4507; x_wconf 89' lang='lat' dir='ltr'><strong>tuos</strong></span> <span class='ocrx_word' id='word_1_814' title='bbox 2978 4452 3030 4504; x_wconf 92' lang='lat' dir='ltr'><strong>in</strong></span> <span class='ocrx_word' id='word_1_815' title='bbox 3058 4451 3267 4506; x_wconf 89' lang='lat' dir='ltr'><strong>minore</strong></span> <span class='ocrx_word' id='word_1_816' title='bbox 3295 4452 3466 4520; x_wconf 88' lang='lat' dir='ltr'><strong>pretio</strong></span> 
     </span>
    </p>
   </div>
   <div class='ocr_carea' id='block_1_104' title="bbox 1880 4544 3465 4619">
    <p class='ocr_par' dir='ltr' id='par_1_104' title="bbox 1880 4544 3465 4619">
     <span class='ocr_line' id='line_1_104' title="bbox 1880 4544 3465 4619; baseline 0 -20"><span class='ocrx_word' id='word_1_817' title='bbox 1880 4546 2084 4603; x_wconf 84' lang='lat' dir='ltr'><strong>haberi.</strong></span> <span class='ocrx_word' id='word_1_818' title='bbox 2126 4546 2189 4601; x_wconf 83' lang='lat' dir='ltr'><strong>Et</strong></span> <span class='ocrx_word' id='word_1_819' title='bbox 2214 4545 2338 4615; x_wconf 91' lang='lat' dir='ltr'><strong>quid</strong></span> <span class='ocrx_word' id='word_1_820' title='bbox 2370 4544 2491 4599; x_wconf 91' lang='lat' dir='ltr'><strong>dico</strong></span> <span class='ocrx_word' id='word_1_821' title='bbox 2529 4545 2579 4599; x_wconf 93' lang='lat' dir='ltr'><strong>in</strong></span> <span class='ocrx_word' id='word_1_822' title='bbox 2623 4545 2830 4600; x_wconf 89' lang='lat' dir='ltr'><strong>minore</strong></span> <span class='ocrx_word' id='word_1_823' title='bbox 2862 4545 3038 4619; x_wconf 82' lang='lat' dir='ltr'><strong>pretio</strong></span> <span class='ocrx_word' id='word_1_824' title='bbox 3070 4545 3297 4599; x_wconf 85' lang='lat' dir='ltr'><strong>haberi?</strong></span> <span class='ocrx_word' id='word_1_825' title='bbox 3326 4545 3465 4599; x_wconf 84' lang='lat' dir='ltr'><strong>Nihil</strong></span> 
     </span>
    </p>
   </div>
   <div class='ocr_carea' id='block_1_105' title="bbox 1878 4636 3461 4707">
    <p class='ocr_par' dir='ltr' id='par_1_105' title="bbox 1878 4636 3461 4707">
     <span class='ocr_line' id='line_1_105' title="bbox 1878 4636 3461 4707; baseline -0.001 -15"><span class='ocrx_word' id='word_1_826' title='bbox 1878 4652 1982 4692; x_wconf 92' lang='lat' dir='ltr'><strong>non</strong></span> <span class='ocrx_word' id='word_1_827' title='bbox 2002 4638 2109 4707; x_wconf 89' lang='lat' dir='ltr'><strong>agit</strong></span> <span class='ocrx_word' id='word_1_828' title='bbox 2129 4645 2180 4693; x_wconf 91' lang='lat' dir='ltr'><strong>et</strong></span> <span class='ocrx_word' id='word_1_829' title='bbox 2213 4636 2448 4700; x_wconf 90' lang='lat' dir='ltr'><strong>molitur,</strong></span> <span class='ocrx_word' id='word_1_830' title='bbox 2473 4644 2530 4690; x_wconf 90' lang='lat' dir='ltr'><strong>ut</strong></span> <span class='ocrx_word' id='word_1_831' title='bbox 2550 4636 2629 4691; x_wconf 90' lang='lat' dir='ltr'><strong>vel</strong></span> <span class='ocrx_word' id='word_1_832' title='bbox 2654 4652 2717 4692; x_wconf 82' lang='lat' dir='ltr'><strong>ex</strong></span> <span class='ocrx_word' id='word_1_833' title='bbox 2743 4637 2917 4706; x_wconf 81' lang='lat' dir='ltr'><strong>parvis</strong></span> <span class='ocrx_word' id='word_1_834' title='bbox 2939 4636 3145 4692; x_wconf 90' lang='lat' dir='ltr'><strong>meritis</strong></span> <span class='ocrx_word' id='word_1_835' title='bbox 3168 4638 3461 4703; x_wconf 85' lang='lat' dir='ltr'><strong>coroneris,</strong></span> 
     </span>
    </p>
   </div>
   <div class='ocr_carea' id='block_1_106' title="bbox 1877 4728 3464 4802">
    <p class='ocr_par' dir='ltr' id='par_1_106' title="bbox 1877 4728 3464 4802">
     <span class='ocr_line' id='line_1_106' title="bbox 1877 4728 3464 4802; baseline -0.001 -18"><span class='ocrx_word' id='word_1_836' title='bbox 1877 4738 1932 4784; x_wconf 91' lang='lat' dir='ltr'><strong>et</strong></span> <span class='ocrx_word' id='word_1_837' title='bbox 1960 4730 2147 4785; x_wconf 90' lang='lat' dir='ltr'><strong>circuit</strong></span> <span class='ocrx_word' id='word_1_838' title='bbox 2174 4728 2485 4785; x_wconf 88' lang='lat' dir='ltr'><strong>occasiones</strong></span> <span class='ocrx_word' id='word_1_839' title='bbox 2509 4745 2778 4802; x_wconf 69' lang='lat' dir='ltr'><strong>quaerens,</strong></span> <span class='ocrx_word' id='word_1_840' title='bbox 2803 4730 2954 4799; x_wconf 88' lang='lat' dir='ltr'><strong>queis</strong></span> <span class='ocrx_word' id='word_1_841' title='bbox 2977 4728 3147 4800; x_wconf 89' lang='lat' dir='ltr'><strong>possis</strong></span> <span class='ocrx_word' id='word_1_842' title='bbox 3168 4744 3196 4781; x_wconf 90' lang='lat' dir='ltr'><strong>a</strong></span> <span class='ocrx_word' id='word_1_843' title='bbox 3223 4728 3464 4799; x_wconf 88' lang='lat' dir='ltr'><strong>gehenna</strong></span> 
     </span>
    </p>
   </div>
   <div class='ocr_carea' id='block_1_107' title="bbox 1878 4823 2113 4882">
    <p class='ocr_par' dir='ltr' id='par_1_107' title="bbox 1878 4823 2113 4882">
     <span class='ocr_line' id='line_1_107' title="bbox 1878 4823 2113 4882; baseline -0.013 -3"><span class='ocrx_word' id='word_1_844' title='bbox 1878 4823 2113 4882; x_wconf 87' lang='lat' dir='ltr'><strong>liberari.</strong></span> 
     </span>
    </p>
   </div>
   <div class='ocr_carea' id='block_1_108' title="bbox 1948 4914 3467 4981">
    <p class='ocr_par' dir='ltr' id='par_1_108' title="bbox 1948 4914 3467 4981">
     <span class='ocr_line' id='line_1_108' title="bbox 1948 4914 3467 4981; baseline -0.003 -9"><span class='ocrx_word' id='word_1_845' title='bbox 1948 4917 2000 4972; x_wconf 84' lang='lat'><strong>5.</strong></span> <span class='ocrx_word' id='word_1_846' title='bbox 2045 4915 2322 4971; x_wconf 80' lang='lat' dir='ltr'><strong>Humilitas</strong></span> <span class='ocrx_word' id='word_1_847' title='bbox 2351 4917 2749 4971; x_wconf 81' lang='lat' dir='ltr'><strong>commendatur.</strong></span> <span class='ocrx_word' id='word_1_848' title='bbox 2789 4914 3007 4969; x_wconf 85' lang='lat' dir='ltr'><strong>Peccata</strong></span> <span class='ocrx_word' id='word_1_849' title='bbox 3033 4915 3306 4981; x_wconf 64' lang='lat' dir='ltr'><strong>memoriae,</strong></span> <span class='ocrx_word' id='word_1_850' title='bbox 3338 4914 3467 4968; x_wconf 88' lang='lat' dir='ltr'><strong>bona</strong></span> 
     </span>
    </p>
   </div>
   <div class='ocr_carea' id='block_1_109' title="bbox 2199 5015 2269 5099">
    <p class='ocr_par' dir='ltr' id='par_1_109' title="bbox 2199 5015 2269 5099">
     <span class='ocr_line' id='line_1_109' title="bbox 2199 5015 2269 5099; baseline 0 0"><span class='ocrx_word' id='word_1_851' title='bbox 2199 5015 2269 5099; x_wconf 67' lang='grc' dir='ltr'><strong>σοι</strong></span> 
     </span>
    </p>
   </div>
   <div class='ocr_carea' id='block_1_110' title="bbox 1931 5184 3453 5249">
    <p class='ocr_par' dir='ltr' id='par_1_110' title="bbox 1931 5184 3453 5249">
     <span class='ocr_line' id='line_1_110' title="bbox 1931 5184 3453 5249; baseline 0.001 -12"><span class='ocrx_word' id='word_1_852' title='bbox 1931 5188 1949 5222; x_wconf 78' lang='grc' dir='ltr'>ί</span> <span class='ocrx_word' id='word_1_853' title='bbox 1983 5187 2039 5237; x_wconf 90' lang='lat' dir='ltr'><strong>In</strong></span> <span class='ocrx_word' id='word_1_854' title='bbox 2062 5193 2242 5241; x_wconf 72' lang='lat' dir='ltr'><strong>Grzeco.</strong></span> <span class='ocrx_word' id='word_1_855' title='bbox 2267 5200 2519 5249; x_wconf 50' lang='lat' dir='ltr'><strong>nmmum.</strong></span> <span class='ocrx_word' id='word_1_856' title='bbox 2551 5184 2764 5249; x_wconf 75' lang='lat' dir='ltr'><strong>Anianus</strong></span> <span class='ocrx_word' id='word_1_857' title='bbox 2787 5185 2953 5241; x_wconf 81' lang='lat' dir='ltr'><strong>vertit,</strong></span> <span class='ocrx_word' id='word_1_858' title='bbox 2969 5186 3218 5249; x_wconf 82' lang='lat' dir='ltr'><strong>confessio,</strong></span> <span class='ocrx_word' id='word_1_859' title='bbox 3240 5203 3332 5237; x_wconf 82' lang='lat' dir='ltr'><strong>non</strong></span> <span class='ocrx_word' id='word_1_860' title='bbox 3351 5205 3453 5238; x_wconf 81' lang='lat' dir='ltr'><strong>ma-</strong></span> 
     </span>
    </p>
   </div>
   <div class='ocr_carea' id='block_1_111' title="bbox 1870 5247 3457 5313">
    <p class='ocr_par' dir='ltr' id='par_1_111' title="bbox 1870 5247 3457 5313">
     <span class='ocr_line' id='line_1_111' title="bbox 1870 5247 3457 5313; baseline 0.002 -14"><span class='ocrx_word' id='word_1_861' title='bbox 1870 5250 1940 5306; x_wconf 84' lang='lat' dir='ltr'><strong>le,</strong></span> <span class='ocrx_word' id='word_1_862' title='bbox 1961 5263 2055 5300; x_wconf 87' lang='lat' dir='ltr'><strong>nec</strong></span> <span class='ocrx_word' id='word_1_863' title='bbox 2073 5256 2239 5299; x_wconf 86' lang='lat' dir='ltr'><strong>contra</strong></span> <span class='ocrx_word' id='word_1_864' title='bbox 2259 5247 2578 5311; x_wconf 78' lang='lat' dir='ltr'><strong>Cln&#39;ysostomi</strong></span> <span class='ocrx_word' id='word_1_865' title='bbox 2605 5259 2823 5307; x_wconf 85' lang='lat' dir='ltr'><strong>scopum,</strong></span> <span class='ocrx_word' id='word_1_866' title='bbox 2862 5249 2955 5311; x_wconf 78' lang='lat' dir='ltr'><strong>qui</strong></span> <span class='ocrx_word' id='word_1_867' title='bbox 2972 5247 3065 5297; x_wconf 85' lang='lat' dir='ltr'><strong>non</strong></span> <span class='ocrx_word' id='word_1_868' title='bbox 3091 5253 3287 5299; x_wconf 88' lang='lat' dir='ltr'><strong>omnino</strong></span> <span class='ocrx_word' id='word_1_869' title='bbox 3311 5262 3457 5313; x_wconf 75' lang='lat' dir='ltr'><strong>negat</strong></span> 
     </span>
    </p>
   </div>
   <div class='ocr_carea' id='block_1_112' title="bbox 1880 5325 3465 5389">
    <p class='ocr_par' dir='ltr' id='par_1_112' title="bbox 1880 5325 3465 5389">
     <span class='ocr_line' id='line_1_112' title="bbox 1880 5325 3465 5389; baseline 0 -13"><span class='ocrx_word' id='word_1_870' title='bbox 1880 5328 1956 5376; x_wconf 86' lang='lat' dir='ltr'><strong>hic</strong></span> <span class='ocrx_word' id='word_1_871' title='bbox 1978 5326 2245 5389; x_wconf 87' lang='lat' dir='ltr'><strong>peccatoris</strong></span> <span class='ocrx_word' id='word_1_872' title='bbox 2276 5325 2691 5389; x_wconf 80' lang='lat' dir='ltr'><strong>compunctioncm</strong></span> <span class='ocrx_word' id='word_1_873' title='bbox 2717 5338 2829 5389; x_wconf 84' lang='lat' dir='ltr'><strong>esse</strong></span> <span class='ocrx_word' id='word_1_874' title='bbox 2852 5340 2976 5389; x_wconf 80' lang='lat' dir='ltr'><strong>vere</strong></span> <span class='ocrx_word' id='word_1_875' title='bbox 2998 5326 3337 5387; x_wconf 86' lang='lat' dir='ltr'><strong>humilitatem,</strong></span> <span class='ocrx_word' id='word_1_876' title='bbox 3375 5333 3465 5382; x_wconf 83' lang='lat' dir='ltr'><strong>sed</strong></span> 
     </span>
    </p>
   </div>
   <div class='ocr_carea' id='block_1_113' title="bbox 1832 5385 3463 5449">
    <p class='ocr_par' dir='ltr' id='par_1_113' title="bbox 1832 5385 3463 5449">
     <span class='ocr_line' id='line_1_113' title="bbox 1832 5385 3463 5449; baseline 0.002 -12"><span class='ocrx_word' id='word_1_877' title='bbox 1832 5394 1849 5414; x_wconf 82' lang='lat'><strong><em>‘</em></strong></span> <span class='ocrx_word' id='word_1_878' title='bbox 1877 5391 1943 5438; x_wconf 88' lang='lat' dir='ltr'><strong>ait</strong></span> <span class='ocrx_word' id='word_1_879' title='bbox 1962 5385 2093 5447; x_wconf 79' lang='lat' dir='ltr'><strong>esse,</strong></span> <span class='ocrx_word' id='word_1_880' title='bbox 2119 5400 2398 5449; x_wconf 69' lang='grc' dir='ltr'><strong>ιῦγνωμοσὺνην,</strong></span> <span class='ocrx_word' id='word_1_881' title='bbox 2426 5385 2992 5448; x_wconf 64' lang='lat' dir='ltr'><strong>probitatmn,justitiam,</strong></span> <span class='ocrx_word' id='word_1_882' title='bbox 3019 5390 3191 5441; x_wconf 80' lang='lat' dir='ltr'><strong>iustam</strong></span> <span class='ocrx_word' id='word_1_883' title='bbox 3215 5385 3463 5443; x_wconf 64' lang='lat' dir='ltr'><strong>existima-</strong></span> 
     </span>
    </p>
   </div>
   <div class='ocr_carea' id='block_1_114' title="bbox 1876 5450 3464 5515">
    <p class='ocr_par' dir='ltr' id='par_1_114' title="bbox 1876 5450 3464 5515">
     <span class='ocr_line' id='line_1_114' title="bbox 1876 5450 3464 5515; baseline -0.002 -15"><span class='ocrx_word' id='word_1_884' title='bbox 1876 5450 2067 5515; x_wconf 64' lang='lat' dir='ltr'><strong>ti&#39;nen},</strong></span> <span class='ocrx_word' id='word_1_885' title='bbox 2098 5457 2150 5498; x_wconf 88' lang='lat' dir='ltr'><strong>ut</strong></span> <span class='ocrx_word' id='word_1_886' title='bbox 2166 5451 2426 5515; x_wconf 81' lang='lat' dir='ltr'><strong>distinguat</strong></span> <span class='ocrx_word' id='word_1_887' title='bbox 2441 5462 2469 5497; x_wconf 91' lang='lat' dir='ltr'><strong>a</strong></span> <span class='ocrx_word' id='word_1_888' title='bbox 2491 5456 2771 5515; x_wconf 84' lang='lat' dir='ltr'><strong>sanctorum</strong></span> <span class='ocrx_word' id='word_1_889' title='bbox 2788 5450 3092 5515; x_wconf 81' lang='lat' dir='ltr'><strong>humilitate:</strong></span> <span class='ocrx_word' id='word_1_890' title='bbox 3120 5466 3362 5515; x_wconf 47' lang='lat' dir='ltr'><strong>ap...“qu</strong></span> <span class='ocrx_word' id='word_1_891' title='bbox 3381 5470 3464 5504; x_wconf 78' lang='lat' dir='ltr'><strong>au-</strong></span> 
     </span>
    </p>
   </div>
   <div class='ocr_carea' id='block_1_115' title="bbox 1879 5511 3460 5624">
    <p class='ocr_par' dir='ltr' id='par_1_115' title="bbox 1879 5511 3460 5624">
     <span class='ocr_line' id='line_1_115' title="bbox 1879 5511 3460 5624; baseline 0.002 -61"><span class='ocrx_word' id='word_1_892' title='bbox 1879 5511 2269 5624; x_wconf 41' lang='lat' dir='ltr'><strong>tenzalliquando,</strong></span> <span class='ocrx_word' id='word_1_893' title='bbox 2292 5516 2483 5569; x_wconf 81' lang='lat' dir='ltr'><strong>qratnm</strong></span> <span class='ocrx_word' id='word_1_894' title='bbox 2505 5523 2735 5574; x_wconf 80' lang='lat' dir='ltr'><strong>nmmum,</strong></span> <span class='ocrx_word' id='word_1_895' title='bbox 2762 5514 2957 5575; x_wconf 86' lang='lat' dir='ltr'><strong>iudicat,</strong></span> <span class='ocrx_word' id='word_1_896' title='bbox 2980 5511 3269 5577; x_wconf 78' lang='lat' dir='ltr'><strong>quandoque</strong></span> <span class='ocrx_word' id='word_1_897' title='bbox 3297 5511 3460 5579; x_wconf 83' lang='lat' dir='ltr'><strong>etiam,</strong></span> 
     </span>
     <span class='ocr_line' id='line_1_116' title="bbox 1883 5586 2179 5624; baseline -0.003 0"><span class='ocrx_word' id='word_1_898' title='bbox 1883 5589 1971 5624; x_wconf 79' lang='lat' dir='ltr'><strong>vro</strong></span> <span class='ocrx_word' id='word_1_899' title='bbox 2002 5587 2018 5623; x_wconf 90' lang='lat' dir='ltr'><strong>t</strong></span> <span class='ocrx_word' id='word_1_900' title='bbox 2041 5588 2067 5622; x_wconf 75' lang='grc' dir='ltr'><strong>ιι</strong></span> <span class='ocrx_word' id='word_1_901' title='bbox 2092 5586 2179 5624; x_wconf 73' lang='lat' dir='ltr'><strong>ent.</strong></span> 
     </span>
    </p>
   </div>
   <div class='ocr_carea' id='block_1_116' title="bbox 1881 5587 2179 5636">
    <p class='ocr_par' dir='ltr' id='par_1_116' title="bbox 1881 5587 2179 5636">
     <span class='ocr_line' id='line_1_117' title="bbox 1881 5587 2179 5636; baseline 0 -13"><span class='ocrx_word' id='word_1_902' title='bbox 1881 5587 2179 5636; x_wconf 78' lang='lat' dir='ltr'><strong>pt&#39;ovtltttt’m.</strong></span> 
     </span>
    </p>
   </div>
  </div>
