3832 6178
411 168 477 218 57

403 290 555 338 opera
581 275 817 330 oblivioni
849 280 1112 335 tradenda.
1142 282 1314 341 Penus
1329 304 1504 342 secura
1538 291 1692 358 probe
1709 303 1984 364 gestorum,

404 373 477 418 ut
525 365 707 422 oblivio
751 373 1296 446 eorum—Ideoque
1347 380 1556 435 etiamsi
1599 383 1652 436 in
1706 384 1987 442 undecima

396 455 528 513 hora
565 459 669 514 diei
704 459 935 528 labores,
966 472 1132 520 totam
1157 470 1458 526 mercedem
1500 475 1734 542 tribuet;
1768 477 1986 534 Etiamsi

395 549 591 604 nullam
635 553 813 608 salutis
849 571 1027 609 ansam
1073 557 1274 626 habeas,
1323 562 1513 632 inquit,
1558 577 1761 638 prapter
1798 586 1878 624 me
1902 575 1986 641 fa-

392 640 545 706 ciam,
577 657 638 695 ne
659 658 838 697 nomen
863 660 1028 699 meum
1048 649 1344 718 profanetur
1366 653 1578 721 (Ezech.
1613 658 1702 712 '56.
1728 657 1819 713 22.
1845 640 1976 732 5Ξ);

395 731 604 786 etiamsi
636 742 836 790 tantum
865 740 1151 808 gemueris,
1182 742 1268 798 vel
1295 744 1690 817 lacrymaveris,
1721 749 1837 808 ha-c
1871 764 1984 812 sta-

397 824 490 876 tim
531 823 618 878 ille
653 827 790 895 rapit
827 827 882 882 in
925 831 1262 886 occasionem
1291 835 1478 891 salutis
1521 849 1647 895 tum.
1687 841 1766 898 Ne
1803 853 1984 916 .taque

394 915 734 982 extollantur,
772 919 866 974 sed
909 936 1004 975 nos
1033 922 1275 980 dicamus
1311 926 1545 995 inutiles,
1589 941 1646 987 ut
1687 934 1842 992 utiles
1869 915 1984 994 ellio

392 1008 618 1064 ciamur.
643 1010 774 1065 Nam
800 1013 844 1068 si
879 1025 928 1068 te
950 1014 1267 1073 laudabilem
1297 1019 1520 1092 dixeris,
1550 1025 1751 1085 inutilis
1775 1031 1975 1101 evadis,

391 1103 603 1159 etiamsi
649 1105 930 1163 laudabilis
971 1126 1097 1166 vere
1125 1111 1310 1170 fueris.
1352 1116 1408 1172 Si
1451 1127 1503 1174 te
1541 1121 1781 1179 inutilem
1809 1125 1978 1195 dicas,

390 1192 538 1248 utilis
592 1197 794 1263 evadis,
851 1199 1058 1255 etiamsi
1117 1202 1499 1273 improbandus
1544 1209 1728 1267 fueris.
1776 1215 1978 1283 Quam-

389 1283 574 1339 obrem
614 1283 914 1345 necessaria
955 1292 1111 1350 nobis
1140 1304 1223 1350 est
1248 1297 1414 1366 probe
1455 1311 1726 1370 gestorum
1754 1307 1975 1366 oblivio.

387 1373 454 1428 Et
497 1379 768 1445 quomodo
817 1395 1120 1450 possumus,
1163 1385 1392 1456 inquies,
1433 1405 1554 1459 quae
1600 1409 1727 1451 vere
1777 1398 1977 1456 scimus

385 1466 631 1535 ignorare
652 1468 824 1538 ?Quid
842 1471 1012 1527 dicis?
1031 1489 1152 1529 cum
1173 1477 1386 1535 assidue
1403 1480 1645 1538 offendas
1668 1485 1972 1560 Dominum,

383 1556 654 1614 deliciaris
681 1571 736 1616 et
762 1562 926 1625 rides.
970 1580 1034 1620 ac
1059 1582 1236 1638 neque
1273 1571 1380 1627 scis
1417 1581 1468 1629 te
1513 1589 1787 1648 peccasse,
1813 1591 1975 1654 atque

382 1653 562 1706 omnia
606 1653 860 1710 oblivioni
909 1657 1119 1715 tradis:
1153 1661 1322 1731 probe
1367 1677 1640 1734 gestorum
1687 1687 1816 1728 vero
1863 1653 1971 1732 non

378 1755 533 1816 potes
558 1749 871 1804 memoriam
909 1752 1178 1822 abjicere?
1207 1755 1429 1812 Etiamsi
1457 1760 1869 1823 vehementiore
1902 1769 1974 1825 sit

375 1853 512 1908 opus
536 1839 748 1896 timore.
781 1841 890 1897 Nos
915 1854 1128 1914 contra,
1157 1862 1280 1904 cum
1317 1852 1555 1921 quotidie
1581 1869 1882 1924 peccemus,
1916 1862 1968 1917 id

375 1947 448 1986 ne
495 1932 550 1988 in
595 1945 772 1990 mente
811 1937 1027 2006 quidem
1067 1941 1391 2010 retinemus;
1438 1946 1482 1999 si
1533 1961 1662 2004 vero
1709 1951 1969 2010 tantillum

381 2025 625 2084 pecunia:
651 2030 868 2096 pauperi
899 2028 1112 2098 demus,
1152 2033 1283 2088 illud
1312 2050 1404 2091 sus
1441 2037 1616 2106 deque
1643 2055 1921 2100 versamus
1947 2062 1964 2102 :

374 2112 427 2170 id
463 2117 603 2186 quod
631 2129 886 2175 extremm
914 2131 998 2177 est
1023 2123 1361 2193 insipientize,
1389 2131 1785 2202 maximumque
1813 2137 1966 2194 colli-

371 2205 548 2274 gentis
571 2205 970 2266 detrimentum.
1001 2211 1180 2270 Penus
1204 2216 1345 2271 enim
1375 2233 1563 2275 secura
1589 2223 1756 2293 probe
1781 2238 1957 2298 gesto-

371 2313 511 2366 rum,
559 2308 643 2354 est
693 2301 891 2359 oblivio
953 2319 1163 2362 eorum.
1221 2310 1300 2365 Ac
1342 2313 1792 2382 quemadmodum
1839 2335 1962 2378 cum

370 2388 692 2446 vestimenta
722 2402 774 2448 et
804 2409 992 2450 aurum
1033 2396 1087 2452 in
1115 2398 1228 2455 foro
1249 2402 1556 2472 pandimus,
1583 2408 1782 2466 multos
1805 2413 1964 2470 nobis

369 2479 715 2538 insidiatores
761 2498 1046 2555 paramus,
1085 2489 1130 2544 si
1174 2505 1302 2547 vero
1344 2492 1490 2550 domi
1531 2495 1861 2568 deponamus
1904 2514 1958 2560 ct

369 2571 722 2642 occultemus,
761 2575 812 2630 in
841 2585 954 2632 tuto
984 2581 1163 2635 omnia
1203 2581 1529 2642 collocamus
1559 2604 1573 2644 :
1600 2588 1672 2645 ita
1718 2601 1772 2647 et
1814 2604 1961 2652 recte

365 2661 526 2732 facta,
559 2665 603 2720 si
634 2665 942 2738 frequenter
970 2669 1024 2724 in
1073 2673 1328 2730 memoria
1357 2677 1815 2748 circumferamus,
1858 2686 1960 2740 llo-

363 2753 570 2809 minam
598 2757 665 2811 ad
691 2757 824 2814 iram
855 2761 1207 2832 concitamus,
1235 2763 1551 2840 hostemque
1577 2787 1869 2844 armemus,
1900 2788 1956 2834 et

363 2845 432 2902 ad
463 2846 661 2904 furtum
689 2851 1011 2920 invitamus;
1031 2854 1114 2911 sin
1143 2872 1272 2915 vero
1313 2875 1470 2917 nemo
1498 2862 1552 2918 id
1580 2865 1783 2935 scierit,
1818 2885 1954 2940 pra:-

363 2948 447 2993 ter
468 2954 591 2994 eum
628 2956 787 3010 quem
817 2944 990 3000 solum
1021 2945 1136 3003 haec
1170 2962 1328 3006 nosse
1356 2961 1586 3023 oportet,
1617 2955 1676 3013 in
1716 2967 1828 3015 tuto
1870 2963 1954 3016 illa

379 3032 560 3080 erum.
597 3023 676 3081 Ne
731 3030 912 3100 itaque
949 3032 1038 3088 illa
1099 3033 1410 3105 frequenter
1459 3055 1665 3106 verses,
1715 3059 1782 3098 ne
1825 3045 1951 3114 quis

380 3111 472 3166 illa
491 3113 738 3201 _dir_ipiat
767 3136 784 3186 ;
820 3119 872 3174 id
890 3121 1035 3190 quod
1059 3122 1338 3179 Pharisaeo
1393 3129 1610 3193 accidit,
1639 3133 1732 3201 qui
1767 3111 1858 3188 inti
1895 3135 1951 3189 in

358 3204 459 3248 ore
485 3192 733 3288 ferebat:
761 3213 1088 3275 quapropter
1122 3221 1187 3263 ea
1229 3207 1343 3280 ipsa
1384 3211 1629 3272 diabolus
1657 3192 1943 3288 abripuit;

357 3283 571 3341 etiamsi
596 3301 717 3344 eum
754 3293 1044 3361 gratiarum
1083 3297 1328 3356 actione'
1361 3301 1452 3358 illa
1479 3317 1946 3378 commemoraret,

357 3376 644 3449 omniaque
671 3381 900 3440 referret
926 3387 1059 3444 Deo.
1081 3388 1279 3448 Verum
1311 3393 1414 3450 hoc
1438 3412 1544 3452 non
1570 3400 1702 3454 satis
1731 3400 1804 3457 illi
1829 3376 1945 3458 fuit.

349 3473 470 3532 Non
518 3481 662 3537 enim
705 3486 995 3555 gratiarum
1042 3489 1270 3547 actionis
1310 3502 1394 3549 est
1438 3494 1574 3552 alios
1619 3498 1944 3570 vituperare,

351 3566 454 3624 sibi
484 3584 551 3626 ex
580 3573 821 3643 plurimis
849 3577 1075 3649 gloriam
1110 3596 1374 3653 querere,
1422 3593 1477 3641 et
1504 3597 1690 3644 contra
1717 3604 1946 3660 peccan-

351 3667 436 3715 tes
480 3661 680 3720 cll'erri.
726 3665 784 3722 Si
831 3669 974 3725 enim
1003 3672 1202 3743 gratias
1246 3673 1359 3731 Deo
1403 3677 1540 3748 agis,
1579 3677 1679 3735 hac
1721 3682 1834 3736 sola
1883 3697 1944 3739 re

347 3759 632 3811 contentus
675 3766 812 3824 esto,
860 3771 915 3817 et
953 3777 1021 3819 ne
1052 3763 1106 3819 id
1152 3750 1357 3823 referas
1397 3767 1725 3840 hominibus,
1768 3789 1942 3844 neque

341 3844 605 3914 judicium
649 3849 792 3907 feras
818 3852 884 3909 de
913 3857 1158 3927 proximo
1186 3876 1200 3914 :
1233 3860 1287 3916 id
1324 3862 1467 3918 enim
1494 3880 1600 3920 non
1629 3875 1712 3922 est
1738 3869 1942 3939 gratia-

344 3953 464 3994 rum
490 3942 734 4000 actionis.
767 3945 824 4002 Si
867 3950 1162 4019 gratiarum
1205 3954 1433 4011 actionis
1462 3959 1679 4017 modum
1715 3962 1795 4018 vis
1823 3964 1938 4019 edi-

341 4043 518 4099 scere,
547 4033 670 4090 audi
697 4044 806 4093 tres
831 4054 1026 4110 pueros
1051 4040 1290 4101 dicentes
1320 4064 1333 4100 :
1369 4045 1717 4121 Peccavimus,
1748 4054 1937 4126 injuste

341 4121 535 4191 egimus
571 4139 592 4180 :
608 4127 784 4197 justus
826 4146 901 4199 es,
951 4131 1199 4202 Domine,
1243 4139 1299 4192 in
1336 4142 1566 4199 omnibus
1617 4162 1732 4216 qua:
1767 4121 1935 4220 fecisti

338 4213 504 4280 nobis,
533 4217 654 4288 quia
692 4220 745 4275 in
793 4239 907 4279 vero
926 4235 938 4247 '
939 4225 1144 4297 judicio
1191 4232 1362 4286 omnia
1409 4213 1657 4292 induxisti
1681 4213 1842 4312 (Dan.
1870 4243 1928 4299 5.

336 4303 427 4360 29.
457 4305 548 4396 27.
577 4309 692 4382 3i).
719 4311 941 4386 Propria
970 4319 1111 4374 enim
1139 4333 1352 4392 peccata
1393 4327 1658 4396 confiteri,
1688 4303 1816 4389 illud
1844 4343 1929 4391 est

333 4395 532 4462 gratias
559 4413 717 4472 agere
749 4403 857 4462 Deo
895 4409 1262 4482 conﬁtentem,
1291 4415 1381 4487 qui
1408 4395 1653 4477 declarat
1675 4438 1734 4479 se
1766 4425 1925 4482 inuu-

332 4487 497 4544 meris
541 4491 833 4552 obnoxium
874 4514 995 4556 esse
1042 4507 1294 4576 peccatis,
1345 4525 1446 4566 nec
1487 4515 1668 4572 subire
1709 4533 1922 4588 poenam

329 4591 621 4639 recusare:
653 4587 738 4643 hic
776 4591 1014 4647 omnium
1045 4598 1275 4654 maxime
1316 4604 1514 4671 gratias
1556 4607 1681 4678 agit.
1713 4587 1919 4668 Cavea-

327 4688 451 4731 mus
482 4675 641 4748 igitur
669 4697 736 4737 ne
766 4683 831 4738 ad
861 4685 1068 4743 laudem
1105 4701 1340 4750 nostram
1368 4697 1491 4768 quid
1517 4675 1799 4772 loquamur
1827 4723 1840 4758 :
1867 4707 1918 4763 id

326 4768 472 4825 enim
517 4787 616 4828 nos
643 4783 698 4829 et
741 4774 1049 4837 hominibus
1087 4784 1303 4843 odiosus
1340 4799 1393 4844 et
1422 4790 1534 4848 Deo
1559 4801 1918 4858 exsecrandos

323 4862 518 4920 reddit.
556 4865 761 4924 Idcirco
800 4886 906 4942 quo
933 4876 1133 4944 majora
1166 4879 1467 4951 fecerimus,
1514 4903 1581 4943 eo
1611 4890 1815 4946 minora
1849 4895 1916 4950 de

321 4955 478 5012 nobis
501 4957 776 5026 dicamus;
807 4963 874 5018 ita
905 4966 1047 5022 enim
1085 4986 1328 5042 magnam
1373 4990 1764 5048 consequemur
1793 4985 1912 5054 glo-

321 5048 456 5102 riam
483 5064 602 5106 cum
632 5054 772 5125 apud
816 5056 1082 5129 homines,
1113 5072 1223 5120 tum
1263 5069 1403 5138 apud
1432 5070 1619 5141 Deum,
1654 5075 1762 5132 imo
1802 5095 1908 5136 non

321 5145 524 5195 ιηιιιυιιι
553 5142 772 5213 gloriam
796 5149 935 5218 apud
960 5151 1148 5223 Deum,
1179 5157 1274 5213 sed
1305 5175 1548 5232 magnam
1581 5171 1906 5230 mercedem.

319 5226 931 5333 mercedem
963 5244 1162 5333 exigas,
1210 5258 1269 5306 ut
1308 5253 1614 5312 mercedem
1655 5261 1905 5333 recipias.

313 5305 591 5367 Conﬁtere
611 5321 662 5369 te
679 5330 779 5386 per
793 5325 1024 5390 gratiam
1045 5305 1276 5391 salutem
1297 5305 1578 5413 c—onscqui,
1601 5352 1661 5398 ut
1683 5305 1895 5404 tibiille

384 5524 403 5556 ι
433 5524 629 5590 Morel.,
657 5543 766 5581 cum
788 5534 986 5599 gaudio.

1092 182 1148 238 S.
1189 183 1472 244 JOANNIS
1510 191 1998 255 CHRYSOSTOMI
2041 201 2357 264 ARCillEP.
2399 208 2942 267 CONSTANTINOP.

3589 211 3654 265 '58

2086 323 2148 364 se
2181 307 2478 366 debitorem
2527 328 2649 369 esse
2685 316 3024 384 conﬁteatur,
3066 334 3174 377 non
3215 322 3288 380 ob
3313 325 3482 397 probe
3524 345 3668 404 gesta

2087 409 2310 466 tantum,
2359 401 2453 457 sed
2501 403 2570 458 ob
2606 416 2814 476 gratum
2857 407 3094 465 animum
3136 419 3305 469 tuum.
3347 418 3483 475 Cum
3528 401 3669 480 enim

2085 504 2232 548 recte
2277 509 2582 565 operantur,
2629 500 2882 568 operibus
2911 511 3111 558 tantum
3154 505 3454 566 debitorem
3499 515 3666 585 ipsum

2083 582 2345 641 habemus
2369 603 2382 646 :
2407 603 2524 642 cum
2553 605 2658 643 non
2681 601 2930 662 putamus
2951 610 3048 650 nos
3067 597 3263 668 aliquid
3285 612 3430 657 recte
3456 605 3661 678 fecissq

2083 689 2182 744 pro
2219 676 2310 730 illo
2341 677 2457 748 ipso
2481 678 2673 736 affectu
2706 684 2872 753 magis
2902 701 3061 753 quam
3106 704 3204 758 pro
3230 694 3488 760 operibus
3515 697 3661 752 dehi-

2085 773 2252 821 torem
2282 767 2540 824 habemus
2563 787 2578 825 :
2603 771 2673 825 ita
2717 783 2774 827 ut
2813 774 2865 828 id
2900 775 3030 846 ipsis
3055 779 3126 833 sit
3150 783 3406 850 operibus
3430 790 3664 860 :cquipa-

2080 858 2326 914 randum.
2373 861 2430 917 Si
2483 863 2582 918 hoc
2623 864 2765 920 enim
2815 883 2921 923 non
2971 869 3148 940 adsit,
3197 873 3287 928 illa
3338 891 3502 948 opera
3559 897 3664 937 non

2081 966 2272 1022 magna
2319 953 2656 1012 videbuntur.
2713 957 2987 1031 Siquidem
3029 971 3085 1018 et
3139 980 3241 1022 nos
3283 983 3498 1041 quoque
3545 983 3671 1031 tunc

2079 1043 2311 1100 maxime
2343 1044 2570 1103 famulos
2613 1053 2826 1106 nostros
2869 1065 3116 1125 acceptos
3143 1056 3424 1128 habemus,
3453 1067 3667 1136 quando

2076 1135 2254 1190 omnia
2281 1151 2399 1191 cum
2425 1136 2796 1198 benevolentia
2822 1154 3059 1216 agentes,
3083 1147 3218 1206 nihil
3240 1165 3302 1208 se
3322 1135 3501 1227 magni
3533 1173 3670 1230 pra:-

2075 1225 2276 1283 stitisse
2301 1238 2506 1300 putant.

2146 1392 2426 1451 Humilitas
2449 1401 2830 1460 commendatur
2853 1416 2908 1462 ut
2927 1410 3090 1466 omnis
3110 1413 3450 1490 philosophia
3471 1424 3664 1493 princi-

2071 1485 2232 1555 pium.
2254 1517 2328 1530 —
2357 1488 2537 1562 Itaque
2563 1493 2612 1549 si
2637 1495 2715 1551 vis
2740 1511 2900 1569 opera
2928 1509 3015 1558 tua
3037 1504 3174 1563 bona
3203 1485 3393 1583 magna
3419 1485 3563 1584 esse,
3593 1534 3668 1574 ne

2070 1592 2258 1649 magna
2287 1594 2406 1637 esse
2431 1592 2602 1653 putes,
2630 1597 2859 1660 tuncque
2885 1608 3072 1665 magna
3097 1609 3274 1655 erunt.
3303 1602 3391 1658 Sic
3416 1614 3666 1664 centurio

2069 1669 2279 1727 dicebat
2299 1715 2314 1737 ,
2351 1673 2470 1729 Non
2497 1693 2610 1732 sum
2639 1679 2823 1752 dignus
2858 1694 2913 1738 ut
2947 1685 3102 1744 intres
3135 1692 3228 1746 sub
3266 1703 3454 1751 tectum
3493 1717 3662 1757 meum

2071 1759 2278 1831 (Matth.
2305 1764 2360 1819 8.
2389 1764 2480 1834 8);
2518 1767 2741 1840 ideoque
2777 1772 2968 1842 dignus
3005 1775 3140 1845 fuit,
3172 1796 3440 1855 supraque
3467 1804 3662 1849 omnes

2063 1851 2278 1910 Judmos
2305 1857 2582 1915 mirabilis.
2613 1861 2687 1916 Ita
2713 1871 2770 1918 et
2791 1864 2986 1924 Paulus
3011 1873 3086 1925 ait
3112 1890 3126 1926 :
3157 1851 3279 1929 Non
3318 1851 3432 1935 sum
3469 1883 3660 1955 dignus

2065 1948 2233 2002 vocari
2255 1952 2518 2020 apostolus
2543 1955 2618 2025 (l.
2651 1955 2770 2011 Cor.
2801 1959 2886 2014 i5.
2918 1960 3008 2034 9).
3044 1963 3274 2039 Ideoque
3304 1974 3507 2040 primus
3525 1948 3656 2034 om-

2063 2035 2209 2093 nium
2247 2039 2468 2096 effectus
2505 2054 2606 2100 est.
2647 2045 2737 2101 Sic
2767 2059 2820 2104 et
2842 2048 3074 2109 Joannes
3103 2073 3116 2109 :
3150 2035 3272 2114 Non
3304 2035 3423 2118 sum
3469 2068 3663 2138 dignus

2060 2130 2252 2186 solvere
2296 2135 2564 2207 corrigiam
2608 2141 2932 2198 calceamenti
2980 2147 3090 2217 ejus
3137 2148 3158 2222 (
3178 2149 3344 2209 Marc.
3396 2158 3448 2213 1.
3499 2130 3553 2214 7'.
3604 2174 3656 2218 et

2063 2220 2254 2280 Matth.
2287 2225 2341 2279 5.
2374 2225 2484 2298 ll).
2510 2227 2632 2284 Ideo
2659 2240 2713 2286 et
2737 2234 2941 2290 amicus
2964 2220 3155 2307 sponsi
3171 2252 3286 2298 erat
3306 2285 3322 2312 ,
3353 2255 3408 2302 et
3433 2265 3652 2310 manum

2059 2311 2229 2380 illam,
2253 2331 2411 2386 quam
2443 2317 2710 2390 indignam
2735 2323 3110 2385 calceamentis
3139 2311 3376 2404 putabat,
3404 2336 3657 2400 Christus

2058 2421 2217 2479 supra
2239 2419 2398 2479 caput
2423 2426 2578 2468 suum
2605 2417 2840 2472 attraxit.
2868 2418 2959 2476 Sic
2985 2431 3039 2476 et
3068 2422 3260 2482 Petrus
3277 2428 3485 2488 dicebat
3509 2455 3524 2490 :
3548 2437 3660 2494 Eri

2059 2513 2092 2552 ο
2129 2515 2245 2567 mc,
2285 2502 2405 2572 quia
2444 2503 2597 2560 homo
2632 2519 2865 2578 peccator
2893 2527 3006 2567 sum
3033 2512 3199 2586 (Luc.
3224 2517 3278 2574 5.
3311 2519 3398 2592 8).
3447 2525 3658 2586 idcirco

2061 2609 2464 2666 fundamentum
2497 2610 2750 2666 Ecclesia
2775 2614 2945 2669 factus
2964 2623 3064 2671 est.
3095 2615 3234 2672 Nihil
3261 2619 3403 2675 enim
3432 2620 3504 2675 ita
3534 2621 3661 2678 Deo.

2058 2710 2268 2770 gratum
2296 2710 2398 2768 est,
2429 2716 2586 2771 quam
2612 2703 2656 2758 si
2688 2704 2806 2773 quis
2831 2719 2890 2760 se
2910 2722 3029 2760 cum
3054 2707 3253 2764 ultimis
3277 2711 3655 2779 peccatoribus

2062 2800 2325 2848 numeret.
2357 2792 2470 2849 Hoc
2495 2793 2669 2849 omnis
2693 2794 3044 2867 philosophiae
3073 2797 3389 2871 principium
3417 2810 3522 2870 est.
3545 2803 3650 2873 Qui

2057 2887 2198 2942 enim
2225 2885 2442 2943 humilis
2469 2897 2523 2943 et
2547 2889 2807 2946 contritus
2827 2902 2931 2957 εει,
2957 2906 3060 2946 non
3091 2892 3232 2947 inani
3259 2894 3427 2964 gloria
3454 2895 3652 2952 effere-

2057 2987 2162 3046 tur,
2188 2995 2294 3034 non
2323 2979 2599 3047 irascetur,
2630 2996 2735 3036 non
2767 2983 3010 3052 proximo
3036 2983 3328 3053 invidebit,
3358 3002 3464 3041 non
3495 2988 3646 3044 aliud

2050 3071 2320 3142 quidpiam
2362 3072 2475 3127 vitii
2513 3074 2776 3130 admittet.
2820 3075 3002 3147 Neque
3037 3077 3182 3132 enim
3210 3079 3493 3134 contritam
3526 3096 3647 3136 ma-

2050 3178 2196 3228 num,
2227 3166 2566 3234 quantumvis
2609 3167 2993 3225 contendamus
3015 3210 3031 3237 ,
3077 3185 3361 3240 possumus
3389 3174 3438 3227 iu
3469 3174 3644 3230 altum

2047 3257 2257 3312 ell‘erre.
2303 3257 2359 3314 Si
2405 3259 2582 3330 itaque
2622 3261 2699 3316 sic
2741 3264 2972 3317 animam
3015 3276 3383 3332 conteraums,
3423 3270 3647 3324 etiamsi

2044 3351 2222 3407 cordis
2243 3351 2466 3407 affectus
2494 3355 2756 3411 innumeri
2787 3357 2930 3412 illam
2957 3358 3141 3416 inﬂare
3161 3371 3213 3416 et
3233 3362 3497 3420 extollere
3518 3375 3645 3426 ten-

2044 3454 2176 3512 tem,
2196 3462 2263 3500 ne
2279 3446 2362 3501 vel
2391 3446 2669 3504 minimum
2697 3451 2893 3520 poterit
2917 3453 3066 3524 erigi.
3093 3453 3149 3510 Si
3175 3457 3318 3512 enim
3345 3459 3435 3530 qui
3461 3474 3639 3516 smon-

2041 3537 2170 3591 laria
2211 3537 2405 3593 damna
2445 3539 2690 3610 deplorat
2713 3581 2728 3606 ,
2755 3557 2943 3600 onmes
2971 3559 3006 3600 a
3034 3560 3093 3601 se
3123 3546 3268 3619 fugat
3293 3553 3484 3605 animm
3519 3553 3642 3608 lan-

2039 3643 2234 3700 guores
2262 3648 2276 3684 :
2308 3631 2478 3686 multo
2497 3633 2666 3704 magis
2691 3633 2781 3691 ille
2800 3636 2888 3706 qui
2912 3651 3009 3708 pro
3033 3641 3264 3708 peccatis
3289 3642 3339 3697 id
3361 3645 3491 3714 agit,
3515 3645 3640 3716 phi~

2039 3719 2279 3792 losophia
2322 3725 2574 3794 potietur.
2620 3724 2690 3782 Et
2731 3730 2850 3798 quis
2889 3729 2960 3784 ita
3003 3733 3229 3801 poterit,
3263 3733 3502 3806 inquies,
3535 3753 3640 3794 cor

2036 3829 2189 3870 suum
2218 3818 2536 3874 conterere?
2573 3818 2712 3875 Audi
2755 3821 3044 3889 Davidem,
3084 3826 3172 3896 qui
3214 3827 3314 3883 hac
3355 3827 3422 3884 de
3461 3844 3636 3887 causa

2035 3908 2265 3964 maxime
2293 3910 2602 3980 splendidus
2631 3911 2746 3980 fuit,
2775 3923 2830 3969 et
2853 3915 2974 3971 vide
2999 3917 3114 3986 ejus
3145 3919 3305 3974 animi
3335 3922 3632 3979 contritio-

2034 4016 2177 4056 nem.
2207 4001 2336 4058 Post
2364 4003 2640 4060 innumera
2671 4007 2930 4076 przeelare
2954 4019 3099 4081 gesta
3120 4053 3138 4078 ,
3164 4026 3287 4068 cum
3318 4016 3636 4084 proximum

2032 4101 2176 4146 esset
2199 4099 2255 4147 ut
2278 4093 2470 4164 patria,
2498 4093 2660 4151 domo
2687 4105 2742 4152 et
2770 4098 2881 4170 ipsa
2913 4100 3017 4154 vita
3045 4103 3350 4171 excideret,
3383 4105 3500 4176 ipso
3528 4123 3633 4164 ea.

2029 4179 2278 4239 lamitatis
2302 4193 2561 4256 tempore,
2589 4188 2746 4244 vilem
2776 4190 3151 4264 abiectumque
3180 4197 3399 4252 militem
3430 4199 3639 4258 videns

2027 4273 2368 4332 insultantem
2404 4278 2502 4334 sibi
2529 4288 2585 4335 et
2611 4281 2997 4339 conviciantem
3022 4327 3038 4352 ,
3087 4301 3190 4342 non
3229 4289 3400 4346 solum
3441 4293 3629 4351 vicem

2026 4380 2132 4420 non
2163 4366 2431 4432 reddidit,
2472 4369 2566 4426 sed
2592 4372 2752 4426 etiam
2781 4374 2970 4430 ducem
3000 4380 3300 4450 quempiam
3333 4383 3506 4453 ipsum
3538 4387 3632 4443 in-

2025 4459 2272 4516 terimere
2293 4462 2556 4519 volentem
2583 4465 2874 4536 impedivit,
2903 4469 3087 4527 dicens
3113 4491 3126 4527 :
3157 4471 3406 4531 Dimittite
3429 4477 3586 4536 illam
3606 4526 3628 4550 ,

2020 4549 2141 4618 quia
2165 4549 2414 4608 Dominus
2441 4555 2699 4610 mandavit
2733 4559 2780 4612 ei
2805 4561 2822 4629 (
2843 4559 2897 4614 2.
2927 4559 3051 4634 Reg.
3084 4562 3172 4619 16.
3199 4567 3258 4621 11
3288 4566 3328 4637 ).
3376 4549 3624 4627 Rursum

2018 4641 2383 4698 sacerdotibus
2409 4649 2736 4716 rogantibus.
2768 4650 2952 4707 liceret
2992 4653 3090 4709 sibi
3134 4672 3254 4711 cum
3300 4659 3390 4714 illo
3425 4675 3622 4719 aram

2016 4731 2364 4792 circumferre
2383 4780 2398 4804 ,
2431 4739 2480 4792 id
2511 4755 2615 4795 non
2649 4757 2836 4812 passus
2865 4755 2947 4800 est
2977 4747 3107 4802 :scd
3134 4750 3258 4820 quid
3280 4751 3394 4806 ait?
3433 4753 3626 4814 Reduc

2012 4841 2184 4878 arcam
2208 4825 2414 4883 Domini
2437 4829 2489 4883 in
2516 4832 2788 4901 civitatem,
2821 4843 2866 4888 et
2890 4844 2982 4889 stet
3005 4838 3058 4890 in
3085 4839 3197 4894 loco
3230 4859 3344 4900 suo.
3374 4844 3436 4899 Si
3460 4846 3624 4901 inve-

2012 4934 2132 4973 nero
2152 4921 2370 4991 gratiam
2390 4925 2440 4978 in
2457 4937 2726 4997 conspectu
2747 4926 2975 4998 Dontini,
2991 4941 3036 4985 et
3058 4934 3339 4993 liberaverit
3359 4957 3438 4995 me
3462 4940 3624 5000 Dens

2010 5010 2074 5065 de
2095 5011 2396 5071 instantibus
2428 5016 2576 5073 malis
2595 5019 2633 5087 ¹,
2662 5019 2837 5076 videbo
2869 5022 3100 5081 decorem
3124 5028 3268 5098 ejus;
3307 5032 3388 5087 sin
3417 5033 3623 5092 dixerit

2068 5235 2082 5264 ι
2108 5230 2201 5309 ilic
2225 5235 2486 5309 admodum
2510 5239 2696 5290 variant
2716 5245 3035 5309 exemplaria.
3060 5247 3208 5299 Savil.
3235 5257 3288 5300 et
3308 5251 3478 5304 Morel.
3495 5257 3602 5309 ha-

2000 5294 2134 5375 b‘cqt
2227 5309 2274 5375 tu
2291 5303 2439 5375 textu
2467 5294 2962 5375 :‘nninpscriptiv'ero
2987 5294 3127 5375 multi

1999 5355 2136 5434 stabo
2158 5354 2206 5407 in
2225 5361 2421 5434 templo,
2441 5361 2551 5434 ethsi
2574 5354 2863 5434 liberauerit
2893 5354 2967 5434 me
2989 5354 3066 5421 '25
3076 5354 3085 5357 _
3097 5354 3586 5434 iiaiitiitiiiiiiiiitié‘f

2003 5419 2267 5501 illaec‘e‘st.
2297 5419 2448 5471 lectio
2488 5425 2666 5501 Graeca.
2811 5419 2977 5501 lfieldé
2999 5419 3587 5501 quammexscripstinii;

2004 5479 2399 5556 limi-.Muiannus
2419 5487 2666 5556 veronsed
2689 5497 2796 5556 stet,
2824 5489 2996 5556 inquit.
3015 5479 3270 5556 iniiinii}
3291 5479 3596 5555 ἶέἷδῖιῖιὲί

1999 5547 2177 5610 raverit
2201 5556 2276 5594 me
2311 5547 2437 5656 {lens
2458 5548 2520 5601 de
2563 5547 2846 5604 instantibus
2869 5547 3032 5617 litatis,
3058 5547 3232 5610 videbo
3252 5547 3595 5624 pulchritudi-

2001 5616 2106 5655 nem
2131 5618 2253 5656 eius.
2282 5620 2310 5656 e
2339 5619 2382 5656 c.

2001 5616 2106 5655 nem
2131 5618 2253 5670 ejus,
2282 5616 2382 5656 etc.
