3832 6178
150 310 209 367 59
1291 286 1361 345 ΙΝ
1400 279 1816 344 ΜΑΤΤΠᾸΞΠΜ
1868 278 2104 339 Ηουιιι.
2126 278 2220 339 IV.
3313 279 3387 338 40

134 426 265 489 *Πάν
290 421 423 477 Νοίο
454 428 503 474 τε
531 434 551 473 -'
579 434 694 475 εδει
715 432 827 488 ⁸9οο
854 413 1007 485 [θεῖαι
1035 410 1161 478 mihi
1188 410 1325 473 Quod
1349 419 1420 463 ειι
1452 407 1692 475 placitum
1790 423 1896 480 que
1921 406 2126 473 subire,
2153 399 2448 460 innumeris
2474 398 2678 453 animas
2705 409 2828 453 suas
2855 385 3199 467 hlasphemiis
3220 394 3372 451 labe-

132 522 175 574 in
193 485 446 585 conspecta
470 528 585 583 ejus
611 511 687 581 (2.
712 485 842 579 Περ.
869 506 954 561 15.
978 504 1069 559 25.
1094 501 1206 572 26).
1240 499 1373 554 Illud
1396 512 1525 555 vero
1551 496 1692 568 quod
1793 499 2011 554 lactant.
2058 496 2131 551 At
2168 508 2276 550 non
2304 491 2370 546 iis
2393 488 2584 545 similis
2612 485 2777 543 David
2810 492 2959 552 erat,
2985 485 3075 555 qui
3106 485 3202 541 luit
3229 486 3375 541 omini

133 626 235 682 erga
260 574 467 665 Saulem
491 574 551 660 et
572 574 737 658 semel
764 574 819 657 et
844 600 927 655 bis
952 608 1007 653 et
1035 596 1232 668 pluries
1257 594 1403 660 fecit,
1433 601 1688 663 quantum
1798 589 2056 646 modestia
2084 585 2358 665 prmditus.
2395 581 2520 639 Ideo
2546 579 2758 636 dicebat
2791 577 2932 634 Deus
2957 618 2969 631 .
3008 574 3184 631 inueni
3213 575 3383 630 David

135 658 222 759 noun
246 698 590 774 philosophiae
613 697 824 753 culmen
846 658 1106 748 ostendit!
1132 688 1187 743 ld
1213 689 1355 743 enim
1383 658 1437 741 et
1452 658 1694 739 veterem
1796 684 1956 751 filium
1982 658 2166 745 Jessa:,
2196 678 2359 733 cirum
2379 674 2659 731 secundum
2682 686 2771 725 cor
2794 683 2957 724 meum
2980 671 3002 738 ι
3027 665 3173 722 Psal.
3208 666 3296 723 88.
3326 668 3379 721 ι.

135 759 280 869 legem
308 759 592 861 superabat
616 833 632 855 ,
664 799 714 845 ct
743 788 808 844 ad
837 786 1130 856 apostolica
1164 790 1423 853 prmcepta
1457 782 1697 849 proxime
1793 774 1857 830 2t
1881 776 1922 844 ).
1949 773 2135 829 Talem
2159 781 2215 828 ct
2239 784 2339 826 nos
2363 765 2730 840 possideamus
2753 762 3019 828 animam,
3046 768 3102 817 et
3129 759 3383 831 quidquid

133 886 413 944 accedebat.
462 882 590 937 Ideo
626 880 803 935 omnia
848 853 968 949 qua:
1002 891 1031 930 a
1074 875 1183 929 Deo
1223 871 1697 944 proﬁciscebantur
1799 867 2063 937 patimur,
2093 865 2285 920 leniter
2306 863 2575 926 feramus,
2601 866 2657 914 et
2678 863 2801 912 ante
2825 870 3047 926 regnum
3067 894 3084 921 ,
3114 853 3201 910 hic
3229 854 3388 910 nobis

133 976 525 1048 amplectebatur
549 1015 566 1040 ,
610 988 709 1028 nec
750 972 1011 1025 ratiunem
1052 966 1301 1036 exigebat
1350 979 1535 1019 eorum
1579 977 1699 1032 quae
1801 958 2069 1029 pariamus
2108 953 2419 1010 humilitatis
2448 957 2783 1022 proventum.
2816 946 2949 1002 Nam
2987 945 3101 1001 ait:
3137 944 3386 1000 Discitea

134 1071 439 1131 accidebant,
464 1066 560 1122 sed
581 1080 742 1119 unum
764 1061 1030 1127 studebat,
1054 1071 1112 1114 ut
1133 1058 1331 1128 ubique
1353 1055 1471 1125 ejus
1495 1052 1700 1124 legibus
1800 1066 1900 1115 me,
1922 1049 2041 1117 quia
2062 1049 2194 1101 mitis
2213 1062 2325 1101 sum
2340 1055 2387 1100 et
2407 1041 2615 1097 humilis
2634 1040 2803 1105 corde,
2820 1048 2866 1094 et
2887 1037 3147 1093 invenietis
3165 1038 3388 1107 requiem

134 1166 513 1231 obsequeretur.
540 1157 609 1211 Et
632 1166 752 1227 p081
782 1162 859 1208 ιοι
884 1161 1135 1221 tantaque
1164 1147 1416 1220 primum
1442 1145 1697 1210 ἴδιοίηυη,
1804 1148 2061 1206 animabus
2097 1143 2274 1201 vestris
2312 1142 2333 1213 (
2355 1141 2547 1196 Matth.
2575 1140 2664 1195 ll.
2685 1137 2757 1195 29
2778 1136 2819 1209 ).
2858 1135 2929 1192 Ut
2953 1134 3108 1205 igitur
3135 1142 3192 1189 et
3215 1131 3304 1187 hic
3327 1139 3383 1186 et

135 1258 298 1313 “deus
328 1266 613 1326 ‘Ymnnum
630 1293 644 1315 ο
678 1248 1018 1319 Ριιτνίοίάίιηι,
1048 1242 1393 1309 "atticum".
1421 1249 1699 1296 οοηιυηιθ-
1805 1242 1912 1300 illic
1937 1239 2120 1311 requie
2147 1236 2406 1301 fruamur,
2432 1246 2637 1289 summa
2658 1246 2787 1287 cura
2813 1229 3051 1285 omnium
3074 1226 3337 1283 bonorum
3362 1225 3382 1257 ι

137 1352 326 1408 liosum.
345 1343 732 1413 luriosum,qui
753 1355 971 1411 regnum
996 1354 1148 1394 suum
1170 1337 1455 1397 invaserat,
1485 1348 1551 1387 ne
1572 1332 1699 1386 illud
1801 1344 2025 1392 matrem
2064 1331 2414 1387 humilitatem
2444 1328 2496 1382 in
2521 1324 2799 1381 animabus
2838 1321 3033 1379 nostris
3063 1319 3378 1375 inseramus.

193 1442 234 1454 ..
368 1441 381 1452 ο
452 1440 465 1451 ι
551 1437 607 1454 ην
673 1433 829 1454 pws-
866 1433 955 1454 [με.
983 1449 995 1454 -
1030 1429 1120 1454 -..Α
1151 1431 1191 1454 -:
1224 1426 1291 1454 ι...
1327 1428 1432 1454 nn“
1461 1425 1660 1454 n‘nnnnl
1803 1434 1891 1454 ne-
1923 1432 2056 1454 “.2...
2089 1442 2132 1454 ,ι
2161 1427 2313 1454 t...:....
2342 1427 2462 1454 ..ει-..ι
2488 1424 2700 1454 ηηιηηιιε
2728 1421 2845 1454 αἴτια
2866 1417 3117 1454 Humili-Ic
3144 1416 3378 1454 lrniinnra

133 1442 324 1547 quidem
366 1440 469 1547 ipsi
514 1433 835 1493 oﬂ‘eudiculo
865 1433 959 1547 fuit
983 1449 996 1485 :
1028 1429 1121 1486 sed
1149 1431 1203 1547 sli.
1224 1426 1295 1482 ita
1327 1428 1434 1482 Deo
1460 1425 1666 1547 91306:“
1683 1464 1700 1491 ν
1803 1434 1895 1490 Sic
1917 1432 2059 1489 enim
2084 1442 2138 1486 et
2160 1427 2316 1499 hujus
2342 1427 2462 1481 vitae
2488 1424 2704 1493 pelagus
2728 1421 2846 1476 sine
2866 1417 3117 1473 ﬂuctibus
3143 1416 3387 1485 trajicere

552 1546 561 1547 ,
638 1543 803 1547 ,_,,__,_
840 1534 884 1547 ,ι
939 1538 1097 1547 ---λ-Α
1151 1540 1162 1547 .
1211 1537 1295 1547 ...η
1321 1529 1497 1547 “an...
1532 1518 1581 1547 :..
1628 1533 1699 1547 η»
1807 1523 2101 1547 --η-ευ..-
2154 1529 2203 1547 ..ι
2232 1518 2295 1547 ..ιι
2325 1514 2662 1547 ι-ηηηιιῖ11.ηη
2695 1512 2844 1547 illum
2874 1518 3086 1547 nnrlnm
3116 1507 3363 1547 navium-9

135 1535 301 1605 inquit,
332 1533 456 1601 pelli
484 1546 593 1595 me,
626 1543 808 1584 errare
834 1534 888 1581 et
916 1524 1118 1595 fugere,
1150 1522 1296 1577 illum
1321 1529 1499 1574 autem
1530 1518 1583 1572 iu
1608 1517 1705 1571 ho-

1861 1523 2124 1589 )terimus,
2151 1529 2206 1577 et
2230 1518 2299 1574 ad
2325 1514 2664 1586 tranquillum
2695 1512 2845 1568 illum
2874 1518 3086 1580 portum
3114 1507 3382 1577 navigare,

1861 1619 1966 1637 ,-.ς-
2017 1624 2061 1637 -.
2101 1612 2425 1637 L-..:.....:......
2452 1605 2655 1637 n......:..:
2683 1603 2850 1637 nnclr:
2890 1602 3005 1637 lacn
3030 1599 3224 1637 Rha-icti
3297 1608 3380 1637 mu

137 1644 245 1683 nore
277 1640 421 1685 esse.
454 1626 508 1679 id
535 1622 830 1693 amplector
871 1629 1031 1689 atque
1072 1615 1304 1685 suscipio
1327 1656 1343 1680 ,
1388 1622 1444 1667 et
1481 1612 1702 1682 gratiam

1861 1619 1975 1673 'atia
2011 1624 2066 1672 et
2101 1612 2426 1684 benignitate
2451 1605 2658 1663 Domini
2683 1603 2853 1659 nostri
2878 1602 3007 1657 .lesu
3030 1599 3225 1657 Christi
3249 1639 3269 1666 ,
3297 1608 3383 1654 cut

138 1721 288 1776 habeo
313 1734 411 1787 pro
432 1719 591 1772 malis
620 1712 935 1771 innumeris.
960 1710 1075 1765 Non
1103 1718 1162 1763 ut
1186 1707 1335 1762 multi
1368 1705 1706 1775 impudentes
1808 1712 1976 1786 gloria
2000 1720 2055 1767 et
2076 1706 2356 1779 imperium
2381 1704 2434 1759 in
2460 1700 2652 1757 secula
2679 1694 3020 1754 saeculorum.
3051 1692 3243 1747 Amen.

135 1830 186 1868 ac
203 1811 517 1885 petulantes,
547 1808 637 1878 qni
665 1822 733 1861 ne
762 1804 1032 1859 minimam
1059 1798 1275 1870 quidem
1306 1808 1509 1867 partem
1539 1794 1706 1865 probe
2196 1806 2199 1807 '

137 1918 381 1976 geSturum
411 1904 529 1972 ejus
554 1898 833 1969 exsequuti
863 1904 1009 1960 sunt,
1035 1893 1230 1964 quique
1256 1891 1300 1945 si
1327 1904 1461 1960 quos
1489 1888 1705 1942 videant

140 2011 369 2068 prospere
388 2008 573 2066 agere,
595 2007 656 2046 se
670 2004 798 2045 vero
819 2001 1036 2058 parvam
1058 1982 1355 2039 molestiam
1375 1978 1710 2036 mmstitiam-

1873 1904 1906 1979 ξ.
1926 1903 2227 1979 Manuscripti
2259 1915 2356 1979 non
2389 1898 2546 1979 pauci,
2580 1900 2825 1979 virtutum,
2846 1899 3063 1979 Ilegunt,
3098 1910 3211 1962 quae
3243 1896 3390 1950 lectio

1810 1969 1991 2032 optimc
2016 1961 2302 2030 quadraret;
2328 1961 2418 2015 sed
2440 1963 2657 2013 Anianus
2680 1962 2818 2025 legit.
2842 1961 3068 2013 bonorum

159 2181 3393 2291 ______________________'___..__———-———————-———————-————--

1520 2380 1873 2449 IIOMILIA
1921 2378 2025 2445 IV.

178 2686 291 2742 CAP.
322 2681 359 2736 I.
387 2697 439 2732 v.
468 2678 555 2731 l7.
597 2673 783 2727 Omnes
817 2668 969 2738 igitur
1007 2662 1348 2735 generationes
1389 2655 1449 2710 ab
1493 2652 1748 2707 Abraham

238 2790 387 2844 usque
413 2772 479 2823 ad
511 2766 696 2829 David,
720 2760 1060 2834 generationes
1085 2750 1503 2826 quatuordecim;
1533 2753 1577 2799 et
1597 2759 1629 2797 a
1650 2741 1751 2795 Da-

238 2833 315 2921 vid
339 2878 499 2933 usque
528 2859 595 2912 ad
617 2833 1107 2921 transmigrationem
1134 2842 1432 2915 Babylonis,
1461 2833 1746 2909 generatio-

237 2976 322 3013 nes
358 2924 787 3026 quatuorderim;
829 2954 873 2999 et
915 2960 946 2997 a
992 2936 1433 3008 transmigratione
1474 2924 1750 2999 Babylonis

236 3024 478 3122 usquead
507 3045 784 3107 Christum,
810 3034 1150 3110 generationes
1178 3024 1578 3101 quatuordecim.

236 3186 287 3240 ί.
308 3182 516 3239 Omnes
540 3173 913 3248 generationes
932 3170 983 3222 in
1014 3176 1121 3221 tres
1148 3171 1325 3232 partes
1344 3157 1546 3221 divisit,
1569 3162 1752 3210 osten-

176 3280 297 3335 dens
326 3277 447 3332 illos
477 3273 643 3328 etiam
673 3274 793 3339 post
819 3261 1123 3332 reipublicae
1150 3255 1375 3310 formam
1404 3248 1603 3321 pluries
1630 3262 1751 3301 mu-

176 3380 326 3427 tatam
353 3382 464 3422 non
495 3364 733 3420 evasisse
769 3356 1015 3412 meliores
1038 3392 1054 3417 ,
1089 3348 1183 3404 sed
1219 3347 1333 3401 sive
1369 3340 1714 3397 aristocratia:
1736 3378 1752 3403 ,

174 3463 277 3517 sive
300 3473 492 3528 regno,
520 3455 636 3507 sive
657 3446 960 3519 oligarchia:
990 3450 1256 3512 parerent.
1283 3439 1335 3491 in
1368 3433 1554 3490 iisdem
1579 3444 1756 3485 versa-

176 3566 252 3610 tas
277 3552 435 3607 malis
460 3562 586 3604 esse
616 3562 630 3598 :
658 3558 719 3597 ac
745 3554 920 3610 neque
962 3532 1184 3590 ducibus
1206 3572 1223 3598 ,
1265 3541 1438 3597 neque
1467 3520 1759 3579 sacerdoti-

176 3647 285 3707 bus,
312 3655 491 3711 neque
535 3634 752 3706 regibus
794 3646 908 3686 rem
949 3625 1209 3697 publicam
1240 3613 1756 3678 administrantibus,

176 3738 425 3808 majorem
455 3744 626 3803 penes
652 3728 769 3782 illos
795 3720 1003 3778 virtutis
1025 3716 1287 3773 rationem
1317 3710 1498 3764 luisse.
1532 3704 1643 3765 Cu:
1661 3717 1759 3755 au-

176 3801 274 3888 tem
295 3832 347 3885 in
369 3801 552 3883 media
576 3830 725 3892 parte
749 3828 858 3873 tres
875 3808 1212 3883 praetermisit
1231 3817 1402 3874 reges,
1422 3801 1475 3854 in
1495 3806 1760 3868 postrema

180 3934 344 3980 autem
371 3925 528 3990 parte
549 3888 979 3986 generationibus
1003 3898 1285 3957 duodecim
1319 3901 1519 3949 tantum
1552 3888 1756 3959 positis,

178 3981 578 4087 quattuordecim
621 4006 763 4074 ipsas
791 4014 911 4054 esse
937 3994 1099 4050 dicit?
1143 3991 1378 4046 Primam
1409 3981 1760 4054 quaestionem

180 4071 319 4161 v'obis
342 4097 669 4157 solvendam
699 4093 973 4161 relinquo;
1021 4098 1125 4139 non
1162 4082 1305 4137 enim
1340 4075 1516 4130 omnia
1555 4071 1764 4126 solvere

182 4202 323 4255 vobis
347 4207 578 4251 necesse
605 4197 705 4249 est,
740 4199 807 4239 ne
832 4181 984 4236 vobis
1015 4174 1281 4232 fastidium
1303 4179 1621 4241 generemus
1646 4178 1660 4216 :
1681 4175 1767 4216 se-

185 4293 399 4349 cundam
425 4298 607 4342 autem
634 4275 1042 4347 explanahimus
1063 4271 1103 4324 ¹.
1131 4266 1255 4322 Mihi
1284 4272 1426 4319 certe
1452 4258 1659 4314 videtur
1677 4266 1768 4348 ca-

184 4374 436 4449 ptivitatis
467 4379 682 4438 tempus
708 4336 794 4417 hic
824 4373 918 4430 pro
947 4369 1048 4410 una
1076 4349 1419 4423 generatione
1454 4336 1725 4397 titunerari
1746 4375 1765 4406 ,

186 4431 273 4529 :eu
299 4479 353 4526 et
381 4469 562 4538 ipsum
586 4431 857 4515 libristum
887 4450 1128 4525 [alteram
1156 4439 1435 4514 implere],
1463 4451 1623 4509 quem
1651 4431 1768 4489 ubi—

186 4527 284 4632 que
322 4527 480 4615 nobis
508 4546 804 4621 conjungit.
845 4544 888 4599 Ε
925 4557 985 4596 re
1018 4548 1193 4593 autem
1227 4531 1583 4603 captivitatem
1623 4527 1767 4581 illam

188 4627 612 4713 commemorat,
642 4637 932 4696 ostendens
960 4633 1086 4687 illuc
1109 4627 1364 4685 deductos
1388 4664 1404 4691 ,
1433 4638 1537 4677 non
1567 4629 1770 4686 tempe-

190 4747 445 4802 rautiorcs
464 4738 732 4797 evasisse;
763 4732 832 4784 ita
855 4736 909 4782 ut
930 4737 1145 4796 prorsus
1172 4717 1505 4774 necessarius
1530 4713 1773 4768 videatur

172 4840 343 4896 luisse
357 4829 564 4891 Christi
581 4827 860 4882 adventus.
882 4815 1019 4886 Quid
1039 4828 1166 4884 ergo
1187 4812 1392 4867 Marcus
1416 4822 1519 4862 non
1542 4803 1769 4874 idipsum

192 4937 309 5003 agit,
333 4943 512 5001 neque
535 4924 662 4999 Jc§u
684 4914 1042 4989 genealogiam
1065 4913 1323 4966 recenset,
1340 4900 1435 4956 sed
1457 4895 1774 4967 compendio

193 4991 361 5083 monia
408 4991 621 5077 refert?
660 5011 783 5068 Mihi
829 5004 1043 5078 quidem
1087 4999 1296 5054 videtur
1335 4991 1611 5049 Matthams
1651 4996 1775 5041 ante

194 5133 372 5176 anites
398 5122 620 5169 manum
649 5101 799 5159 oneri
827 5093 1128 5153 admovisse
1153 5109 1167 5146 :
1190 5091 1512 5159 quapropter
1528 5078 1779 5153 genealo—

255 5351 274 5383 ⁸
310 5357 434 5400 Tres
454 5352 565 5393 Mss.
600 5342 671 5390 sic
692 5336 977 5391 babent,....
1018 5328 1281 5400 secundum
1324 5310 1793 5400 autem

205 5378 441 5473 neralia:
457 5378 975 5473 'iﬁidiie,‘
1000 5378 1192 5473 deum
1220 5400 1324 5437 tres
1345 5385 1534 5473 pagime
1556 5378 1789 5468 adjiciun-I

743 5460 771 5473 "
898 5472 903 5473 γ
947 5464 1083 5473 --ηιλ-
1124 5454 1239 5473 aut.“
1275 5460 1458 5473 "mm-..
1489 5454 1626 5473 ,ηηης
1679 5450 1775 5473 mm

207 5444 850 5532 Ef’u'i'iniiééiiiiiﬁilzé
875 5444 1241 5520 quatuordccim
1273 5444 1644 5532 get-ierati'oues,
1679 5449 1791 5532 q‘uze

948 5527 956 5532 -
986 5531 989 5532 ν
1280 5517 1492 5532 ....-.......
1519 5516 1637 5532 ..ηηη
1664 5512 1688 5532 ο
1730 5512 1772 5532 ,ν

210 5500 312 5587 ξιιῇὲ
321 5500 1051 5597 "éfﬁiii'éiéii"niih‘ierliiiidi;
1064 5500 1255 5597 uie-chon
1274 5500 1638 5597 Ejut‘ttuordefin‘:
1663 5500 1790 5557 alii”:

577 5592 587 5597 -
626 5588 656 5597 ι-
697 5594 706 5597 -
844 5582 949 5597 -a__'-
981 5592 1094 5597 --Λμκ
1134 5589 1219 5597 λοι--.ι
1251 5588 1274 5597 οι
1294 5587 1310 5597 \
1378 5571 1522 5597 “tanta
1564 5578 1620 5597 μβ
1646 5576 1669 5597 ﬂ
1696 5574 1789 5597 IanI‘

980 5566 1098 5662 vero
1114 5577 1219 5647 lucc
1238 5566 1686 5662 'a‘ii‘é‘llif‘lngniilig‘
1692 5574 1790 5662 '13)th

216 5628 1210 5717 iIs'se‘Cltrvsostonti,
1238 5638 1286 5686 iu
1318 5633 1465 5683 liuent
1488 5628 1795 5681 Commenta-

214 5705 384 5772 ibitis;
404 5705 454 5768 in
474 5714 748 5766 Mattha'tnn
766 5705 991 5768 ablegata
1015 5709 1144 5752 sunt.

1842 2649 1979 2724 giam
2025 2650 2273 2702 accurate
2317 2636 2497 2710 ponit,
2533 2631 2666 2689 etin
2694 2632 2757 2685 iis
2783 2643 2901 2699 qua
2930 2630 3226 2682 necessaria
3264 2620 3415 2677 erant

1842 2714 2071 2805 insistit;
2116 2734 2322 2791 Marcus
2368 2741 2498 2783 vero
2538 2731 2657 2794 post
2700 2722 2872 2791 ipsum
2916 2716 3146 2786 scripsit,
3196 2714 3418 2779 ideoque

1840 2828 2159 2903 compendio
2180 2823 2375 2886 studet,
2403 2828 2585 2889 utpote
2604 2814 2691 2885 qui
2712 2813 2822 2884 jam
2846 2810 2987 2865 dicta
3008 2817 3063 2863 et
3087 2815 3208 2860 uola
3235 2817 3423 2858 recen-

1842 2895 1980 2983 seat:
2024 2920 2132 2975 Cur
2167 2932 2293 2984 ergo
2338 2914 2507 2967 Lucas
2544 2908 2701 2963 etiam
2733 2900 3092 2975 genealogiam
3120 2906 3181 2952 et
3202 2895 3418 2966 quidem

1842 3017 2101 3091 pluribus,
2132 3006 2351 3065 scribit?
2407 3002 2537 3070 Quia
2591 2998 2871 3054 Mattlueus
2910 2994 3018 3064 jam
3078 2997 3424 3062 princesserat

1846 3082 2090 3178 viamque
2132 3105 2446 3174 paraverat,
2484 3092 2649 3147 voluit
2697 3090 2783 3143 ille
2826 3086 3020 3155 aliquid
3062 3082 3287 3152 amplius
3327 3094 3425 3134 nos

1845 3202 2092 3259 educere.
2135 3193 2371 3262 Quisque
2413 3182 2792 3253 discipulorum
2825 3178 3132 3246 magistrum
3163 3187 3316 3227 suum
3344 3179 3426 3226 est

1847 3294 2113 3353 imitatus;
2152 3288 2235 3339 hic
2264 3282 2506 3343 Paulum,
2530 3276 2772 3331 ubertate
2800 3268 3014 3325 ﬂumina
3043 3273 3381 3335 superantem
3406 3278 3423 3328 ;

1848 3388 1936 3444 ille
1958 3386 2196 3443 Petrum,
2225 3372 2466 3433 brevitati
2490 3367 2810 3425 studentem.
2840 3361 2946 3417 Cur
2966 3374 3126 3429 porro
3150 3356 3426 3412 Matthmus

1847 3481 1902 3536 in
1930 3474 2149 3532 exordio
2178 3485 2283 3524 non
2313 3466 2483 3529 dixit,
2514 3461 2650 3515 sicut
2675 3467 2726 3512 et
2754 3452 3061 3525 prophetae,
3103 3448 3240 3502 Visio
3275 3463 3425 3514 quam

1847 3534 1971 3631 ridi,
1998 3565 2104 3629 vel,
2137 3562 2318 3617 Sermo
2355 3555 2441 3624 qui
2481 3557 2643 3625 [actus
2682 3555 2753 3602 est
2789 3544 2858 3597 ad
2897 3541 3012 3596 me?
3055 3538 3316 3607 Quoniam
3355 3534 3423 3589 ad

1850 3660 1984 3730 frugi
2030 3655 2273 3711 homines
2307 3644 2606 3709 scribebat,
2636 3639 2724 3709 qui
2753 3632 3041 3691 admodum
3071 3630 3226 3684 dictis
3252 3637 3429 3683 atten-

1851 3723 2058 3811 derem.
2106 3745 2316 3803 Etenim
2354 3744 2463 3808 jam
2501 3742 2704 3807 patrata
2734 3727 2984 3785 miracula
3010 3723 3309 3779 clamabant
3332 3763 3348 3787 ,
3378 3730 3431 3777 et

1852 3849 1940 3920 qni
1968 3840 2301 3911 evangelium
2330 3831 2682 3902 accipiebant,
2714 3824 2867 3894 plane
2892 3818 3082 3874 ﬁdeles
3106 3826 3279 3873 erant.
3304 3815 3432 3871 Pro-

1855 3943 2130 4012 phetarum
2156 3948 2281 3986 vero
2307 3938 2547 3991 tempore
2576 3935 2681 3975 non
2710 3925 2787 3972 tot
2809 3923 2963 3970 erant
2990 3908 3243 3965 miracula
3264 3948 3280 3974 ,
3311 3922 3431 3976 qua:

1848 4005 2231 4084 auctoritatem
2255 4021 2386 4091 ipsis
2406 4017 2675 4081 indereut,
2696 4023 2750 4071 et
2773 4026 2959 4083 magna
2982 4018 3111 4065 tunc
3129 4005 3446 4076 erumpebat

1863 4113 2444 4190 pseudoprophetarum
2475 4109 2627 4164 turba
2644 4149 2660 4173 ,
2688 4105 2881 4176 quibus
2907 4102 3076 4171 magis
3100 4097 3448 4155 attendebant

1861 4189 2049 4271 .ludaci.
2074 4209 2430 4277 Quamobrem
2454 4203 2538 4257 hic
2557 4199 2935 4271 prommiorum
2958 4193 3147 4250 modus
3164 4190 3303 4260 apud
3324 4189 3446 4244 illos

1864 4302 2196 4361 necessarius
2234 4305 2368 4352 erat.
2416 4294 2471 4349 Si
2516 4306 2643 4347 vero
2688 4291 2839 4359 signa
2876 4284 3192 4355 quandoque
3232 4280 3452 4347 ﬁerent,

1867 4396 2213 4452 tun-barorum
2235 4401 2417 4451 causa,
2441 4393 2499 4438 ut
2516 4382 2665 4438 multi
2685 4377 2934 4450 prosclyti
2958 4374 3295 4439 accederent,
3319 4371 3451 4423 etle—

1867 4490 2082 4543 bautur.
2115 4482 2340 4539 Fiebant
2366 4490 2577 4549 quoque
2597 4474 2745 4545 signa
2771 4471 2835 4524 ad
2867 4470 2956 4524 Dei
2991 4466 3279 4537 potentiam
3304 4462 3456 4519 exhi-

1868 4579 2114 4640 bendam,
2149 4571 2361 4646 quando
2389 4567 2677 4624 adversarii
2706 4563 2939 4619 subactis
2973 4558 3193 4623 Judaeis,
3230 4555 3454 4612 deorum

1867 4685 2085 4730 suorum
2116 4644 2250 4722 vict
2276 4661 2475 4718 auxilio
2503 4674 2561 4713 se
2588 4657 2781 4712 vicisse
2812 4651 3086 4724 putabant,
3118 4659 3173 4703 ut
3200 4647 3252 4701 in
3284 4644 3455 4716 [Egy—

1873 4772 1963 4836 pto
1988 4759 2243 4829 contigit,
2273 4754 2413 4809 unde
2454 4750 2750 4821 promiscua
2792 4745 2942 4800 turba
2988 4739 3218 4812 proiecta
3246 4747 3331 4794 est
3360 4755 3373 4790 :
3405 4745 3461 4790 et

1872 4829 2056 4927 postea
2088 4852 2139 4905 in
2169 4846 2461 4917 Babylone,
2491 4858 2610 4911 qua:
2635 4838 2702 4894 ad
2730 4838 3001 4893 fornacem
3029 4841 3084 4888 et
3107 4829 3311 4885 somnia
3337 4842 3461 4897 spe-

1872 4919 2038 5005 ctant.
2085 4944 2216 4998 Erat
2249 4939 2410 4994 etiam
2449 4949 2572 4990 cum
2611 4932 2761 5003 signa
2800 4928 3089 4984 ederentur
3132 4922 3184 4976 in
3223 4919 3459 4981 deserto,

1872 5037 2087 5111 quando
2115 5034 2196 5088 sui
2223 5031 2362 5102 juris
2383 5036 2559 5093 erant,
2590 5017 3039 5095 quemadmodum
3069 5023 3123 5069 et
3148 5010 3288 5083 apud
3316 5025 3413 5065 nos
3445 5026 3461 5064 :

1875 5134 2073 5191 etenim
2101 5127 2240 5198 apud
2273 5140 2371 5180 nos
2400 5137 2521 5179 cum
2551 5121 2620 5174 ab
2644 5131 2830 5174 errore
2855 5122 3274 5182 emergeremus,
3306 5108 3458 5178 signa

1878 5227 2040 5282 multa
2067 5220 2303 5278 exhibita
2329 5225 2486 5279 sunt;
2515 5221 2633 5282 post
2658 5209 2773 5263 haec
2798 5213 3002 5271 autem,
3030 5219 3152 5258 cum
3183 5217 3306 5257 vera
3335 5200 3463 5254 reli-

1879 5318 1969 5390 gio
1997 5315 2195 5385 ubique
2219 5307 2560 5365 disseminata
2591 5309 2769 5363 esset,
2801 5298 2888 5352 illa
2918 5301 3285 5351 cessaverunt.
3313 5289 3465 5357 Quod

1882 5386 1926 5466 si
1951 5416 2069 5479 post
2094 5407 2293 5459 exitum
2323 5416 2391 5455 ex
2422 5399 2634 5452 deserto
2655 5394 2804 5464 signa
2834 5390 2972 5445 facta
2996 5396 3122 5443 sunt
3143 5428 3158 5451 ,
3189 5386 3279 5440 illa
3304 5399 3466 5454 pauca

1884 5511 1940 5558 ct
1963 5501 2161 5556 rariora
2189 5496 2436 5554 fuerunt;
2476 5499 2525 5543 nt
2556 5504 2677 5544 cum
2706 5486 2783 5541 sol
2812 5483 3085 5547 substitit,
3118 5480 3199 5534 vel
3229 5494 3351 5533 cum
3380 5494 3469 5532 rc-

1890 5608 2121 5657 trorsnm
2153 5588 2337 5643 abivit.
2380 5583 2543 5654 Signa
2588 5594 2798 5651 quoque
2825 5576 2962 5646 apud
2995 5588 3094 5628 nos
3124 5572 3257 5626 facta
3291 5570 3471 5624 videre

1890 5687 2038 5746 licuit.
2063 5702 2077 5740 :
2106 5699 2226 5740 natu
2254 5689 2410 5737 {etate
2438 5683 2616 5733 nostra
2647 5672 2746 5729 sub
2768 5670 3000 5734 Juliano,
3025 5664 3114 5736 qui
3140 5674 3329 5718 omnes
3363 5657 3467 5710 iut-
