3832 6178
376 293 437 347 41
1116 284 1174 341 S.
1212 285 1501 344 JOANMS
1538 287 1935 347 CllliYSOSTC

2069 295 2378 355 ARCHIEP.
2419 302 2961 365 CONSTANTINOP.
3571 324 3644 382 49

378 394 576 460 pietate
603 388 897 458 superavit,
920 387 1083 442 multa
1109 387 1475 457 mirabilisque
1504 390 1637 445 facta
1660 399 1803 447 sunt.
1831 390 1963 445 Cum

376 482 520 535 enim
575 480 745 535 ,ιιιάωί
792 479 1045 550 templum
1091 478 1595 550 Jerosolymitanum
1640 486 1965 546 rcaadiﬁcare

379 582 665 637 tentarent,
697 571 834 641 ignis
873 587 905 623 e
942 570 1299 625 fundamentis
1335 586 1624 642 erumpens
1652 590 1841 632 onmes
1865 577 1962 632 de-

380 664 605 729 tcrruit;
634 673 686 717 et
712 677 834 717 cum
864 660 1109 717 Julianus
1138 662 1369 717 furorem
1400 678 1553 718 suum
1586 667 1639 721 in
1668 681 1790 722 vasa
1813 685 1962 723 sacra

378 764 691 819 exerceret,
721 763 957 824 quaestor
982 763 1035 808 et
1062 754 1258 809 Juliani
1296 757 1592 812 avunculus
1626 758 1724 828 ipsi
1762 774 1962 832 cogno-

380 848 539 903 minis
585 846 725 916 plexi
770 852 936 900 sunt:
966 845 1117 916 prior
1151 847 1295 903 enim
1335 864 1365 901 a
1402 851 1672 906 vermibus
1710 867 1964 909 corrosus

381 940 582 994 interiit
606 981 621 1006 ,
650 939 788 993 alter
812 954 941 993 vero
969 938 1176 994 medius
1204 940 1448 1011 diruptus
1473 952 1589 1010 est;
1632 946 1965 1016 peractiSque

380 1032 575 1088 ibidem
604 1032 881 1087 sacrificiis
903 1033 1077 1087 fontes
1098 1032 1427 1101 defecerunt,
1455 1046 1510 1093 et
1536 1037 1701 1095 fames
1730 1056 1848 1111 quze
1872 1056 1961 1096 eo-

378 1126 501 1181 dem
542 1125 838 1195 imperante
874 1125 1117 1182 civitates
1144 1127 1375 1197 invasit,
1408 1131 1700 1187 maximum
1730 1142 1845 1189 erat
1869 1134 1968 1189 mi-

379 1218 644 1275 raculum.

429 1423 489 1480 2.
515 1424 664 1481 Solet
700 1424 842 1481 enim
880 1423 1020 1480 Deus
1067 1424 1186 1481 h:ec
1232 1424 1485 1482 exhibere
1512 1444 1525 1481 :
1554 1426 1766 1498 quando
1809 1429 1950 1483 mala

363 1533 524 1589 supra
545 1516 762 1572 modum
787 1527 1065 1587 augentur,
1091 1532 1211 1572 cum
1243 1532 1369 1573 suos
1391 1518 1442 1573 in
1459 1521 1711 1573 aerumnis
1726 1521 1948 1586 versari,

364 1611 809 1680 adversariosque
855 1612 1126 1681 tyrannica
1170 1611 1218 1666 vi
1267 1611 1583 1667 debaccbari
1614 1612 1795 1679 videt,
1829 1624 1954 1667 tunc

365 1716 517 1755 suam
532 1700 763 1755 ostendit
781 1700 1089 1769 potentiam.
1106 1700 1159 1754 ld
1175 1700 1314 1771 quod
1331 1700 1492 1757 etiam
1512 1703 1562 1756 in
1581 1701 1798 1757 Perside
1815 1701 1952 1756 circa

364 1792 579 1848 Iudaeos
608 1792 876 1863 praestitit.
904 1792 1054 1860 Quod
1085 1807 1213 1864 ergo
1240 1807 1347 1848 non
1396 1794 1513 1849 sine
1552 1808 1712 1849 causa
1756 1793 1954 1849 Christi

369 1886 734 1955 progenitores
782 1885 835 1939 in
878 1891 994 1939 tres
1036 1892 1216 1954 partes
1254 1883 1620 1949 distribuerit,
1667 1901 1735 1940 ex
1782 1900 1946 1955 supra

368 1975 523 2029 dictis
559 1974 733 2044 palam
760 1983 861 2029 est.
893 1974 1298 2031 Animadvertas
1327 1974 1489 2029 velim
1541 1976 1629 2029 ubi
1658 1976 1873 2045 incipiat
1905 1985 1956 2027 et

374 2084 481 2141 quo
505 2068 719 2126 desinat
747 2087 762 2124 :
791 2068 874 2125 Ab
904 2067 1170 2126 Abraham
1201 2070 1254 2125 in
1294 2071 1579 2139 Davidcm;
1611 2087 1640 2125 a
1672 2072 1869 2128 Davide
1900 2090 1953 2129 In

368 2163 727 2233 captivitatem
753 2163 1067 2235 Babylonis;
1117 2166 1185 2220 ab
1233 2163 1333 2220 hac
1363 2164 1417 2219 in
1454 2164 1627 2234 ipsum
1658 2164 1950 2223 Christum.

366 2251 501 2308 Nam
524 2253 675 2309 initio
696 2254 885 2309 ambos
914 2270 1017 2310 una
1047 2255 1186 2311 serie
1209 2257 1403 2325 posuit,
1426 2257 1676 2311 Davidem
1708 2267 1760 2313 et
1785 2258 1953 2313 Abra-

368 2348 582 2401 I.amum
622 2364 635 2402 :
663 2347 857 2403 deinde
887 2358 1158 2417 resumpta
1190 2350 1499 2420 genealogia
1527 2361 1813 2422 utrumque
1834 2367 1951 2407 me-

364 2440 609 2493 moravit.
644 2440 795 2504 Nam,
826 2449 882 2493 ut
904 2440 1014 2510 jam
1044 2439 1185 2506 dixi,
1218 2442 1322 2496 illis
1354 2442 1506 2497 facta:
1563 2443 1775 2498 fuerant
1820 2459 1950 2514 pro-

364 2530 663 2584 missiones.
693 2529 801 2585 Cur
843 2546 1036 2601 porro,
1094 2541 1150 2586 ut
1179 2532 1554 2602 Babylonicum
1604 2536 1953 2605 transmigra-

364 2622 561 2677 tionem
598 2625 934 2689 memoravit,
969 2641 1072 2679 non
1112 2626 1333 2696 perinde
1360 2627 1651 2687 descensus
1684 2628 1734 2685 in
1782 2628 1953 2700 Egy-

363 2724 510 2783 ptum
532 2715 856 2770 mentionem
885 2716 1007 2771 fecit
1031 2717 1054 2769 ?
1079 2718 1209 2784 Quia
1241 2717 1523 2789 [Egyptios
1551 2735 1657 2773 non
1675 2720 1810 2774 ultra
1837 2737 1951 2775 me-

362 2809 613 2875 tuebant,
666 2808 988 2881 Babylonios
1033 2825 1161 2864 vero
1191 2810 1366 2865 adhuc
1418 2812 1715 2868 tremebant
1770 2815 1947 2870 :illud

359 2902 501 2954 enim
529 2902 760 2970 priscum
792 2911 941 2966 erat,
966 2902 1067 2958 hoc
1097 2919 1222 2956 vero
1266 2918 1452 2959 recens
1476 2946 1491 2973 ,
1538 2916 1592 2961 et
1620 2908 1778 2975 paulo
1820 2916 1948 2963 ante

358 3001 566 3061 gestum
592 3009 606 3058 ;
638 3002 798 3062 atque
829 2993 955 3049 illuc
984 3010 1089 3048 non
1138 2995 1205 3049 ob
1238 3008 1453 3065 peccata
1501 2996 1717 3053 deducti
1746 3008 1903 3055 erant
1925 3043 1940 3066 ,

359 3087 493 3140 istuc
536 3101 662 3139 vero
706 3086 969 3140 scelerum
995 3102 1151 3141 causa
1186 3088 1427 3143 translati
1458 3088 1685 3145 fuerant.
1727 3092 1783 3148 Si
1814 3092 1936 3161 quis

359 3194 490 3233 vero
522 3180 795 3233 nominum
820 3180 1314 3249 interpretationem
1338 3183 1555 3251 aggredi
1599 3183 1765 3250 velit,
1800 3187 1942 3242 tnui-

355 3279 462 3323 tam
495 3271 565 3324 ibi
594 3272 826 3340 reperiet
850 3271 1160 3340 speculandi
1205 3274 1482 3327 materiam
1510 3316 1526 3340 ,
1559 3291 1679 3346 qua:
1704 3276 1768 3331 ad
1809 3276 1942 3333 Novi

354 3360 682 3416 Testamenti
705 3362 1107 3432 intelligentiam
1137 3364 1366 3419 maxime
1401 3364 1677 3431 conferat;
1709 3369 1942 3437 exempli

351 3466 509 3506 causa
534 3469 602 3507 ex
636 3453 943 3508 nominibus
983 3454 1271 3509 Abrahami
1303 3498 1318 3522 ,
1344 3455 1550 3522 Jacobi,
1587 3457 1895 3514 Salomonis
1918 3502 1937 3528 ,

351 3544 692 3601 Zurobabelis
722 3564 735 3601 :
771 3562 875 3602 non
907 3549 1050 3603 enim
1080 3557 1282 3603 temere
1308 3550 1423 3604 haec
1462 3550 1565 3605 illis
1610 3552 1824 3607 nomina
1850 3553 1934 3608 in-

348 3637 457 3691 dita
489 3646 628 3693 sunt.
655 3639 759 3694 Sed
792 3655 858 3694 ne
898 3640 1106 3709 longius
1132 3650 1480 3697 excurrentes
1522 3643 1821 3700 molestiam
1851 3645 1937 3700 in—

350 3728 603 3795 feramus,
637 3731 816 3785 missis
846 3732 970 3795 illis,
999 3731 1065 3785 ad
1094 3734 1259 3802 magis
1288 3734 1589 3790 necessaria
1634 3736 1931 3792 veniamus.

347 3823 478 3874 (tum
514 3822 691 3891 itaque
744 3823 1110 3891 progenitores
1136 3839 1323 3879 oumes
1351 3836 1757 3893 enumerasset,
1783 3837 1839 3882 et
1882 3829 1936 3884 in

344 3911 637 3981 Josepbum
659 3912 925 3977 desiisset,
954 3930 1059 3968 non
1089 3914 1174 3970 hic
1192 3916 1359 3981 stetit,
1385 3917 1478 3971 sed
1499 3918 1722 3984 addidit,
1739 3919 1933 3991 Joseplt

279 4066 282 4069 η
344 4004 511 4056 cirum
532 4003 716 4058 Mariae
740 4020 760 4058 :
785 4004 1074 4061 ostendens
1104 4022 1161 4062 se
1188 4017 1406 4077 propter
1425 4009 1569 4064 illaut
1592 4010 1709 4080 ejus
1733 4028 1930 4081 genea-

344 4095 536 4165 logiam
582 4096 821 4152 duxisse.
856 4097 1056 4153 Deinde
1094 4114 1169 4154 ne
1199 4100 1422 4155 audiens
1446 4142 1460 4166 ,
1505 4100 1680 4156 Virmn
1705 4102 1928 4173 Μαι-ἕω,

343 4194 561 4254 putares
586 4188 855 4243 communi
886 4199 1088 4245 natura:
1119 4190 1234 4261 lege
1262 4191 1537 4248 Christum
1569 4204 1750 4250 natum
1780 4212 1923 4254 esse:

339 4278 704 4335 animadverte
724 4279 994 4349 quomodo
1018 4296 1080 4335 ea
1102 4281 1262 4337 addat
1285 4299 1404 4354 quae
1431 4285 1738 4354 Opinionem
1768 4288 1923 4345 istam

338 4372 628 4442 corrigunt.
665 4373 894 4439 Audisti,
930 4374 1102 4444 inquit
1126 4416 1141 4441 ,
1172 4376 1345 4431 virum
1369 4418 1384 4441 ,
1427 4378 1621 4434 audisti
1650 4392 1875 4437 matrem
1906 4424 1922 4449 ,

338 4462 530 4517 audisti
558 4478 752 4519 nomen
786 4480 951 4533 puero
979 4465 1188 4533 datum;
1220 4467 1343 4523 audi
1376 4468 1536 4524 etiam
1562 4474 1923 4541 generationis

337 4552 576 4610 modum.
619 4553 706 4609 18.
753 4553 881 4609 Jesu
925 4555 1113 4611 Christi
1161 4570 1329 4613 autem
1376 4562 1635 4631 generatio
1680 4564 1753 4618 sic
1789 4575 1919 4618 erat.

334 4646 503 4712 Quam
532 4646 681 4709 mibi,
723 4661 925 4716 quieso,
959 4650 1359 4717 generationem
1390 4654 1604 4707 narras?
1633 4670 1756 4709 nam
1786 4672 1915 4725 pro-

331 4741 602 4810 genitores
628 4739 744 4810 ejus
765 4740 873 4808 jam
906 4740 1110 4795 dixisti.
1135 4743 1203 4797 At
1229 4744 1349 4798 volo
1371 4746 1528 4799 etiam
1550 4750 1914 4816 generationis

331 4831 548 4887 modum
597 4846 884 4901 exponere.
924 4830 1105 4887 \‘itleu’
1142 4834 1412 4903 quomodo
1437 4836 1735 4893 auditorem
1762 4842 1913 4897 exci-

326 4912 542 4966 taverit?
554 4911 687 4969 Nam
713 4918 863 4985 quasi
882 4919 1005 4974 novi
1022 4920 1293 4992 quidpiam
1315 4923 1578 4995 dicturus,
1604 4943 1664 4984 se
1685 4930 1902 4988 modum

321 5017 534 5073 quoque
580 5008 967 5076 explicaturum
1015 5015 1296 5082 promittit.
1327 5017 1391 5072 Et
1420 5019 1543 5074 vide
1581 5021 1711 5077 mihi
1759 5023 1907 5095 opti-

320 5111 463 5150 mam
487 5096 751 5156 dictorum
800 5107 1263 5175 consequentiam.
1287 5108 1404 5165 Non
1448 5112 1591 5167 enim
1631 5115 1810 5170 statim
1838 5116 1906 5172 ad

318 5190 723 5255 generationem
750 5197 896 5251 venit
928 5214 943 5251 :
973 5198 1067 5253 sed
1098 5214 1197 5255 nos
1217 5202 1446 5271 primum
1477 5205 1681 5273 edocet,
1710 5219 1907 5278 quotus

317 5281 552 5336 essetab
579 5283 883 5341 Abrahamo
906 5330 922 5355 ,
952 5300 1147 5360 quotus
1191 5308 1222 5348 a
1254 5294 1452 5351 Davide
1480 5307 1533 5351 et
1577 5315 1605 5351 a
1640 5298 1892 5356 transmi-

316 5371 559 5436 gratione
586 5372 893 5445 Babylonis,
920 5389 973 5433 et
995 5380 1305 5453 diligentem
1332 5386 1629 5443 auditorem
1659 5405 1754 5459 per
1786 5390 1900 5448 lurc

314 5460 380 5514 ad
408 5472 705 5535 temporum
723 5474 1177 5537 computationem
1206 5475 1415 5543 invitat,
1444 5481 1738 5536 ostendens
1762 5483 1902 5538 lnmc

312 5568 434 5608 csse
461 5553 732 5611 Christum
762 5574 791 5613 a
837 5561 1115 5632 prophetis
1161 5566 1529 5636 przedicatum.
1574 5571 1710 5627 Cum
1758 5575 1899 5628 enim

312 5651 683 5723 uerterationcs
714 5656 1114 5737 numeraveris,
1144 5667 1307 5729 atque
1352 5676 1417 5718 ex
1461 5665 1715 5737 temporis
1750 5680 1897 5722 com-

2094 406 2365 473 putatione
2393 407 2653 471 didiceris
2670 414 2918 470 cumdem
2954 417 3130 488 ipsum
3153 435 3272 476 esse
3297 464 3311 491 ,
3346 421 3501 480 facile
3520 428 3678 481 exci-

2085 497 2200 563 pies
2243 499 2559 556 miraculum
2607 504 2659 558 in
2688 506 2807 574 ejus
2850 516 2972 563 ortu
3013 520 3298 578 patratum.
3346 514 3478 582 Quia
3525 519 3679 572 enim

2083 603 2333 659 magnum
2363 592 2635 663 quidpiam
2666 597 2982 667 loquuturus
3012 611 3147 670 erat,
3189 605 3331 675 quod
3356 623 3421 661 ex
3447 607 3677 678 Virgine

2027 734 2030 738 ,
2081 690 2238 734 natus
2260 692 2418 746 esset,
2448 685 2754 756 priusquam
2780 698 2993 760 tempus
3012 704 3319 764 computet,
3340 698 3677 757 subobscure

2080 768 2336 840 loquitur,
2373 772 2551 829 Virum
2578 776 2761 834 Maria:
2786 781 2971 839 dicens
2996 824 3013 851 ,
3044 786 3172 855 quin
3213 797 3268 842 et
3295 794 3664 858 generationis

2078 863 2275 918 seriem
2302 865 2590 924 intersecat
2622 889 2636 925 :
2671 872 2993 946 iusuperque
3018 894 3189 934 annos
3216 890 3535 949 enumerat,
3563 884 3663 939 ad—

2076 969 2302 1012 monens
2338 957 2668 1029 auditorem,
2693 962 2833 1019 hunc
2854 966 3027 1035 ipsum
3058 983 3179 1025 esse
3203 1012 3217 1035 ,
3245 987 3405 1041 quem
3438 977 3673 1043 patriar.

2072 1044 2173 1100 cha
2188 1045 2353 1103 Jacob
2373 1048 2525 1118 (Gen.
2548 1052 2638 1108 49.
2669 1054 2779 1126 10),
2806 1056 3174 1117 deficientibus
3196 1062 3411 1119 demum
3429 1065 3671 1123 Judaicis

2074 1138 2420 1209 principibus,
2458 1142 2759 1201 adfuturum
2796 1148 2928 1205 dixit
2953 1168 2966 1203 :
2990 1168 3150 1222 quem
3195 1157 3446 1225 propheta
3475 1160 3665 1217 Daniel

2073 1230 2241 1303 (Cap.
2272 1233 2325 1289 9.
2359 1250 2405 1288 υ.
2438 1235 2509 1293 25
2531 1268 2557 1278 -
2582 1237 2691 1312 27)
2730 1252 2851 1312 post
2879 1245 3071 1299 multas
3126 1247 3242 1302 illas
3292 1249 3658 1309 hebdomadas

2069 1332 2350 1380 venturum
2413 1343 2534 1385 esse
2596 1335 2861 1401 praedixit.
2929 1336 2983 1391 Si
3034 1338 3153 1406 quis
3205 1349 3382 1395 autem
3434 1345 3666 1399 voluerit

2069 1430 2238 1471 annos
2266 1419 2385 1473 illos
2423 1436 2521 1491 per
2560 1416 3014 1483 hebdomadarum
3053 1447 3332 1486 numerum
3363 1435 3430 1488 ab
3459 1437 3654 1507 angelo

2067 1508 2269 1566 Danieli
2300 1512 2472 1569 dictos
2494 1557 2510 1581 ,
2552 1516 2620 1570 ab
2643 1518 2997 1576 mdilicatione
3024 1523 3170 1578 urbis
3196 1540 3516 1585 enumerans
3537 1571 3552 1593 ,
3587 1533 3641 1583 in

2066 1599 2236 1670 ipsius
2260 1612 2435 1657 ortum
2467 1605 2797 1666 descendere
2824 1652 2837 1676 ,
2886 1610 3001 1668 hau:
3048 1628 3172 1668 cum
3204 1615 3307 1671 illis
3331 1621 3641 1677 consentire

2063 1692 2448 1764 deprehendet.
2484 1699 2577 1755 Dic
2600 1716 2730 1771 ergo
2755 1706 3024 1773 quomodo
3053 1716 3209 1762 natus
3232 1711 3302 1764 sit
3329 1728 3342 1763 :
3367 1709 3492 1765 Cum
3513 1724 3647 1767 esset

2062 1785 2373 1857 desponsata
2404 1798 2564 1845 mater
2582 1794 2693 1862 ejus
2720 1794 2910 1849 Maria.
2945 1797 3059 1853 Non
3089 1800 3221 1855 dixit
3241 1843 3256 1866 ,
3305 1802 3464 1873 Virgo
3488 1846 3502 1869 ,
3546 1808 3647 1861 seti

2060 1878 2376 1948 simpliciter
2400 1923 2414 1948 ,
2472 1881 2661 1952 Mater,
2691 1897 2748 1941 ut
2775 1903 2954 1943 sermo
2994 1890 3145 1947 facile
3172 1908 3474 1963 caperetur.
3511 1897 3641 1953 Ideo

2056 1984 2176 2024 cum
2210 1973 2356 2043 prius
2380 1990 2732 2047 pra'parassct
2758 1982 3053 2039 auditorem
3082 1985 3149 2040 ad
3178 1988 3374 2058 aliquid
3424 2008 3639 2060 eorum,

2055 2080 2173 2134 qua:
2202 2082 2264 2121 ex
2299 2083 2449 2123 more
2493 2072 2741 2139 veniunt,
2770 2076 3093 2133 audiendum
3118 2120 3133 2143 ,
3180 2086 3235 2135 et
3279 2084 3329 2136 in
3372 2084 3470 2140 hac
3497 2088 3647 2157 cogi-

2056 2156 2254 2211 latione
2284 2161 2597 2217 retinuisset
2620 2204 2635 2226 ,
2667 2175 2791 2220 tunc
2818 2170 3076 2237 percellit,
3123 2186 3237 2228 rem
3268 2156 3641 2233 admirandam

2052 2247 2383 2318 subjungens
2413 2248 2496 2305 his
2525 2252 2700 2309 verbis
2730 2272 2743 2308 :
2777 2256 3056 2330 Antequam
3077 2264 3417 2332 convenirent,
3441 2267 3650 2323 inventa

2049 2349 2122 2392 est
2146 2341 2198 2393 in
2217 2351 2358 2395 utero
2383 2344 2574 2400 habens
2600 2348 2661 2401 de
2699 2348 2899 2417 Spiritu
2923 2363 3117 2408 sancto.
3147 2355 3260 2411 Non
3292 2358 3444 2426 dixit,
3476 2364 3641 2417 Anto-

2055 2457 2213 2512 quam
2236 2441 2606 2500 duceretur-in
2653 2446 2869 2504 domum
2899 2453 3079 2521 sponsi
3112 2471 3126 2507 :
3170 2455 3311 2510 intus
3346 2459 3486 2512 enim
3527 2460 3645 2527 jam

2052 2545 2187 2590 erat.
2208 2535 2343 2591 Nam
2369 2552 2487 2593 mos
2517 2540 2705 2608 priscis
2732 2552 2846 2596 erat
2874 2560 3099 2613 sponsas
3128 2550 3180 2601 ut
3212 2549 3493 2617 plurimum
3519 2553 3631 2606 du-

2050 2628 2123 2683 mi
2152 2638 2335 2685 tcnere
2358 2671 2373 2696 ,
2422 2630 2529 2685 imo
2557 2632 2885 2689 etiamnunc
2921 2635 2973 2690 id
3011 2637 3190 2693 videre
3230 2650 3315 2695 est
3358 2658 3372 2697 :
3417 2654 3471 2698 et
3515 2644 3645 2699 Loti

2047 2720 2232 2790 generi
2262 2736 2382 2776 cum
2428 2722 2544 2793 ipso
2575 2722 2903 2783 habitabant.
2933 2726 3212 2785 llabitabat
3265 2748 3395 2804 ergo
3423 2746 3477 2791 ct
3521 2736 3649 2808 ipsa

2050 2827 2169 2869 cum
2197 2812 2453 2885 Josepho.

2124 2982 2178 3038 5.
2227 2983 2331 3039 Cur
2360 2983 2529 3039 Maria
2571 3001 2672 3039 non
2696 2995 2814 3041 ante
2837 2987 3096 3057 sponsalia
3134 2989 3436 3060 conceperit.
3463 2990 3651 3060 Spiri-

2048 3083 2125 3127 tus
2152 3076 2377 3145 operatio
2405 3077 2456 3129 in
2486 3074 2692 3148 Virgine
2712 3094 2810 3132 non
2839 3080 3167 3148 exploranda.
3193 3112 3263 3121 —
3279 3083 3382 3138 Sed
3405 3099 3501 3139 cur
3526 3102 3644 3142 non

2045 3175 2170 3222 ante
2222 3167 2491 3236 Sponsalia
2539 3170 2950 3239 concepit?Ut,
2992 3172 3439 3241 quemadmodum
3482 3177 3623 3239 dixi,

2047 3270 2133 3309 res
2162 3259 2539 3322 occultaretur,
2570 3268 2625 3314 ct
2655 3269 2713 3315 ut
2742 3260 2906 3331 Virgo
2945 3277 3161 3331 pravam
3208 3279 3422 3321 omnem
3450 3271 3645 3338 saSpi-

2041 3350 2248 3406 cionetn
2278 3352 2555 3423 effugeret.
2595 3353 2818 3421 Quando
2859 3357 3003 3411 enim
3047 3358 3156 3422 ille,
3201 3360 3289 3428 qui
3319 3361 3438 3431 plus
3467 3377 3640 3432 quam

2041 3455 2226 3496 omnes
2269 3444 2528 3515 zelotypia
2562 3447 2757 3517 corripi
2788 3457 3015 3517 poterat,
3062 3450 3347 3506 videbatur
3371 3468 3488 3507 eam
3521 3471 3639 3512 non

2044 3535 2204 3589 tnodo
2236 3551 2339 3590 non
2373 3537 2656 3595 traducere
2681 3581 2695 3606 ,
2729 3555 2826 3595 nec
2871 3541 3192 3598 iubonorare
3218 3585 3233 3611 ,
3260 3545 3354 3601 sed
3383 3548 3546 3603 etiam
3575 3552 3638 3605 in

2039 3628 2367 3682 consortium
2414 3631 2677 3699 accipere,
2727 3632 2931 3701 ipsique
2961 3635 3263 3692 ministrare
3306 3643 3633 3710 praegnanti,

2041 3717 2211 3785 palam
2244 3729 2326 3773 est
2354 3736 2473 3774 eum
2508 3736 2611 3774 non
2641 3722 2717 3776 sic
2749 3722 3033 3791 facturum,
3068 3726 3165 3781 nisi
3192 3742 3499 3796 persuasum
3532 3731 3636 3786 ha-

2035 3807 2237 3864 buisset
2281 3826 2399 3865 eam
2446 3828 2509 3866 ex
2539 3814 2736 3883 Spiritu
2781 3828 2966 3872 sancto
3004 3821 3357 3890 concepisse;
3387 3823 3633 3894 alioquin

2035 3900 2176 3955 illam
2224 3918 2322 3959 nec
2368 3905 2508 3973 apud
2550 3921 2609 3961 sc
2654 3908 2985 3975 retinuisset,
3018 3926 3117 3965 nec
3146 3912 3198 3965 in
3225 3913 3347 3967 aliis
3386 3930 3485 3970 suo
3516 3914 3645 3971 mi;

2024 3992 2254 4047 'nisterio
2284 3993 2531 4065 dignatus
2557 4009 2720 4054 esset.
2754 4000 3011 4070 Apposite
3052 4011 3228 4058 autem
3268 4014 3322 4059 et
3363 4005 3489 4061 illud
3534 4009 3632 4079 ad:

2028 4083 2185 4153 jecit,
2218 4085 2435 4142 Inventa
2464 4099 2537 4143 est
2566 4091 2619 4143 in
2660 4101 2800 4146 utero
2831 4087 3061 4160 habent;
3094 4095 3146 4149 id
3175 4096 3318 4166 quod
3345 4098 3447 4154 dici
3478 4101 3630 4156 solet

2031 4174 2082 4227 iu
2126 4176 2286 4232 rebus
2314 4181 2611 4248 stupendis,
2662 4198 2781 4252 qua:
2826 4194 3024 4253 praeter
3064 4200 3214 4255 spem
3258 4197 3313 4243 et
3341 4201 3629 4259 exspecta-

2029 4266 2227 4323 tionem
2277 4286 2491 4327 omnem
2536 4275 2803 4331 accidunt.
2850 4277 2928 4333 Ne
2972 4280 3134 4350 igitur
3157 4282 3291 4337 ultra
3332 4286 3624 4358 procedas,

2028 4376 2094 4417 ne
2124 4363 2248 4431 quid
2277 4382 2486 4434 qumras
2518 4368 2651 4423 ultra
2680 4386 2740 4424 ea
2770 4388 2889 4442 qua:
2915 4373 3051 4429 dicta
3083 4386 3227 4437 sunt.
3258 4393 3432 4449 neque
3459 4362 3639 4436 dixe--

2024 4456 2120 4522 ris,
2149 4458 2426 4524 Quomodo
2447 4462 2679 4531 Spiritus
2700 4475 2916 4522 sanctus
2942 4467 2994 4522 id
3019 4480 3082 4523 ex
3112 4469 3330 4542 Virgine
3356 4484 3623 4541 operatus

2014 4551 2143 4606 est?
2172 4553 2227 4608 Si
2264 4555 2405 4609 enim
2434 4566 2619 4612 natura
2650 4570 2906 4629 operante
2930 4578 3090 4618 nemo
3122 4571 3294 4634 potest
3324 4565 3605 4623 formatio.

2016 4645 2098 4699 nis
2136 4645 2352 4700 modum
2396 4649 2664 4719 explicare
2688 4693 2705 4715 ,
2736 4654 3006 4723 quomodo
3036 4655 3236 4726 Spiritu
3287 4658 3615 4715 mirabiliter

2013 4746 2202 4807 agente
2226 4782 2239 4805 ,
2286 4742 2579 4809 poterimus
2624 4744 2738 4799 haec
2782 4748 3115 4816 explanare?
3147 4749 3224 4805 Ne
3252 4752 3393 4806 enim
3436 4767 3613 4808 evan~

2012 4830 2254 4899 gelistam
2284 4848 2506 4888 vexares
2535 4845 2589 4890 et
2618 4837 2934 4906 importunis
2962 4844 3347 4911 qumstionibus
3368 4844 3613 4914 exagita-

2011 4938 2117 4987 res,
2146 4924 2259 4992 ipse
2276 4928 2553 4981 enuntiato
2577 4929 2815 4985 miraculi
2847 4943 3067 4990 auctore
3092 4951 3213 4993 sese
3244 4936 3325 4991 his
3351 4938 3619 4997 omnibus

2011 5014 2271 5071 liberavit.
2308 5018 2445 5072 Nihil
2495 5020 2627 5074 ultra
2658 5023 2790 5089 scio,
2826 5025 3024 5096 inquit,
3060 5028 3162 5082 nisi
3192 5029 3293 5085 hoc
3329 5044 3358 5083 a
3389 5029 3606 5100 Spiritu

2008 5104 2204 5161 factum
2236 5123 2381 5166 esse.
2418 5110 2748 5167 Erubescant
2780 5115 2812 5168 ii
2858 5118 2947 5186 qui
2980 5133 3264 5189 supernam
3294 5123 3607 5191 generatio.

2007 5213 2128 5253 nem
2161 5201 2427 5257 curiosius
2452 5205 2753 5275 explorant.
2781 5207 2834 5263 Si
2865 5210 3007 5264 enim
3042 5212 3177 5266 banc
3204 5229 3323 5283 qua:
3348 5214 3606 5272 innunte.

2006 5291 2078 5344 ris
2099 5294 2323 5349 testibus
2347 5296 2667 5364 celebratur,
2694 5308 2748 5354 ct
2767 5310 2891 5356 ante
2916 5312 2991 5359 tot
3021 5305 3214 5360 smcula
3243 5308 3606 5376 prtenttntiata

2004 5382 2175 5439 fuerat
2204 5402 2322 5457 qua:
2347 5397 2401 5443 et
2420 5391 2590 5446 oculis
2616 5400 2670 5446 et
2698 5394 2863 5448 tactui
2913 5398 3097 5465 pervia
3137 5396 3254 5463 fuit,
3307 5414 3463 5453 nemo
3492 5416 3601 5471 p0-

2005 5486 2107 5533 test
2131 5481 2399 5551 explicare
2430 5501 2443 5538 :
2479 5485 2532 5538 in
2582 5502 2742 5555 quem
2775 5504 2879 5543 non
2926 5490 3146 5546 insania:
3186 5494 3451 5547 cumulum
3493 5495 3601 5550 de-

2002 5572 2221 5627 veniunt
2254 5574 2308 5641 ii,
2350 5575 2443 5645 qui
2487 5592 2737 5633 arcanam
2782 5580 2923 5635 illam
2974 5584 3186 5639 curiose
3211 5595 3512 5641 scrutantur
3542 5600 3601 5645 ct

1999 5664 2330 5737 explorant?
2375 5668 2561 5742 Neque
2605 5674 2749 5730 cnim
2797 5675 3049 5747 Gabriel,
3097 5693 3271 5751 neque
3308 5680 3596 5738 Mattbmus
