3832 6178
165 213 227 266 ss
1129 170 1135 174 ’
1277 197 1344 253 lN
1387 192 1714 251 narrum

1851 197 2040 255 llOllll
2122 203 2209 260 lV.
3307 210 3378 268 Η

155 336 276 395 aliud
315 333 583 407 quidpiam
628 331 811 388 dicere
837 336 1160 403 potuerunt,
1199 328 1302 384 nisi
1327 327 1470 399 quod
1496 342 1562 382 ex
1592 325 1717 396 Spi-

154 434 242 486 ritu
268 438 416 485 natus
440 429 553 493 sit;
581 424 852 498 quomodo
871 432 1048 480 autem
1077 431 1133 480 et
1157 436 1261 494 qua
1289 422 1494 477 ratione
1508 436 1574 477 ex
1598 419 1719 492 Spi-

154 525 241 578 ritu
264 531 412 576 natus
441 520 533 584 sit,
563 519 743 573 nullus
769 532 956 573 eorum
982 517 1365 586 interpretatus
1388 522 1511 579 est;
1544 528 1716 583 neque

152 617 274 672 enim
300 614 348 669 id
370 613 487 669 lieri
516 620 744 683 poterat.
771 611 953 682 Neque
976 609 1253 665 arbitreris
1277 617 1330 664 te
1358 616 1523 663 totum
1545 607 1716 662 edidi-

150 707 269 761 cisse
285 719 400 760 cum
416 704 591 767 audis,
616 701 692 757 Ex
711 701 909 773 Spiritu
926 718 940 757 :
960 714 1081 755 nam
1104 709 1381 770 postquam
1396 697 1498 753 hoc
1507 683 1721 753 edidici-

151 812 269 860 mus,
285 794 444 849 multa
465 792 639 848 adhuc
657 792 984 863 ignoramus;
1006 789 1235 859 exempli
1253 803 1433 856 causa,
1450 786 1718 860 quomodo

150 906 188 946 ts
211 888 291 959 qui
319 888 609 941 immensus
641 894 743 949 est,
769 885 823 939 in
860 885 1015 939 vulva
1053 882 1397 948 continetur;
1448 880 1718 950 quomodo

148 982 187 1036 is
220 981 301 1049 qui
331 977 510 1033 omnia
557 975 834 1040 continet,
866 973 920 1029 in
964 982 1117 1029 utero
1151 972 1392 1027 mulieris
1435 978 1713 1042 gestator;

148 1070 397 1145 quomodo
425 1069 591 1140 Virgo
619 1069 831 1139 pariat,
859 1075 915 1124 et
948 1065 1111 1137 Virgo
1145 1071 1379 1119 maneat.
1406 1061 1707 1130 Quomodo,

151 1184 318 1242 quaso
345 1179 423 1236 te,
446 1167 677 1239 Spiritus
703 1164 955 1235 templum
976 1161 1105 1218 illud
1125 1159 1467 1216 eiiormavit?
1488 1173 1712 1228 quomo-

151 1263 210 1317 do
233 1276 335 1317 nou
366 1268 531 1315 totam
569 1272 787 1313 carnem
828 1271 894 1312 ex
923 1262 1093 1310 matre
1119 1254 1366 1324 sumpsit,
1386 1251 1481 1306 sed
1512 1259 1714 1321 partem

150 1354 269 1423 ejus,
296 1366 453 1420 quam
485 1350 636 1405 auxit
663 1358 717 1404 et
757 1345 1045 1403 formavit?
1083 1344 1214 1400 Nam
1260 1343 1400 1414 quod
1454 1359 1519 1396 ex
1554 1356 1716 1397 carne

150 1441 365 1513 Virginis
390 1440 679 1511 prodierit,
707 1436 996 1493 declaravit
1020 1437 1105 1490 his
1152 1435 1331 1490 verbis
1364 1452 1377 1489 :
1407 1433 1557 1501 Quod
1581 1433 1714 1486 enim

148 1537 191 1588 iu
216 1551 272 1589 ea
295 1544 471 1587 natum
500 1543 571 1586 est
594 1548 615 1586 :
639 1541 693 1587 et
723 1531 919 1586 Paulus
938 1570 953 1594 ,
987 1528 1198 1582 Factum
1223 1544 1286 1581 ea:
1320 1526 1531 1580 muliere
1570 1523 1708 1595 (Gal.

147 1630 192 1684 ι.
217 1629 272 1696 4)
302 1644 316 1680 :
354 1627 441 1681 Ea:
467 1626 697 1689 muliere,
728 1624 916 1693 inquit,
947 1637 1039 1678 ora
1068 1622 1349 1677 obstruens
1398 1633 1582 1674 eorum
1624 1615 1715 1687 qui

146 1719 392 1783 dicerent,
416 1717 568 1787 quasi
596 1731 691 1786 per
711 1714 992 1784 quemdam
1021 1713 1258 1767 canalem
1282 1726 1377 1781 per
1398 1725 1514 1765 eam
1539 1718 1713 1764 trans-

148 1814 255 1865 iisse
307 1810 583 1864 Christum
630 1808 729 1878 (α).
778 1807 909 1865 Nam
939 1807 982 1860 si
1040 1806 1141 1861 hoc
1180 1813 1338 1869 esset,
1389 1804 1513 1874 quid
1561 1813 1717 1858 utero

146 1918 262 1971 opus
289 1901 520 1956 fuisset?
558 1901 614 1955 Si
644 1899 747 1953 hoc
778 1907 957 1960 esset,
1000 1896 1129 1952 nihil
1176 1894 1398 1951 haberet
1436 1894 1713 1949 nobiscum

146 2007 414 2048 commune
438 2008 454 2057 ;
490 1992 586 2047 sed
616 1991 718 2045 alia
747 2000 890 2045 esset
910 1990 993 2044 illa
1022 2003 1169 2052 caro,
1197 2002 1303 2041 non
1328 2002 1395 2043 ex
1413 2001 1584 2041 massa
1614 2001 1713 2040 no-

146 2094 255 2137 stra.
275 2082 565 2149 Quomodo
584 2097 714 2152 ergo
732 2096 796 2136 ex
822 2080 997 2135 radice
1022 2079 1189 2135 Jessae
1209 2079 1233 2133 ?
1253 2077 1523 2149 quomodo
1546 2078 1711 2149 virga,

146 2174 215 2229 vel
246 2174 417 2229 Filius
455 2174 688 2228 hominis
708 2173 733 2225 ἲ
772 2172 1038 2243 quomodo
1062 2170 1160 2227 llos
1182 2172 1198 2203 ⁸
1220 2171 1245 2224 ‘l
1256 2170 1535 2249 .quomodo
1554 2169 1713 2224 Maria

146 2276 297 2322 mater
315 2276 465 2322 esset
484 2267 510 2319 ἲ
542 2281 649 2336 quo
678 2274 834 2335 pacto
877 2279 942 2320 ex
976 2265 1180 2319 semine
1222 2261 1424 2317 David?
1448 2263 1715 2333 quomodo

144 2359 351 2414 fortnam
381 2357 529 2413 servi
558 2356 869 2426 acceperit?
909 2355 1179 2426 quomodo
1220 2353 1433 2408 Verbum
1475 2370 1595 2407 caro
1631 2357 1715 2426 fa-

144 2464 259 2505 ctum
278 2460 355 2507 est
382 2450 569 2521 (Joan.
600 2450 654 2505 1.
683 2448 772 2519 ll)
794 2448 821 2503 ?
847 2464 948 2519 qua
993 2447 1201 2503 ratione
1240 2446 1433 2501 Paulus
1461 2446 1716 2501 Romanis

143 2545 291 2598 dixit:
322 2542 412 2597 Ea:
448 2541 632 2609 quibus
655 2540 880 2595 Christus
925 2537 1202 2593 secundant
1257 2552 1479 2601 carnem,
1511 2537 1596 2605 qui
1638 2546 1712 2591 est

143 2653 273 2705 super
298 2635 480 2690 omnia
509 2633 648 2688 Deus
681 2631 854 2704 (Rom.
885 2631 938 2687 9.
967 2631 1063 2701 5)?
1091 2628 1242 2697 Quod
1267 2630 1424 2700 igitur
1453 2643 1517 2683 ex
1541 2629 1713 2695 nobis,

144 2745 194 2782 ex
219 2744 392 2781 massa
420 2736 607 2780 nostra
634 2734 684 2779 et
705 2740 769 2779 ex
798 2734 952 2777 utero
983 2721 1210 2791 Virginis
1245 2719 1521 2791 prodierit,
1544 2721 1714 2789 palam

144 2831 293 2875 estex
325 2818 491 2874 dictis
534 2832 707 2888 exque
748 2815 865 2870 aliis
915 2813 1154 2885 plurimis
1183 2830 1198 2867 :
1226 2811 1494 2883 quomodo
1539 2822 1716 2866 autem

146 2926 233 2964 Ion
262 2911 416 2963 item.
448 2907 532 2963 Ne
560 2909 720 2977 igitur
746 2905 796 2960 id
826 2915 878 2959 tu
906 2918 1112 2974 quaeras
1137 2944 1153 2969 ,
1181 2902 1274 2957 sed
1298 2902 1481 2971 accipe
1499 2900 1549 2956 id
1576 2901 1718 2973 quod

144 3001 419 3065 reveletur,
443 3009 502 3054 et
529 3014 598 3053 ne
622 2997 834 3052 curiose
862 3005 1102 3049 scrutare
1124 2994 1177 3048 id
1202 2993 1343 3063 quod
1371 3001 1594 3048 tacetur.
1626 2994 1715 3048 l9.

142 3093 320 3161 Ioseph
341 3102 521 3144 autem
552 3090 629 3142 uir
657 3090 786 3159 ejus,
813 3103 928 3140 eum
946 3096 1074 3139 esset
1093 3086 1286 3155 justus,
1318 3084 1505 3155 inquit,
1529 3093 1575 3138 et
1601 3084 1718 3137 nol-

146 3185 199 3236 let
226 3200 335 3235 eam
365 3181 644 3234 traducere
662 3221 677 3244 ,
705 3176 862 3231 voluit
914 3177 1106 3230 occulte
1135 3176 1397 3230 dimittere
1431 3190 1559 3229 eam.
1587 3176 1718 3230 Cum

136 3270 376 3332 dixisset,
416 3269 501 3324 Ex
554 3267 755 3336 Spiritu
786 3276 992 3333 sancto,
1024 3274 1078 3321 et
1106 3264 1221 3320 sine
1254 3265 1365 3320 ullo
1397 3280 1708 3337 congressu,

134 3375 423 3413 sermonem
476 3372 638 3414 suum
679 3358 838 3412 etiam
876 3356 1090 3411 aliunde
1128 3355 1427 3411 conﬁrmat.
1473 3356 1551 3412 Ne
1593 3357 1711 3426 quis

137 3454 262 3507 enim
290 3452 524 3518 diceret,
554 3449 707 3506 Unde
736 3449 838 3505 hoc
863 3447 1199 3504 manifestum
1236 3448 1363 3503 est?
1391 3448 1512 3517 quis
1542 3448 1710 3515 novit,

138 3546 238 3614 quis
256 3544 465 3599 audivit
496 3544 604 3599 tale
638 3542 909 3615 quidpiam
950 3541 1145 3597 factum
1175 3541 1334 3597 esse?
1372 3556 1439 3596 ne
1478 3541 1713 3611 suspica-

140 3640 256 3692 reris
289 3637 619 3705 discipulum
666 3636 719 3689 in
758 3634 986 3704 gratiam
1026 3634 1262 3703 magistri
1313 3632 1416 3687 hoc
1441 3646 1714 3687 commen-

142 3740 234 3783 tum
263 3744 387 3785 esse
418 3745 431 3781 :
464 3728 672 3782 inducit
712 3725 999 3795 Josepbum
1018 3767 1034 3792 ,
1066 3740 1161 3794 per
1186 3740 1247 3779 ea
1277 3740 1395 3792 qum
1427 3740 1610 3794 passus
1632 3735 1716 3780 est

142 3822 209 3874 liis
232 3822 391 3874 ﬁdem
413 3820 723 3883 iacientem,
751 3832 815 3872 ac
842 3817 885 3871 si
911 3815 1114 3872 diceret
1146 3833 1158 3869 :
1187 3815 1241 3871 Si
1269 3815 1396 3869 mihi
1428 3815 1587 3871 [idem
1613 3831 1718 3869 non

144 3911 306 3975 habes,
329 3912 377 3966 si
413 3909 779 3963 testimonium
819 3924 993 3962 meutn
1020 3908 1113 3962 tibi
1140 3919 1443 3976 suspectum
1470 3916 1573 3971 est,
1604 3922 1720 3961 cre-

142 4002 199 4055 de
227 4004 339 4056 viro
390 4001 562 4055 illius.
604 4000 800 4068 Ioseph
846 4000 987 4053 enim
1009 4040 1023 4063 ,
1055 3999 1130 4053 ait
1154 4040 1167 4063 ,
1199 4000 1277 4052 uir
1298 4000 1426 4069 ejus,
1455 4016 1568 4052 cum
1597 4009 1721 4053 esset

137 4097 303 4163 justus.
345 4094 564 4149 Iustum
594 4092 683 4146 hic
726 4093 867 4146 omni
908 4091 1100 4145 virtute
1136 4090 1413 4161 praeditum
1455 4090 1623 4145 dicit:
1655 4090 1721 4144 ad

140 4188 379 4254 justitiam
410 4186 560 4241 enim
603 4184 833 4253 pertinet
862 4199 967 4236 non
994 4197 1112 4238 esse
1141 4198 1379 4243 avarum,
1411 4192 1599 4252 estque
1630 4182 1719 4250 ju-

144 4283 266 4335 stitia
292 4281 476 4334 omnis
505 4280 676 4332 virtus
712 4297 726 4332 ε
756 4287 809 4332 et
845 4276 943 4330 hoc
990 4278 1221 4331 maxime
1266 4290 1428 4331 sensu
1450 4275 1722 4345 Scriptura

141 4378 345 4443 iustitiae
386 4389 525 4429 voce
568 4375 750 4435 utitur,
780 4380 839 4425 ut
882 4371 1096 4441 quando
1126 4370 1257 4425 dicit
1289 4388 1299 4423 :
1338 4369 1505 4424 Homo
1526 4371 1722 4441 justus,

146 4486 280 4521 rem:
301 4468 427 4540 (Job
458 4467 510 4522 l.
550 4465 605 4535 l)
631 4480 648 4529 ;
674 4479 736 4519 ac
766 4479 1011 4528 rursum,
1044 4461 1207 4517 Erunt
1233 4461 1379 4516 ambo
1402 4462 1535 4533 justi
1572 4459 1721 4533 (Luc.

149 4560 189 4613 l.
213 4559 289 4629 si.

192 4722 243 4776 4.
281 4718 503 4790 Iosephi
558 4715 740 4772 Marine
770 4717 863 4771 uiri
916 4717 1107 4773 laudes.
1134 4748 1203 4758 —
1227 4717 1408 4773 Justus
1450 4735 1578 4790 ergo
1602 4737 1714 4775 cum

136 4824 263 4876 esset,
293 4813 347 4867 id
384 4822 505 4877 est,
555 4811 836 4879 benignus,
868 4809 1197 4877 moderatus,
1225 4812 1380 4865 uoluit
1410 4813 1603 4867 occulte
1630 4813 1713 4867 di-

138 4907 313 4960 mittere
356 4922 493 4959 eam.
531 4903 659 4957 ideo
689 4902 738 4956 id
779 4902 918 4970 quod
958 4902 1178 4973 contigit
1217 4914 1432 4960 enarrat
1472 4914 1593 4960 ante
1623 4920 1715 4960 no-

140 5000 288 5053 titiam
314 4998 525 5060 datam,
563 5005 622 5050 nt
647 5010 715 5050 ne
744 4994 905 5050 ﬁdem
935 4994 1161 5060 deroges
1182 4997 1246 5050 iis
1277 5011 1399 5065 qua:
1424 5013 1484 5053 re
1508 5000 1715 5069 cognita

182 5256 245 5315 (α)
279 5256 330 5306 ld
351 5249 687 5315 Valentiniani
703 5246 946 5315 dicebant,
970 5250 1024 5293 ut
1038 5243 1194 5315 habet
1211 5241 1501 5315 Epiphanius
1516 5240 1698 5315 p.172,

134 5302 390 5381 autem.)
493 5313 606 5373 189,
623 5323 711 5374 per
729 5306 932 5359 Mariam
956 5302 1267 5367 pertransisse
1281 5302 1406 5354 uelut
1425 5314 1601 5369 aquam
1617 5315 1705 5366 per

134 5379 292 5427 tabam.
414 5379 426 5381 ⁷
1235 5392 1240 5397 ’

189 5456 202 5484 ι
225 5461 346 5510 time,
370 5454 611 5513 quomodo
631 5446 761 5513 ﬂos?
783 5459 880 5513 non
897 5443 1125 5513 leguntur
1148 5438 1271 5513 apud
1295 5436 1580 5513 S‘avilje‘tua
1598 5432 1707 5513 plu:

734 5496 977 5560 habentur
1006 5507 1056 5554 in
1076 5496 1240 5554 Morel.
1279 5509 1331 5552 et
1362 5498 1486 5550 lecta
1504 5508 1620 5547 sunt
1646 5496 1709 5546 ab

141 5576 322 5627 iniam.

1806 319 1955 383 gesta
1985 319 2126 367 sunt.
2155 311 2317 370 Certe
2339 312 2385 369 si
2414 312 2539 370 talis
2567 312 2654 369 illa
2686 312 2899 383 luisset,
2917 329 3023 372 non
3044 316 3207 373 mado
3230 317 3389 390 digna

1809 411 1927 458 erat
1956 418 2074 473 qua:
2101 402 2490 471 traduceretur,
2511 403 2604 460 sed
2625 405 2785 461 etiam
2809 406 2951 461 illam
2973 408 3231 479 supplicio
3251 409 3390 466 allici

1810 494 1899 550 lex
1924 492 2167 563 jubebat.
2187 493 2382 550 Verum
2404 494 2600 565 Ioseph
2630 511 2734 550 non
2763 496 2922 551 modo
2951 497 2999 553 ei
3030 498 3167 568 quod
3196 499 3388 570 majus,

1811 586 1906 642 sed
1932 586 2090 642 etiam
2122 585 2171 642 ei
2202 586 2344 656 quod
2384 587 2561 642 minus
2586 596 2705 643 erat
2740 589 3025 654 consuluit,
3053 606 3248 661 nempe
3290 608 3391 662 pu-

1812 677 1950 733 dori.
1978 677 2093 731 Non
2125 677 2287 732 modo
2308 679 2450 732 enim
2493 679 2681 748 punire
2708 678 2941 744 nolebat,
2972 680 3068 735 sed
3106 696 3176 736 ne
3214 681 3392 737 tradu-

1813 782 1939 823 cere
1965 768 2199 838 quidem.
2235 768 2477 823 Vidistin’
2504 768 2876 840 philosophum
2904 772 3098 835 virum,
3129 780 3182 827 et
3207 781 3392 844 tyran-

1813 859 1935 915 nico
1956 859 2047 914 illo
2070 859 2259 915 aﬂ'ectu
2285 862 2546 916 vacuum?
2568 861 2747 918 Nostis
2767 864 2907 918 enim
2924 874 3154 935 quantus
3176 867 3392 922 morbus

1812 947 1885 1002 sit
1930 948 2213 1019 zelotypia.
2247 949 2602 1017 Quamobrem
2631 951 2677 1006 is
2719 953 2808 1021 qui
2859 953 2911 1008 id
2964 954 3129 1024 probe
3168 954 3390 1021 sciebat,

1813 1041 1990 1098 dixit:
2020 1040 2212 1097 Plenus
2240 1042 2349 1096 zelo
2396 1052 2469 1098 est
2501 1042 2647 1114 furor
2684 1046 2778 1099 uiri
2823 1047 2973 1116 ejus;
3015 1063 3117 1101 non
3144 1056 3313 1118 parcet
3339 1048 3390 1101 in

1813 1124 1896 1182 die
1933 1128 2165 1182 vindicta;-
2194 1127 2375 1202 (Prou.
2405 1132 2458 1186 6.
2496 1132 2627 1202 54);
2677 1144 2752 1202 et,
2803 1132 2947 1187 Dura
2990 1136 3120 1188 sicut
3168 1136 3397 1206 infernus

1811 1220 2065 1274 aemulatio
2115 1220 2287 1288 (Cant.
2335 1222 2388 1277 8.
2435 1225 2513 1290 6).
2556 1223 2711 1279 Certe
2755 1225 2952 1278 multos
2994 1226 3261 1291 novimus,
3303 1228 3395 1296 qui

1812 1310 1998 1364 malint
2026 1313 2256 1368 animam
2285 1315 2551 1380 amittere,
2594 1330 2752 1385 quatn
2796 1317 2847 1369 in
2894 1317 3170 1388 zelotypire
3213 1319 3392 1389 suspi-

1813 1401 2020 1457 cionem
2054 1405 2309 1461 incidere.
2335 1405 2432 1461 llic
2461 1422 2620 1477 porro
2666 1422 2770 1462 non
2821 1424 2967 1463 mera
2996 1412 3228 1480 suspicio
3256 1421 3390 1475 erat,

1811 1508 1929 1547 Clllll
1962 1496 2101 1551 uteri
2132 1507 2309 1553 tumor
2335 1514 2445 1553 rem
2470 1499 2649 1569 palam
2674 1499 2889 1555 laceret.
2912 1502 3158 1558 Attamen
3186 1504 3254 1558 ita
3281 1513 3397 1559 erat

1809 1587 1877 1641 ab
1902 1589 2003 1644 hoc
2033 1592 2195 1646 animi
2224 1593 2413 1648 morbo
2441 1593 2593 1658 liber,
2622 1603 2681 1648 ut
2720 1609 2788 1648 ne
2826 1594 2880 1648 in
2912 1596 3146 1651 minimis
3181 1596 3395 1666 quidem

1812 1679 1969 1734 vellet
2002 1680 2203 1752 Virgini
2246 1684 2552 1739 maestitiam
2582 1683 2799 1739 inferre.
2831 1684 2963 1752 Quia
2993 1702 3120 1757 ergo
3146 1688 3287 1743 illam
3316 1689 3395 1743 in-

1813 1777 1893 1823 tus
1915 1771 2053 1840 apud
2078 1786 2136 1827 se
2163 1772 2395 1828 retinere
2438 1789 2531 1843 per
2562 1773 2733 1843 legem
2764 1791 2867 1829 non
2900 1775 3062 1831 licere
3091 1776 3390 1846 videbatur,

1813 1860 2093 1917 traducere
2130 1873 2309 1918 autem
2334 1864 2476 1918 illam
2505 1873 2559 1919 et
2587 1865 2637 1919 in
2663 1865 2923 1934 judicium
2952 1868 3186 1935 trahere,
3220 1868 3272 1924 id
3300 1885 3395 1924 ne-

1812 1954 2049 2008 cessario
2077 1964 2194 2010 erat
2219 1956 2285 2010 ad
2314 1966 2541 2012 mortem
2571 1957 2780 2014 tradere
2815 1976 2826 2012 :
2861 1967 3105 2015 neutrum
3133 1959 3273 2027 fecit,
3299 1962 3394 2017 sed

1809 2059 1969 2113 supra
2023 2048 2193 2118 legem
2217 2049 2329 2119 jam
2378 2064 2439 2105 se
2479 2066 2669 2121 gerere
2707 2051 2890 2120 coepit.
2918 2052 3208 2121 Oportebat
3250 2055 3393 2109 enim

1808 2136 1915 2203 jam
1968 2138 2286 2196 adveniente
2313 2141 2502 2212 gratia,
2536 2142 2700 2196 multa
2728 2142 2876 2212 signa
2908 2143 3100 2200 adesse
3150 2145 3397 2200 sublimis

1814 2225 2036 2299 hujusce
2066 2229 2314 2287 instituti.
2361 2232 2821 2300 Quemadmodum
2853 2234 2996 2289 enim
3027 2235 3127 2299 sol,
3157 2235 3394 2290 nondum

1810 2320 1989 2375 radios
2026 2322 2339 2390 ostendens,
2370 2325 2580 2378 eminus
2620 2332 2795 2381 tamen
2848 2335 3056 2395 partem
3107 2328 3393 2382 maximam

1810 2410 1954 2467 orbis
1997 2410 2229 2467 illustrat
2268 2431 2283 2467 :
2328 2413 2406 2469 sic
2448 2430 2661 2484 quoque
2707 2413 2950 2470 Christus
2994 2432 3058 2472 ex
3103 2426 3257 2472 utero
3302 2418 3395 2473 illo

1813 2504 2135 2570 cxoriturus,
2163 2514 2446 2576 antequam
2490 2506 2855 2576 egrederetur,
2899 2508 3083 2562 orbem
3132 2517 3300 2562 totum
3334 2509 3398 2563 il-

1810 2592 2105 2650 luminavit.
2136 2594 2338 2650 Idcirco
2380 2595 2461 2650 vel
2508 2605 2631 2651 ante
2678 2606 2885 2666 partum
2917 2597 3189 2667 propheta:
3217 2599 3399 2654 exsnl-

1811 2685 2008 2748 Labant,
2043 2695 2098 2739 et
2140 2685 2393 2741 mulieres
2443 2685 2619 2741 futura
2652 2686 3032 2757 prmdicebaut.
3064 2699 3117 2741 et
3158 2687 3395 2747 Joannes

1810 2776 2042 2831 nondum
2086 2794 2116 2832 e
2146 2778 2297 2833 vulva
2341 2793 2613 2849 egressus,
2642 2779 2708 2833 ab
2748 2790 2899 2833 utero
2940 2780 3264 2835 exsultabat.
3299 2781 3397 2838 llic

1810 2873 1986 2939 itaque
2008 2871 2226 2924 multam
2258 2870 2458 2939 Joseplt
2482 2870 2717 2925 ostendit
2744 2869 3132 2940 philosophiam
3164 2889 3178 2926 :
3222 2886 3397 2943 neque

1808 2962 1949 3016 enim
1998 2962 2270 3016 accusavit
2318 2961 2480 3025 illam,
2530 2976 2710 3031 neque
2754 2961 3095 3030 exprobravit
3134 2960 3247 3027 illi,
3295 2961 3396 3018 sed

1807 3054 2078 3112 dimittere
2120 3064 2324 3111 tantum
2357 3055 2640 3127 cogitabat.
2674 3055 2732 3110 In
2782 3054 2885 3110 hoc
2932 3070 3111 3110 rerum
3153 3063 3313 3123 statu,
3340 3059 3398 3111 et

1809 3145 1861 3200 in
1906 3146 2006 3201 hac
2047 3148 2380 3218 negotiorum
2422 3146 2753 3211 difﬁcultate,
2784 3145 3000 3201 advenit
3038 3145 3261 3215 angelus
3301 3146 3394 3217 qui

1807 3239 2128 3295 anxietatem
2158 3253 2373 3295 omnem
2402 3239 2573 3295 tollat.
2604 3237 2961 3305 Quareudum
2986 3246 3164 3291 autem
3196 3245 3278 3293 est
3296 3252 3394 3293 cur

1807 3331 2028 3402 angelus
2066 3346 2172 3387 non
2201 3341 2325 3387 ante
2351 3330 2574 3395 venerit,
2596 3344 2751 3400 quam
2780 3330 2860 3383 vir
2882 3329 2970 3383 ille
2995 3328 3111 3383 lucc
3136 3328 3186 3383 in
3213 3328 3394 3383 animo

1760 3424 1761 3429 “
1806 3431 2067 3491 versaret,
2097 3422 2190 3480 sed
2236 3439 2356 3478 cum
2390 3422 2505 3478 lucc
2549 3422 2639 3478 ille
2668 3421 2945 3493 cogitaret,
2976 3428 3102 3475 tunc
3148 3418 3389 3476 venerit:

1808 3530 1929 3569 nam
1955 3516 2062 3570 ait:
2084 3514 2174 3570 20.
2200 3512 2328 3567 Hcce
2348 3511 2438 3567 illo
2472 3512 2741 3582 cogitante,
2773 3522 2984 3575 angelus
3006 3518 3139 3563 venit
3161 3548 3174 3562 .
3209 3521 3394 3579 quam-

1807 3622 1965 3677 quam
1993 3606 2151 3661 etiatn
2180 3614 2466 3674 antequam
2493 3602 2577 3657 illa
2607 3602 2932 3672 conciperet,
2963 3599 3181 3655 nuntius
3206 3613 3392 3654 acces-

1808 3699 1959 3766 serit,
1990 3697 2132 3752 unde
2159 3696 2320 3751 etiam
2352 3695 2455 3750 alia
2495 3692 2722 3764 qumstio
2760 3693 2953 3747 oritur.
2982 3690 3117 3746 Nam
3162 3688 3260 3745 etsi
3291 3703 3391 3743 an-

1808 3788 1961 3859 gelus
1982 3788 2097 3843 viro
2124 3801 2231 3841 non
2250 3786 2476 3852 dixerat,
2496 3800 2591 3839 cur
2609 3782 2771 3854 Virgo
2795 3780 2960 3837 tacuit
2981 3780 3094 3835 lucc
3114 3779 3181 3833 ab
3206 3778 3392 3849 angelo

1813 3882 2017 3945 audita,
2049 3889 2099 3934 et
2129 3894 2250 3933 cum
2291 3892 2547 3948 sponsum
2591 3890 2745 3931 suum
2778 3874 2992 3929 anxium
3034 3871 3258 3937 videret,
3288 3886 3396 3925 non

1813 3973 1930 4044 ejus
1957 3971 2279 4026 anxietatem
2305 3966 2553 4025 sustulit?
2582 3982 2678 4022 cur
2704 3981 2832 4036 ergo
2858 3972 3143 4034 antequam
3172 3962 3259 4016 ille
3288 3969 3399 4016 tur-

1817 4066 2053 4129 baretur,
2086 4060 2306 4134 angelus
2352 4078 2459 4115 non
2505 4076 2619 4115 rem
2664 4058 2737 4113 illi
2775 4056 3021 4128 aperuit?
3052 4070 3173 4110 nam
3222 4066 3400 4125 operae

1816 4158 2042 4227 pretiutn
2101 4163 2185 4209 est
2245 4154 2477 4224 priorem
2532 4151 2884 4223 quaestionem
2940 4148 3113 4218 ptimo
3168 4147 3400 4203 solvere.

1816 4252 1993 4317 Quare
2020 4265 2132 4305 rem
2167 4248 2240 4302 illi
2271 4263 2375 4302 non
2408 4246 2653 4316 aperuit?
2697 4244 2774 4300 Nc
2799 4243 2943 4299 dicto
2972 4243 3128 4298 iidem
3160 4251 3401 4312 negaret,

1818 4354 1870 4397 et
1902 4343 2133 4410 idipsum
2159 4340 2426 4395 accideret
2453 4338 2527 4392 illi
2550 4337 2689 4407 quod
2713 4336 3007 4391 Zachariae.
3032 4334 3166 4389 Nam
3192 4349 3250 4389 re
3276 4349 3406 4388 ocu-

1821 4434 1885 4488 lis
1914 4442 2185 4503 percepta,
2223 4431 2377 4486 facile
2422 4441 2539 4486 erat
2569 4438 2694 4484 tunc
2739 4427 3009 4484 credere:
3052 4441 3174 4482 cum
3226 4434 3406 4482 autem
3482 4453 3485 4455 >

1820 4526 2067 4584 nondum
2106 4525 2385 4596 coepisset,
2433 4539 2546 4579 non
2588 4522 2752 4580 facile
2801 4519 2951 4575 credi
2994 4525 3234 4587 paterat.
3281 4516 3413 4571 ldeo

1823 4622 1879 4677 id
1933 4619 2163 4691 angelus
2210 4618 2368 4672 initio
2408 4632 2520 4671 non
2573 4615 2731 4679 dixit,
2784 4622 2839 4668 et
2889 4612 3057 4681 Virgo
3107 4609 3301 4664 eadem
3342 4607 3412 4663 de

1824 4728 1990 4771 causa
2038 4712 2229 4767 tacuit.
2276 4710 2467 4780 Neque
2518 4708 2666 4763 enim
2718 4712 2963 4777 putasset
3010 4705 3113 4759 sibi
3165 4720 3283 4759 rem
3330 4704 3416 4758 in-

1822 4805 2144 4862 credibilem
2186 4803 2461 4858 nuntianti
2512 4818 2543 4857 a
2590 4815 2793 4872 sponso
2838 4798 3001 4854 [idem
3043 4813 3165 4853 esse
3204 4796 3415 4851 haben-

1823 4901 1979 4965 dam;
2033 4899 2147 4953 imo
2200 4896 2478 4951 timuisset
2529 4911 2588 4950 se
2646 4894 2801 4949 illum
2860 4893 2916 4948 in
2971 4893 3111 4947 iram
3164 4889 3413 4945 concita-

1826 4998 2004 5046 turam
2048 5004 2193 5054 esse,
2233 4988 2387 5059 quasi
2435 4986 2737 5041 admissum
2779 4992 3068 5055 peccatum
3114 4989 3410 5051 tegentem.

1825 5082 1883 5140 Si
1934 5082 2082 5139 enim
2129 5082 2295 5137 etiam
2340 5081 2461 5151 ipsa
2503 5094 2626 5150 quae
2680 5085 2888 5131 tantam
2936 5074 3168 5146 gratiam
3218 5088 3415 5142 perce-

1825 5185 1985 5247 ptura
2035 5182 2174 5238 erat,
2227 5173 2530 5227 humanum
2582 5170 2715 5239 quid
2770 5183 2929 5239 passa
2981 5174 3065 5221 est
3118 5175 3175 5222 et
3225 5166 3413 5222 dixit:

1827 5265 2098 5333 Quomodo
2136 5263 2229 5333 ﬁet
2272 5263 2447 5329 istud,
2506 5263 2759 5333 quoniam
2798 5262 2976 5315 virum
3016 5276 3122 5314 non
3164 5274 3417 5331 cognosco

1830 5358 1998 5430 (Luc.
2067 5359 2115 5411 l.
2181 5357 2338 5428 34)?
2404 5356 2581 5410 multo
2653 5354 2827 5427 magis
2896 5353 2989 5409 ille
3054 5352 3415 5408 dubitasset:

1829 5464 1955 5505 cum
1987 5452 2223 5507 maxime
2271 5446 2327 5505 id
2370 5447 2617 5505 audisset
2659 5464 2691 5504 a
2741 5447 2975 5503 muliere
3010 5445 3141 5501 hinc
3171 5445 3277 5503 sibi
3322 5460 3419 5501 su-

1831 5549 2041 5611 specta.
