3832 6178
457 200 524 260 ιδ
1154 207 1212 266 S.
1253 206 1537 268 JOANNIS
1568 204 2060 270 CHRYSOSTOMI
2092 211 2411 273 ARCHIEP.
2447 204 2994 273 CONSTANTINOP.
3634 213 3708 277 ια

516 327 570 380 5.
602 320 726 378 Ideo
752 321 914 391 Virgo
935 319 1147 392 quidem
1178 319 1307 373 nihil
1341 318 1439 389 ipsi
1461 317 1592 372 dicit
1615 337 1628 370 :
1655 318 1877 387 angelus
1900 329 2032 371 vero

445 431 688 486 tempore
708 413 1022 485 congruenti
1053 411 1285 466 advenit.
1313 412 1512 477 Quare,
1542 408 1773 479 inquies,
1803 407 2032 478 idipsnm

443 519 572 579 erga
601 506 876 576 Virginem
903 519 1006 557 non
1039 501 1186 565 fecit,
1215 513 1317 555 nec
1349 506 1472 570 post
1490 499 1896 568 conceptionem
1925 495 2032 568 ipsi

445 614 560 654 rem
584 593 866 650 nuntiavit.
897 591 976 647 Ne
999 591 1050 645 in
1073 589 1476 660 perturbatione
1499 602 1690 658 tnagua
1719 587 1872 642 foret.
1899 586 2031 642 Nam

453 687 750 744 timendum
774 696 888 742 erat
913 701 981 741 ne
1002 686 1091 741 illa
1120 685 1195 740 rei
1225 685 1502 740 veritatem
1531 697 1635 738 non
1663 683 1810 738 clare
1833 683 2030 750 sciens,

449 777 519 834 de
559 793 617 833 se
645 777 774 848 quid
820 777 1074 832 acerbum
1126 775 1462 841 decerneret,
1495 789 1600 828 neu
1644 773 1881 828 dedecus
1928 787 2035 830 non

449 869 627 925 ferens
653 867 718 922 ad
746 867 988 937 laqueum
1018 867 1100 922 vel
1129 866 1194 920 ad
1220 865 1455 935 gladium
1493 873 1822 934 properaret.
1852 864 2036 919 Adtui-

449 960 612 1015 randa
649 960 845 1029 quippe
872 957 1031 1029 Virgo
1070 966 1210 1023 erat,
1241 957 1464 1027 ejusque
1503 952 1756 1010 virtutem
1797 955 2035 1011 declarat

449 1053 619 1106 Lucas
662 1065 784 1105 cum
827 1051 924 1119 ait,
964 1063 1080 1103 eam
1126 1048 1342 1118 quando
1383 1047 1760 1102 salutationem
1805 1049 2029 1118 accepit,

447 1162 552 1200 non
580 1144 760 1199 statim
793 1145 990 1215 gaudio
1037 1143 1305 1213 perfusam
1336 1141 1523 1206 fuisse,
1552 1155 1650 1196 nec
1677 1141 1816 1196 dicta
1847 1146 2032 1197 snsce«

435 1240 623 1308 pisse;
658 1239 750 1294 sed
782 1239 1046 1294 turbatam
1082 1237 1393 1309 qnzesivisse
1422 1237 1597 1308 qualis
1639 1245 1781 1291 esset
1813 1236 1910 1289 ista
1941 1249 2032 1290 sa-

444 1332 652 1387 lutatio.
681 1331 809 1399 Qua:
829 1343 1007 1387 autem
1035 1331 1114 1387 sic
1137 1343 1442 1401 comparata
1467 1339 1603 1398 erat,
1637 1344 1875 1385 mmrore
1902 1344 2034 1384 con-

443 1423 580 1479 fecta
633 1423 861 1491 fuisset,
911 1423 988 1480 rei
1041 1423 1313 1478 infamiam
1361 1438 1544 1478 secum
1598 1432 1887 1493 reputans,
1931 1436 2034 1478 nec

442 1531 666 1584 sperans
698 1529 856 1586 posse
901 1529 960 1570 se
988 1514 1292 1585 quempiam
1335 1514 1663 1569 audientium
1693 1513 1757 1569 ad
1800 1513 2032 1570 creden-

447 1607 575 1661 dmn
604 1607 878 1668 inducere,
906 1607 1046 1677 quod
1075 1606 1127 1661 id
1158 1621 1263 1661 non
1313 1621 1379 1662 ex
1430 1605 1699 1661 adulterio
1730 1604 2028 1675 proiectum

444 1709 608 1755 esset.
633 1698 708 1753 Ne
737 1700 912 1769 itaque
942 1699 992 1753 id
1019 1701 1279 1761 eveniret,
1297 1707 1423 1753 ante
1450 1697 1855 1768 conceptionem
1883 1698 2030 1752 venit

446 1790 688 1861 angelus.
713 1789 925 1845 Etenim
954 1789 1239 1860 oportebat
1263 1789 1704 1860 imperturbatum
1744 1803 1866 1844 esse
1908 1796 2028 1843 utc-

437 1899 554 1937 rutn
598 1883 784 1948 illum,
828 1881 882 1935 in
928 1896 1087 1951 quem
1135 1881 1374 1934 omnium
1416 1880 1640 1936 Creator
1688 1880 2026 1950 ingressurus

435 1983 571 2039 erat,
604 1981 660 2027 et
688 1971 832 2026 omni
885 1971 1114 2025 tumultu
1149 1985 1373 2024 vacuam
1419 1970 1654 2025 animam
1705 1969 1875 2036 illam,
1906 1983 2026 2041 qua:

441 2063 820 2135 mysteriorum
874 2070 1142 2116 tantorum
1190 2061 1433 2116 ministra
1479 2059 1659 2116 futura
1702 2069 1838 2116 erat.
1891 2059 2024 2115 Pro-

434 2166 619 2225 pterea
668 2155 866 2226 Virgini
907 2166 1033 2210 ante
1061 2155 1498 2224 conceptionem,
1545 2153 1783 2224 Josepho
1821 2161 2021 2219 autem,

432 2263 555 2302 cum
577 2255 811 2316 gestaret
833 2255 1045 2300 uterum
1071 2245 1254 2316 Virgo,
1275 2245 1528 2316 loquutus
1569 2253 1672 2300 est.
1695 2241 1850 2311 Quod
1872 2241 2024 2298 multi

432 2340 816 2410 simpliciorum
839 2353 947 2395 non
980 2337 1361 2408 intelligentes,
1396 2337 1480 2392 hic
1499 2336 1882 2392 dissonantiam
1904 2350 2024 2392 esse

431 2433 682 2486 dixerunt
719 2449 732 2485 :
777 2430 1027 2499 quoniam
1058 2429 1232 2484 Lucas
1260 2429 1398 2484 dixit
1433 2428 1615 2484 Maria:
1645 2429 1893 2484 nuntium
1925 2443 2020 2484 ve-

431 2523 600 2591 nisse,
641 2521 922 2577 Matthteus
968 2530 1148 2575 autem
1193 2519 1477 2590 Jusepho:
1523 2535 1630 2574 non
1677 2517 2021 2575 advertentes

428 2625 714 2688 utrumque
737 2624 946 2686 gestum
980 2614 1165 2670 fuisse.
1201 2613 1256 2668 Id
1284 2612 1428 2683 quod
1456 2613 1621 2668 etiam
1667 2613 1721 2666 in
1770 2611 2020 2667 omnibus

428 2711 668 2766 historiis
695 2708 1088 2764 observandum
1134 2715 1258 2762 est:
1291 2707 1369 2761 sic
1416 2705 1561 2761 enim
1612 2706 1806 2760 multas
1845 2703 2018 2760 disso-

428 2804 662 2868 nantias,
685 2811 740 2854 ut
765 2800 980 2870 quidem
1020 2807 1292 2868 putantur,
1324 2798 1692 2868 expediemus.
1723 2796 1887 2852 Venit
1915 2799 2018 2850 ita-

428 2908 531 2961 que
560 2892 804 2960 angelus,
834 2890 1145 2958 perturbato
1171 2890 1428 2960 Josepho.
1454 2889 1588 2944 Nam
1620 2899 1672 2943 et
1701 2897 1928 2960 propter
1953 2902 2016 2942 ea

423 2998 541 3055 qua:
578 2996 738 3053 supra
775 2981 917 3037 dicta
949 2988 1095 3046 sunt,
1128 2987 1183 3034 et
1212 2987 1271 3033 ut
1317 2979 1436 3048 ejus
1481 2978 1818 3050 philosophia
1846 2994 2013 3052 appa-

422 3083 587 3141 reret,
606 3072 892 3128 adventum
915 3086 1073 3127 suum
1099 3069 1298 3125 diﬂ'ert.
1321 3071 1453 3125 Cum
1482 3085 1612 3126 vero
1633 3086 1720 3126 res
1740 3070 1851 3142 jam
1872 3081 2017 3128 esset

424 3165 709 3236 implenda,
749 3165 966 3221 advenit
997 3164 1234 3243 demum.
1279 3161 1409 3217 Htec
1451 3173 1620 3217 autent
1655 3179 1713 3218 eo
1741 3163 2013 3236 cogitante,

423 3259 632 3332 angelus
659 3259 713 3314 in
738 3259 926 3314 somnis
953 3258 1198 3330 apparuit
1223 3257 1435 3327 Joseph.
1469 3255 1657 3311 Viden‘
1686 3257 1786 3312 viri
1831 3257 2016 3314 mode.

423 3349 731 3424 rationem?
770 3348 884 3404 Non
915 3349 1074 3403 modo
1105 3364 1208 3402 non
1241 3347 1463 3418 punivit,
1497 3345 1592 3401 sed
1619 3346 1821 3401 nemini
1848 3345 2003 3413 dixit,

422 3457 485 3498 ac
521 3458 588 3498 ne
616 3441 689 3496 illi
719 3440 937 3512 quidem
960 3455 1080 3511 quae
1107 3440 1158 3494 in
1189 3438 1549 3508 SUSpicionem
1577 3437 1858 3505 veniebat;
1913 3438 2008 3494 sed

426 3553 539 3592 rem
567 3549 750 3592 secum
783 3535 1078 3605 cogitabat,
1098 3544 1153 3589 et
1182 3548 1431 3590 secessus
1459 3533 1887 3603 causamVirgini
1918 3533 2016 3588 ob-

421 3639 603 3699 tegere
649 3626 920 3683 studebat.
968 3626 1155 3697 Neque
1202 3626 1345 3681 cnim
1375 3625 1510 3681 dixit
1561 3625 1735 3696 ipsum
1781 3622 2015 3678 voluisse

423 3721 565 3774 illam
593 3719 811 3788 ejicere,
838 3717 930 3774 sed
958 3718 1228 3773 dimittere
1262 3739 1274 3773 :
1303 3732 1473 3788 usque
1502 3716 1637 3771 adeo
1669 3716 1930 3787 benignus
1957 3722 2014 3768 et

424 3809 742 3864 moderatus
779 3810 862 3864 vir
891 3819 1025 3864 erat.
1055 3809 1181 3864 Hinc
1219 3818 1396 3863 autem
1429 3808 1682 3878 cogitanti
1724 3807 1776 3862 in
1810 3803 2016 3861 somnis

420 3913 645 3972 apparet
675 3901 916 3972 angelus.
951 3900 1018 3956 Et
1044 3915 1144 3956 cur
1168 3915 1277 3955 non
1305 3909 1511 3970 aperte,
1544 3909 1602 3954 ut
1630 3897 1932 3969 pasmribus
1959 3905 2016 3953 et

423 3994 700 4048 Zacharize
745 3993 892 4047 visus
933 4001 1037 4058 est,
1075 4005 1281 4047 necnon
1312 3993 1474 4046 etiam
1521 3990 1764 4060 Virgini?
1808 3989 2012 4044 Admo-

420 4084 547 4138 dum
579 4082 751 4138 fidclis
779 4083 858 4136 vir
897 4093 1032 4148 erat,
1067 4096 1240 4152 neque
1283 4082 1476 4152 egebat
1503 4082 1594 4136 tali
1624 4081 1846 4136 visione.
1882 4080 2013 4135 Nam

419 4175 603 4246 Virgo,
637 4176 723 4231 cui
767 4174 1191 4230 annuntiabatur
1232 4189 1321 4230 res
1351 4181 1517 4239 tanta,
1543 4183 1598 4229 et
1639 4174 1800 4243 longe
1847 4173 2014 4243 major

420 4285 578 4338 quant
611 4268 903 4333 Zachariae,
934 4269 1098 4324 etiam
1129 4277 1254 4324 ante
1283 4285 1398 4323 rem
1427 4268 1595 4340 ipsam
1637 4269 1828 4339 egebat
1855 4268 2016 4322 mira-

419 4359 514 4415 bili
564 4359 796 4430 quadam
854 4360 1108 4414 visione:
1161 4370 1409 4430 pastores
1469 4374 1636 4426 vero,
1690 4368 1870 4428 utpote
1921 4358 2012 4427 qui

420 4450 746 4520 agrestiores
775 4459 978 4518 essent,
1007 4451 1274 4520 apertiore
1307 4449 1512 4504 visione
1547 4463 1682 4519 opus
1724 4447 2012 4504 habebant.

422 4541 520 4596 Hic
538 4551 714 4595 autem
744 4550 869 4611 post
900 4553 1134 4612 partttnt,
1165 4556 1286 4595 cum
1313 4555 1477 4610 prava
1506 4541 1810 4610 suSpicione
1849 4539 2013 4594 animi

423 4641 716 4695 teneretur,
745 4641 801 4687 et
843 4641 1066 4704 paratus
1115 4642 1293 4686 tamen
1324 4641 1472 4686 esset
1514 4632 1580 4686 ad
1626 4632 1819 4686 bonam
1863 4647 2014 4701 spem

421 4723 578 4778 facile
629 4723 838 4790 reduci,
867 4724 913 4777 si
942 4724 1066 4792 quis
1105 4723 1206 4778 hac
1251 4723 1304 4778 in
1333 4738 1392 4778 re
1418 4722 1529 4778 dux
1581 4723 1658 4779 illi
1702 4731 2012 4794 appareret,

399 4815 807 4871 't-evelationem
836 4814 1050 4884 accipit.
1105 4813 1232 4868 Ideo
1284 4823 1406 4885 post
1459 4814 1821 4884 suspicionem
1865 4815 2015 4871 adest

421 4907 593 4962 bonus
625 4905 866 4972 nuntius,
900 4913 958 4959 ut
987 4904 1089 4960 hoc
1118 4906 1290 4975 ipsum
1324 4905 1398 4959 illi
1432 4904 1571 4961 foret
1598 4921 1724 4961 vera
1749 4905 2014 4962 dictorum

417 5001 826 5058 demonstratio.
860 4999 993 5056 Cum
1033 4997 1179 5054 enim
1208 5000 1408 5054 nemini
1436 4998 1676 5065 dixisset,
1706 4998 1801 5054 sed
1831 4998 2010 5054 animo

420 5095 596 5148 solum
629 5095 743 5148 hmc
761 5093 1075 5164 cogitasset,
1103 5100 1157 5146 et
1185 5089 1285 5146 hac
1314 5090 1382 5147 de
1423 5105 1482 5146 re
1513 5090 1822 5162 loquentem
1850 5105 2014 5160 auge-

424 5187 533 5242 lum
563 5185 794 5251 audiret,
829 5185 1186 5240 indubitatum
1223 5183 1325 5254 ipsi
1350 5182 1562 5253 signum
1586 5190 1734 5248 erat,
1764 5181 2012 5252 angelum

425 5292 457 5331 ει
481 5276 591 5330 Deo
631 5273 857 5343 jussum,
889 5269 1006 5326 haec
1030 5269 1233 5327 dictum
1269 5269 1520 5325 venisse:
1551 5268 1716 5338 ipsius
1757 5269 1902 5323 enim
1929 5280 2016 5322 so-

429 5369 535 5424 lius
558 5373 641 5420 est
669 5363 848 5419 cordis
878 5377 1070 5417 arcana
1101 5363 1260 5418 scire.
1294 5360 1430 5418 Vide
1457 5361 1637 5432 itaque
1674 5369 1872 5431 quanta
1902 5360 2018 5416 elli-

427 5460 679 5520 ciantur;
720 5453 822 5508 viri
849 5451 1183 5524 phil030phia
1209 5452 1527 5518 ostenditur,
1563 5461 1616 5507 et
1656 5451 1786 5507 illud
1816 5467 2016 5523 Oppor-

429 5561 558 5606 tune
596 5546 664 5602 ab
693 5545 887 5618 angelo
926 5544 1188 5616 prolatum
1229 5544 1296 5599 ad
1335 5543 1494 5600 ﬁdem
1542 5542 1657 5614 ejus
1702 5543 2016 5598 firmandam

2135 309 2368 376 confert,
2381 309 2693 380 dictumque
2713 313 2888 381 ipsum
2906 313 3022 366 sine
3038 311 3346 382 suspicione
3363 320 3568 378 manet,
3580 317 3725 384 quod

2139 401 2381 470 ostendit
2421 403 2599 472 ipsum
2624 418 2690 460 ea
2717 419 2931 475 passum
2970 419 3114 473 esse,
3143 421 3264 477 qua:
3293 407 3376 462 vir
3399 405 3573 478 quivis
3603 405 3727 476 jure

2137 493 2250 566 pati
2282 501 2492 564 poterat

2204 667 2260 722 6.
2307 660 2588 730 Quomodo
2624 671 2803 718 autem
2833 661 2993 718 fidem
3021 662 3120 734 ipsi
3149 661 3276 718 facit
3300 663 3557 735 angelus?
3587 664 3725 720 Audi

2133 767 2189 811 et
2209 755 2403 811 mirare
2427 755 2691 811 dictorum
2713 755 3052 826 sapientiam.
3073 756 3349 812 Accedens
3372 758 3482 812 ait:
3505 756 3722 827 Joseplt,

2133 847 2211 916 ﬁli
2234 845 2402 900 David
2421 887 2438 912 ,
2461 848 2566 902 noli
2585 847 2759 903 timere
2777 848 3002 918 accipere
3025 847 3248 903 Mariam
3271 851 3541 922 conjugem
3560 860 3722 905 tuam.

2133 938 2320 995 Statim
2354 939 2603 994 Davidetn
2636 940 2690 992 in
2736 939 3049 994 memoriam
3081 949 3329 1007 revocat,
3364 943 3504 996 unde
3548 946 3725 998 nasci-

2135 1039 2286 1086 turus
2311 1041 2425 1084 erat
2467 1029 2752 1095 Christus;
2785 1045 2958 1098 neque
2994 1031 3121 1086 sinit
3145 1031 3292 1085 illum
3329 1032 3564 1098 turbari,
3593 1032 3724 1088 dum

2135 1136 2229 1190 per
2247 1121 2506 1188 majorum
2531 1136 2723 1175 nomen
2751 1121 3156 1188 promissionem
3177 1122 3426 1177 universo
3445 1126 3627 1194 generi
3647 1123 3725 1178 fa-

2133 1223 2270 1266 ctam
2298 1213 2347 1266 in
2369 1213 2682 1267 memoriam
2711 1223 2944 1267 revocat.
2967 1213 3072 1268 Sed
3087 1214 3241 1282 cujus
3263 1215 3338 1270 rei
3365 1217 3532 1286 gratia
3555 1216 3721 1270 liliutu

2138 1303 2298 1358 David
2355 1312 2528 1374 ipsum
2578 1305 2842 1374 appellat?
2873 1304 2957 1360 Ne
2999 1307 3176 1360 timeas
3199 1321 3218 1360 :
3247 1321 3564 1378 quamquam
3596 1309 3722 1365 alihi

2137 1397 2275 1450 Deus
2305 1410 2407 1450 non
2439 1395 2509 1450 ita
2537 1395 2692 1462 fecit;
2713 1395 2808 1451 sed
2833 1395 3060 1466 quodam
3087 1397 3154 1452 de
3179 1413 3345 1453 uxore
3373 1399 3604 1456 Abrahae
3629 1415 3723 1458 sc-

2133 1505 2227 1544 cus
2255 1505 2413 1560 quam
2443 1499 2751 1560 oportuerat
2777 1492 3043 1562 cogitante
3067 1532 3084 1559 ,
3129 1494 3424 1552 terroribus
3455 1496 3724 1570 minisque

2135 1583 2185 1636 in
2235 1582 2500 1652 loquendo
2545 1597 2672 1638 usus
2718 1583 2859 1640 Deus
2900 1593 3022 1652 est;
3053 1587 3260 1642 etiamsi
3291 1588 3362 1644 ibi
3389 1605 3603 1660 quoque
3632 1608 3724 1648 res

2132 1689 2225 1743 per
2252 1675 2602 1744 ignorantiam
2625 1674 2779 1730 fieret
2805 1693 2818 1728 :
2850 1691 3022 1748 neque
3043 1677 3187 1733 enim
3211 1695 3388 1735 rerum
3412 1697 3609 1753 gnarus
3631 1683 3724 1740 ille

2132 1763 2319 1819 Saratn
2341 1773 2622 1837 acceperat
2648 1783 2660 1820 :
2686 1775 2918 1822 attamen
2951 1768 3312 1838 perterrefecit
3335 1788 3455 1828 eum
3478 1791 3494 1841 ;
3518 1774 3604 1830 hic
3625 1790 3725 1832 au-

2133 1865 2238 1910 tem
2267 1858 2448 1912 mitius
2470 1856 2664 1926 agitur.
2694 1857 2888 1930 lugens
2915 1859 3056 1914 enim
3086 1871 3204 1916 erat
3231 1878 3410 1919 rerum
3440 1881 3560 1936 quae
3589 1882 3722 1939 age-

2131 1947 2326 2002 bantur
2345 1949 2675 2018 magnitudo,
2703 1964 3058 2022 magnumque
3081 1953 3221 2010 inter
3243 1956 3410 2011 virum
3433 1967 3722 2030 utrumque

2130 2040 2420 2096 discrimen
2447 2058 2461 2096 :
2493 2051 2818 2111 quaprOpter
2841 2058 2946 2098 non
2977 2054 3093 2099 erat
3123 2045 3489 2117 increpatione
3515 2065 3671 2120 opus.
3701 2054 3715 2082 '

2129 2127 2262 2185 Cum
2287 2141 2466 2188 autem
2492 2133 2660 2200 dixit,
2694 2132 2778 2188 Ne
2806 2135 2985 2190 timeas
3003 2177 3019 2202 ,
3049 2137 3288 2194 declarat
3311 2141 3485 2209 ipsum
3511 2151 3723 2199 metue-

2132 2237 2193 2277 re
2223 2238 2290 2278 ne
2317 2223 2484 2278 Deum
2523 2223 2790 2290 Offendat,
2817 2226 2863 2281 si
2888 2227 3183 2283 adulteram
3228 2244 3447 2286 uxorem
3479 2232 3673 2289 habeat
3699 2251 3718 2293 :

2131 2318 2201 2367 ita
2232 2314 2332 2369 nisi
2359 2314 2458 2370 hoc
2481 2316 2704 2384 fuisset,
2737 2317 2882 2372 illam
2904 2317 3175 2375 dimittere
3196 2335 3263 2377 ne
3287 2323 3574 2394 cogitasset
3595 2329 3722 2398 qui-

2130 2404 2274 2461 dem.
2321 2407 2413 2464 llis
2459 2409 2617 2477 igitur
2659 2411 2906 2466 omnibus
2941 2413 3280 2481 declaratur,
3308 2431 3338 2470 a
3372 2417 3480 2473 Deo
3505 2421 3722 2478 venisse

2129 2498 2410 2568 angelum,
2444 2504 2532 2570 qui
2574 2502 2750 2555 omnia
2791 2517 2910 2572 qnze
2948 2504 3201 2575 cogitavit
3228 2515 3283 2562 et
3318 2509 3496 2565 animo
3527 2528 3722 2580 passus

2129 2590 2450 2663 estJoscph,
2478 2593 2529 2648 in
2553 2594 2787 2650 medium
2817 2598 2996 2652 attulit
3013 2609 3066 2653 et
3081 2603 3349 2670 exposuit.
3374 2603 3606 2675 Virginis
3627 2621 3693 2660 au
3710 2635 3730 2648 -

2133 2693 2236 2737 tem
2264 2684 2605 2751 pronuntiato
2629 2687 2863 2752 nomine,
2896 2703 3004 2744 non
3032 2689 3118 2745 hic
3146 2692 3328 2759 stetit,
3358 2694 3453 2750 sed
3479 2693 3726 2760 addidit,

2127 2773 2622 2853 Cnniugemrtuam,
2665 2793 2826 2848 quam
2875 2795 2982 2835 nou
3034 2782 3104 2836 ita
3152 2796 3417 2853 vocasset,
3458 2787 3503 2842 si
3537 2788 3726 2842 vitiata

2131 2868 2336 2923 fuisset.
2364 2852 2656 2938 Cottjugem
2682 2886 2811 2926 vero
2841 2871 2926 2928 hic
2952 2890 3202 2944 sponsam
3234 2888 3386 2934 vocat
3404 2852 3427 2932 7:
3455 2881 3728 2950 quemad-

2133 2959 2348 3013 modum
2381 2969 2431 3028 et
2459 2976 2688 3030 generos
2727 2977 2921 3019 vocare
2963 2966 3099 3020 solet
3143 2968 3414 3038 Scriptura
3453 2987 3725 3042 sponsos,

2128 3061 2250 3106 ante
2277 3054 2506 3122 nuptias.
2526 3053 2662 3122 Quid
2678 3071 2806 3111 vero
2821 3058 3085 3128 significat
3102 3062 3249 3124 illttd,
3267 3063 3542 3135 Accipere?
3565 3067 3728 3122 Domi

2130 3143 2359 3198 retinere
2387 3164 2418 3200 :-
2428 3145 2540 3214 jam
2569 3147 2712 3202 enim
2743 3148 2888 3203 illam
2915 3151 3098 3206 animo
3125 3153 3418 3209 dimiserat.
3453 3156 3614 3212 Hanc
3639 3159 3731 3212 di-

2128 3237 2344 3290 missam
2366 3238 2539 3294 retine
2558 3280 2573 3302 ,
2596 3255 2754 3310 quam
2781 3241 2876 3296 tibi
2903 3243 3040 3299 Deus
3067 3246 3257 3312 tradit,
3291 3263 3395 3303 non
3426 3261 3684 3318 parentes
3708 3271 3723 3306 :

2130 3327 2289 3382 tradit
2316 3339 2496 3385 autem
2524 3345 2630 3385 non
2655 3332 2720 3385 ad
2752 3334 2998 3404 nuptias,
3025 3336 3118 3392 sed
3143 3348 3199 3392 ιιι
3219 3353 3337 3393 cum
3364 3340 3452 3396 illa
3477 3341 3728 3410 habites;

2130 3419 2288 3473 tradit
2317 3435 2477 3490 porro
2507 3437 2603 3490 per
2631 3437 2818 3479 vocem
2847 3441 3042 3480 meam.
3077 3426 3144 3482 Ut
3170 3429 3312 3484 illam
3346 3440 3530 3501 postea
3556 3431 3728 3490 Chri-

2125 3521 2240 3565 stus
2267 3512 2483 3568 tradidit
2505 3513 2803 3585 discipulo,
2836 3517 2906 3570 ita
2937 3528 2992 3573 et
3021 3534 3167 3575 nunc
3193 3520 3428 3594 Josepho
3461 3526 3720 3583 traditur.

2126 3602 2328 3658 Deinde
2357 3620 2470 3661 rem
2518 3605 2746 3664 obscure
2791 3608 3032 3666 indicans
3051 3652 3066 3676 ,
3095 3627 3318 3682 pravam
3347 3617 3723 3687 suspicionem

2125 3713 2233 3752 non
2286 3701 2646 3764 memoravit,
2685 3700 2781 3757 sed
2831 3701 3143 3761 honestiore
3197 3711 3730 3783 congruentioreque

2124 3787 2284 3844 tnodo
2309 3791 2680 3860 conceptionis
2704 3794 2944 3863 exposita
2973 3809 3136 3852 causa
3152 3837 3168 3863 ,
3195 3798 3338 3853 illam
3364 3803 3603 3868 sustulit,
3628 3819 3732 3860 os-

2124 3880 2346 3936 tendens
2383 3896 2505 3936 eum
2527 3921 2544 3949 ,
2577 3893 2796 3954 propter
2834 3887 3077 3944 eamdem
3121 3891 3290 3959 ipsant
3321 3907 3539 3949 causam
3566 3935 3583 3962 ,
3616 3913 3729 3968 qua

2125 3970 2346 4027 timebat
2368 3983 2422 4028 et
2447 3973 2592 4029 illam
2613 3975 2883 4034 dimittere
2905 3979 3137 4044 volebat,
3157 3983 3278 4051 jure
3305 3983 3447 4039 illam
3477 3987 3734 4058 recipere

2120 4073 2174 4118 et
2203 4065 2437 4120 retinere
2463 4065 2660 4123 debere
2687 4085 2701 4121 :
2729 4069 2914 4140 sicque
2941 4085 3009 4127 ex
3035 4072 3327 4129 abundanti
3353 4076 3469 4143 ejus
3495 4081 3724 4134 mesti-

2122 4155 2248 4210 tiam
2278 4157 2516 4212 resolvit.
2548 4158 2664 4214 Non
2710 4162 2908 4226 modo,
2952 4162 3157 4233 inquit,
3193 4165 3379 4223 illicito
3419 4153 3730 4239 congressu

2120 4261 2250 4315 pura
2277 4255 2362 4302 est
2379 4287 2394 4310 ,
2423 4248 2518 4304 sed
2539 4250 2699 4305 etiam
2721 4266 2882 4322 supra
2910 4262 3152 4311 naturam
3178 4265 3386 4312 uterum
3406 4267 3603 4329 gestat.
3636 4261 3725 4316 Ne

2119 4337 2280 4407 igitur
2306 4348 2506 4395 metum
2541 4356 2706 4411 ponas
2739 4351 2940 4398 tantum
2963 4386 2976 4406 .
3009 4345 3104 4400 sed
3137 4347 3188 4400 in
3215 4364 3458 4418 magnam
3489 4366 3730 4424 erumpe

2118 4427 2358 4484 ιίιιιίιὶειιιι
2389 4447 2403 4483 :
2437 4431 2588 4499 Quod
2612 4434 2746 4487 enim
2771 4434 2823 4488 in
2850 4451 2910 4490 ea
2935 4449 3112 4491 natum
3141 4448 3212 4492 est
3230 4481 3246 4505 ,
3277 4440 3340 4495 de
3369 4441 3570 4512 Spiritu
3600 4461 3730 4499 sau-

2114 4529 2194 4573 cto
2221 4529 2314 4575 est.
2362 4520 2696 4592 Stupendum
2726 4525 2928 4580 dictum
2953 4566 2971 4594 ,
3005 4527 3293 4584 humanam
3325 4533 3723 4601 cogitationem

2112 4623 2408 4678 superans,
2443 4611 2695 4684 legesque
2736 4625 2940 4671 natura:
2981 4623 3384 4677 transeendens.
3423 4621 3727 4691 Quomodo

2114 4701 2270 4771 igitur
2289 4703 2473 4760 credet
2489 4706 2566 4761 vir
2588 4707 2723 4762 tales
2741 4724 2848 4762 non
2865 4721 3118 4779 expertus
3137 4715 3504 4771 narrationes?
3521 4718 3563 4770 Α
3585 4733 3726 4788 prte-

2113 4793 2408 4860 tcritorum,
2437 4797 2628 4867 inquit,
2654 4799 3002 4856 revelatione.
3033 4803 3156 4859 Ideo
3176 4807 3354 4860 omnia
3377 4822 3496 4876 quat
3517 4822 3717 4866 mente

2112 4887 2400 4956 cogitabat,
2428 4889 2702 4958 revelavit,
2727 4906 2848 4959 qua:
2873 4907 3061 4962 passus
3081 4905 3184 4963 est,
3208 4912 3326 4966 qum
3355 4897 3550 4965 timuit,
3578 4915 3718 4971 qum:

2109 4974 2286 5032 facere
2309 4979 2686 5048 meditabatur,
2712 4991 2770 5037 ut
2789 4983 2894 5037 illis
2916 4985 2966 5038 in
2991 4986 3223 5042 medimn
3245 4988 3511 5056 adductis,
3535 4992 3717 5049 etiam

2113 5069 2196 5125 his
2222 5070 2380 5127 fidem
2403 5073 2654 5142 haberet;
2683 5077 2790 5131 imo
2814 5094 2921 5133 non
2943 5095 3005 5135 ex
3036 5083 3319 5150 prmteritis
3341 5093 3543 5140 tantum
3562 5125 3579 5152 ,
3602 5090 3715 5143 sed

2111 5161 2270 5216 etiam
2294 5179 2359 5218 ex
2390 5164 2578 5222 futuris
2597 5167 2664 5222 ad
2689 5168 3010 5224 credendum
3042 5172 3188 5227 illum
3236 5174 3457 5230 inducit.
3480 5175 3576 5231 2|.
3609 5177 3730 5234 Pa-

2113 5245 2210 5302 riet
2232 5257 2420 5316 autem,
2447 5249 2637 5320 inquit,
2663 5251 2847 5322 ﬁlium,
2875 5264 2920 5308 et
2942 5257 3139 5310 vocabis
3164 5274 3342 5314 nomen
3367 5261 3477 5330 ejus
3495 5263 3713 5323 Iesum.

2111 5330 2188 5391 Ne
2211 5348 2362 5397 putes
2381 5340 2520 5394 enim
2547 5342 2669 5410 quia
2691 5357 2756 5397 ex
2779 5341 2978 5413 Spiritu
3003 5358 3188 5402 sancto
3214 5361 3314 5422 est.
3340 5361 3388 5405 tc
3417 5352 3540 5408 ideo
3560 5355 3711 5413 alie-

2205 5551 2221 5579 ⁸
2257 5550 2366 5608 Alii,
2395 5562 2484 5597 non
2509 5547 2770 5613 ittCrcpavit
2790 5561 2837 5603 ut
2861 5559 3118 5619 oportetmt.
