3832 6178
203 207 258 262 ιτ
1322 199 1392 258 tu
1429 199 1841 265 MATTHEUM
1903 204 2131 277 neum.
2173 202 2264 264 tv.
2496 199 2502 200 ’
3360 223 3432 278 ts

201 322 307 363 num
327 321 442 362 esse
462 321 493 362 a
521 307 820 364 ministerio
846 311 1158 366 meonomite
1188 313 1350 368 illius.
1377 315 1594 372 Etiamsi
1618 321 1758 373 cnint
1859 316 2008 373 liam.
2041 319 2270 392 Ideoque
2296 337 2393 378 nec
2419 324 2468 378 in
2499 325 2634 392 foro,
2669 342 2766 383 nec
2794 329 2845 384 in
2873 329 3093 386 ecclesia
3119 339 3296 402 potest
3325 333 3439 388 dis-

198 399 398 453 nihilad
439 403 840 470 generationem
885 401 1167 468 conferas,
1216 404 1313 459 sed
1359 405 1554 462 intacta
1599 407 1759 479 Virgo
1856 409 2019 479 tingui
2072 412 2246 470 ﬁdelis
2286 430 2315 468 a
2357 431 2462 470 non
2510 417 2688 484 ﬁdeli,
2736 420 2835 474 uisi
2881 423 3000 492 quis
3026 399 3166 480 adsit
3203 433 3441 497 tempore

192 501 420 556 maneat;
459 501 696 548 attamen
724 495 867 564 quod
893 504 975 551 est
999 496 1135 566 patri
1167 499 1476 567 proprium,
1509 502 1609 556 etsi
1643 502 1754 556 vir-
1853 504 2268 572 mysteriorum,
2314 517 2369 562 et
2414 508 2589 564 videat
2633 511 2724 582 qui
2752 513 3064 584 ejiciantur,
3113 525 3168 572 et
3200 520 3293 589 qui
3319 535 3436 575 mai-

187 584 401 650 ginitatis
425 586 738 656 dignitatem
769 603 874 642 non
901 590 1215 656 labetactet,
1250 591 1350 646 hoc
1379 593 1474 646 tibi
1501 593 1752 661 confero,
1852 601 2032 648 neant.
2059 594 2343 665 Oportcret
2368 610 2543 655 autem
2573 617 2668 657 eos
2708 619 2814 659 non
2841 620 2868 657 a
2897 605 3014 661 loco
3042 648 3058 673 ,
3092 609 3186 663 sed
3213 625 3242 662 a
3271 614 3439 666 mori-

188 686 234 728 ιιι
261 686 377 730 nato
403 692 596 732 nomen
627 679 888 749 imponas.
913 683 992 737 Tu
1021 684 1162 737 enim
1195 685 1410 740 vocabis
1439 687 1606 742 illum.
1639 689 1751 743 Etsi
1850 682 1948 738 bus
1988 684 2262 756 distingui-
2311 689 2439 744 Nam
2481 701 2717 748 exterit-'8
2751 695 2967 765 quidem
3010 697 3316 769 ἀὶεηῖωιεεν
3366 703 3434 756 δι’

185 783 392 838 namque
437 770 576 824 ﬁlius
625 781 745 826 tuus
777 788 882 828 non
911 774 1012 840 sit,
1046 785 1098 829 tu
1131 786 1404 845 paternam
1437 794 1560 849 erga
1601 781 1749 835 illum

180 874 318 929 geres
357 874 561 916 curam.
593 863 718 918 Ideo
743 866 824 919 vel
851 865 919 919 ab
948 867 1058 935 ipsa
1087 869 1318 923 nominis
1366 871 1704 939 impositione
1732 915 1747 940 ,

179 963 290 1007 nato
316 963 364 1008 te
410 957 649 1023 parentis
693 957 810 1013 loco
851 958 1102 1030 adjttngo.
1137 961 1339 1017 Deinde
1370 979 1438 1018 ne
1481 965 1600 1034 quis
1629 965 1750 1021 ideo

175 1059 283 1097 eum
323 1054 526 1114 patrem
554 1062 676 1103 esse
717 1051 1115 1118 suspicaretur,
1147 1054 1269 1107 audi
1299 1070 1458 1123 quam
1499 1067 1748 1112 accurate

173 1137 432 1204 sequentia
466 1148 668 1207 ponat:
701 1139 912 1206 Pariet,
944 1143 1150 1208 inquit,
1191 1145 1398 1213 ﬁtium;
1429 1163 1535 1202 non
1574 1148 1741 1214 dicit,

173 1224 337 1280 Pariet
363 1227 452 1282 tibi
479 1247 494 1290 ;
523 1229 614 1282 sed
641 1230 1048 1288 indetermina‘te
1075 1236 1251 1304 posuit
1277 1254 1288 1290 :
1314 1253 1419 1292 non
1436 1239 1578 1294 enim
1602 1240 1618 1271 ¹
1643 1240 1743 1311 ipsi

170 1317 364 1385 peperit
381 1359 394 1383 ,
418 1319 514 1373 sed
545 1321 792 1376 universo
819 1323 956 1376 orbi.

226 1503 276 1554 Ἰ.
330 1505 560 1574 Ideoque
602 1521 797 1564 nomen
828 1511 943 1582 ejus
971 1526 1041 1568 ex
1080 1514 1214 1571 carie
1258 1518 1445 1575 detulit
1485 1523 1738 1593 angelus,

161 1589 277 1646 hinc
318 1597 607 1654 ostendens
648 1601 945 1658 mirabilem
976 1620 1097 1660 esse
1124 1618 1334 1678 partum
1358 1654 1372 1678 ,
1405 1589 1739 1682 quodvDeus

156 1684 262 1749 ipse
293 1701 488 1742 nomen
518 1690 634 1759 ejus
668 1691 738 1747 de
766 1694 900 1748 caelo
928 1711 1023 1765 per
1049 1700 1293 1769 angelum
1316 1701 1551 1774 Josepho
1577 1708 1738 1764 mise-

154 1773 235 1826 rit.
261 1773 448 1846 Neque
475 1780 616 1834 euim
644 1798 814 1852 Ipsum
837 1799 962 1840 casu
989 1796 1043 1842 et
1071 1789 1188 1845 sine
1208 1807 1367 1848 causa
1393 1773 1576 1851 datum
1600 1798 1696 1854 fttit
1715 1842 1733 1864 ,

151 1865 238 1918 sed
276 1879 362 1921 est
390 1870 537 1925 mille
569 1871 828 1929 bonorum
859 1877 1164 1935 thesaurus.
1196 1881 1400 1938 idcirco
1432 1885 1604 1956 ipsum
1631 1905 1732 1944 an-

148 1956 292 2023 gelus
320 1959 728 2031 interpretatur,
757 1968 1119 2040 Optimumque
1147 1987 1296 2042 spem
1326 1976 1482 2032 oll'ert
1502 2018 1518 2044 ,
1547 1988 1602 2034 et
1631 1979 1731 2036 hac

146 2049 349 2105 ratione
375 2051 534 2107 ﬁdent
562 2055 660 2123 tpsi
686 2058 935 2113 conciliat
960 2079 974 2114 :
1008 2077 1128 2116 nam
1153 2068 1471 2134 propensius
1497 2070 1727 2126 inclina-

146 2155 257 2196 tnur
282 2140 354 2195 ad
387 2158 474 2197 res
500 2143 902 2215 hujuscemodi;
933 2150 1160 2223 ideoque
1190 2155 1294 2210 iliis
1320 2156 1524 2214 facilius
1545 2163 1725 2218 credi-

142 2248 272 2286 mus.
299 2233 441 2288 Cum
473 2236 631 2304 igitur
658 2254 726 2293 ex
768 2242 1014 2299 omnibus
1041 2245 1108 2299 ad
1140 2246 1300 2302 ﬁdem
1331 2251 1379 2304 ei
1424 2251 1721 2309 habendam

141 2336 525 2393 prrparasset,
557 2343 622 2384 ex
654 2333 972 2401 prazteritis,
1004 2351 1066 2390 ex
1094 2336 1288 2395 futuris
1311 2351 1366 2396 et
1391 2357 1455 2398 ex
1484 2360 1720 2415 praesen-

137 2415 298 2480 tibus,
329 2433 540 2473 nectton
567 2421 635 2475 ab
656 2421 858 2480 honore
880 2426 978 2496 ipsi
1004 2429 1187 2485 debito
1209 2474 1223 2498 ,
1257 2434 1459 2492 inducit
1487 2441 1721 2510 prophe-

134 2516 270 2571 tam,
297 2519 600 2577 opportune
619 2513 700 2569 his
722 2519 968 2575 omnibus
988 2522 1250 2580 calculum
1273 2526 1510 2585 dantem.
1536 2532 1718 2590 Prius-

130 2613 282 2666 quam
333 2616 464 2656 vero
492 2603 662 2673 ipsum
692 2608 938 2678 inducat,
967 2614 1103 2670 bona
1132 2633 1229 2687 per
1249 2620 1420 2689 ipsum
1442 2625 1558 2681 orbi
1581 2642 1713 2682 con-

129 2690 346 2745 ferenda
397 2699 738 2763 przeuuntiat.
788 2703 1042 2769 Quaenam
1089 2708 1178 2764 illa
1225 2714 1385 2767 sunt?
1437 2716 1710 2788 Ereptioa

127 2785 399 2848 peculis:
428 2785 552 2853 Ipse
577 2792 743 2856 enim,
779 2793 982 2864 inquit,
1022 2799 1217 2854 salvum
1267 2804 1418 2871 faciet
1465 2785 1712 2879 populum

114 2891 256 2928 mm
294 2895 331 2932 α
365 2883 579 2948 peccatis
600 2901 792 2940 eorum.
826 2888 924 2944 Hic
951 2905 1162 2961 quoque
1194 2896 1515 2964 stupendum
1546 2902 1698 2969 quid-

116 2971 246 3034 piam
276 2971 568 3028 indicatur.
594 2976 709 3031 Non
739 2981 882 3035 enim
903 2998 933 3036 a
958 2982 1111 3039 bellis
1131 2985 1230 3039 sub
1258 3002 1475 3045 sensum
1502 2993 1698 3048 caden-

112 3061 273 3125 tibus,
307 3078 417 3118 non
446 3082 475 3118 a
504 3065 742 3125 barbaris
763 3112 778 3135 ,
811 3073 906 3128 sed
932 3075 1074 3144 quod
1107 3077 1262 3148 longe
1290 3082 1463 3151 majus
1484 3095 1633 3153 erat,
1665 3103 1696 3144 a

110 3154 340 3216 peccatis
389 3155 721 3215 liberandum
774 3166 1031 3234 populum
1071 3167 1236 3236 ipsius
1273 3175 1596 3230 annuntiat:
1641 3177 1694 3232 id

105 3243 238 3308 quod
280 3260 446 3301 nemo
483 3258 606 3304 ante
647 3251 826 3308 facere
863 3265 1130 3323 potuerat.
1165 3260 1232 3314 Et
1259 3277 1362 3330 qua
1393 3263 1460 3318 de
1488 3280 1648 3322 causa
1674 3309 1690 3330 ,

105 3335 308 3404 inquies
335 3380 352 3402 ,
386 3338 644 3411 Papulum
673 3362 822 3400 suum
851 3348 1024 3418 dixit,
1053 3367 1225 3422 neque
1254 3364 1439 3425 gentes
1464 3359 1695 3429 adjecit?

103 3427 171 3482 Ne
196 3431 386 3484 statim
412 3432 712 3490 auditorem
742 3440 1077 3507 percelleret.
1101 3444 1352 3515 Alioquin
1375 3463 1504 3504 vero
1532 3427 1695 3507 intel-

103 3517 308 3588 ligentia
356 3524 610 3590 praeditus
637 3528 849 3583 auditor
879 3529 964 3586 hic
989 3543 1178 3602 gentes
1205 3551 1417 3607 quoque
1441 3541 1688 3597 subindi-

100 3611 198 3664 cari
221 3615 508 3682 perspicit.
533 3615 764 3686 Populus
783 3621 926 3675 enim
947 3623 1066 3692 ejus
1091 3635 1215 3680 sunt
1235 3641 1341 3682 non
1366 3628 1534 3685 Judmi
1567 3640 1691 3688 tan-

100 3715 199 3759 tum
215 3746 234 3772 ,
265 3708 369 3762 sed
389 3723 586 3766 omnes
609 3713 696 3782 qui
723 3715 988 3770 accedunt
1005 3759 1021 3784 ,
1049 3726 1104 3773 et
1129 3720 1244 3788 ejus
1264 3720 1568 3779 doctrinam
1588 3741 1686 3782 co-

96 3798 493 3869 gnitionemque
547 3805 862 3876 suscipiunt.
907 3809 1286 3869 Animadverte
1323 3824 1500 3870 autem
1545 3833 1684 3887 quo-

97 3891 243 3945 modo
265 3892 390 3961 ejus
414 3893 725 3963 dignitatem
748 3899 903 3954 nobis
927 3905 1217 3970 aperuerit,
1249 3907 1505 3988 populum
1525 3923 1679 3964 suum

94 3985 372 4053 appellans
414 3989 667 4056 populum
718 3989 1022 4048 Iudaicum.
1055 3995 1167 4051 Hoc
1207 3985 1348 4053 enim
1381 4000 1510 4054 nihil
1540 4002 1682 4057 aliud

93 4078 382 4145 signiﬁcat,
400 4095 561 4147 quam
590 4097 710 4136 eum
732 4125 746 4148 ,
769 4085 857 4153 qui
883 4096 1037 4141 natus
1058 4096 1142 4143 est
1160 4130 1174 4152 ,
1198 4103 1318 4145 esse
1344 4091 1384 4145 F
1387 4092 1534 4147 ilium
1559 4094 1673 4156 Dei.

89 4183 143 4221 ac
166 4169 234 4224 de
274 4185 409 4240 rege
433 4187 667 4241 superno
709 4191 889 4231 sermo
919 4178 1017 4248 ipsi
1047 4190 1148 4234 est.
1177 4181 1360 4252 Neque
1389 4185 1532 4239 enim
1571 4186 1673 4240 alia

91 4272 321 4327 potestas
351 4273 569 4331 peccata
599 4267 869 4322 remittere
892 4268 1053 4335 valet,
1080 4271 1179 4326 nisi
1207 4287 1269 4327 ea
1297 4289 1415 4343 qua:
1437 4273 1505 4328 ad
1532 4275 1675 4331 illam

1846 776 2082 831 externis
2111 779 2252 833 notis
2279 787 2334 834 et
2357 785 2682 838 ornamentis
2699 785 2819 854 jure
2845 787 3225 859 dignoscantur
3278 809 3292 845 :
3332 807 3433 848 no-

1845 875 1952 918 stra
1999 883 2124 921 vero
2149 869 2216 924 ab
2253 872 2382 941 ipsis
2420 875 2611 930 animis
2639 888 2762 932 no:a
2801 895 2918 934 esse
2947 891 3175 950 oportet.
3197 883 3434 942 Fidelem

1842 966 2073 1024 namque
2097 972 2203 1012 non
2250 974 2276 1013 ι
2303 960 2447 1018 dono
2483 975 2684 1024 tantum
2706 1013 2722 1035 ,
2767 974 2861 1028 sed
2891 976 3050 1032 etiam
3089 992 3120 1034 a
3147 995 3286 1038 novo
3311 984 3436 1040 vita:

1836 1046 2078 1104 instituto
2105 1055 2321 1121 agnosci
2356 1072 2450 1125 par
2475 1071 2636 1116 esset.
2681 1065 2877 1123 Fidelis
2906 1080 2960 1125 et
2982 1072 3243 1132 luminare
3272 1085 3326 1132 et
3350 1079 3432 1133 sal

1839 1137 2020 1191 mundi
2063 1153 2184 1196 esse
2210 1141 2390 1199 debet.
2423 1148 2554 1204 Cum
2602 1163 2780 1208 autem
2810 1173 2908 1213 nec
2941 1161 3032 1216 tibi
3065 1164 3279 1232 quidem
3328 1167 3429 1238 ipsi

1836 1224 2014 1280 lucens
2038 1269 2052 1293 ,
2089 1246 2187 1285 nec
2217 1237 2484 1305 propriam
2516 1245 2850 1310 putredinem
2881 1253 3214 1325 constringas
3236 1299 3251 1322 ,
3285 1259 3430 1314 unde

1835 1319 2046 1374 tandem
2077 1333 2127 1378 te
2151 1341 2309 1380 nosse
2337 1332 2665 1397 poterimus?
2701 1353 2768 1392 an
2797 1341 2918 1410 quia
2944 1343 2996 1398 in
3023 1347 3190 1402 sacris
3211 1347 3426 1406 liuentis

1832 1410 2104 1481 ingressus
2133 1420 2235 1473 es?
2263 1419 2368 1476 Sed
2396 1423 2497 1481 hoc
2523 1437 2578 1483 te
2599 1430 2666 1484 ad
2697 1435 3014 1504 supplicium
3046 1439 3281 1498 deducit.
3313 1445 3426 1501 Ma-

1829 1501 2050 1570 gnitudo
2094 1509 2237 1563 enim
2281 1510 2535 1584 honoris,
2584 1519 2650 1575 iis
2675 1501 2954 1591 quivitam
2999 1529 3300 1600 hujusmodi
3332 1535 3428 1591 lto-

1833 1608 1964 1649 nore
1989 1595 2201 1667 dignam
2232 1619 2336 1658 non
2375 1619 2568 1677 agunt,
2594 1612 3014 1675 additamentum
3045 1595 3289 1694 supplicii
3319 1637 3423 1687 est.

1830 1684 2066 1743 Fidelem
2094 1693 2237 1747 enim
2271 1712 2375 1751 non
2407 1699 2475 1754 ab
2503 1702 2566 1757 iis
2597 1712 2800 1762 tantunt
2828 1725 2947 1779 quae
2972 1727 3005 1767 a
3034 1714 3144 1770 Deo
3171 1720 3420 1791 accepit,

1825 1777 1920 1832 sed
1953 1781 2115 1836 etiam
2140 1784 2208 1839 ab
2249 1787 2314 1840 iis
2339 1805 2457 1858 quae
2487 1792 2601 1862 ipse
2626 1795 2805 1854 intulit
2843 1777 3044 1873 fulgere
3074 1821 3171 1875 par
3194 1777 3319 1874 est:
3360 1777 3423 1868 et

1825 1869 2059 1941 undique
2087 1889 2147 1929 se
2175 1887 2357 1934 notum
2389 1895 2664 1953 przestare,
2687 1889 2758 1946 ab
2779 1869 2991 1949 incessu
3019 1937 3034 1962 ,
3065 1869 3133 1954 ab
3156 1912 3374 1971 aspectu
3399 1946 3414 1970 ,

1823 1959 1892 2014 ab
1922 1961 2126 2029 habitu,
2152 1981 2180 2019 a
2211 1983 2360 2026 voce.
2390 1972 2515 2029 Haec
2538 1987 2716 2034 autem
2742 1981 2876 2049 dixi,
2911 1959 3189 2045 non-utad
3220 1959 3416 2052 .osten;

1825 2052 2080 2110 tationem
2106 2099 2120 2120 ,
2149 2060 2243 2114 sed
2267 2072 2324 2116 ut
2343 2064 2408 2118 ad
2437 2067 2719 2126 utilitatem
2751 2074 3043 2133 videntium
3072 2096 3170 2136 nos
3194 2097 3416 2157 compo-

1823 2159 2032 2203 namus.
2072 2149 2224 2206 Nunc
2253 2165 2430 2211 autem
2463 2160 2836 2235 undecumque
2879 2177 2932 2224 te
2973 2172 3196 2228 voluero
3223 2175 3414 2247 digno-

1821 2252 1996 2306 scere,
2040 2245 2274 2317 undique
2300 2257 2354 2306 te
2384 2252 2597 2312 invenio
2627 2272 2656 2311 a
2683 2263 2967 2318 contrariis
2992 2264 3253 2338 dignosci.
3284 2245 3354 2329 ἐξ
3381 2289 3412 2328 a

1819 2343 1940 2386 ioco
1963 2334 2053 2402 qui
2082 2336 2157 2393 sis
2186 2339 2346 2396 velim
2385 2343 2626 2403 ediscere
2644 2390 2658 2414 ,
2692 2349 2747 2405 itt
2772 2353 2918 2409 circo
2945 2365 2995 2410 te
3018 2397 3033 2422 ,
3067 2358 3117 2412 in
3145 2361 3368 2419 theatris
3390 2401 3411 2428 ι

1817 2428 1873 2473 et
1915 2421 2110 2493 iniquis
2150 2433 2587 2501 occupationibus
2632 2440 2788 2496 video
2829 2443 2945 2499 dies
2973 2449 3304 2520 transigere,
3357 2454 3410 2510 in

1819 2509 1918 2566 fori
1948 2518 2175 2575 canibus
2201 2521 2565 2593 improborum
2589 2570 2604 2595 ,
2635 2530 2686 2586 in
2716 2547 3089 2606 corruptorum
3130 2541 3408 2601 hominum

1811 2608 2122 2676 consortio;
2149 2612 2194 2666 si
2218 2628 2250 2668 a
2277 2615 2458 2672 vultus
2491 2625 2899 2694 compositione,
2926 2627 3142 2688 assidue
3166 2641 3220 2690 te
3241 2651 3407 2695 cerno

1825 2703 2111 2760 cachinnis
2138 2705 2381 2764 deditum
2409 2725 2474 2766 ac
2499 2713 2848 2785 dissolutum,
2881 2722 3024 2780 haud
3050 2742 3212 2785 secus
3239 2745 3405 2800 quam

1826 2794 2162 2849 meretricem
2204 2801 2506 2867 procaciter
2559 2804 2796 2862 hiantem
2843 2820 2898 2866 et
2953 2794 3402 2886 dissolutam;si

1823 2895 1856 2935 a
1883 2884 2144 2949 vestibus,
2176 2890 2400 2958 perinde
2439 2901 2490 2949 te
2508 2897 2765 2953 amictum
2797 2901 2953 2957 video
2985 2914 3149 2977 atque
3178 2884 3374 2966 histrio
3458 2901 3468 2910 ’

1781 2987 1986 3040 ..nent;
2044 2977 2091 3030 si
2134 2994 2165 3032 a
2205 2980 2531 3049 clientibus,
2586 2991 2858 3057 parasitos
2925 2995 3294 3057 circumducis
3347 3013 3406 3057 et

1824 3064 2134 3134 adultores;
2165 3070 2210 3125 si
2244 3086 2274 3124 a
2306 3075 2512 3140 verbis,
2538 3078 2672 3139 ribil
2721 3095 2914 3138 sanum
2935 3124 2951 3150 ,
2984 3087 3120 3142 nihil
3149 3106 3403 3148 accessa-

1823 3156 1988 3221 rium,
2016 3158 2151 3213 nihil
2191 3163 2256 3214 ait
2295 3163 2604 3222 institutum
2639 3171 2763 3226 vitae
2807 3184 3055 3232 nostrum
3086 3183 3404 3240 concudens

1825 3245 2135 3316 loquentem
2166 3253 2366 3322 audio;
2399 3258 2444 3312 si
2478 3275 2507 3313 a
2548 3275 2756 3328 mensa,
2805 3265 2980 3336 major
3021 3270 3147 3326 uinc
3175 3287 3404 3329 accusa-

1823 3337 1990 3394 tionis
2024 3345 2250 3400 materia
2278 3348 2507 3406 orietur.

1870 3500 1924 3554 8.
1981 3501 2256 3564 Uttdenam
2309 3511 2512 3584 igitur,
2561 3534 2744 3589 quaeso
2772 3563 2788 3591 ,
2841 3535 3030 3595 potero
3073 3540 3127 3588 te
3175 3534 3388 3594 ﬁdelem

1794 3603 2125 3666 agnoscere,
2178 3615 2297 3657 cum
2344 3619 2502 3676 supra
2549 3610 2689 3668 dicta
2718 3618 2896 3673 omnia
2941 3626 3267 3683 contrarium
3295 3646 3388 3686 ar-

1791 3686 1996 3751 guant?
2023 3687 2089 3742 Et
2132 3692 2256 3759 quid
2305 3693 2427 3751 dico
2469 3697 2725 3760 ﬁdelem?
2760 3707 2944 3780 Neque
2980 3714 3122 3770 enim
3148 3718 3194 3773 si
3224 3719 3387 3779 homo

1789 3775 1864 3829 sis
1893 3791 2107 3846 possum
2145 3785 2423 3845 evidenter
2456 3808 2769 3865 agnoscere.
2799 3802 2933 3860 Nam
2963 3822 3084 3864 cum
3111 3812 3258 3869 calce
3285 3816 3388 3870 im-

1791 3878 1940 3936 petas
1969 3881 2024 3925 ut
2051 3875 2234 3933 asinus
2255 3920 2272 3947 ,
2301 3884 2518 3942 exsilias
2549 3897 2607 3944 ut
2632 3901 2816 3949 taurus
2835 3937 2850 3960 ,
2882 3899 2948 3953 ad
2981 3902 3235 3961 mulieres
3263 3906 3384 3963 hin-

1790 3960 1906 4014 nias
1936 3971 1992 4017 ut
2016 3981 2187 4036 equus
2206 4010 2221 4034 ,
2254 3976 2519 4032 voraciter
2547 3980 2675 4036 edas
2703 3994 2760 4040 ut
2790 4002 2947 4044 ursus
2970 4031 2986 4057 ,
3024 4007 3240 4052 carnem
3275 4000 3380 4054 im.

1783 4051 2040 4122 pinguare
2064 4060 2282 4119 studeas
2323 4076 2378 4121 ut
2401 4072 2578 4126 mulus
2601 4115 2616 4138 ,
2649 4077 2960 4146 injuriarum
2987 4101 3195 4144 memor
3221 4091 3294 4146 sis
3322 4103 3380 4148 ut

1781 4147 2038 4216 camelus,
2068 4153 2249 4222 rapias
2280 4166 2336 4211 ut
2358 4159 2512 4231 lupus
2535 4205 2549 4228 ,
2579 4165 2828 4226 irascaris
2857 4183 2914 4228 ut
2936 4191 3182 4247 serpens,
3216 4182 3378 4241 ferias

1782 4245 1840 4290 ut
1869 4241 2101 4310 scorpio,
2134 4247 2430 4319 versipellis
2459 4254 2533 4309 sis
2563 4267 2620 4312 ttt
2649 4260 2854 4331 vulpes,
2883 4241 3043 4323 virus
3079 4270 3374 4342 iniquitatis

1778 4341 1962 4386 serves
1990 4341 2046 4386 ut
2087 4337 2230 4406 aspis
2267 4349 2324 4395 et
2368 4345 2583 4414 vipera,
2627 4350 2886 4412 adversus
2932 4359 3064 4415 fratr

3066 4377 3126 4418 es

3171 4365 3258 4421 bel

90 4354 442 4409 substantiam
475 4357 724 4425 pertinet.
755 4358 1014 4425 Quoniam
1046 4362 1206 4431 igitur
1233 4372 1436 4420 tantum
1464 4367 1675 4438 accepi-

92 4460 194 4499 mus
218 4447 430 4500 donum
452 4489 468 4512 ,
501 4448 630 4503 nihil
658 4464 764 4504 non
796 4466 1015 4521 agamus
1039 4468 1106 4508 ne
1132 4463 1335 4511 tantum
1358 4457 1672 4514 beneﬁcium

89 4536 520 4591 dehonestemus.
552 4537 608 4593 Si
651 4539 794 4594 enim
822 4555 886 4595 ea
911 4557 1033 4613 qua:
1068 4553 1193 4599 ante
1232 4544 1373 4601 hunc
1417 4549 1673 4604 honorem

88 4640 215 4697 gesta
239 4638 397 4696 sunt,
422 4631 582 4701 digna
601 4634 803 4691 ultione
820 4647 992 4706 erant,
1017 4637 1186 4694 multo
1205 4641 1374 4711 magis
1395 4651 1514 4712 post
1535 4643 1660 4698 inef-

89 4721 228 4777 iahile
259 4722 398 4777 illud
429 4722 771 4781 beneﬁcium.

138 4901 332 4959 Fidelis
378 4919 445 4957 ea:
471 4905 586 4958 vitae
614 4904 839 4960 instituto
868 4906 1459 4978 dignoscenduc.-—H:rc
1501 4927 1663 4980 porro

83 5012 164 5048 nan
193 4998 313 5051 sine
366 5011 530 5050 causa
577 5012 719 5052 nunc
747 4997 901 5064 dico;
953 4999 1046 5053 sed
1092 5002 1216 5068 quia
1261 5001 1460 5056 multos
1503 5004 1659 5059 video

85 5100 181 5142 rust
211 5089 480 5159 baptisma
519 5092 793 5162 segniores
817 5132 831 5156 ,
879 5107 1040 5163 quam
1079 5093 1117 5148 ii
1169 5094 1260 5163 qui
1293 5094 1525 5149 nondum
1575 5097 1658 5151 in-

82 5184 189 5235 uati
214 5191 364 5251 sunt,
397 5199 574 5254 neque
600 5184 758 5238 ullam
785 5184 1041 5241 habentes
1065 5185 1290 5241 instituti
1318 5190 1486 5243 nostri
1505 5189 1648 5244 noti-

1755 5349 1884 5405 ergo
1904 5338 2050 5408 plura
2077 5343 2224 5415 vitia,
2248 5364 2406 5420 quam
2435 5345 2564 5411 ferte
2591 5365 2646 5412 et
2671 5357 2942 5418 dtemoues
2966 5364 3187 5437 habeas,
3211 5388 3350 5442 quo-

3217 5422 3314 5442 τη

1756 5422 1937 5498 modo,
1980 5447 2183 5504 quaeso,
2231 5449 2284 5496 te
2322 5441 2595 5504 hominem
2637 5453 2989 5511 vocabimus?
3035 5460 3081 5515 si
3113 5478 3239 5518 vero
3296 5475 3348 5521 te

1754 5519 2024 5582 hominem
2055 5545 2247 5590 vocare
2273 5550 2380 5593 non
2425 5537 2590 5613 licet,
2621 5547 2889 5617 quomodo
2915 5550 3127 5611 ﬁdelem
3159 5558 3341 5627 appel-

129 5413 141 5441 '
175 5414 305 5463 Savil.
345 5422 398 5466 et
421 5423 536 5466 Mss.
562 5415 730 5467 Morel.
758 5419 827 5468 sic
849 5417 1070 5468 habent:
1109 5417 1232 5467 audi
1253 5430 1397 5478 quant
1419 5421 1649 5468 accurate

80 5477 288 5538 VIR-entia
324 5486 474 5540 ponat
503 5492 522 5530 :
562 5498 586 5526 ι
613 5479 791 5543 Paria,
819 5498 840 5526 ι
881 5479 1244 5533 indeterminate
1268 5477 1511 5544 loquens;
1546 5490 1642 5531 non

79 5547 197 5593 eaut,
223 5549 311 5589 etc.

1978 5710 1984 5715 .
2022 5700 2062 5714 ο·
