3832 6178
366 137 436 193 dit
706 191 712 194 .
1093 144 1150 198 S.
1193 128 1481 200 JOANNIS
1518 146 2006 204 CHRYSOSTOMI
2044 148 2362 205 ARCHIEP.
2403 147 2950 204 CONSTANTINOP.

374 247 632 301 labimus?
661 248 811 317 Quod
840 258 1017 308 autem
1056 251 1293 308 deterius
1322 263 1405 309 est
1429 295 1445 320 ,
1475 268 1598 308 cum
1626 254 1695 308 ita
1723 254 1860 308 male
1887 269 1957 307 Sl-

371 353 490 393 mus
515 339 708 406 all‘eeti,
744 359 809 397 ne
836 343 1132 414 Cogitamus
1162 346 1377 414 quidem
1406 347 1600 402 animm
1630 357 1826 402 nostra:
1863 348 1962 402 de-

370 427 736 498 formitatem,
787 449 962 504 neque
1015 435 1132 506 ejus
1188 437 1483 494 fmditatem
1532 440 1799 495 novimus.
1856 438 1962 496 Sed

368 520 506 589 apud
540 530 811 579 tonsorem
852 526 1048 582 sedens
1075 569 1091 595 ,
1136 543 1344 583 comam
1367 529 1705 598 detondens,
1750 541 1964 603 arrepto

372 615 593 682 speculo
625 619 898 672 caesariem
929 621 1261 687 consideras,
1294 633 1346 678 et
1376 623 1651 679 adstantes
1679 625 1964 696 ipsumque

368 713 642 766 tonsorem
673 707 996 780 interrogas,
1042 728 1168 767 num
1197 724 1387 769 ornate
1412 715 1639 772 frontem
1669 718 1965 772 concinna-

369 799 504 858 verit
535 817 548 854 :
581 815 644 854 ac
671 816 812 870 saepe
836 843 852 868 ,
883 819 1048 858 senex
1075 819 1196 859 cum
1240 807 1315 860 sis
1339 847 1354 873 ,
1388 822 1492 862 non
1524 809 1724 862 vereris
1748 808 1966 877 juveni-

368 891 507 947 libus
546 893 736 948 studiis
766 895 1000 952 insanire
1039 915 1054 951 :
1097 899 1329 964 animam
1371 915 1502 955 vero
1545 913 1782 955 nostram
1807 943 1820 965 ,
1855 918 1961 958 non

369 986 529 1040 modo
556 985 872 1054 deformem,
901 988 994 1043 sed
1027 990 1186 1044 etiam
1212 991 1394 1047 ferina:
1422 991 1609 1048 fortine
1627 1009 1771 1059 esse,
1795 995 1965 1050 instar

368 1075 559 1148 Scylla:
586 1088 641 1133 et
669 1078 953 1138 Chimaerae
981 1123 997 1150 ,
1025 1099 1144 1153 quae
1174 1086 1225 1140 in
1257 1085 1433 1141 fabula
1459 1088 1724 1156 feruntur,
1766 1105 1834 1145 ne
1864 1089 1965 1144 mi-

369 1169 571 1226 nimum
602 1173 817 1241 quidem
843 1177 1105 1232 sentimus
1131 1197 1143 1233 :
1177 1194 1495 1249 quamquam
1518 1190 1712 1235 “tamen
1742 1181 1827 1236 hic
1851 1182 1962 1251 spi-

367 1259 556 1318 rituale
596 1263 873 1332 Speculum
917 1266 1211 1328 habeamus
1252 1270 1408 1342 longe
1447 1273 1639 1328 melius
1683 1281 1736 1328 et
1783 1273 1964 1328 utilius

366 1352 480 1407 illo.
525 1355 642 1410 Non
685 1357 847 1413 modo
895 1362 1038 1416 enim
1083 1361 1476 1420 deformitatem
1524 1375 1823 1432 monstrat,
1865 1367 1961 1422 sed

366 1448 527 1510 etiam
556 1459 724 1504 mutat
751 1450 893 1506 illam
924 1453 979 1509 in
1015 1455 1464 1524 pulchritudinem
1510 1459 1826 1516 immensam
1851 1499 1866 1525 ,
1913 1459 1960 1515 si

365 1532 586 1617 quidem'
611 1542 856 1600 velimus.

443 1735 554 1794 Vita
581 1745 872 1794 sanctorum
892 1735 1363 1806 speculum—[loc
1385 1750 1546 1806 porro
1572 1736 1847 1805 speculum
1868 1746 1948 1794 est

358 1829 646 1900 proborum
675 1829 913 1883 virorqu
946 1827 1227 1894 memoria,
1259 1842 1468 1884 necnon
1493 1828 1663 1884 beatae
1716 1829 1953 1899 ipsorum

360 1921 482 1975 vita:
509 1919 728 1976 historia
752 1961 767 1986 ,
796 1919 1188 1988 Scripturarum
1217 1920 1375 1975 lectio
1392 1962 1405 1983 ,
1432 1921 1574 1990 leges
1599 1935 1628 1973 a
1656 1921 1766 1976 Deo
1792 1919 1948 1976 datm.

362 2012 417 2066 Si
467 2011 548 2066 vel
573 2011 742 2066 semel
772 2011 1004 2066 volueris
1049 2010 1368 2066 Sanctorum
1418 2011 1672 2081 imagines
1709 2021 1954 2067 contem.

256 2113 269 2125 ‘
367 2103 496 2172 piari
526 2143 540 2168 ,
581 2102 978 2158 deformitatem
1004 2102 1199 2156 animae
1234 2111 1337 2155 tua:
1382 2101 1584 2156 videbis
1613 2117 1627 2156 :
1659 2118 1761 2172 qua
1789 2104 1954 2158 semel

364 2203 672 2264 conspecta,
705 2194 849 2249 nullo
875 2194 982 2248 alio
1009 2194 1274 2264 egebisut
1299 2194 1368 2246 ab
1393 2194 1492 2249 hac
1517 2194 1841 2264 turpitudine
1888 2195 1957 2249 li-

366 2287 594 2352 bereris.
641 2285 724 2342 Ad
755 2285 856 2340 hec
898 2285 1040 2340 enim
1070 2285 1200 2340 utile
1241 2284 1396 2339 nobis
1421 2293 1506 2340 est
1533 2284 1633 2340 hoc
1659 2286 1954 2355 simculum,

365 2381 681 2450 facilemque
703 2379 858 2434 nobis
889 2377 1060 2434 reddit
1090 2378 1228 2432 hanc
1265 2377 1638 2432 mutationem.
1666 2378 1835 2433 Nemo
1865 2379 1959 2432 ita-

367 2489 471 2544 que
498 2473 548 2528 in
599 2473 876 2528 brutorum
926 2471 1094 2526 forma
1129 2479 1359 2526 maneat.
1404 2469 1460 2526 Si
1501 2463 1645 2528 eiiim
1674 2486 1859 2526 servus
1905 2477 1958 2528 in

365 2566 582 2622 domum
618 2565 783 2634 patris
811 2579 918 2619 non
948 2564 1148 2628 intrat,
1179 2578 1302 2618 cum
1329 2565 1456 2618 ferte
1481 2563 1702 2618 formam
1738 2565 1958 2630 habeas,

366 2656 639 2726 quomodo
669 2665 723 2710 tu
753 2656 804 2710 iu
833 2655 1012 2710 limina
1042 2655 1132 2710 illa
1162 2654 1365 2725 ingredi
1393 2655 1627 2724 poteris?
1654 2655 1858 2724 Ecquid
1892 2658 1959 2710 fe-

370 2761 482 2804 ram
514 2748 671 2804 dico?
702 2748 834 2803 Fera
865 2749 1006 2802 enim
1047 2747 1287 2804 deterior
1313 2761 1397 2802 est
1426 2747 1731 2816 huiusmodi
1777 2748 1956 2804 homo.

340 2836 521 2896 'Ferze
549 2841 690 2895 enim
719 2841 819 2894 etsi
868 2848 1054 2894 natura
1081 2854 1175 2894 sua
1209 2840 1415 2894 feroces
1445 2841 1571 2906 sint,
1600 2839 1830 2894 humana
1880 2851 1962 2894 ta-

371 2951 491 2990 men
519 2943 634 2988 arte
673 2948 816 3002 smpe
859 2941 1239 2987 mansuescunt
1281 2949 1294 2984 :
1345 2943 1397 2986 tu
1445 2945 1574 2988 vero
1616 2934 1707 3002 qui
1749 2932 1960 2990 illarum

373 3027 667 3081 naturalem
699 3026 961 3081 feritatem
1004 3025 1056 3078 in
1083 3023 1566 3086 mansuetudinem,
1609 3040 1728 3092 qua:
1779 3037 1965 3081 contra

374 3128 619 3173 naturam
639 3132 824 3172 earum
854 3125 957 3182 est,
980 3123 1331 3183 transmittas,
1361 3131 1519 3186 quam
1553 3115 1774 3174 habebis
1799 3133 1960 3174 excu-

371 3210 653 3276 sationem,
681 3208 774 3280 qui
796 3207 1278 3273 mansuetudinem,
1305 3223 1461 3278 quam
1480 3224 1545 3266 ex
1566 3221 1750 3265 natura
1779 3210 1963 3276 habes,

374 3305 425 3359 in
450 3303 740 3367 feritatem,
773 3318 893 3373 quae
922 3313 1108 3358 contra
1139 3310 1385 3356 naturam
1410 3311 1528 3370 est,
1573 3305 1842 3358 convertis
1868 3343 1882 3365 ,
1913 3314 1964 3358 et

371 3397 461 3468 qui
504 3395 643 3467 quod
689 3395 861 3451 ferum
905 3405 1021 3450 erat
1046 3395 1176 3450 mite
1213 3395 1466 3461 reddens,
1499 3397 1746 3466 teipsum,
1783 3406 1966 3451 natura

373 3490 556 3546 mitem
582 3531 598 3556 ,
624 3497 812 3544 contra
843 3497 1085 3543 naturam
1115 3485 1350 3545 ieroce'm
1380 3488 1701 3545 constituisti
1733 3506 1746 3542 :
1775 3503 1837 3544 ac
1875 3488 1967 3558 qui

376 3583 584 3638 leonem
610 3583 817 3638 cieuras
838 3591 1283 3654 mansuetumque
1310 3579 1510 3649 reddis,
1541 3583 1778 3638 animum
1813 3593 1960 3638 tuum

376 3673 531 3728 leone
573 3674 890 3730 ferociorem
933 3674 1138 3731 efﬁcis?
1192 3675 1400 3730 etiamsi
1440 3674 1547 3730 duo
1595 3676 1702 3730 illic
1744 3675 1967 3740 impedi-

376 3773 562 3820 menta
593 3762 799 3826 adsint,
840 3770 896 3815 et
926 3759 1070 3829 quod
1108 3759 1222 3812 fera
1253 3759 1340 3812 illa
1373 3758 1446 3812 sit
1475 3757 1702 3812 rationis
1734 3774 1950 3828 expers,

369 3861 425 3908 ct
450 3851 599 3921 quod
622 3849 875 3904 omnium
906 3849 978 3902 sit
1000 3846 1362 3902 ferocissima.
1398 3845 1647 3899 Attamen
1677 3846 1728 3898 vi
1768 3846 1954 3900 inditae

371 3944 470 3999 tibi
515 3960 544 3997 a
593 3941 706 3996 Deo
749 3939 1055 4009 sapientim,
1105 3948 1358 3992 naturam
1407 3938 1580 4008 ipsam
1628 3937 1824 3991 vincis.
1871 3939 1952 3991 Tu

369 4035 541 4107 igitur
576 4034 672 4105 qui
711 4034 952 4088 ferarum
995 4041 1247 4086 naturam
1291 4031 1487 4097 vincis,
1537 4047 1638 4085 cur
1677 4030 1731 4083 iu
1776 4030 1952 4100 teipse

367 4137 425 4183 et
456 4135 668 4181 natura:
697 4135 756 4181 et
797 4123 1099 4180 voluntatis
1140 4123 1343 4177 bonum
1383 4121 1608 4191 prodis?
1636 4121 1714 4175 Ac
1747 4119 1794 4175 si
1831 4121 1952 4190 qui-

368 4221 494 4275 dem
534 4227 590 4274 te
631 4218 804 4273 alium
848 4217 1130 4277 heminem
1176 4215 1362 4270 mitem
1408 4214 1642 4269 reddere
1676 4214 1950 4285 juberent,

369 4325 438 4368 ne
473 4313 557 4366 sic
589 4311 815 4381 quidem
860 4309 960 4364 tibi
999 4325 1064 4363 ea
1100 4307 1362 4362 mandare
1399 4306 1641 4371 viderer,
1677 4319 1798 4376 qua:
1836 4305 1954 4360 fieri

369 4403 667 4473 nequirent.
702 4420 714 4454 :
747 4416 940 4471 posses
974 4407 1154 4456 tamen
1192 4410 1248 4456 tu
1283 4399 1522 4470 objieere
1553 4407 1606 4454 te
1637 4414 1746 4452 non
1774 4397 1953 4452 domi—

371 4509 506 4552 num
533 4509 653 4551 esse
681 4495 981 4550 voluntatis
1005 4494 1254 4558 alterius,
1289 4508 1390 4548 nec
1418 4507 1588 4564 penes
1618 4500 1670 4546 te
1696 4490 1749 4544 id
1779 4498 1952 4544 totum

377 4602 518 4646 esse.
552 4588 711 4643 Nunc
747 4596 930 4642 autem
964 4586 1148 4642 bellua
1181 4594 1272 4640 tua
1303 4595 1405 4642 est.
1439 4585 1493 4638 in
1529 4593 1622 4638 tuo
1659 4583 1836 4652 posita
1869 4595 1958 4635 ar-

369 4683 558 4740 bitrio.

433 4871 493 4926 ‘9.
537 4870 602 4925 In
631 4870 759 4924 iram
790 4867 1059 4923 invehitur.
1100 4866 1325 4937 Sanguis
1350 4865 1537 4921 Christi
1576 4865 1772 4918 morbos
1801 4864 1958 4916 animi

367 4965 657 5036 exstinguit.
706 4959 930 5029 Aﬂ’ectus
967 4961 1084 5032 erga
1119 4969 1374 5013 creaturas
1409 4973 1628 5012 umorem
1651 4954 1833 5011 Christi
1861 4956 1958 5007 mi-

372 5058 577 5110 nuit.—
595 5056 764 5124 Quam
789 5068 916 5125 ergo
947 5051 1112 5108 habes
1137 5050 1525 5112 defensionem,
1555 5049 1680 5104 dum
1714 5057 1956 5102 naturam

373 5155 514 5203 tuam
532 5164 636 5204 non
665 5146 897 5216 subigis?
919 5161 1076 5218 quem
1097 5145 1453 5200 excusationis
1468 5144 1701 5199 colorem
1722 5141 1959 5213 proferre

374 5240 595 5309 poteris,
628 5239 753 5293 dum
785 5239 996 5294 leonem
1021 5237 1072 5291 in
1105 5236 1376 5290 hominem
1400 5235 1686 5299 convertis,
1717 5243 1873 5304 teque
1893 5250 1955 5286 ex

377 5331 828 5386 heroine-leonem
857 5329 1052 5384 factum
1081 5328 1298 5390 videns.
1335 5327 1383 5382 id
1413 5343 1516 5382 non
1544 5341 1718 5392 curas,
1754 5341 1816 5381 ac
1833 5327 1957 5380 dum

373 5422 450 5478 illi
480 5439 574 5488 ea,
607 5437 725 5493 qum
758 5437 915 5491 supra
947 5430 1188 5475 natttram
1224 5421 1341 5491 ejus
1381 5423 1502 5476 sunt
1525 5431 1546 5484 ,'
1579 5419 1816 5489 largiris,
1864 5419 1956 5472 tibi

375 5530 441 5572 ne
469 5530 531 5571 ca
561 5513 772 5586 quidem
804 5528 1006 5581 servas,
1036 5527 1154 5584 qua:
1180 5529 1249 5569 ex
1277 5523 1464 5570 natura
1494 5511 1677 5578 habes,
1710 5512 1802 5567 sed
1832 5509 1961 5566 dum

2069 267 2210 321 feras
2235 273 2472 336 agrestes
2507 263 2576 317 ad
2605 262 2932 318 nobilitatem
2965 267 3200 315 nostram
3229 258 3496 316 deducere
3520 273 3640 316 con-

2069 358 2246 413 tendis
2267 399 2283 423 ,
2317 356 2550 426 teipsum
2577 369 2646 411 ex
2686 355 2822 409 solio
2845 353 2994 423 regni
3014 349 3278 418 detrudis,
3299 359 3354 408 et
3376 353 3428 404 in
3453 349 3644 405 bellua-

2067 467 2186 507 rum
2231 451 2469 506 furorem
2509 447 2772 519 depcllis‘l
2804 446 2992 517 Cogita
3031 459 3298 515 namque,
3347 443 3391 499 si
3440 441 3646 512 placet,

2069 543 2202 597 iram
2243 556 2365 598 esse
2386 540 2554 597 feram
2579 557 2592 593 :
2620 548 2676 595 et
2696 547 2950 610 quantam
2979 537 3068 591 alii
3091 537 3232 592 circa
3258 536 3446 591 leones
3473 548 3649 588 curam

2073 631 2421 703 impendunt,
2469 639 2670 686 tantam
2713 638 2769 686 et
2808 639 2865 684 tu
2910 626 3159 697 impende
3194 626 3336 681 circa
3384 625 3650 694 teipsum,

2067 733 2228 792 atque
2265 724 2501 777 animum
2544 730 2692 775 tuum
2730 718 2914 774 mitem
2960 724 3402 785 mansuetumque
3449 713 3650 770 redde:

2069 829 2190 874 nam
2218 822 2274 868 et
2316 813 2408 870 ille
2436 813 2594 868 szcvis
2628 809 2878 866 dentibus
2903 817 2956 864 et
2981 807 3194 877 ungulis
3220 806 3511 862 instructus
3535 813 3650 868 est,

2066 921 2129 962 ac
2158 907 2259 962 nisi
2285 906 2492 962 cicures
2521 903 2716 973 ipsum,
2757 899 2936 955 omnia
2962 897 3169 969 perdet.
3193 897 3376 968 Neque
3403 897 3548 952 enim
3575 895 3654 950 leo

2071 1009 2126 1056 et
2152 999 2336 1067 vipera
2365 997 2444 1052 sic
2481 995 2689 1051 viscera
2719 992 2956 1048 lacerare
2991 996 3248 1059 possunt,
3291 996 3349 1041 ut
3382 987 3496 1052 ira,
3542 1001 3654 1056 quze

2069 1090 2278 1161 ungulis
2323 1087 2509 1144 ferreis
2563 1085 2778 1146 assidue
2828 1083 3013 1142 laniat.
3057 1081 3241 1150 Neque
3289 1096 3420 1135 vero
3462 1095 3655 1149 corpus

2069 1191 2272 1236 tantum
2313 1179 2626 1244 labefactat,
2656 1176 2752 1233 sed
2786 1184 2842 1232 et
2864 1175 3056 1230 animm
3093 1174 3375 1227 sanitatem
3411 1187 3654 1227 corrum-

2070 1274 2162 1343 pit,
2184 1273 2289 1326 vim
2311 1271 2428 1342 ejus
2444 1285 2655 1325 omnem
2678 1269 2990 1331 eorrodens,
3011 1266 3292 1331 dilaniatis,
3322 1265 3652 1335 discerpens,

2069 1377 2125 1421 et
2150 1366 2216 1420 ad
2245 1366 2422 1420 omnia
2463 1363 2707 1419 inutilem
2736 1361 2987 1418 reddens.
3016 1360 3147 1415 Nam
3181 1360 3225 1414 si
3253 1360 3299 1414 is
3323 1361 3412 1430 qui
3443 1375 3657 1415 vermes

2071 1461 2125 1530 in
2159 1461 2450 1516 visceribus
2495 1458 2700 1522 nutrit,
2749 1470 2819 1512 ne
2861 1455 3127 1526 respirare
3169 1453 3385 1524 quidem
3430 1455 3658 1524 poterit,

2068 1554 2275 1612 cunctis
2317 1553 2458 1607 intus
2495 1549 2763 1620 corruptis
2799 1589 2814 1613 ,
2853 1545 3121 1617 quomodo
3156 1546 3318 1602 talem
3352 1554 3661 1615 serpentem

2071 1645 2354 1710 habentes,
2379 1643 2587 1698 viscera
2612 1639 2790 1697 omnia
2814 1637 3212 1704 eorrudentem,
3244 1637 3376 1692 iram
3399 1635 3541 1698 dice,
3569 1652 3664 1706 ge-

2069 1753 2324 1798 nerosum
2367 1738 2563 1808 aliquid
2613 1754 2806 1809 parere
2847 1742 3180 1809 poterimus?
3217 1741 3498 1811 Quomodo
3522 1756 3655 1811 ergo

2066 1831 2360 1901 poterimus
2399 1829 2468 1884 ab
2507 1829 2607 1884 hac
2644 1838 2794 1900 peste
2823 1830 3082 1886 liberari?
3114 1830 3171 1888 Si
3209 1833 3355 1887 illam
3379 1832 3652 1902 potionem

2064 1922 2329 1988 bibamus,
2358 1936 2476 1990 quae
2505 1922 2672 1990 possit
2697 1922 2840 1976 intus
2869 1922 3072 1992 positos
3100 1937 3312 1978 vermes
3339 1930 3394 1978 et
3429 1937 3657 1992 serpen-

2067 2023 2147 2071 tes
2191 2017 2554 2084 exstinguere.
2583 2015 2781 2084 _Ecqua
2830 2016 2976 2084 petio
3019 2015 3109 2070 illa
3154 2025 3256 2080 est,
3299 2016 3498 2084 inquis,
3529 2032 3656 2087 quae

2067 2114 2267 2162 tantam
2317 2105 2422 2160 vim
2471 2105 2705 2160 habeat?
2752 2105 3026 2162 Pretiosos
3071 2107 3290 2177 sanguis
3329 2106 3552 2171 Christi,
3604 2107 3656 2162 si

2066 2212 2188 2251 cum
2216 2194 2407 2252 liducia
2435 2206 2678 2252 sumatur
2709 2213 2721 2250 :
2755 2197 2973 2253 morbos
3000 2197 3198 2268 quippe
3223 2212 3410 2254 omnes
3445 2199 3658 2254 exstin-

2064 2302 2229 2358 guere
2273 2288 2514 2358 poterit;
2570 2288 2692 2344 huic
2737 2289 2875 2344 adde
2917 2289 3216 2348 divinarum
3256 2290 3656 2360 Scripturarum

2065 2382 2278 2438 lectioni
2305 2383 2652 2438 attentionem
2673 2425 2689 2448 ,
2720 2381 2948 2453 huieque
2978 2382 3196 2452 adiicias
3220 2384 3655 2454 eleemesynam:

2069 2489 2164 2542 per
2207 2473 2324 2530 hazc
2379 2475 2575 2544 quippe
2619 2474 2797 2529 omnia
2849 2475 3124 2545 exstingui
3177 2484 3428 2545 poterunt
3478 2475 3660 2530 morbi

2065 2565 2299 2620 animam
2330 2564 2735 2622 labefactantes.
2763 2564 3018 2635 Tuncque
3039 2567 3211 2620 solum
3242 2566 3505 2630 vivemus,
3527 2579 3658 2620 cum

2063 2656 2174 2726 jam
2220 2671 2327 2710 non
2383 2656 2605 2710 meliore
2647 2655 2956 2712 conditione
2995 2657 3184 2722 simus,
3227 2673 3384 2726 quam
3411 2657 3607 2711 mortui
3641 2671 3658 2708 :

2069 2764 2188 2802 nam
2238 2749 2341 2806 illis
2383 2749 2684 2804 viventibus
2705 2791 2720 2814 ,
2755 2763 2853 2803 nos
2880 2749 3057 2803 vivere
3084 2749 3396 2820 nequimus,
3432 2749 3526 2804 sed
3555 2765 3662 2804 ne-

2066 2840 2302 2894 cessario
2345 2840 2601 2909 perimus.
2646 2839 2759 2894 Nisi
2795 2841 2936 2894 enim
2974 2840 3061 2895 hic
3104 2840 3224 2895 illos
3267 2841 3660 2905 occiderimus,

2068 2930 2179 2985 illic
2209 2945 2308 2986 nos
2345 2931 2566 2986 omnino
2597 2929 2916 2986 iuterfieient
2944 2948 2957 2985 :
2987 2931 3096 2985 imo
3120 2940 3176 2986 et
3199 2941 3322 2986 ante
3353 2939 3661 2988 extremum

2065 3021 2270 3078 obitum
2306 3021 2373 3078 de
2399 3022 2554 3079 nobis
2581 3021 2668 3076 hic
2697 3022 2951 3078 ultionem
2979 3031 3212 3080 sument.
3249 3023 3458 3080 Etenim
3485 3040 3665 3079 unus-

2063 3116 2288 3187 quisque
2320 3114 2538 3170 morbus
2580 3114 2979 3184 hujuscemodi,
3023 3115 3256 3171 crudelis
3285 3156 3303 3182 ,
3349 3117 3670 3187 tyrannicus

2065 3216 2120 3262 et
2145 3206 2460 3262 insatiabilis
2479 3213 2592 3273 est,
2625 3221 2726 3263 nec
2751 3220 2850 3262 nos
2887 3206 3126 3278 quotidie
3146 3207 3462 3263 comedendi
3489 3208 3666 3264 ﬁnem

2065 3297 2194 3356 facit
2219 3315 2234 3350 :
2264 3313 2386 3352 nam
2416 3297 2608 3357 dentes
2633 3297 2848 3354 leonum
2871 3306 2997 3354 sunt
3028 3297 3222 3355 dentes
3249 3299 3480 3369 ipsorum
3500 3340 3516 3361 ,
3541 3299 3661 3354 imo

2066 3393 2226 3448 etiam
2279 3390 2438 3461 longe
2487 3390 2764 3447 suaviores.
2813 3389 2922 3445 Leo
2971 3391 3172 3460 quippe
3216 3390 3306 3446 ubi
3361 3391 3666 3446 exsatiatus

2065 3484 2256 3548 fuerit,
2303 3499 2331 3537 a
2381 3483 2643 3540 cadavere
2681 3483 2914 3540 discedit
2951 3500 2965 3537 :
2998 3483 3054 3538 bi
3090 3498 3223 3540 vero
3272 3484 3445 3540 morbi
3487 3483 3670 3539 animi

2068 3589 2358 3646 numquam
2397 3577 2679 3641 satiantur,
2727 3590 2904 3646 neque
2945 3584 3179 3642 cessant,
3225 3574 3398 3632 donec
3438 3587 3670 3647 captiua

2064 3669 2338 3724 hominem
2377 3667 2595 3723 diabolo
2637 3668 2938 3738 proximum
2974 3670 3284 3724 statuerint.
3309 3669 3474 3725 Tanta
3500 3671 3664 3727 enim

2065 3761 2276 3814 illorum
2303 3759 2383 3814 vis
2413 3766 2494 3815 est
2516 3800 2532 3825 ,
2583 3769 2643 3815 ut
2681 3774 2840 3830 quam
2881 3761 3196 3816 servitutem
3217 3758 3433 3816 Christo
3458 3761 3673 3817 Paulus

2064 3851 2327 3917 exhibuit,
2359 3851 2428 3904 ita
2451 3859 2510 3904 ut
2534 3861 2752 3921 propter
2778 3851 2925 3906 illum
2953 3851 3005 3906 et
3023 3850 3324 3922 gehennam
3353 3862 3404 3907 et
3431 3867 3670 3920 rrgnum

2067 3943 2410 4012 despiceret,
2456 3941 2701 3997 eamdem
2741 3941 2912 4012 ipsam
2951 3957 2980 3996 a
3019 3942 3243 4012 captivis
3277 3943 3387 4000 suis
3413 3944 3672 4013 exigant.

2064 4034 2196 4090 Nam
2227 4034 2340 4090 sive
2375 4033 2427 4090 in
2470 4047 2756 4102 corporum
2779 4073 2794 4098 ,
2835 4032 2949 4088 sive
2987 4033 3040 4087 in
3080 4031 3417 4100 divitiarum,
3458 4033 3576 4089 sive
3607 4036 3673 4092 in

2062 4126 2246 4198 gloria:
2284 4139 2520 4180 antorem
2565 4125 2684 4192 quis
2715 4124 2987 4188 inciderit,
3014 4133 3070 4180 et
3095 4124 3392 4195 gehennam
3421 4125 3673 4192 deridet,

2067 4225 2122 4272 et
2147 4230 2368 4285 regnum
2397 4216 2714 4278 contemnit,
2740 4224 2796 4268 nt
2821 4223 2996 4270 amata
3023 4230 3082 4270 re
3113 4215 3362 4284 potiatur.
3390 4214 3468 4270 Ne
3491 4215 3680 4286 igitur

2064 4309 2231 4366 Paule
2258 4307 2420 4362 fidem
2445 4321 2699 4375 negemus
2723 4306 2946 4370 dicenti,
2964 4321 3022 4362 se
3035 4304 3306 4364 Christum
3325 4306 3396 4362 ita
3418 4323 3678 4363 amasse.

2072 4399 2198 4456 Cum
2228 4401 2368 4456 enim
2406 4399 2742 4456 inveniantur
2785 4397 3001 4466 quidam
3046 4396 3210 4450 animi
3252 4395 3532 4451 affectibus
3585 4397 3678 4453 ita

2070 4493 2394 4558 servientes,
2425 4506 2524 4546 cur
2550 4490 2676 4546 illud
2704 4488 3012 4544 incredibile
3041 4487 3197 4546 nobis
3235 4485 3514 4542 videatur?
3565 4488 3682 4544 Et-

2068 4585 2212 4639 enim
2240 4585 2358 4640 ideo
2381 4599 2532 4639 amor
2552 4597 2676 4653 erga
2694 4582 2967 4650 Christum
2997 4580 3258 4636 inﬁrmior
3273 4589 3378 4644 est,
3401 4579 3522 4648 quia
3548 4589 3680 4634 tota

2071 4677 2146 4730 vis
2175 4687 2354 4730 nostra
2381 4676 2430 4729 in
2455 4676 2703 4729 vitiorum
2729 4688 2912 4727 amore
2933 4672 3266 4734 consumitur
3289 4680 3374 4727 :et
3395 4670 3679 4739 rapimus,

2068 4775 2120 4820 et
2153 4767 2389 4822 avaritia:
2425 4767 2589 4822 dediti
2620 4780 2805 4820 sumus
2825 4805 2840 4830 ,
2873 4773 2927 4818 et
2962 4779 3114 4818 vana:
3140 4763 3322 4833 glorire
3348 4764 3626 4818 servimus
3653 4806 3676 4831 ,

2067 4874 2170 4928 qua
2199 4859 2324 4926 quid
2369 4859 2544 4914 vilius.
2568 4858 2766 4913 fuerit?
2796 4857 3016 4912 Etiamsi
3054 4856 3196 4912 enim
3241 4856 3530 4912 admodum
3582 4859 3682 4914 sis

2065 4953 2416 5021 conspicuus,
2459 4951 2628 5006 nihilo
2669 4951 2859 5006 melior
2886 4951 2992 5010 eris
3035 4950 3102 5005 iis
3146 4950 3236 5020 qui
3265 4949 3688 5007 iniinszesortis

2067 5053 2223 5108 sunt;
2271 5045 2378 5098 imo
2425 5043 2494 5098 ob
2533 5043 2637 5099 hoc
2677 5045 2850 5113 ipsum
2893 5043 3000 5098 illis
3026 5042 3246 5100 inferior
3269 5042 3397 5098 eris.
3425 5041 3688 5110 Quando

2065 5136 2206 5191 enim
2235 5135 2394 5192 iidem
2423 5136 2540 5205 ipsi,
2575 5136 2664 5206 qui
2694 5137 3054 5207 tegleriosum
3079 5148 3143 5192 ac
3166 5134 3500 5204 splendidum
3525 5135 3686 5190 red-

2065 5227 2192 5282 dere
2233 5227 2484 5292 student,
2530 5227 2600 5281 ob
2631 5227 2734 5282 hoc
2761 5227 2935 5297 ipsum
2967 5235 3018 5282 te
3047 5225 3329 5289 derident,
3359 5225 3502 5296 quod
3534 5227 3687 5296 glo-

2066 5318 2196 5372 riam
2228 5319 2295 5372 ah
2323 5318 2450 5388 ipsis
2486 5318 2726 5388 requiras
2747 5359 2764 5386 ,
2803 5317 3072 5389 quomodo
3100 5332 3205 5373 non
3236 5317 3351 5374 haec
3376 5317 3681 5387 cupiditas

2068 5410 2158 5465 tibi
2186 5411 2238 5465 in
2259 5412 2584 5466 contrarium
2610 5411 2889 5468 vertetur?
2913 5411 3046 5469 Nam
3067 5411 3165 5481 illi,
3185 5410 3440 5482 quidquid
3457 5421 3675 5482 agant,

2066 5513 2402 5559 acerisatores
2425 5504 2497 5557 tui
2521 5512 2664 5558 sunt.
