3832 6178
190 302 238 355 51
1318 289 1381 345 IN
1422 288 1713 346 ΜᾹἸΤΗΑΞ

1892 291 2119 350 ΙΙΟΜΞΙΑ.
2165 295 2250 351 lV.
3353 294 3441 351 «Ἦ.-

242 400 318 456 10.
356 397 571 453 Gloriam
610 395 931 461 consequitur
970 394 1055 465 qui
1095 389 1310 466 gloriam
1340 396 1630 450 contemnit.
1658 426 1729 438 —

180 488 592 561 Quentadmodum
612 488 752 542 enim
771 486 1028 541 adulterio
1043 486 1123 541 vel
1143 485 1724 541 fornicationideditum

179 586 214 638 si
240 582 345 651 quis
370 579 685 643 laudaverit,
726 578 806 631 vel
836 577 935 647 ipsi
984 575 1232 631 adulatus
1276 575 1455 642 fuerit,
1501 591 1567 633 eo
1608 577 1728 647 ipso

178 675 328 744 potius
370 681 682 733 accusator,
731 686 889 740 quam
935 669 1180 724 laudator
1222 669 1366 723 illius
1394 677 1478 725 est
1506 687 1519 722 :
1547 670 1627 725 sic
1665 679 1721 725 ct

178 781 304 821 vana:
320 764 497 835 gloria!
520 762 794 832 cupidum,
825 778 944 816 cum
968 761 1246 816 laudamus
1272 776 1480 829 omnes,
1510 776 1727 818 accusa-

177 871 297 912 tores
331 857 499 927 potius
538 855 655 924 ejus
683 871 844 926 qnam
880 854 1183 910 laudatores
1226 869 1429 910 sumus.
1460 856 1567 911 Cur
1592 871 1724 927 ergo

177 967 268 1007 rem
292 950 491 1005 venaris
516 989 532 1013 ,
573 948 729 1018 cujus
770 948 1095 1003 contrarium
1139 945 1233 1002 tibi
1259 947 1397 1002 solet
1424 948 1672 1003 accidere
1697 948 1723 1002 ?

175 1046 283 1100 Nam
309 1042 350 1097 si
377 1042 596 1113 gloriam
626 1040 884 1111 consequi
912 1041 996 1096 vis
1016 1082 1032 1108 ,
1066 1039 1288 1111 gloriam
1315 1049 1598 1096 contemne
1618 1083 1633 1107 ,
1669 1050 1724 1096 et

174 1136 380 1191 ninnium
430 1134 844 1205 gloriosissimus
896 1134 1027 1188 eris.
1084 1130 1192 1187 Cur
1248 1130 1299 1186 id
1346 1134 1544 1202 pateris
1583 1132 1722 1204 quod

174 1246 334 1304 passus
377 1239 459 1286 est
505 1227 1038 1284 Nabuchodonosor?
1092 1226 1223 1281 Nam
1269 1238 1322 1282 et
1369 1228 1455 1282 ille
1499 1237 1727 1281 Statuam

174 1322 333 1389 erexit,
350 1337 412 1377 ex
436 1321 573 1391 ligno
592 1321 666 1392 (a)
683 1330 737 1376 et
756 1336 822 1375 ex
842 1318 1134 1374 insensibili
1154 1318 1318 1373 forma
1338 1329 1531 1390 putans
1548 1333 1606 1373 se
1627 1317 1727 1372 sibi

175 1417 339 1471 fatuam
363 1415 771 1470 conciliaturum
800 1428 919 1469 esse
938 1454 954 1479 ,
988 1420 1041 1468 et
1064 1412 1153 1482 qui
1181 1413 1331 1467 vivus
1358 1421 1475 1465 erat
1514 1426 1578 1464 ex
1622 1425 1726 1464 non

173 1510 349 1562 vivente
377 1507 632 1560 illustrior
654 1520 913 1574 apparere
938 1503 1208 1574 cupiebat.
1243 1501 1430 1557 Videu'
1453 1501 1721 1572 ingentem

169 1600 437 1656 insaniam?
469 1600 601 1654 Dum
631 1600 733 1654 sibi
762 1608 912 1670 putat
938 1599 1196 1655 honorem
1226 1599 1516 1656 conciliare
1536 1642 1553 1670 ,
1583 1615 1718 1656 con-

169 1692 406 1748 tumeliam
450 1691 627 1763 potius
655 1692 757 1748 sibi
789 1692 947 1762 parit.
980 1693 1108 1747 Dum
1136 1693 1277 1747 cnim
1310 1693 1521 1748 videtur
1545 1693 1721 1748 inani-

170 1794 296 1839 mata:
323 1784 396 1839 rei
424 1783 598 1852 magis
622 1783 807 1851 ﬁdere,
830 1798 987 1854 quam
1016 1783 1118 1839 sibi
1146 1783 1243 1854 ipsi
1267 1824 1282 1851 ,
1310 1792 1366 1839 ct
1387 1786 1581 1838 animm
1609 1799 1722 1839 sure

170 1877 352 1943 viventi,
378 1887 541 1947 atque
566 1875 685 1929 ideo
716 1876 915 1947 lignum
948 1876 1000 1931 in
1033 1884 1236 1931 tantum
1268 1876 1488 1931 honoris
1508 1876 1719 1932 culmen

173 1968 399 2037 provehit,
431 1966 703 2037 quomodo
734 1982 840 2020 non
872 1968 1027 2021 fuerit
1055 1966 1165 2021 risu
1196 1966 1387 2037 dignus
1407 2008 1422 2030 ,
1455 1966 1581 2022 dum
1611 1983 1716 2022 non

172 2075 195 2112 a
218 2059 452 2123 moribus,
479 2058 575 2113 sed
603 2058 671 2114 ab
690 2058 961 2114 asseribus
986 2059 1167 2114 ornari
1212 2059 1421 2114 studet?
1450 2059 1714 2127 Quemad-

171 2150 352 2204 modum
381 2150 423 2203 si
452 2151 575 2220 quis
604 2166 667 2205 cx
700 2150 1007 2220 pavimento
1034 2150 1225 2206 domus
1254 2160 1344 2207 aut
1374 2168 1437 2206 ex
1483 2151 1720 2222 pulchri-

170 2242 321 2296 tudine
364 2241 523 2295 scala:
570 2242 767 2311 suspici
810 2243 979 2308 malit,
1015 2258 1172 2312 quam
1200 2258 1267 2297 ex
1297 2258 1362 2298 eo
1392 2243 1532 2314 quod
1559 2244 1719 2297 homo

167 2334 254 2386 sit:
283 2332 581 2401 hujusmodi
611 2332 784 2387 virum
827 2333 975 2387 multi
1019 2348 1160 2388 nunc
1190 2334 1483 2388 imitantur.
1515 2332 1711 2403 Quem-

167 2423 409 2477 admodum
450 2424 709 2479 enimille
736 2423 803 2478 ab
830 2424 1087 2496 imagine,
1120 2426 1200 2480 sic
1241 2425 1329 2481 alii
1374 2441 1404 2480 a
1440 2427 1713 2496 vestibus,

167 2515 233 2569 alii
254 2513 313 2568 ab
352 2514 590 2582 aedibus,
639 2532 667 2567 a
716 2516 905 2580 mulis,
953 2530 983 2569 a
1028 2517 1337 2584 carpentis,
1384 2532 1415 2571 a
1455 2518 1718 2573 columnis

167 2621 259 2673 qtae
278 2616 390 2660 sunt
414 2608 465 2661 in
495 2607 765 2673 domibus,
797 2607 848 2662 in
879 2608 1234 2663 admiratione
1263 2607 1448 2664 haberi
1476 2609 1716 2679 cupiunt.

168 2697 399 2752 huncum
430 2698 603 2763 illud,
634 2700 772 2769 quod
804 2698 1045 2756 homines
1073 2700 1176 2755 sint
1203 2741 1218 2765 ,
1259 2700 1574 2767 amiserint,
1607 2702 1716 2756 cir-

167 2799 410 2853 cumeunt,
446 2800 504 2844 ut
550 2791 647 2845 sibi
674 2790 889 2846 aliunde
919 2790 1141 2861 gloriam
1168 2791 1335 2846 multo
1366 2793 1472 2846 risu
1499 2792 1712 2863 dignam

167 2882 431 2934 ctutcilicnt.
473 2880 672 2935 Verum
720 2882 966 2952 generosi
998 2881 1074 2935 illi
1104 2890 1159 2938 et
1187 2882 1365 2952 magni
1405 2882 1497 2937 Dei
1528 2882 1711 2939 famuli

167 2989 247 3027 non
270 2974 412 3037 inde,
444 2973 548 3029 sed
576 2990 641 3030 ex
687 2975 882 3045 quibus
917 2990 1013 3045 par
1054 2980 1204 3042 erat,
1247 2974 1585 3031 effulserunt.
1618 2976 1713 3031 Et-

167 3064 277 3119 enim
302 3076 351 3120 et
376 3066 598 3137 captivi,
630 3076 684 3121 et
707 3066 874 3129 servi,
902 3075 959 3120 et
979 3066 1203 3135 juvenes
1224 3108 1238 3134 ,
1263 3075 1318 3122 et
1346 3068 1631 3138 peregrini,
1657 3080 1715 3126 et

167 3156 294 3211 rebus
314 3159 563 3212 omnibus
592 3158 907 3213 domesticis
935 3157 1104 3223 vacui,
1133 3158 1303 3214 multo
1330 3160 1590 3215 clariores
1613 3161 1710 3216 visi

166 3258 293 3314 sunt,
333 3265 489 3319 quam
541 3249 575 3303 ii
620 3250 710 3322 qui
752 3249 857 3304 illis
901 3249 1148 3305 omnibus
1187 3251 1498 3306 circumdati
1535 3261 1710 3307 erant.

164 3337 287 3394 Certe
306 3340 813 3397 Nabuchodonosori
840 3356 939 3398 nec
966 3351 1110 3397 tanta
1135 3341 1222 3398 illa
1248 3352 1419 3399 statua
1444 3384 1458 3409 ,
1487 3357 1587 3398 nec
1614 3357 1714 3396 sa—

167 3441 327 3500 impar,
379 3449 478 3487 nec
530 3433 729 3499 duces,
759 3449 857 3488 nec
887 3434 1132 3489 immensi
1152 3436 1440 3499 exercitus,
1474 3449 1571 3489 nec
1596 3434 1710 3487 auri

164 3527 253 3580 vis.
276 3542 364 3581 nec
388 3526 593 3597 qumvis
619 3528 721 3581 alia
750 3542 939 3598 pompa
961 3568 975 3593 ,
1010 3526 1301 3582 secundum
1328 3527 1711 3598 Concupiscen-

168 3616 263 3667 tiam
286 3617 393 3685 ejus
422 3618 581 3672 fuere
610 3618 762 3683 satis,
795 3627 853 3672 ut
881 3634 1103 3689 magnus
1132 3630 1447 3688 appareret;
1479 3619 1561 3674 his
1580 3633 1710 3674 vero

165 3708 230 3771 qui
250 3708 339 3761 illis
358 3708 609 3764 omnibus
628 3708 869 3764 destituti
891 3719 1066 3771 erant.
1090 3711 1201 3764 sola
1221 3710 1552 3789 philosophia
1581 3711 1711 3764 satis

165 3798 235 3852 fuit
260 3819 271 3854 :
297 3817 405 3870 qua!
430 3802 526 3857 illo
554 3803 640 3872 qui
681 3802 983 3858 diademate
1010 3811 1064 3859 et
1094 3818 1325 3873 purpura
1364 3812 1583 3857 ornatus
1607 3842 1623 3869 ,
1655 3813 1712 3859 et

166 3899 223 3944 tot
242 3893 344 3947 aliis
367 3894 762 3965 circumseptus
790 3904 906 3951 erat
926 3936 942 3960 ,
986 3910 1082 3950 eos
1120 3897 1209 3967 qui
1238 3896 1371 3951 nihil
1400 3912 1587 3951 eorum
1612 3896 1710 3951 ha-

165 3981 341 4048 bebant,
374 3993 524 4040 tanto
568 3986 960 4055 Splendidiores
999 3987 1257 4053 faciebat,
1284 3998 1485 4058 quanto
1514 3988 1594 4042 sol
1629 3998 1713 4043 est

166 4076 425 4135 margarita‘
458 4076 813 4146 splendidior.
843 4076 1055 4132 Etenim
1083 4079 1134 4133 in
1170 4079 1403 4135 medium
1428 4079 1574 4135 orbis
1596 4080 1712 4135 uni-

163 4165 272 4218 tersi
299 4164 697 4221 adducebantur
718 4166 944 4235 juvenes
968 4207 984 4232 ,
1013 4168 1209 4237 captivi
1236 4209 1252 4232 ,
1297 4169 1444 4224 servi
1469 4210 1485 4236 ,
1533 4169 1703 4240 iisque

162 4254 358 4310 adductis
397 4258 581 4311 Statim
614 4272 709 4313 rex
750 4257 925 4328 ignem
969 4258 1037 4312 ab
1075 4260 1243 4314 oculis
1269 4262 1580 4327 emittebat,
1609 4260 1701 4316 ad-

163 4350 379 4405 stantibus
404 4351 655 4417 ducibns,
689 4351 981 4421 toparchis,
1007 4353 1334 4422 principibus
1362 4370 1424 4409 ac
1446 4363 1558 4410 toto
1581 4354 1700 4410 dia—

166 4433 241 4489 boli
264 4440 480 4506 theatro,
509 4442 638 4496 dum
668 4458 772 4496 vox
803 4442 1098 4497 ﬁstularum
1135 4459 1197 4499 ac
1229 4444 1475 4501 tubarum
1502 4447 1704 4501 omnis-

163 4542 239 4594 que
275 4534 447 4590 musici
492 4534 835 4589 instrumenti
862 4534 928 4590 ad
960 4536 1149 4590 crelum
1184 4552 1353 4607 usque
1378 4520 1697 4605 ascendens,

164 4619 332 4679 illorum
354 4627 575 4683 auribus
598 4634 930 4697 personaret.
961 4627 1173 4682 Fornax
1200 4628 1622 4685 succendebatur
1647 4639 1702 4685 et

164 4714 332 4771 ﬂamma
358 4720 421 4774 ad
468 4720 787 4775 immensam
833 4718 1165 4773 altitudinem
1206 4734 1378 4790 usque
1419 4721 1488 4775 ad
1530 4720 1700 4777 nubes

165 4809 478 4879 ascendebat,
536 4809 716 4864 omnia
764 4820 909 4864 metu
957 4817 1265 4881 terroreque
1322 4812 1475 4881 plena
1524 4823 1697 4868 erant.

167 4898 318 4955 Verum
358 4903 474 4959 illos
505 4903 721 4972 quidem
751 4902 883 4958 nihil
911 4903 1098 4959 horum
1138 4905 1432 4971 exterruit;
1474 4905 1570 4960 sed
1599 4905 1698 4960 ad-

164 5001 321 5049 stantes
344 4998 489 5066 quasi
514 4994 759 5050 ludentes
783 5010 976 5066 pueros
1004 4995 1328 5061 deriserunt,
1361 5010 1424 5050 ac
1440 4996 1696 5053 virtutem

166 5088 687 5158 mansuetudinemque
710 5101 859 5143 suam
891 5086 1263 5156 ostenderunt,
1297 5086 1534 5158 ipsisque
1553 5087 1697 5145 tubis

217 5374 275 5435 (a)
300 5376 377 5426 Hic
398 5377 632 5439 memoria
665 5374 759 5424 lahi
795 5375 989 5439 videtur
1027 5374 1415 5439 Chrysostomus,
1454 5389 1567 5439 cum,
1595 5375 1714 5426 dicit

172 5443 332 5485 statuam
362 5438 486 5501 illam
520 5451 548 5487 a
572 5438 1036 5501 h‘abuchodouosore
1078 5437 1249 5487 factam
1284 5451 1349 5501 ea:
1382 5438 1511 5501 ligno
1544 5438 1711 5488 fuisse.

174 5502 255 5567 tiara
272 5512 404 5567 aurea
427 5500 581 5567 illa__in
602 5498 970 5564 exemplaribus
985 5502 1210 5551 omnibus
1231 5498 1496 5561 Hebraicis,
1511 5501 1708 5561 Graecis,

176 5560 311 5608 latinis
329 5560 471 5612 fuisse
489 5562 681 5613 dicitur.

215 5627 227 5650 ι
257 5628 531 5693 uattttstxipti
555 5640 651 5678 non
673 5629 809 5692 pauci
832 5626 1025 5690 legunt,
1060 5624 1175 5689 tuto,
1199 5640 1304 5691 pro,
1328 5624 1613 5693 margarita.
1646 5632 1700 5681 Et
1812 5624 2110 5689 paupertatis
2132 5624 2325 5679 (ornatae

215 5682 443 5737 :Antauus.
1813 5693 1922 5749 quae
1944 5690 1994 5728 tu
2017 5677 2157 5725 textu
2176 5672 2325 5732 jacet.

171 5681 222 5731 sic
237 5682 443 5737 Atrianus.

1853 402 2130 459 clariorem
2158 404 2465 460 emittcnlcs
2489 418 2674 462 vocem
2706 404 2950 463 dicebant
2975 427 2988 464 :
3016 408 3211 465 Notum
3236 412 3303 467 sit
3315 414 3425 481 tibi,

1849 509 1940 548 rex
1969 493 2143 565 (Dan.
2176 495 2228 551 3.
2263 495 2329 550 18
2349 495 2390 565 ).
2434 494 2616 566 Neque
2644 499 2784 552 enim
2815 500 3001 555 verbis
3021 510 3300 572 tyrannum
3328 504 3428 560 de-

1851 583 2137 643 honestare
2167 588 2435 654 volebant,
2466 582 2560 643 Sed
2589 598 2791 645 tantum
2824 592 3072 661 pietatem
3102 608 3251 649 suam
3277 596 3430 652 exhia

1846 677 1991 735 bere.
2024 678 2359 751 Quapropter
2396 696 2500 735 non
2542 681 2715 753 longis
2759 685 3096 739 sermonibus
3138 696 3261 741 sunt
3304 688 3382 742 usi
3407 730 3447 756 ,η

1848 771 1942 826 sed
1975 771 2159 841 paucis
2182 780 2373 826 cuncta
2402 772 2740 829 declararunt
2771 793 2783 827 :
2816 772 2941 841 Est,
2976 776 3212 847 inquiunt
3236 777 3447 844 ,,Deust

1843 860 1896 914 in
1926 861 2069 927 ratio,
2100 862 2187 932 qui
2212 872 2369 931 potest
2396 879 2486 917 nos
2510 880 2682 917 eruere
2701 863 2865 931 (Ibid.
2889 881 2935 919 v.
2966 866 3077 937 17).
3108 868 3243 935 Quid
3274 871 3427 923 nobis

1844 959 2043 1004 tantam
2082 952 2473 1008 multitudinem
2503 953 2773 1009 ostendis?
2798 956 2921 1027 quid
2951 956 3261 1013 fornacem?
3295 961 3449 1031 quid‘

1844 1042 2048 1112 gladios
2083 1053 2303 1108 acutos,
2354 1044 2479 1115 quid
2511 1045 2777 1101 terribiles
2821 1047 2942 1104 illos
2993 1050 3288 1106 satellites?
3332 1052 3425 1105 llis

1837 1132 2084 1189 omnibus
2117 1135 2361 1205 superior
2387 1148 2441 1191 et
2479 1139 2748 1207 potentior
2786 1148 2869 1194 est
2908 1141 3184 1195 Dominus.
3221 1142 3444 1197 Deinder

1835 1225 2129 1294 cogitantes
2158 1228 2471 1296 contingere
2513 1244 2670 1299 posse
2703 1231 2870 1285 Deum
2903 1232 2974 1286 ita
2992 1232 3137 1307 velle
3159 1274 3173 1297 ,
3208 1249 3270 1287 ac
3302 1248 3442 1303 perm

1835 1314 2050 1369 mittere
2100 1326 2158 1371 ut
2206 1317 2307 1387 ipsi
2349 1320 2842 1386 comburerentur;
2887 1338 2955 1377 ne
3006 1322 3098 1376 illo
3144 1324 3443 1379 accidente-

1836 1404 2146 1461 vidcrentur
2172 1409 2448 1465 mendacia
2481 1410 2683 1480 loquuti
2710 1427 2849 1479 esse,
2876 1413 2976 1469 hoc
2998 1415 3157 1469 etiam
3184 1416 3384 1471 addunt
3403 1434 3432 1472 :-

1838 1495 1988 1559 Quod
2016 1498 2060 1551 si
2080 1498 2175 1552 hoc
2200 1516 2301 1553 non
2326 1502 2418 1570 ﬁat
2439 1541 2455 1568 ,
2484 1513 2659 1556 nolunt
2686 1504 2751 1559 sit
2789 1504 2878 1559 tibi
2914 1522 3004 1560 nos
3039 1506 3160 1562 deos
3185 1516 3297 1562 tuos
3322 1508 3424 1563 non

1836 1589 1999 1643 colere
2019 1590 2180 1658 (Dan.
2199 1593 2251 1648 5.
2286 1593 2396 1665 18).

1905 1681 1995 1736 Η.
2034 1682 2088 1738 Si
2119 1684 2261 1739 enim
2287 1684 2570 1753 dixissent,
2598 1687 2739 1743 Deus
2764 1687 2835 1744 ob
2864 1698 3080 1759 peccata
3113 1707 3216 1747 non
3258 1703 3414 1748 emet

1833 1786 1953 1839 nos,
1982 1773 2123 1843 quod
2151 1774 2196 1829 si
2227 1792 2331 1830 non
2359 1776 2572 1847 eripiat,
2603 1778 2734 1834 fides
2764 1780 2893 1850 ipsis
2923 1797 3027 1836 non
3071 1782 3246 1839 habita
3293 1784 3423 1841 fuis-

1834 1874 1935 1918 set.
1970 1864 2092 1918 Ideo
2122 1864 2207 1920 hic
2229 1866 2358 1922 illud
2391 1877 2595 1933 tacent;
2629 1870 2679 1924 id
2708 1886 2837 1926 vero
2858 1872 3044 1928 dicunt
3087 1874 3139 1928 in
3177 1874 3416 1939 fornace,

1833 1953 2262 2025 frequentissime
2290 1968 2506 2030 peccata
2536 1971 3042 2020 commemorantes.
3071 1964 3263 2019 Coram
3295 1981 3422 2036 rege

1831 2056 2008 2102 autem
2038 2049 2169 2104 nihil
2196 2051 2499 2121 hujusmodi
2521 2068 2537 2119 ;
2559 2053 2652 2109 sed
2684 2055 2895 2111 etiamsi
2916 2057 3267 2113 comburendi
3289 2060 3419 2123 sint,

1829 2140 1971 2211 piam
1999 2142 2308 2212 religionem
2333 2157 2393 2199 se
2419 2158 2525 2200 non
2554 2146 2858 2215 prodituros
2898 2162 3019 2204 esse
3057 2148 3259 2205 dicunt.
3302 2149 3422 2206 Non

1829 2232 1971 2287 enim
2002 2247 2097 2301 pro
2129 2233 2481 2291 retributione
2510 2244 2670 2307 atque
2700 2237 2949 2294 mercede
2975 2238 3027 2294 id
3054 2240 3301 2311 agebant,
3324 2242 3421 2298 sed

1828 2338 1896 2379 ex
1920 2323 2034 2378 sola
2062 2326 2285 2381 caritate
2314 2342 2328 2380 :
2358 2326 2566 2382 etiamsi
2596 2328 2648 2383 in
2676 2331 2984 2399 captivitate
3008 2332 3133 2387 etin
3161 2332 3421 2389 servitute

1822 2424 2028 2482 essent,
2050 2416 2197 2472 nullo
2224 2416 2458 2474 fruentes
2487 2419 2648 2474 bono.
2672 2419 2803 2475 Nam
2832 2430 2887 2477 et
2903 2423 3071 2492 patria
3091 2433 3146 2479 et
3175 2423 3425 2480 libertate

1831 2513 1887 2559 et
1910 2506 2160 2563 omnibus
2181 2507 2336 2563 bouis
2374 2509 2703 2565 exciderant.
2747 2509 2827 2566 Ne
2853 2512 2985 2566 mihi
3026 2514 3169 2568 enim
3216 2514 3337 2569 illos
3365 2516 3418 2570 in

1834 2597 1999 2668 regali
2024 2598 2144 2653 aula
2173 2614 2568 2657 commemores
2607 2600 2861 2659 honores.
2890 2602 3024 2660 Cum
3062 2605 3207 2660 enim
3249 2608 3419 2662 sancti

1829 2698 1885 2747 et
1898 2690 2025 2761 justi
2047 2702 2247 2759 essent,
2270 2693 2570 2750 sexcenties
2584 2694 2729 2750 domi
2758 2696 2950 2766 stipem
2978 2712 3170 2768 cogere
3196 2699 3421 2754 maluis-

1828 2790 1971 2848 sent,
2004 2791 2059 2838 et
2094 2784 2273 2855 templi
2300 2785 2457 2841 bonis
2484 2784 2589 2841 frui
2613 2804 2627 2841 :
2661 2786 2808 2858 Elegi
2834 2787 2979 2843 enim
3000 2830 3015 2856 ,
3047 2790 3248 2860 inquit,
3273 2792 3418 2858 obje-

1827 2890 1936 2939 ctus
1959 2899 2135 2939 essem
2164 2883 2314 2937 domo
2339 2880 2439 2936 Dei
2472 2880 2603 2945 mei,
2634 2880 2795 2949 magis
2822 2896 2973 2948 quam
2999 2879 3225 2932 habitare
3255 2883 3308 2932 in
3334 2887 3424 2931 ια·-

1827 2977 2110 3030 bernaculis
2135 2982 2452 3047 peccatorum
2478 2972 2498 3044 (
2524 2971 2671 3027 Psal.
2697 2972 2787 3028 85.
2821 2971 2881 3025 Η
2918 2971 2969 3041 );
2998 2980 3087 3038 et,
3119 2970 3305 3025 Melior
3339 2980 3419 3024 est

1827 3069 1934 3124 dies
1964 3086 2066 3123 una
2084 3069 2136 3123 in
2162 3068 2306 3122 atriis
2331 3067 2429 3120 tuis
2455 3081 2606 3135 super
2627 3064 2789 3119 millia
2808 3061 3012 3136 (Ibid.).
3039 3063 3217 3131 Longe
3235 3062 3412 3134 potius

1827 3175 1957 3230 ergo
1984 3159 2296 3215 maluissent
2315 3156 2508 3228 abjecti
2535 3171 2655 3212 esse
2674 3155 2841 3221 domi,
2870 3169 3029 3226 qnam
3059 3155 3111 3209 in
3140 3154 3414 3226 Babylone

1826 3267 2075 3323 regnare.
2103 3250 2161 3306 Id
2183 3250 2322 3322 quod
2346 3248 2522 3320 palam
2554 3258 2637 3304 est
2657 3263 2720 3304 ex
2749 3248 2815 3301 its
2838 3261 2958 3317 qua:
2985 3247 3037 3301 in
3074 3245 3291 3301 fornace
3316 3245 3415 3300 de-

1824 3347 2050 3410 clarant,
2080 3360 2222 3417 :rgre
2246 3359 2306 3399 se
2325 3342 2466 3399 ferre
2490 3357 2685 3411 nempe
2721 3340 3104 3396 habitationem
3133 3339 3416 3411 Babyloni-

1822 3452 1966 3492 cam.
1993 3437 2106 3492 Etsi
2134 3437 2276 3492 enim
2302 3434 2412 3490 illic
2441 3433 2608 3488 multo
2638 3431 2942 3486 fruerentur
2965 3431 3191 3497 honore,
3222 3444 3419 3501 magno

1827 3529 1958 3600 ipsis
1985 3528 2158 3584 dolori
2185 3534 2338 3583 erant
2362 3534 2703 3589 cteterorum,
2731 3537 2866 3594 quas
2890 3523 2988 3593 ipsi
3021 3522 3292 3587 videbant,
3319 3536 3416 3576 ca-

1826 3620 2129 3675 lamitates:
2161 3617 2303 3689 quod
2341 3617 2541 3673 sanctis
2570 3615 2805 3672 maxime
2842 3614 3118 3686 proprium
3159 3623 3262 3681 est,
3307 3629 3413 3669 non

1824 3710 2068 3781 gloriam,
2103 3726 2207 3764 non
2228 3708 2512 3775 honorem,
2530 3723 2639 3762 non
2664 3705 2810 3763 aliud
2836 3706 3125 3778 quidquam
3143 3705 3417 3776 proximo-

1826 3818 1945 3857 rum
1975 3802 2131 3857 saluti
2180 3809 2528 3871 anteponere.
2558 3796 2693 3853 Vide
2735 3797 2897 3869 igitur
2923 3795 3190 3867 quomodo
3225 3795 3279 3850 in
3308 3795 3447 3851 ferr

1828 3907 1963 3949 nace
2005 3910 2102 3965 pro
2148 3892 2293 3947 omni
2329 3891 2527 3962 populo
2559 3888 2940 3960 supplicarent.
2971 3887 3081 3943 Nos
3126 3898 3303 3942 autem
3347 3903 3418 3943 ne

1824 3985 2036 4055 quidem
2065 3999 2185 4038 cum
2208 3981 2492 4052 tranquille
2521 3980 2750 4051 agimus,
2777 3978 2999 4034 fratrum
3030 3978 3414 4033 recordamur:

1825 4088 2022 4132 etcum
2075 4075 2279 4131 sonmia
2319 4073 2680 4144 explorarent,
2713 4086 2820 4126 non
2868 4085 2984 4138 sua,
3041 4068 3136 4126 sed
3187 4070 3413 4125 aliorum

1825 4170 2108 4227 commoda
2155 4170 2207 4223 in
2246 4183 2411 4238 scopo
2458 4167 2769 4223 habebant:
2801 4166 2944 4237 quod
2988 4166 3134 4222 enim
3183 4175 3415 4220 mortem

1826 4270 2268 4327 contemnerent,
2320 4259 2504 4316 multis
2548 4270 2733 4330 postea
2782 4258 3143 4313 declararunt.
3207 4254 3415 4327 Ubique

1829 4364 2009 4411 autem
2046 4360 2243 4424 praesto
2270 4360 2392 4408 sunt
2431 4351 2594 4405 Deum
2622 4350 2834 4421 placare
2878 4349 3177 4405 studentes.
3209 4346 3417 4405 Deinde

1823 4448 1947 4520 quia
1974 4463 2035 4504 se
2057 4463 2162 4502 non
2191 4446 2259 4501 ad
2289 4444 2341 4500 id
2371 4444 2619 4502 sufficere
2649 4443 2925 4513 putabant,
2959 4442 3025 4497 ad
3064 4451 3246 4513 patres
3281 4457 3413 4497 con-

1822 4542 2069 4612 fugiunt:
2100 4539 2201 4610 ipsi
2230 4546 2410 4594 autem
2453 4552 2559 4592 non
2600 4535 2741 4591 aliud
2771 4535 2967 4591 afferre
3004 4534 3211 4601 dicunt,
3253 4548 3411 4604 quam

1824 4633 2068 4704 spiritum
2089 4630 2399 4687 contritum.
2430 4630 2540 4685 llos
2564 4630 2745 4698 itaque
2768 4636 2821 4683 et
2841 4642 2937 4684 nos
2964 4627 3249 4683 imitemur.
3279 4627 3410 4682 Nam

1823 4725 1982 4782 etiam
2012 4738 2153 4778 nunc
2171 4730 2276 4777 stat
2299 4735 2461 4777 aurea
2487 4720 2682 4791 imago,
2709 4732 2970 4774 mamonae
2997 4734 3190 4788 nempe
3232 4728 3413 4790 tyran-

1824 4818 1927 4873 nis.
1955 4816 2060 4873 Sed
2088 4831 2194 4871 non
2236 4814 2574 4871 attendamus
2623 4813 2911 4885 tympanis,
2955 4827 3062 4866 non
3093 4812 3269 4878 tibiis,
3301 4826 3408 4865 non

1821 4909 2061 4983 cinyris,
2111 4925 2217 4965 non
2274 4908 2479 4980 reliquo
2517 4906 2821 4964 divitiarum
2876 4904 3150 4974 apparatni
3182 4919 3406 4958 :verum

1823 5003 2032 5058 etiamsi
2066 5001 2117 5056 in
2146 5000 2469 5072 paupertatis
2489 4997 2758 5055 fornacem
2790 4995 3027 5050 incidere
3056 5002 3318 5065 oporteat,
3354 4995 3413 5051 id

1818 5107 1996 5177 potius
2023 5103 2339 5175 deligamus,
2379 5111 2434 5157 ut
2455 5117 2522 5156 ne
2565 5101 2738 5172 ipsum
2767 5098 3073 5163 adoremus,
3114 5103 3173 5151 et
3207 5093 3311 5150 erit
3346 5108 3401 5147 tn

1822 5200 1999 5255 medio
2039 5197 2269 5253 fornacis
2313 5212 2403 5252 ros
2431 5195 2676 5251 sibilans.
2701 5192 2779 5249 Ne
2822 5195 3003 5262 itaque
3032 5199 3401 5261 paupertatem

1824 5300 2157 5359 horreamus,
2175 5290 2300 5347 dum
2326 5290 2590 5344 fornacem
2612 5285 2858 5342 audimus
2887 5284 2926 5343 ί.
2950 5284 3082 5340 Nam
3106 5292 3231 5340 tunc
3244 5283 3404 5340 etiam

1874 5551 1893 5584 ι
1931 5557 1982 5600 In
2004 5542 2143 5598 savii.
2180 5550 2233 5593 et
2267 5537 2451 5602 aliquot
2483 5541 2592 5605 htss.
2617 5533 2819 5597 legitur,
2841 5544 2911 5605 _n_e
2925 5530 3083 5605 igitur
3110 5529 3401 5605 horreamus

1972 5592 2110 5661 iiiis;
2132 5592 2393 5668 fornacem.
2419 5597 2511 5651 sed
2550 5592 2785 5662 praestare
2808 5592 2999 5645 videtur
3027 5593 3177 5645 lectio
3198 5592 3402 5656 Novelli,
