3832 6178
369 273 442 331 53
1060 272 1118 328 3.
1157 270 1440 328 JOANNlS
1478 269 1964 330 CHRYSOSTOMI
2001 275 2323 333 ARCHIEP.
2363 276 2908 336 CONSTANTINOP.
3556 290 3627 345 54

361 375 398 431 ii
421 375 512 448 qui
534 374 586 432 in
620 365 888 440 fornacem
922 373 1225 430 inciderunt
1254 375 1574 432 illustriores
1608 377 1783 434 effecti
1813 394 1826 432 :
1854 381 1943 452 qui

360 478 540 536 autem
583 477 812 522 statuam
849 465 1224 532 adoraverunt,
1269 468 1430 528 occisi
1475 477 1618 530 sunt.
1666 469 1773 524 Sed
1821 478 1946 526 tunc

360 563 540 619 omnia
580 562 736 618 simul
768 561 905 618 facta
933 571 1092 630 sunt;
1126 577 1267 620 nunc
1296 578 1425 618 vero
1462 563 1564 619 alia
1611 563 1718 630 hic,
1759 565 1862 621 alia
1891 566 1943 622 in

359 658 538 714 futuro
567 654 782 720 saeculo,
813 655 914 712 alia
939 663 992 710 et
1030 653 1119 710 hic
1159 663 1216 710 ct
1256 654 1308 708 in
1346 654 1524 720 futuro
1549 656 1769 714 saaculo.
1812 657 1944 712 Nam

361 749 472 820 qui,
501 764 570 805 ne
598 762 897 802 mamouam
924 745 1229 814 adorarent,
1260 756 1626 817 paupertatem
1648 748 1944 820 elegerunt,

361 851 416 896 et
442 840 529 895 hic
554 850 608 895 et
631 839 738 894 illic
764 837 1156 908 splendidiores
1177 847 1334 894 erunt
1362 856 1376 893 :
1406 839 1497 910 qui
1537 855 1665 896 vero
1702 841 1786 896 hic
1810 840 1948 912 inju-

309 968 318 978 σ
362 943 446 989 ste
470 933 683 990 divitias
713 929 1086 1003 possederunt,
1116 939 1241 986 tunc
1263 942 1532 988 extremas
1559 932 1708 988 luent
1735 945 1944 1002 pmnas.

362 1027 446 1081 Ex
471 1025 570 1084 hac
598 1023 817 1080 fornace
837 1021 1072 1078 Lazarus
1097 1023 1250 1090 exiit,
1281 1037 1392 1079 non
1423 1022 1600 1080 minus
1627 1025 1949 1094 conspicuus

361 1134 520 1192 quam
565 1127 675 1174 tres
711 1115 791 1172 illi
831 1114 1199 1187 pueri;dives
1246 1123 1447 1195 autem,
1493 1115 1584 1186 qui
1609 1115 1948 1174 adorantium

361 1223 595 1279 statuam
623 1210 791 1268 instar
817 1210 940 1277 fuit,
968 1209 1032 1266 ad
1061 1209 1362 1280 gehennam
1387 1208 1670 1266 damnatus
1693 1209 1949 1266 est..Nam

361 1321 484 1378 quae
511 1304 651 1362 dicta
679 1311 824 1368 sunt,
853 1303 1020 1373 figura
1047 1301 1267 1358 illorum
1293 1308 1463 1356 erant.
1495 1300 1564 1358 Ut
1594 1301 1755 1373 igitur
1781 1302 1818 1358 ii
1859 1305 1949 1374 qui

362 1399 419 1454 iu
445 1396 721 1454 fornacem
754 1393 1091 1462 inciderunt,
1127 1393 1262 1467 nihil
1303 1393 1446 1464 passi
1485 1402 1643 1460 sunt;
1690 1395 1778 1466 qui
1821 1412 1951 1454 vero

361 1492 495 1549 foris
519 1499 910 1561 erant,.magna
927 1502 1050 1545 cum
1076 1485 1413 1544 vehementia
1447 1494 1572 1542 sunt
1591 1487 1797 1560 abrepti
1828 1505 1842 1544 :
1873 1489 1952 1546 sic

363 1593 420 1642 et
445 1595 572 1640 tunc
595 1583 695 1639 erit
715 1597 746 1648 ;
763 1578 935 1636 sancti
957 1579 1044 1650 qui
1071 1592 1167 1648 per
1189 1576 1409 1633 ﬂuvium
1435 1579 1648 1650 igneum
1675 1579 1950 1651 incedunt,

364 1678 500 1736 nihil
526 1678 792 1747 ingratum
841 1673 1132 1745 patientur,
1171 1670 1270 1728 sed
1314 1671 1423 1728 laeti
1463 1673 1951 1746 apparebunt;qui

363 1779 542 1826 autem
583 1768 870 1838 imaginem
929 1765 1326 1833 adoraverunt,
1375 1762 1550 1836 ignem
1599 1764 1857 1822 videbunt
1895 1767 1948 1824 in

363 1863 634 1934 tie-quavis
655 1860 763 1916 fera
787 1857 985 1914 sic-vius
1004 1857 1318 1923 irruentem,
1340 1864 1395 1912 et
1415 1855 1556 1912 intus
1571 1856 1948 1914 attrahentem.

366 1959 548 2028 Itaque
574 1957 620 2012 si
639 1955 758 2026 quis
784 1952 1089 2025 gehennam
1108 1965 1214 2006 non
1240 1948 1431 2018 credit,
1454 1949 1594 2010 hanc
1619 1951 1805 2008 videns
1839 1951 1950 2008 for-

364 2053 575 2106 nacem,
601 2054 634 2098 a
665 2039 1012 2108 praesentibus
1041 2038 1218 2096 futura
1253 2037 1478 2096 credere
1503 2037 1742 2104 ediscat,
1784 2051 1848 2094 ac
1876 2052 1945 2094 ne

361 2132 548 2200 tinent
585 2130 914 2203 paupertatis
963 2129 1255 2194 fornacem,
1305 2128 1398 2186 sed
1449 2129 1625 2200 potius
1667 2123 1942 2184 fornacem

361 2223 588 2294 peccati.
624 2222 751 2290 Haec
775 2221 916 2278 enim
961 2231 1015 2278 et
1040 2221 1252 2280 ﬂamma
1283 2230 1338 2276 et
1367 2220 1524 2278 dolor
1550 2234 1662 2287 est;
1687 2220 1776 2276 illa
1817 2237 1945 2276 vero

361 2329 454 2372 ros
475 2323 530 2371 et
548 2314 782 2386 requies.
830 2315 886 2371 lu
919 2315 1008 2370 illa
1041 2313 1258 2370 fornace
1299 2322 1407 2370 stat
1433 2314 1705 2382 diabolus;
1750 2316 1804 2378 in
1846 2315 1945 2372 hac

357 2405 532 2477 angeli
563 2407 898 2468 excutientes
919 2405 1212 2462 ﬂammam.

431 2497 521 2555 12.
561 2496 688 2552 Haec
710 2497 932 2552 audiant
952 2497 1165 2564 divites,
1193 2497 1282 2568 qui
1312 2499 1640 2568 paupertatis
1673 2498 1942 2555 ﬂammam

359 2588 678 2646 accendunt.
736 2588 1068 2662 Pauperibus
1118 2589 1266 2652 enim
1302 2587 1437 2648 nihil
1478 2590 1765 2655 nocebunt,
1820 2605 1943 2650 rore

357 2687 490 2756 ipsis
521 2686 968 2758 superveniente;
999 2700 1060 2742 se
1087 2700 1216 2741 vero
1243 2684 1388 2755 ipsos
1428 2684 1656 2742 ﬂammis
1695 2685 1939 2752 tradent,

354 2795 488 2850 quas
510 2780 608 2849 ipsi
635 2779 866 2850 propriis
909 2777 1154 2838 manibus
1187 2778 1572 2834 accenderunt.
1607 2778 1757 2834 Tunc
1779 2793 1942 2849 ange-

354 2872 440 2928 lus
459 2872 736 2930 descendit
759 2871 828 2935 ad
855 2885 1048 2942 pueros
1067 2887 1084 2938 ;
1105 2871 1219 2942 jam
1245 2887 1372 2928 vero
1396 2887 1497 2929 nos
1528 2872 1597 2928 ad
1633 2888 1747 2940 eos,
1769 2875 1859 2944 qui
1886 2875 1940 2928 in

355 2963 574 3022 fornace
600 2964 938 3034 paupertatis
953 2973 1073 3020 sunt
1092 3004 1108 3032 ,
1139 2964 1556 3032 descendamus,
1583 2974 1638 3021 et
1675 2980 1772 3036 per
1794 2966 1939 3022 elec-

354 3070 634 3126 mosynam
663 3070 841 3112 rorem
869 3057 1156 3127 pariamus,
1186 3057 1560 3129 ﬂammamque
1583 3059 1934 3128 excutiamus,

354 3156 414 3204 ut
433 3162 555 3208 cum
591 3149 696 3206 illis
724 3163 1043 3211 coronarum
1083 3149 1252 3205 simus
1292 3159 1608 3216 consortes;
1642 3161 1802 3224 utque
1843 3169 1937 3224 ge-

350 3240 542 3295 bennaa
585 3238 855 3302 ﬂammam
902 3239 1099 3298 ChriSti
1129 3256 1230 3298 vox
1255 3242 1487 3298 excutiat
1519 3242 1702 3298 dicens
1731 3285 1746 3308 ,
1794 3242 1931 3298 Esu-

347 3333 561 3388 rientem
587 3347 669 3388 me
693 3333 908 3400 vidiuis,
935 3343 984 3399 et
1017 3335 1223 3406 pavidis
1253 3335 1272 3405 (
1300 3333 1488 3392 Matth.
1519 3335 1614 3390 25.
1641 3336 1711 3392 55
1738 3334 1781 3408 ).
1811 3335 1936 3392 llaec

347 3424 493 3480 enim
519 3439 626 3486 vox
681 3433 808 3481 tunc
835 3425 991 3484 nobis
1039 3440 1137 3496 pro
1177 3441 1304 3488 rore
1343 3426 1515 3482 aderit
1562 3441 1658 3496 per
1704 3427 1934 3483 mediam

345 3517 616 3575 ﬂammam
639 3517 882 3574 sibilans.
913 3519 1312 3577 Descendamus
1353 3521 1529 3591 itaque
1549 3535 1668 3576 cum
1701 3522 1935 3578 eleemo-

345 3623 478 3682 syria
529 3611 583 3678 in
639 3611 912 3670 fornacem
968 3613 1295 3682 paupertatis
1336 3612 1654 3669 :videamus
1702 3613 1936 3684 philoso-

349 3702 574 3773 phantes
611 3703 731 3760 illos
755 3703 844 3773 qui
873 3703 928 3760 in
956 3705 1070 3773 ipsa
1112 3704 1425 3770 ambulant,
1456 3713 1511 3759 et
1538 3704 1801 3761 carbones
1825 3706 1935 3760 cal-

344 3803 472 3852 eant
519 3796 586 3849 ιε
634 3796 912 3853 videamus
959 3811 1072 3855 rem
1118 3811 1310 3856 novam
1363 3806 1524 3867 atque
1577 3798 1928 3868 stupendam,

343 3885 617 3943 hominem
666 3887 722 3943 in
771 3887 988 3948 fornace
1030 3889 1367 3957 psallentem,
1399 3888 1670 3944 hominem
1714 3889 1769 3944 in
1809 3890 1930 3960 igne

341 3979 541 4049 gratias
564 3987 830 4049 agentem,
858 3987 1094 4040 extrema
1124 3980 1300 4050 inopia
1327 3981 1718 4052 colligatum,et
1737 3983 1931 4039 multas

341 4071 557 4127 Christo
585 4071 776 4130 laudes
808 4071 1154 4134 referentem.
1181 4073 1392 4128 Etenim
1418 4075 1598 4144 pueris
1637 4074 1742 4130 illis
1771 4090 1930 4145 pares

341 4172 468 4220 sunt
481 4163 517 4220 ii
541 4162 634 4235 qui
650 4173 1015 4235 paupertatem
1035 4179 1162 4224 cum
1187 4165 1476 4236 gratiarum
1494 4166 1704 4222 actione
1727 4166 1923 4223 ferunt.

368 4377 376 4389 ε
409 4319 425 4352 ⁸
462 4318 578 4382 Alii,
598 4326 644 4370 et
665 4319 892 4389 superbos
902 4320 1262 4389 patcctu._lnfra
1276 4321 1489 4389 quidam,
1508 4317 1685 4375 multas
1713 4331 1809 4375 Deo
1821 4321 1926 4375 fau-

340 4381 448 4433 ἀει.
471 4381 577 4444 pro,
601 4381 775 4434 multas
797 4383 984 4436 (tutata
1007 4383 1192 4436 laudes.

2057 382 2190 438 Nam
2221 384 2342 457 igne
2371 384 2656 442 terribilior
2683 395 2766 441 est
2790 383 3123 454 mendicitas,
3161 389 3434 458 magisque
3458 387 3642 445 incen-

2055 472 2185 534 dere
2206 475 2362 532 solet.
2402 475 2505 532 Sed
2551 475 2764 530 ﬂamma
2811 491 3005 547 pueros
3054 477 3174 532 illos
3220 492 3326 532 non
3377 479 3638 549 incendit,

2056 581 2241 632 verum
2293 568 2415 642 quia
2467 570 2664 639 gratias
2719 569 2944 626 Domino
2990 570 3379 640 reddiderunt,
3428 575 3639 631 vincula

2055 675 2291 730 ipsorum
2317 660 2495 722 subito
2513 662 2685 722 soluta
2706 671 2851 718 sunt.
2878 661 2952 719 Ita
2980 672 3034 718 et
3060 678 3223 731 nunc,
3251 665 3296 720 si
3338 666 3390 720 in
3415 682 3642 738 pauper-

2055 759 2220 808 tatem
2244 752 2420 828 lapsus
2448 754 2644 824 gratias
2663 769 2810 825 agas,
2829 755 3034 810 vincula
3053 755 3330 810 solvuntur
3349 767 3402 811 et
3425 756 3638 812 ﬂamma

2053 843 2436 914 exstinguitur;
2469 845 2513 900 si
2545 860 2650 900 non
2677 845 3039 916 extinguatur,
3087 845 3138 900 id
3165 847 3305 917 quod
3339 848 3639 904 mirabilius

2053 941 2156 1000 est,
2188 951 2281 1005 pro
2303 935 2512 996 ﬂamma
2538 935 2658 991 fons
2679 935 2910 994 efﬁcitur
2925 935 2946 965 ²
2969 952 2984 1002 ;
3007 937 3147 1008 quod
3177 947 3301 993 tunc
3322 940 3482 994 etiam
3504 955 3639 996 con-

2056 1025 2168 1095 tigit
2201 1043 2214 1079 :
2249 1041 2368 1081 nam
2401 1027 2453 1080 iu
2501 1027 2675 1089 media
2705 1027 2919 1086 fornace
2962 1044 3086 1084 rore
3124 1045 3258 1099 puro
3303 1031 3638 1087 fruebantur.

2053 1114 2231 1186 Ignem
2257 1117 2471 1187 quidem
2521 1135 2627 1174 non
2670 1117 2945 1183 exstinxit.
2976 1120 3070 1176 sed
3101 1137 3167 1178 ne
3196 1123 3644 1180 comburerentur

2052 1211 2141 1279 qui
2169 1224 2233 1264 eo
2261 1209 2438 1280 injecti
2470 1209 2677 1265 fuerant
2708 1210 3003 1282 impedivit.
3046 1211 3156 1268 Hoc
3185 1214 3343 1269 etiam
3381 1213 3434 1269 in
3462 1213 3640 1285 philo-

2053 1299 2400 1368 sophantibus
2429 1301 2610 1357 videre
2634 1311 2753 1357 est:
2781 1303 2979 1358 etenim
3036 1303 3090 1357 iu
3125 1314 3438 1374 paupertate
3484 1307 3643 1361 timo-

2052 1395 2127 1451 ris
2177 1394 2345 1465 magis
2382 1404 2629 1466 expertes
2669 1405 2828 1465 sunt,
2885 1411 3044 1468 quam
3079 1395 3292 1454 divites.
3343 1397 3422 1454 Ne
3459 1399 3643 1472 itaque

2052 1493 2202 1548 extra
2230 1484 2498 1540 caminum
2515 1483 2815 1552 sedeamus,
2835 1485 2976 1541 nulla
3004 1501 3126 1556 erga
3145 1503 3409 1561 pauperes
3425 1491 3640 1547 miseri-

2051 1573 2232 1630 cordia
2262 1573 2464 1642 afl'ecti,
2495 1591 2562 1630 ne
2588 1577 2856 1646 patiamur
2883 1576 3025 1647 quod
3054 1586 3181 1632 tunc
3209 1578 3282 1633 illi
3312 1580 3455 1650 passi
3489 1591 3638 1636 sunt.

2051 1666 2108 1723 Si
2132 1666 2272 1723 enim
2301 1664 2635 1722 descendens
2654 1666 2722 1722 ad
2753 1679 2948 1738 pueros
2975 1682 3096 1724 cum
3121 1669 3226 1724 illis
3247 1671 3483 1740 steteris,
3505 1672 3641 1728 nihil

2049 1758 2175 1813 mali
2219 1756 2315 1813 tibi
2355 1757 2552 1814 inferet
2601 1759 2737 1830 ignis
2776 1759 2869 1814 :si
2921 1767 3098 1816 autem
3145 1775 3378 1832 superne
3419 1763 3639 1830 sedens,

2048 1849 2360 1920 despexeris
2413 1851 2534 1906 illos
2583 1851 2635 1906 in
2683 1849 2896 1906 ﬂamma
2928 1853 3278 1922 paupertatis,
3328 1864 3382 1910 te
3422 1853 3640 1912 ﬂamma

2049 1941 2342 1998 comburet.
2377 1941 2652 1997 Descende
2679 1941 2839 2012 igitur
2858 1943 2908 1996 in
2932 1943 3128 2013 ignem,
3153 1959 3221 2000 ne
3245 1943 3547 2002 incendaris
3569 1947 3644 2003 ab

2049 2035 2171 2104 igne
2199 2051 2212 2090 :
2245 2049 2314 2090 ne
2343 2034 2530 2090 sedeas
2550 2042 2701 2090 extra
2733 2035 2932 2106 ignem,
2960 2049 3030 2091 ne
3057 2045 3109 2091 te
3137 2035 3350 2096 flamma
3384 2038 3638 2110 abripiat.

2048 2126 2103 2184 Si
2133 2126 2273 2182 enim
2301 2135 2352 2182 te
2377 2126 2570 2182 viderit
2593 2142 2713 2182 cum
2741 2127 3083 2198 pauperibus,
3113 2141 3145 2182 a
3171 2135 3224 2182 te
3244 2129 3524 2195 abscedet;
3552 2131 3643 2188 sin

2049 2221 2117 2274 ab
2140 2219 2244 2274 illis
2271 2228 2594 2290 separatum,
2621 2221 2798 2275 statim
2826 2221 2878 2275 in
2903 2231 2955 2275 te
2981 2220 3195 2286 iusilict,
3213 2232 3369 2291 teque
3387 2223 3638 2295 abripiet.

2045 2307 2123 2366 Ne
2166 2309 2327 2381 igitur
2376 2308 2634 2364 abscedas
2687 2307 2757 2363 ab
2809 2308 2913 2363 illis
2947 2323 3012 2363 eo
3059 2309 3354 2378 conjectis:
3382 2308 3475 2364 sed
3505 2323 3635 2364 cum

1983 2459 1987 2466 ,
2043 2404 2283 2460 diabolus
2309 2403 2535 2473 jusserit,
2555 2417 2648 2457 eos
2664 2401 2751 2474 qui
2771 2416 2958 2455 aurum
2987 2417 3093 2456 non
3116 2402 3338 2457 adorent
3357 2401 3547 2472 conjici
3576 2403 3632 2456 in

2044 2496 2312 2552 fornacem
2343 2494 2692 2568 paupertatis,
2722 2510 2789 2549 ne
2810 2492 2973 2549 fueris
2999 2509 3063 2549 ex
3115 2494 3465 2564 injicientium
3487 2536 3502 2562 ,
3531 2494 3632 2549 sed

2040 2601 2107 2642 ex
2137 2585 2451 2656 iujectorum
2475 2599 2698 2640 numero
2718 2627 2732 2650 ,
2766 2592 2825 2639 ut
2851 2585 2926 2639 sis
2949 2601 3015 2641 ex
3044 2585 3435 2640 servandorum
3460 2625 3476 2652 ,
3520 2601 3636 2640 non
3684 2661 3690 2666 _

2040 2696 2108 2736 ex
2133 2679 2458 2737 urendorum
2488 2693 2729 2733 numero.
2772 2677 2902 2732 Nam
2931 2692 3057 2735 vere
3091 2692 3182 2733 ros
3221 2687 3304 2734 est
3339 2677 3588 2748 copiosus
3612 2719 3635 2744 ,

2042 2787 2150 2829 non
2174 2772 2402 2828 detineri
2441 2770 2870 2842 concupiscentia
2891 2770 3195 2825 divitiarum
3217 2812 3231 2836 ,
3263 2781 3317 2826 et
3345 2785 3467 2826 cum
3495 2785 3639 2840 pau-

2039 2863 2258 2934 peribus
2286 2865 2508 2918 versari.
2534 2861 2599 2916 Hi
2626 2861 2865 2917 omnium
2908 2870 3031 2916 sunt
3082 2861 3494 2931 opulentissimi,
3538 2860 3640 2932 qui

2037 2957 2377 3027 cupiditatem
2392 2956 2690 3011 divitiarum
2707 2955 3170 3010 conculcaverunt.
3187 2953 3638 3024 Quandoquidem

2037 3049 2113 3104 illi
2143 3050 2231 3118 qui
2264 3058 2388 3103 tunc
2414 3064 2590 3117 regem
2614 3045 3201 3115 contempserunt,ipso
3223 3061 3348 3115 rege
3377 3045 3642 3100 clariores

2043 3145 2380 3202 sunteﬂ‘ecti.
2407 3145 2474 3200 Et
2502 3153 2557 3200 tu
2589 3143 2746 3214 igitur
2767 3143 2812 3198 si
2838 3158 2925 3199 res
2949 3143 3102 3215 hujus
3136 3145 3320 3200 mundi
3347 3145 3649 3217 deSpicias,

2046 3245 2158 3292 toto
2187 3236 2387 3292 mundo
2413 3236 2696 3306 pretiosior
2737 3236 2846 3291 eris
2871 3276 2886 3302 ,
2912 3244 2972 3290 ut
3007 3246 3061 3291 et
3095 3237 3264 3292 sancti
3305 3237 3411 3300 illi,
3445 3237 3646 3307 Quibus

2043 3330 2228 3401 dignus
2257 3346 2358 3382 non
2388 3337 2495 3384 erat
2521 3327 2738 3382 mundus
2763 3326 2949 3398 (Hebr.
2980 3327 3068 3382 Η.
3096 3325 3210 3400 58).
3245 3327 3312 3384 Ut
3355 3328 3532 3400 itaque
3561 3331 3648 3385 di-

2044 3434 2181 3490 guns
2213 3418 2308 3474 fias
2338 3418 2648 3474 cmleStibus
2671 3420 2711 3486 ί,
2740 3418 2925 3472 deride
2954 3419 3258 3490 praesentia.
3295 3418 3371 3474 Ita
3409 3421 3556 3476 enim
3586 3432 3648 3478 et
3673 3441 3680 3450 “

2045 3507 2132 3563 hic
2155 3509 2484 3579 splendidior
2514 3509 2656 3574 eri’s,
2683 3517 2740 3564 et
2764 3507 2959 3564 futuris
3002 3509 3158 3564 bonis
3201 3509 3414 3579 frueris,
3461 3513 3645 3583 gratia

2046 3607 2102 3654 et
2127 3599 2452 3670 benignitate
2476 3600 2684 3654 Domini
2714 3600 2883 3655 nostri
2913 3599 3040 3654 Jesu
3066 3599 3289 3668 Christi,
3329 3602 3415 3658 cui
3459 3603 3645 3660 gloria

2048 3702 2103 3748 ct
2129 3693 2408 3764 imperium
2437 3693 2492 3748 in
2519 3693 2714 3749 saecula
2743 3693 3081 3749 saeculorum.
3115 3695 3308 3750 Amen.

2111 3880 2271 3954 ’__Post
2291 3884 2392 3954 has
2410 3894 2572 3954 voces,
2597 3894 2687 3954 pro
2711 3879 3289 3954 [ιιιηιηια.Ῑοηςξείῖῑεξιιινἲ
3324 3885 3650 3954 manuscript!

2047 3946 2248 3998 Codices
2271 3945 2460 4008 plurimi
2472 3952 2532 4008 et
2552 3943 2694 4008 savii.
2708 3943 2766 4008 in
2780 3943 3000 4006 margine
3019 3943 3102 4008 sic
3112 3943 3296 4008 habent
3310 3959 3322 3993 :
3343 3943 3475 4004 quod
3485 3943 3648 4008 etia'm

2047 4009 2214 4077 videre
2236 4003 2306 4077 est
2330 4007 2381 4057 in
2397 4003 2838 4077 philosophantium
2866 4003 2908 4056 ;“
2917 4004 3101 4077 Etenim
3117 4005 3168 4077 in
3187 4003 3467 4077 paupertate
3487 4006 3649 4058 timo-

2046 4072 2116 4122 ris
2137 4069 2291 4133 magis
2313 4065 2540 4136 expertes
2571 4065 2697 4130 sunt,
2723 4080 2868 4136 quain
2883 4065 3090 4136 divites,
3112 4075 3158 4118 et
3182 4065 3232 4117 in
3254 4065 3413 4136 medio
3435 4067 3650 4136 fat-tmte

2046 4146 2157 4182 rore
2187 4127 2313 4195 puro
2337 4127 2652 4201 perfruuntur
2673 4127 2850 4242 ;Juod
2873 4134 2987 4180 tunc
3024 4129 3171 4178 etiam
3201 4127 3397 4200 contng
3421 4127 3444 4180 ἱ
3473 4129 3651 4204 igne»!

2047 4194 2244 4242 auidem
2262 4207 2358 4242 non
2380 4199 2636 4242 exstmxu.
2659 4207 2682 4242 δ
2778 4205 2840 4242 ne
2872 4189 3266 4242 comburerentur
3289 4205 3373 4242 aut
3393 4204 3450 4242 ea
3469 4201 3651 4242 amem

2047 4189 2244 4256 quidem
2262 4189 2358 4244 non
2380 4189 2636 4256 eiet-ittin,
2659 4189 2747 4256 sed
2778 4205 2840 4244 ne
2872 4189 3266 4244 comburerentur
3289 4189 3373 4256 qui
3393 4204 3450 4244 ea
3469 4189 3655 4255 injecti

2047 4210 2066 4244 (
2081 4209 2244 4246 utaem
2262 4209 2358 4244 non
2380 4209 2636 4252 cuman,
2659 4209 2746 4243 sea
2778 4209 2840 4244 ne
2872 4209 2989 4241 cortu

2047 4209 2261 4320 fuerant,
2273 4255 2538 4319 impedivit.
2577 4263 2672 4306 Nec
2687 4254 2868 4318 itaque,
2892 4259 2989 4304 etc.

2115 4319 2133 4349 ι
2167 4319 2241 4386 s_ic
2260 4331 2432 4386 omnes
2453 4321 2779 4386 Manusafipti,
2807 4329 2860 4372 et
2889 4322 2962 4374 sic
2983 4319 3110 4386 legit
3137 4319 3376 4374 Anianus.
3401 4319 3548 4374 savii.
3589 4328 3655 4374 et

2052 4379 2234 4444 Μυῖα,
2251 4380 2403 4444 catis,
2426 4394 2534 4447 pro,
2568 4379 2855 4436 caelestibus.
