3858 6344
416 377 490 436 55
815 328 822 389 ί
1116 364 1176 421 s.
1211 359 1496 421 JOANNIS
1536 354 2015 416 CHRYSOSTOMI

2145 349 2391 410 lCHlEP.
2433 340 2982 408 CONSTANTINOP.
3600 306 3743 397 56'

437 504 777 524 Μ

769 477 3603 520 _________________________________..______

1882 572 2128 630 OMIAIA
2164 573 2240 626 E'.

427 710 614 768 Τοῦτο
631 707 702 763 δὲ
721 706 870 762 ὅλον
885 705 1155 775 γέγονεν,
1172 702 1274 755 ἵνα
1293 698 1581 775 πληρωθῇ
1597 698 1666 753 τὸ
1675 695 2005 775 ρηθὲκῄπῤ

501 719 614 766 ιῦτο
631 719 702 763 σε
721 719 870 762 ολον
885 719 953 775 τε
1063 719 1155 767 εν,
1175 719 1274 755 ινα
1293 719 1538 771 πληρωυ
1597 719 1666 753 το
1675 719 1870 768 ρησε-ν·
1882 719 2002 751 ww

501 780 611 835 τοῦ
634 777 858 846 Κυρίου
891 719 1117 828 διέῗοῦ
1149 771 1461 846 προφῄτου
1483 719 1790 846 λέντιον-τος*
1813 787 1833 820 ι
1855 765 2002 846 Ἰδοὺ

499 852 539 918 νή
569 835 867 918 πῳθὲγος
909 845 982 899 ἐν
1015 841 1229 918 ragth
1266 835 1416 918 ἔξει,
1444 841 1571 918 ριαξ
1569 835 1814 904 ’τέξεται
1830 835 2001 918 υἱὸν,

496 908 597 974 θέοι
623 908 963 971 καλέσουσι
985 908 1053 968 τὸ
1081 908 1269 981 ὄνομα
1287 909 1473 988 αιξτοῦ
1515 908 1909 974 Ἐμμανουήλ.
1940 925 1962 958 ι

499 1006 571 1065 α’.
593 1003 805 1058 Πολλῶν
816 999 1000 1056 ἀκούω
1011 998 1294 1068 λεγόντων,
1307 997 1386 1051 ὅτι
1403 997 1665 1068 παρόντες
1682 997 1778 1068 μὲν
1795 997 1999 1067 καὶτῆς

429 1097 744 1170 ἀκροάσεως
787 1089 1149 1153 ἀπολαύοντες
1167 1125 1183 1152 ,
1219 1085 1614 1157 συπελλόμεθα
1635 1101 1650 1115 '
1699 1085 2001 1152 ἐξελθόντες

431 1191 512 1255 δέ,
543 1188 721 1260 ἕτεροι
751 1184 914 1239 πάλιν
951 1180 1065 1236 ἀνθ’
1107 1179 1310 1250 ἐτέρων
1330 1177 1618 1250 γινόμεθα,
1657 1178 1719 1232 τὸ
1766 1177 1878 1250 πῦρ
1902 1179 2002 1249 τῆς

434 1277 746 1351 προθυμίας
772 1270 1109 1335 σϐεννύντες.
1127 1268 1193 1322 Τί
1220 1263 1314 1322 οὖν
1337 1267 1404 1320 ἀν
1425 1266 1654 1336 γένοιτο,
1671 1267 1819 1332 ὅπως
1843 1268 2002 1322 τοῦτο

437 1369 516 1441 μὴ
561 1367 817 1438 γίνηταις
867 1363 1238 1432 Σκοπήσωμεν
1289 1357 1410 1412 ὅθεν
1451 1359 1677 1427 γίνεται.
1716 1360 1885 1413 Πόθεν
1908 1355 2002 1416 οὖν

435 1460 641 1529 γίνεται
697 1458 827 1528 ἡμῖν
858 1455 893 1527 ἡ
937 1453 1169 1522 τοσαύτη
1221 1449 1519 1521 μεταϐολή;
1574 1451 1706 1504 Ἀπὸ
1750 1452 1849 1523 τῆς
1889 1452 2004 1506 δια.

433 1551 627 1626 τριϐῆς
677 1549 776 1619 τῆς
822 1546 896 1618 μὴ
938 1541 1350 1616 προσηκούσης,
1395 1543 1488 1596 καὶ
1537 1545 1637 1614 τῆς
1698 1541 1842 1615 [72]
1893 1544 2003 1599 τῶν

435 1640 687 1714 πονηρῶν
719 1636 1021 1708 ἀνθρώπων
1059 1633 1361 1698 συνουσίας.
1416 1632 1489 1686 Ού
1542 1634 1652 1705 γάρ
1684 1634 1852 1706 ἐχρῆν
1897 1636 2005 1690 ἀπὸ

434 1734 536 1805 τῆς
569 1728 842 1796 συνάξεως
866 1722 1299 1797 ἀναχωροῦντας,
1330 1723 1409 1786 είς
1438 1722 1509 1776 τά
1552 1726 1627 1796 μὴ
1659 1727 2005 1796 προσήκοντα

434 1826 504 1895 τῇ
529 1819 743 1885 συνάξει
771 1817 1058 1889 ἐμϐάλλειν
1086 1816 1311 1878 ἐαυτοὺς
1339 1814 1654 1888 πράγματα’
1673 1815 1787 1869 ἀλλ’
1801 1817 2002 1882 εὐθέως

435 1911 615 1966 οῖκαδε
639 1907 888 1970 ἐλθόντας
921 1904 983 1957 τὺ
1028 1903 1228 1979 βιϐλίον
1262 1902 1761 1974 μεταχειρίζεσθαι,
1786 1903 1881 1957 καὶ
1907 1904 2006 1975 τὴν

436 2006 670 2075 γυναῖκα
695 2001 790 2055 καὶ
811 1998 881 2054 τά
923 1995 1112 2050 παιδία
1157 1995 1295 2067 πρὸς
1325 1994 1425 2067 τὴν
1461 1994 1746 2048 κοινωνίαν
1773 1995 1872 2066 τῆς
1895 1994 2006 2048 τῶν

439 2095 743 2166 εἰρημένων
768 2093 952 2147 καλεῖν
995 2093 1280 2166 συλλογῆς,
1319 2093 1413 2147 καὶ
1438 2093 1556 2146 τότε
1583 2091 1690 2147 τῶν
1741 2092 2010 2165 βιωτικῶν

437 2187 706 2243 ἅπτεσθαι
737 2186 1098 2258 πραγμάτων.
1131 2186 1196 2239 El
1228 2184 1340 2257 γὰρ
1377 2183 1487 2239 ἀπὺ
1515 2184 1792 2254 βαλανείου
1819 2186 1920 2240 οὐκ
1945 2186 2010 2241 ἂν

438 2278 580 2333 ἐλοιο
601 2279 682 2342 είς
703 2276 907 2348 ἀγορὰν
923 2275 1231 2348 ἐμϐάλλειν,
1250 2275 1388 2328 ὥστε
1407 2275 1482 2347 μή
1495 2275 1594 2348 τήν
1609 2275 1820 2332 ἐκεῖθεν
1829 2278 2012 2332 ἄνεσιν

438 2367 783 2440 λυμήνασθαι
809 2370 922 2430 τοῖς
953 2368 1012 2420 ἐν
1043 2367 1219 2438 ἀγορᾷ
1245 2366 1534 2436 πράγμασι
1553 2382 1568 2398 ο
1604 2367 1784 2440 πολλῷ
1814 2368 2012 2440 μᾶλλον

439 2461 551 2516 ἀπὸ
577 2459 848 2525 συνάξεως
902 2459 1060 2514 τοῦτο
1098 2461 1270 2512 ποιεῖν
1306 2459 1492 2530 ἐχρῆν.
1532 2458 1646 2513 Νῦν
1688 2459 1746 2513 δέ
1793 2461 2016 2516 τούνανυ

439 2554 555 2607 τίον
587 2553 877 2623 ποιοῦμεν·
927 2551 1016 2606 διά
1045 2551 1110 2624 δὴ
1136 2550 1294 2605 τοῦτο
1339 2550 1433 2606 καὶ
1466 2549 1644 2604 πάντα
1684 2551 2010 2624 ἀπόλλυμεν.

441 2644 610 2700 Ούπω
659 2643 768 2715 γάρ
817 2644 916 2714 τῆς
954 2642 1222 2713 ὠφελείας
1252 2641 1362 2696 τῶν
1413 2641 1710 2713 λεχθέντων
1743 2645 2013 2716 παγείσης

441 2736 644 2801 καλῶς,
678 2737 712 2806 ή
747 2734 918 2805 πολλὴ
972 2734 1118 2806 ῥύμη
1155 2733 1264 2788 τῶν
1312 2733 1510 2800 ἔξωθεν
1565 2737 2014 2805 προσπιπτόντων

441 2828 621 2882 πάντα
650 2824 1016 2897 παρασύρασα
1045 2825 1090 2857 ⁶²
1119 2825 1340 2896 οἴχεται.
1373 2824 1468 2878 Ἵν’
1500 2819 1594 2878 οὖν
1631 2824 1706 2896 μή
1740 2825 1894 2878 τοῦτο
1926 2827 2010 2894 γίει

441 2935 621 2990 νηται,
652 2917 760 2970 ἀπὸ
781 2915 1050 2982 συνάξεως
1074 2916 1394 2988 ἀναχωρῶν,
1419 2917 1582 2988 μηδὲν
1612 2917 1764 2970 ποιοῦ
1789 2918 1888 2990 τῆς
1906 2920 2009 2974 τῶν

443 3007 750 3079 εἰρημένων
774 3006 1033 3078 συλλογῆς
1056 3008 1498 3079 ἀναγκαιότερον.
1523 3010 1632 3063 Καὶ
1653 3010 1760 3083 γάρ
1782 3012 2010 3083 ἐσχάτης

443 3098 835 3170 ἀγνωμοσύνης
867 3099 935 3153 ἂν
964 3101 1071 3171 εἴη,
1101 3099 1262 3153 πέντε
1299 3101 1394 3153 καὶ
1425 3098 1486 3166 ἐξ
1506 3101 1717 3172 ἡμέρας
1745 3105 1859 3167 τοῖς
1888 3103 2006 3174 βιω-

443 3193 617 3253 τικοῖς
659 3190 1066 3261 ἀπονέμοντας,
1119 3194 1232 3255 τοῖς
1279 3195 1668 3264 πνευματικοῖς
1724 3193 1859 3265 μηδὲ
1887 3196 2013 3265 μίαν

443 3281 681 3352 ἡμέραν,
706 3282 903 3352 μᾶλλον
933 3283 989 3336 δὲ
1024 3282 1158 3352 μηδὲ
1181 3284 1228 3316 ⁸³
1256 3285 1451 3357 μικρὸν
1479 3285 1578 3356 τῆς
1613 3286 1828 3358 ἡμέρας
1853 3286 2016 3361 μέρος

447 3371 646 3426 διδόναι
676 3372 742 3426 ⁸⁸.
771 3373 883 3443 Οὐχ
905 3374 1068 3444 ὁρᾶτε
1105 3373 1175 3427 τά
1203 3375 1392 3429 παιδία
1428 3376 1497 3430 τά
1531 3375 1773 3448 ἡμέτερα
1803 3378 1848 3410 ⁸⁸
1871 3419 1886 3444 ,
1935 3379 2016 3432 ὅτι

452 3464 522 3518 τά
556 3462 875 3534 μαθήματα,
910 3465 1052 3536 ἅπερ
1086 3465 1151 3520 ἂν
1177 3466 1455 3533 δέξωνται,
1473 3467 1644 3522 ταῦτα
1675 3467 1739 3520 δι’
1761 3469 1888 3540 ὅλης
1921 3487 2015 3541 μευ

451 3553 644 3607 λετῶσι
669 3555 767 3627 τὴς
788 3556 996 3628 ἡμέρας
1017 3575 1032 3625 ;
1063 3557 1232 3611 Τοῦτο
1256 3557 1320 3629 δὴ
1341 3560 1434 3613 καὶ
1455 3560 1610 3631 ἡμεῖς
1635 3559 2012 3632 ἐργασώμεθα⁶

446 3653 570 3708 ἐπεὶ
599 3651 762 3706 πλέον
801 3651 953 3705 οὐδὲν
991 3653 1124 3722 ἡμῖν
1169 3651 1320 3706 ἔσται
1347 3652 1448 3721 τῆς
1482 3651 1718 3706 ἐνταῦθα
1752 3652 2021 3722 ἀφίξεως,

448 3746 527 3809 εις
555 3744 711 3799 πίθον
743 3743 1072 3815 τετρημένον
1097 3743 1347 3798 ἀντλοῦσι
1370 3743 1491 3798 καθ’
1526 3745 1762 3815 ἐκάστην
1790 3746 2021 3816 ἡμέραν,

454 3836 544 3888 καὶ
567 3835 698 3907 μηδέ
724 3835 992 3905 τοσαύτην
1025 3836 1418 3905 παρεχομένοις
1445 3835 1680 3905 σπουδὴν
1711 3838 1777 3907 τῇ
1802 3835 1910 3887 τῶν
1945 3838 2025 3889 εί·-

453 3927 700 4000 ρημένων
722 3927 958 3996 φυλακῇ.
987 3926 1119 3998 ὅσην
1142 3927 1270 3999 περὶ
1294 3927 1494 3997 χρυσὸν
1520 3929 1612 3981 καὶ
1639 3929 1876 4000 ἄργυρον
1904 3929 2026 3980 ἐπι..

453 4019 796 4090 δεικνύμεθα.
845 4019 1082 4088 Δηνὰρια
1117 4019 1214 4088 μὲν
1241 4019 1351 4090 γάρ
1381 4037 1464 4084 τις
1496 4020 1652 4090 ὀλίγα
1683 4020 1860 4074 λαϐὼν
1884 4059 1900 4085 ,
1931 4021 2028 4074 καὶ

453 4113 533 4174 εἰς
565 4111 844 4182 βαλάντιον
904 4109 1238 4176 ἀποτίθεται,
1270 4112 1365 4165 καὶ
1388 4115 1654 4183 σφραγῖδα
1683 4113 1985 4185 ἐπιτίθησιν
2009 4129 2022 4143 °

452 4205 611 4274 ἡμεῖς
631 4204 686 4257 δὲ
711 4204 804 4257 καὶ
830 4203 1052 4274 χρυσίου
1083 4205 1177 4259 καὶ
1203 4205 1367 4258 λίθων
1395 4205 1700 4260 πολυτελῶν
1726 4205 2027 4279 τιμιώτερα

451 4295 727 4366 δεχόμενοι
752 4294 925 4364 λόγια,
957 4295 1050 4349 καὶ
1081 4296 1207 4361 τοὺς
1233 4295 1326 4349 τοῦ
1351 4295 1666 4367 Πνεύματος
1700 4296 2028 4368 ὑποδεχόμε-

453 4406 532 4440 νοι
563 4386 887 4458 θησαυροὺς,
927 4387 1028 4440 οὑκ
1057 4389 1137 4451 είς
1165 4387 1233 4442 τὰ
1262 4390 1482 4459 ταμιεῖα
1511 4387 1612 4457 τῆς
1638 4387 1814 4459 ψυχῆς
1843 4389 2030 4440 ἀποτι-

454 4473 680 4544 θέμεθα,
710 4475 825 4529 ἀλλ’
853 4475 1040 4539 ἁπλῶς
1060 4476 1154 4528 καὶ
1186 4474 1260 4540 ὡς
1287 4476 1474 4546 ἔτυχεν
1498 4475 1674 4545 ἐῶμεν
1693 4476 1792 4545 τῆς
1825 4475 2026 4547 ἡμετέ-

459 4581 558 4637 ρας
590 4565 828 4628 διανοίας
847 4566 1049 4636 ἐκρεῖν.
1082 4565 1178 4629 Τίς
1206 4561 1300 4620 οῦν
1333 4567 1480 4637 ἡμᾶς
1518 4564 1631 4638 [75]
1684 4566 1895 4636 ἐλεήσει
1919 4566 2030 4619 λοι-

459 4658 579 4719 πὸν,
617 4656 1062 4721 ἐπιϐουλεύοντας
1109 4659 1342 4722 ἑαυτοῖς,
1388 4659 1482 4711 καὶ
1535 4659 1615 4722 εἰς
1641 4659 1908 4730 τοσαύτην
1933 4659 2031 4731 ἐμ-

460 4747 748 4811 ϐάλλοντας
788 4747 1010 4814 πενίαν;
1054 4747 1150 4800 Ἷν’
1195 4743 1288 4801 οῦν
1319 4748 1393 4821 μή
1421 4746 1579 4802 τοῦτο
1620 4749 1864 4821 γίνηται,
1895 4751 2032 4821 γρά-

459 4833 646 4903 ψωμεν
679 4835 888 4895 ἑαυτοῖς
919 4834 1080 4906 νόμον
1104 4836 1376 4906 ἀκίνητον,
1419 4839 1514 4891 καὶ
1541 4841 1660 4903 ταῖς
1688 4841 1905 4907 γυναιξὶ
1936 4841 2032 4895 καὶ

461 4925 570 4989 τοῖς
597 4927 750 4980 παισὶ
778 4929 889 4990 τοῖς
906 4927 1217 4999 ἡμετέροις,
1241 4929 1370 4998 μίαν
1389 4930 1486 5000 τῆς
1507 4931 1795 5002 ἑϐδομάδος
1821 4934 2033 5005 ἡμέραν

459 5017 664 5089 ταύτην
684 5018 812 5090 ὃλην
841 5019 885 5050 ⁸⁸
913 5018 1222 5074 ἀνατιθέναι
1245 5022 1312 5090 τῇ
1334 5021 1594 5092 ἀκροάσει
1621 5025 1715 5076 καὶ
1743 5023 1849 5076 τῶν
1872 5027 2036 5078 ἀκου-

463 5109 696 5163 σθέντων
743 5113 810 5182 τῇ
867 5110 1118 5183 συλλογῇ.
1170 5111 1325 5166 Οὕτω
1357 5114 1466 5186 γὰρ
1496 5117 1591 5170 καὶ
1646 5116 2035 5191 εὐμαθέστεροι

461 5201 598 5270 πρὸς
633 5201 703 5254 τὰ
724 5201 984 5270 μέλλοντα
1007 5202 1341 5274 ῥηθήσεσθαι
1370 5207 1777 5279 ἀπαντήσομεν,
1795 5209 2035 5280 καὶήμῖν

463 5291 696 5345 ἐλάττων
745 5294 774 5346 6
802 5294 962 5355 πόνος
993 5296 1176 5362 ἐσται,
1213 5298 1309 5351 καὶ
1337 5298 1464 5370 ὑμῖν
1508 5301 1570 5354 τὸ
1606 5301 1797 5373 κέρδος
1851 5303 2033 5369 πλέον,

2131 685 2448 745 ἀκολουθίαν
2497 685 2696 739 εἰδέναι
2743 683 2881 754 μετά
2908 680 3194 754 ἀκριϐείας
3241 682 3348 736 τῶν
3382 682 3512 753 παρ’
3543 684 3738 754 ἡμῶν

2138 779 2511 853 ὕφαινομένων
2541 777 2670 845 ὑμῖν
2713 774 3021 846 νοημάτων.
3095 775 3314 847 Ἐπειδὴ
3353 775 3463 848 γάρ
3495 775 3600 830 ούκ
3617 775 3736 829 ενι

2132 879 2312 931 πάντα
2357 879 2416 932 ἐν
2453 879 2553 952 μιᾷ
2602 877 2926 933 καταϐαλεῖν
2956 877 3001 910 ⁸⁷¹
3029 873 3235 948 ἡμέρᾳ,
3269 871 3338 926 τὰ
3367 873 3424 927 ἐν
3480 871 3734 935 πολλαῖς

2131 967 2258 1039 ὑμῖν
2288 969 2525 1040 ἡμέραις
2549 969 2948 1041 κατατιθέμενα
2976 970 3044 1039 τῇ
3075 970 3174 1038 τῆς
3206 965 3423 1036 μνήμης
3452 962 3732 1032 συνεχείᾳ

2132 1057 2322 1132 ῶσπερ
2355 1061 2539 1133 σειράν
2573 1077 2696 1116 τινα
2728 1061 3069 1131 ποιήσαντες,
3099 1057 3241 1110 οὓτω
3259 1055 3323 1124 δὴ
3354 1053 3729 1124 περιτίθεσθε

2129 1153 2198 1222 τῇ
2231 1150 2400 1222 ψυχῇ.
2440 1151 2582 1205 ῶττε
2629 1150 2922 1222 ὁλόκληρον
2971 1147 3254 1219 φαίνεσθαι
3278 1147 3340 1200 τὸ
3384 1145 3542 1216 σῶμα
3594 1144 3731 1198 τῶν

2132 1241 2385 1312 Γραφῶν.
2420 1242 2856 1313 Ἀναμνήσαντες
2879 1240 3058 1294 τοίνυν
3083 1238 3191 1292 τῶν
3221 1236 3446 1306 ἐναγχος
3476 1234 3734 1307 εἰρημέ-

2131 1348 2240 1386 νων
2267 1333 2496 1396 ἐαυτοὺς
2513 1370 2530 1398 ,
2579 1332 2722 1387 οὕτω
2755 1331 2850 1388 καὶ
2883 1332 3122 1402 σήμερον
3159 1328 3251 1384 ἐπὶ
3270 1327 3340 1382 τὰ
3367 1325 3734 1399 προκείμενα

2135 1419 2325 1494 ἴωμεν.

2210 1541 2277 1612 β’.
2294 1543 2430 1598 Τίνα
2449 1545 2506 1597 δέ
2532 1545 2647 1599 ἐστι
2674 1560 2742 1599 τα
2773 1543 3109 1617 προκείμενα
3135 1543 3404 1614 σήμερον;
3443 1540 3626 1596 Τοῦτο
3645 1539 3742 1594 δὲ

2137 1633 2287 1688 ὅλον
2318 1634 2566 1706 γέγονεν
2592 1676 2608 1700 ,
2641 1637 2745 1691 ἵνα
2783 1634 3068 1704 πληρωθῇ
3111 1634 3180 1689 τὸ
3223 1633 3413 1702 ῥηθὲν
3437 1632 3554 1688 ὑπὸ
3601 1632 3738 1688 τοῦ

2138 1725 2359 1793 Κυρίου
2394 1726 2494 1782 διὰ
2536 1727 2644 1782 τοῦ
2685 1726 2994 1797 προφήτου
3027 1725 3332 1796 λέγοντος.
3380 1725 3572 1792 ’Ᾱξίως
3616 1724 3739 1779 τοῦ

2139 1817 2413 1890 θαύματος
2432 1860 2447 1884 ,
2485 1819 2560 1884 ὡς
2609 1819 2760 1891 αύτῷ
2789 1818 3011 1874 δυνατὸν
3041 1814 3131 1890 ἦν,
3160 1818 3472 1889 ἀνεϐόησεν,
3509 1815 3694 1870 εἰπών
3713 1833 3732 1848 ο

2141 1911 2323 1965 Τοῦτο
2347 1911 2416 1966 δὲ
2446 1912 2594 1967 ὅλον
2618 1911 2881 1984 γέγονεν.
2930 1911 3147 1984 Ἐπειδὴ
3172 1910 3281 1983 γὰρ
3317 1905 3421 1964 εἶδε
3448 1911 3510 1965 τὸ
3546 1910 3736 1964 πέλα-

2135 2018 2231 2071 γος
2255 2003 2349 2058 καὶ
2367 2004 2466 2076 τὴν
2493 2003 2726 2059 ἄϐυσσον
2753 2004 2851 2075 τ’ής
2877 2003 3284 2073 φιλανθρωπίας
3302 2002 3395 2056 τοῦ
3425 2001 3583 2066 Θεοῦ,
3620 2004 3737 2057 καὶ

2135 2092 2197 2146 τὸ
2229 2093 2496 2165 μηδέποτε
2532 2092 2786 2147 ἐλπισθὲν
2819 2096 2899 2158 εἰς
2947 2093 3108 2166 ἔργον
3151 2093 3325 2158 ἐλθὸν,
3375 2094 3469 2149 καὶ
3497 2094 3735 2163 φύσεως
3819 2127 3823 2136 ι

2135 2183 2394 2250 λυθέντας
2419 2185 2638 2258 νόμους,
2673 2186 2770 2241 καὶ⁵
2799 2186 3144 2256 καταλλαγάς
3175 2187 3482 2257 γινομένας,
3506 2187 3604 2241 καὶ⁵
3623 2187 3733 2240 τὸν

2138 2277 2356 2332 πάντων
2388 2277 2656 2351 ἀνώτερον
2686 2279 2823 2351 πρὸς
2859 2279 2951 2333 τδν
2983 2279 3200 2334 πάντων
3239 2278 3546 2351 κατώτερον
3574 2297 3731 2333 κατ-

2142 2371 2312 2432 ιόντα,
2343 2370 2438 2424 καὶ
2481 2370 2549 2424 τὰ
2597 2371 2889 2443 μεσότοιχα
2918 2370 3176 2442 λυόμενα,
3207 2372 3301 2426 καὶ
3326 2370 3393 2426 τὰ
3412 2370 3731 2442 κωλύματα

2141 2462 2529 2535 ἀναιρούμενα,
2562 2464 2658 2518 καὶ⁵
2677 2462 2854 2534 πολλῷ
2884 2463 3108 2518 πλείονα
3143 2464 3346 2518 τούτων
3375 2463 3540 2535 ἔτερα
3563 2465 3731 2533 γινό-

2143 2570 2297 2625 μενα,
2322 2555 2404 2608 ἐνὶ
2429 2554 2635 2626 ῥήματι
2654 2553 2715 2608 τδ
2731 2553 2916 2625 θαῦμα
2934 2555 3298 2627 παρέστησεν,
3315 2555 3502 2609 εἰπών·
3525 2556 3732 2612 Τοῦτο

2138 2645 2207 2700 δὲ
2229 2645 2376 2700 ὅλον
2396 2645 2662 2717 γέγονεν,
2693 2647 2794 2699 ἵνα
2815 2645 3102 2715 πληρωθῇ
3138 2646 3205 2700 τὸ
3233 2648 3420 2716 ῥηθὲν
3450 2647 3569 2702 ὑπὸ
3606 2648 3728 2703 τοῦ

2138 2734 2383 2804 Κυρίου.
2410 2735 2501 2806 Μή
2523 2733 2631 2806 γὰρ
2667 2734 2916 2806 νομίσῃς,
2961 2732 3075 2807 [74]
3100 2737 3282 2806 φησὶν,
3319 2736 3400 2789 δτι
3426 2735 3521 2790 νῦν
3541 2735 3728 2789 ταῦτα

2139 2825 2314 2891 ἐδοξεο
2348 2826 2515 2880 πάλαι
2538 2825 2924 2897 προετυποῦτο.
2959 2826 3136 2898 Ὅπερ
3167 2829 3261 2882 καὶ⁵
3285 2830 3312 2882 ὀ
3345 2827 3555 2892 Παῦλος
3575 2846 3721 2882 πανο

2138 2915 2305 2988 ταχοῦ
2326 2916 2496 2982 δεῖξαι
2517 2915 2836 2970 ἐσπούδασε.
2869 2915 2980 2970 Καὶ
3005 2917 3368 2990 παραπέμπει
3399 2919 3490 2972 τὸν
3513 2919 3725 2989 Ἰωσὴφ

2136 3006 2216 3079 τῷ
2253 3008 2451 3079 Ἡσαΐᾳ
2475 3006 2678 3072 λοιπὸν,
2711 3007 2796 3060 ἵνα
2824 3005 2928 3060 κᾶν
2956 3007 3064 3062 τῶν
3095 3009 3257 3063 αὑτοῦ
3299 3009 3556 3081 ῥημάτων
3589 3009 3727 3063 ἐπι-

2136 3102 2366 3174 λάθηται
2389 3101 2767 3170 ἀφυπνισθεὶς.
2792 3102 2886 3156 ἀτε
2913 3101 3223 3173 πρόσφατον
3249 3101 3576 3172 εἰρημένων,
3600 3102 3719 3155 τῶν

2139 3194 2510 3267 προφητικῶν,
2533 3189 2613 3256 οἷς
2631 3192 3036 3263 συνανεστράφη
3062 3191 3107 3223 ⁸⁸
3125 3190 3434 3257 διαπαντὸς,
3466 3191 3720 3261 ἀναμνη-

2142 3286 2309 3352 σθεὶς,
2334 3286 2429 3340 καὶ
2458 3283 2527 3339 τά
2551 3286 2683 3355 παρ’
2722 3281 2884 3337 αὑτοῦ
2910 3282 3166 3353 λεχθέντα
3188 3281 3456 3353 κατάσχῃ.
3503 3281 3615 3334 Καὶ
3642 3283 3717 3351 τῇ

2143 3376 2241 3446 μὲν
2269 3375 2490 3444 γυναικὶ
2535 3373 2684 3428 ούδέν
2733 3371 2934 3425 τούτων
2968 3372 3210 3442 εἴρηκεν,
3263 3370 3358 3424 ἀτε
3401 3369 3540 3442 κόρῃ
3573 3367 3718 3440 οὔσῃ

2140 3468 2232 3520 καὶ
2263 3466 2506 3538 ἀπείρως
2537 3464 2740 3518 τούτων
2774 3463 2970 3535 ἐχούσῃ
2989 3479 3002 3492 ·
3033 3461 3111 3534 τῷ
3135 3463 3193 3517 δὲ
3221 3463 3396 3534 ἀνδρὶ,
3427 3462 3623 3533 δικαίῳ
3651 3480 3720 3516 τε

2139 3558 2254 3612 δντι
2287 3559 2382 3613 καὶ
2414 3557 2702 3629 μελετῶντι
2735 3558 3019 3628 προφήτας
3040 3597 3053 3619 ,
3089 3554 3338 3609 ἐντεῦθεν
3381 3553 3716 3623 διαλέγεται.

2142 3650 2250 3702 Καὶ
2275 3649 2380 3720 πρὸ
2405 3649 2502 3720 μὲν
2537 3647 2748 3712 τούτου,
2770 3647 3005 3718 Μαριὰμ
3027 3647 3142 3716 τὴν
3169 3645 3426 3718 γυναῖκά
3452 3660 3589 3706 σου,
3626 3645 3723 3699 λέ-

2141 3757 2258 3808 γει’
2287 3739 2520 3794 ἐνταῦθα
2557 3739 2614 3793 δὲ
2661 3739 2749 3793 ὅτε
2799 3738 2890 3792 τὸν
2922 3741 3205 3811 προφήτην
3234 3737 3482 3792 εἵλκυσεν
3523 3739 3604 3803 εἰς
3657 3738 3722 3792 τὸ

2147 3830 2328 3900 μέσον,
2361 3831 2480 3883 τότε
2506 3829 2654 3901 αύτῷ
2685 3828 2927 3883 πιστεύει
2964 3831 3024 3884 τὸ
3053 3830 3152 3902 τῆς
3181 3829 3478 3902 παρθενίας
3505 3829 3682 3900 δνομα
3701 3844 3718 3858 ’

2141 3921 2202 3975 οὐ
2231 3920 2346 3993 γὰρ
2371 3919 2541 3984 οὕτως
2569 3921 2840 3994 ἀτάραχος
2866 3923 2910 3958 ⁶⁹
2935 3923 3115 3994 ἐμενε,
3152 3923 3420 3995 παρθένον
3453 3923 3584 3994 παρ’
3610 3922 3682 3974 αύ
3699 3951 3720 3964 -

2143 4014 2236 4068 τοῦ
2271 4015 2504 4081 ἀκούων,
2535 4017 2582 4069 εἰ
2712 4016 2758 4050 το
2787 4015 3000 4088 πρῶτον
3026 4017 3118 4069 καὶ
3140 4016 3290 4085 παρά
3330 4014 3575 4069 Ἠσαίου.
3605 4015 3720 4068 Καὶ

2146 4107 2254 4178 γὰρ
2283 4108 2434 4162 οὐδὲν
2472 4108 2638 4173 ξένον,
2682 4108 2820 4162 ἀλλὰ
2866 4108 2928 4162 τὸ
2957 4107 3186 4179 σύνηθες
3222 4107 3313 4162 καὶ
3341 4107 3400 4161 τὸ
3441 4109 3500 4160 ἐν
3535 4105 3720 4178 πολλῷ

2145 4200 2321 4273 χρόνῳ
2353 4200 2639 4272 μελετηθέν
2673 4200 2895 4272 ἔμελλεν
2936 4199 3261 4255 ἀκούσεσθαι
3287 4199 3436 4270 παρὰ
3459 4196 3553 4251 τοῦ
3582 4215 3721 4268 προ-

2148 4293 2338 4361 φήτου.
2377 4292 2474 4346 Διά
2507 4291 2666 4346 τοῦτο
2701 4292 2869 4346 ποιῶν
2903 4291 3304 4363 εύπαράδεκτον
3328 4291 3389 4344 τὸ
3420 4288 3718 4362 εἰρημένον

2147 4386 2174 4438 6
2202 4383 2448 4451 ἄγγελος,
2474 4384 2711 4455 παράγει
2743 4385 2823 4447 εἰς
2850 4383 3012 4454 μέσον
3042 4383 3132 4436 τὸν
3169 4382 3414 4435 Ἡσαΐαν.
3458 4380 3569 4434 Καὶ
3594 4379 3719 4432 οὐδὲ

2146 4475 2379 4529 ἐνταῦθα
2427 4473 2660 4538 ἵσταται,
2712 4475 2827 4529 ἀλλ’
2855 4476 2948 4529 ἐπὶ
2975 4474 3065 4529 τὸν
3098 4474 3230 4528 Θεὸν
3262 4473 3470 4546 ἀναρτᾷ
3503 4471 3596 4525 τὸν
3624 4470 3722 4525 λό-

2147 4583 2242 4635 γον
2268 4583 2283 4598 ⁶
2310 4565 2369 4619 ού
2392 4565 2500 4637 γὰρ
2520 4565 2684 4620 αὐτοῦ
2705 4563 2842 4620 εἷναί
2871 4582 3003 4636 φησι
3032 4566 3092 4618 τὸ
3121 4566 3239 4636 είρη
3251 4563 3428 4633 μένον,
3459 4561 3596 4616 ἀλλά
3619 4561 3719 4615 τοῦ

2148 4657 2256 4711 τῶν
2311 4656 2447 4710 ὅλων
2497 4655 2654 4710 Θεοῦ.
2688 4657 2786 4710 Διά
2812 4656 2969 4710 τοῦτο
2999 4656 3100 4710 οὐκ
3128 4652 3428 4717 εἷπεν,”1να
3456 4651 3718 4721 πληρωθῇ

2147 4747 2210 4801 τὸ
2271 4746 2432 4819 ῥηθὲν
2484 4747 2588 4800 ύπὸ
2630 4746 2872 4810 Ἡσαΐου,
2922 4745 3057 4799 ἀλλά
3084 4785 3099 4808 ,
3135 4745 3204 4799 Τὸ
3226 4742 3415 4814 ῥηθὲν
3448 4741 3563 4795 ὑπὸ
3610 4740 3723 4794 τοῦ

2150 4842 2392 4908 Κυρίου.
2417 4840 2489 4893 Τὸ
2527 4839 2623 4909 μὲν
2650 4837 2758 4910 γὰρ
2793 4837 2966 4909 στόμα
2982 4837 3025 4869 ⁷⁸
3068 4836 3311 4898 Ἡσαΐου,
3340 4835 3368 4886 6
3392 4833 3449 4887 δέ
3471 4832 3722 4902 χρησμὸς

2151 4931 2355 4987 ἀνωθεν
2383 4931 2626 5003 ἐφέρετο.
2651 4931 2714 4982 Τί
2735 4927 2826 4984 οὖν
2851 4925 3004 4992 οὗτός
3025 4944 3188 4998 φησιν
3215 4927 3244 4980 6
3265 4925 3538 4998 χρησμόςς
3562 4922 3722 4977 Ἰδοὺ

2151 5028 2189 5094 ἡ
2224 5025 2516 5095 παρθένος
2541 5025 2610 5078 ἐν
2641 5022 2850 5093 γαστρί
2875 5023 3016 5088 ἕξει,
3052 5022 3148 5076 καὶ
3184 5020 3412 5086 τέξεται
3441 5017 3594 5080 υἱὸν,
3622 5018 3723 5072 καί

2150 5112 2482 5169 καλέσουσι
2514 5112 2578 5166 τὸ
2613 5112 2798 5183 ὄνομα
2823 5111 3008 5166 αὐτοῦ
3044 5110 3437 5181 Ἐμμανουήλ.
3475 5108 3599 5172 Πῶς
3627 5104 3724 5162 οὖν

2151 5209 2251 5262 ούκ
2269 5207 2495 5279 ἐκλήθη,
2524 5207 2678 5277 φησὶ,
2703 5206 2764 5260 τὸ
2789 5206 2956 5277 ὄνομα
2983 5201 3148 5260 αὑτοῦ
3201 5200 3564 5274 Ἐμμανουήλ,
3586 5201 3726 5256 ἀλλά

2165 5299 2368 5372 Ἰησοῦς
2413 5300 2682 5371 Χριστόςς
2715 5299 2836 5352 Ὀτι
2892 5297 2991 5350 οὐκ
3051 5291 3202 5361 εἷπε,
3251 5294 3534 5357 Καλέσεις,
3566 5292 3721 5357 ἀλλά,

464 5384 588 5438 ὅταν
620 5383 692 5436 τὰ
717 5385 905 5456 πρώην
933 5388 1198 5459 εἰρημένα
1231 5390 1488 5462 φέροντες
1509 5393 1602 5446 ἐπὶ
1631 5396 1870 5466 μνήμης,
1897 5396 2041 5450 οὕτω
2154 5389 2560 5453 Καλέσουσιν,
2584 5389 2632 5442 οἱ
2666 5388 2812 5460 δχλοι
2842 5386 3108 5450 τουτέστι,
3137 5386 3232 5440 καὶ
3263 5386 3296 5457 ἡ
3327 5383 3436 5438 τῶν
3466 5383 3725 5453 πραγμά-

464 5475 530 5529 τά
561 5474 700 5546 μετὰ
721 5475 895 5530 ταῦτα
928 5478 1182 5550 ἀκούητε.
1208 5481 1283 5535 Οὐ
1315 5482 1423 5555 γὰρ
1457 5485 1651 5557 μικρόν
1681 5503 1731 5538 τι
1766 5487 2040 5542 καὶτοῦτο
2154 5502 2262 5538 των
2290 5483 2533 5546 ἔκϐασις.
2595 5481 2856 5536 Ἐνταῦθα
2897 5479 3003 5552 γὰρ
3037 5478 3097 5533 τὸ
3127 5478 3419 5549 συμϐαῖνον
3468 5475 3515 5510 "
3555 5477 3725 5546 δνομα

460 5565 704 5620 συντελεῖ
752 5566 888 5638 πρὸς
933 5568 1032 5639 τήν
1057 5569 1165 5623 τῶν
1209 5569 1516 5642 λεγομένων
1560 5573 1790 5639 σύνεσιν,
1823 5577 1887 5630 τὸ
1937 5581 2033 5630 τήν

2156 5573 2366 5645 τίθησι·
2421 5573 2516 5628 καὶ
2559 5572 2678 5636 ἐθος
2706 5572 2859 5625 τοῦτο
2889 5573 2954 5641 τῇ
2989 5571 3198 5644 Γραφῇ,
3241 5571 3310 5625 τὰ
3359 5568 3722 5640 συμϐαίνοντα

549 5727 1126 5812 ⁸³..παρασξρουεαυΑπ
1157 5728 1220 5783 ι).
1297 5729 1344 5812 ⁸⁸³
1377 5729 1511 5812 μηδέ
1535 5743 1652 5812 0ῐηί
1783 5728 1844 5784 Β.
1884 5726 1946 5784 C.
2110 5725 2414 5812 1‘16t66va3]
2448 5730 2523 5812 μὴ
2546 5728 2747 5812 διδόναι
2963 5727 3400 5812 ἑαυτοῖςδιδόναξ
3420 5726 3724 5812 Βιέαυτοῐς

485 5797 560 5868 μὴ
589 5797 789 5851 διδόναι
810 5797 873 5853 (ἶ.

486 5869 663 5937 μένων
684 5869 916 5938 συλλογῇ
949 5869 1012 5922 ι).
1054 5873 1158 5923 An.

483 5954 606 6000 κτος
632 5954 713 6009 pr.
749 5942 808 5996 LI.

949 5799 994 5830 "
1025 5799 1267 5871 ὑμέτερα
1301 5799 1389 5854 Α(
1411 5799 1512 5853 An.
1608 5801 1654 5831 “
1677 5801 1876 5871 ὃλην...
1916 5817 1968 5851 σι.

949 5869 1012 5922 ι).
1054 5873 1158 5923 An.
1234 5871 1278 5901 ⁸⁷
1314 5869 1676 5924 καταϐάλλειν
1711 5870 1768 5923 lt.
1807 5872 1867 5923 (Σ.
1908 5870 1968 5922 Ιῦ.

883 5942 928 5974 ⁷⁰
956 5941 1004 5994 εί
1034 5939 1108 6011 μή
1132 5956 1240 5997 υιη.
1274 5955 1485 5995 onmcs.

1608 5801 1654 5831 “
1677 5801 1876 5886 ὃλιηνκ.
1908 5797 2308 5886 ,συλλοιγῇλτὴχ
2335 5795 2430 5871 τῆς
2448 5795 2800 5886 ἀκροάσεως,
2831 5801 2977 5884 ὅλην,
3000 5799 3316 5886 ἀνατιθέναξ
3338 5800 3405 5886 τῇ
3439 5795 3547 5886 τῶν
3573 5799 3723 5882 είρη-

1563 5869 1676 5922 λειν
1711 5867 1772 5923 Ιί.
1807 5872 1867 5923 (ἶ.
1908 5870 1968 5922 Ιῦ.

1563 5941 1603 5972 ⁷⁸
1641 5939 1842 6012 στόμαὶ
1871 5941 1993 5995 add.

2147 5867 2240 5924 Sic
2263 5867 2367 5940 Ep.
2390 5867 2447 5923 in
2475 5867 2634 5925 coild.
2683 5867 3066 5940 συνανετράφη
3103 5871 3208 5923 An.
3243 5867 3402 5924 Edd.'
3455 5869 3500 5900 θ’
3522 5867 3720 5942 ἀτάρα-

2146 5941 2187 5996 Σ.
2221 5939 2280 5993 D.
2359 5942 2404 5971 τ’
2437 5941 2492 5998 τὸ
2523 5940 2840 6013 συμϐαῖνονῖ
2865 5943 2940 5993 τω
2968 5939 3317 6003 συμϐαίνοντι
3351 5940 3409 5996 Ι).
3436 5937 3495 5994 F.

3460 5937 3475 5954 Ν

2359 5942 2404 5971 ⁷²
2437 5941 2492 5998 τὸ
2523 5940 2840 6013 συμϐαῖνονῖ
2865 5937 2940 5993 τῶ
2968 5937 3317 6003 συμϐαίνοντι
3351 5940 3409 5996 1).
3436 5937 3463 5992 ν

2323 6088 2363 6123 Α
