3832 6178
1344 332 1410 389 ΙΝ
1442 329 1690 387 ΜΑἹἼῊ.

1806 330 1859 387 Μ
1898 330 2138 390 HOMlL.
2178 335 2245 391 V.
3349 344 3419 402 56

1551 615 1905 678 HOMILIA
1946 618 2025 678 V.

135 783 274 840 (In.
308 784 354 848 Ι,
382 800 434 837 v.
464 783 553 838 22.
588 782 703 837 Hoc
746 790 928 837 autem
971 789 1141 838 totum
1174 785 1375 854 factum
1414 788 1513 847 est,
1550 791 1609 837 ut
1642 782 1743 837 ad-

217 876 532 945 implerctur
560 876 705 945 quod
748 874 952 929 dictum
995 882 1073 929 est
1108 893 1143 928 a
1190 874 1419 929 Domino
1469 890 1565 946 per
1610 891 1741 946 pro-

215 970 429 1039 phetam
450 969 713 1021 dicentem
745 984 763 1022 :
790 967 882 1023 2'5.
908 966 1045 1022 Ecce
1071 967 1227 1038 Virgo
1253 968 1310 1021 in
1330 976 1481 1022 utero
1509 967 1741 1036 habebit,

213 1070 264 1115 ct
308 1063 492 1131 pariet
532 1060 737 1130 filium,
776 1066 826 1115 et
860 1060 1118 1116 vocabunt
1151 1076 1339 1115 nomen
1372 1061 1486 1131 ejus
1517 1060 1743 1116 Emma-

1834 799 1948 841 non
1972 797 2267 856 possumus
2290 785 2474 841 omnia
2506 802 2618 844 uno
2651 787 2741 845 die
2771 790 3086 861 complecti,
3112 792 3161 849 si
3181 808 3266 860 ea,
3291 810 3416 867 quae

1836 878 2070 950 singulis
2121 878 2281 934 vobis
2333 878 2534 936 diebus
2581 882 2975 952 proponimus,
3027 884 3085 939 in
3136 867 3419 943 memorite

1835 971 2074 1042 quadam
2104 971 2251 1027 serie
2281 972 2438 1042 quasi
2466 980 2718 1028 catenam
2756 976 3011 1043 teneatis,
3041 976 3121 1032 sic
3150 977 3207 1033 in
3231 988 3419 1034 mente

1832 1060 2085 1131 reponite
2109 1100 2126 1127 ,
2167 1070 2231 1116 ut
2270 1068 2445 1117 totum
2486 1063 2785 1134 Scriptura:
2815 1080 3017 1136 corpus
3058 1067 3221 1122 simul
3254 1084 3418 1140 appa-

213 1151 343 1206 ml
392 1150 535 1221 (lca.
567 1152 625 1205 7.
665 1150 792 1223 14).

1828 1159 1968 1205 reat.
2020 1152 2313 1209 Revocatis
2360 1154 2528 1224 igitur
2572 1155 2629 1210 in
2675 1164 2917 1210 mentem
2957 1157 3027 1212 iis
3070 1173 3191 1227 qua:
3240 1173 3417 1229 nuper

1827 1241 1973 1297 dicta
2002 1252 2159 1309 sunt,
2194 1246 2274 1302 sic
2305 1245 2471 1302 hodie
2504 1247 2575 1303 ad
2617 1261 2683 1303 ea
2714 1262 2837 1318 quae
2882 1248 3242 1320 proponenda
3286 1256 3416 1306 sunt

192 1340 218 1393 1
232 1379 246 1391 .
292 1338 641 1393 Εεισησηιηι
664 1355 835 1393 rerum
864 1339 1105 1393 tumultus
1121 1342 1337 1410 fructum
1356 1338 1610 1394 concionis
1627 1357 1690 1395 au

1820 1335 2160 1393 accedamus

111 1431 238 1499 fert.
268 1461 343 1471 --
375 1432 568 1487 Multos
584 1431 742 1485 audio
784 1430 1058 1499 dicentes,
1102 1431 1234 1485 Dum
1275 1441 1563 1501 praesentes
1591 1448 1721 1488 eon-

108 1522 254 1575 cioni
280 1537 499 1589 sumus,
531 1531 585 1577 et
606 1522 847 1577 doctrina
875 1522 1023 1578 verbi
1068 1519 1313 1588 fruimur,
1343 1522 1412 1576 ad
1440 1523 1717 1579 meliorem

109 1613 319 1682 frugem
344 1612 687 1679 reducimur;
715 1615 918 1684 egressi
942 1627 1088 1679 vero,
1109 1613 1194 1666 alii
1216 1612 1497 1679 efﬁcimur,
1520 1628 1583 1669 ac
1600 1613 1712 1669 fer-

106 1706 256 1760 voris
284 1706 470 1776 ignem
494 1706 902 1776 exstinguimus.
932 1704 1069 1771 Quid
1093 1719 1222 1775 ergo
1250 1704 1539 1775 agendum,
1567 1719 1636 1760 ne
1660 1703 1714 1759 id

104 1798 360 1852 eveniat?
408 1797 810 1868 Explorandum
839 1796 980 1852 unde
1014 1797 1237 1853 accidat.
1266 1796 1396 1864 Quae
1421 1810 1583 1851 causa
1611 1796 1713 1867 igi-

104 1899 195 1942 tur
219 1888 385 1942 nobis
414 1898 500 1943 est
532 1890 651 1943 talis
689 1890 1027 1944 mutationis?
1068 1887 1219 1956 Quod
1248 1889 1358 1943 loca
1400 1888 1709 1959 frequente-

100 1996 223 2033 mis
248 1995 361 2033 non
388 1979 787 2045 convenientia,
806 1988 862 2036 et
883 1980 1024 2052 quod
1049 1995 1169 2035 cum
1201 1979 1459 2051 improbis
1482 1995 1707 2037 consor-

34 2074 45 2087 '
106 2072 238 2126 tium
255 2070 581 2126 habeamus.
602 2071 717 2127 Non
745 2072 889 2127 enim
911 2072 1191 2143 oportebat
1205 2086 1234 2125 a
1251 2073 1510 2129 concione
1525 2087 1711 2143 egres-

99 2179 215 2229 sos,
235 2164 289 2218 in
312 2165 539 2235 negotia
558 2179 656 2219 nos
672 2165 914 2235 ingerere
930 2164 1172 2220 concioni
1195 2180 1300 2219 non
1320 2165 1664 2236 congruentia
1685 2181 1700 2217 :

96 2254 193 2309 sed
234 2255 425 2309 statim
449 2255 672 2310 domum
702 2266 941 2327 petentes
987 2256 1178 2311 librum
1224 2256 1487 2326 accipere,
1537 2265 1697 2326 atque

97 2360 318 2400 uxorem
372 2356 429 2401 tu
453 2346 595 2401 ﬁlios
621 2347 686 2403 ad
709 2363 895 2403 eorum
933 2363 1053 2418 quae
1093 2347 1235 2403 dicta
1285 2347 1492 2404 fuerant
1530 2349 1695 2404 colle-

95 2438 328 2493 ctionem
352 2454 610 2506 evocare,
637 2454 699 2493 ac
722 2449 847 2494 tunc
869 2438 936 2494 ad
967 2441 1086 2494 vita:
1110 2440 1409 2495 necessaria
1437 2455 1537 2496 nos
1566 2456 1695 2497 con-

88 2533 240 2587 farre.
288 2532 352 2587 Si
396 2532 544 2587 enim
571 2546 637 2586 ex
665 2530 857 2586 balneo
895 2531 1032 2586 nolis
1060 2532 1111 2587 in
1136 2533 1311 2587 forum
1343 2544 1393 2589 te
1422 2535 1686 2592 conferre.

86 2643 147 2679 ne
172 2641 238 2680 ex
285 2625 397 2679 fori
438 2624 676 2694 negotiis
718 2623 891 2679 balnei
935 2624 1321 2680 recreationem
1362 2634 1418 2681 et
1461 2626 1687 2682 fructum

84 2718 375 2773 labefactes
399 2734 413 2770 :
437 2718 612 2771 multo
642 2718 807 2787 magis
826 2731 857 2771 a
873 2717 1130 2772 concione
1148 2732 1421 2787 egressum
1439 2718 1490 2773 id
1513 2719 1689 2780 facere

84 2811 389 2880 τινος-κῦρε.
408 2808 531 2864 Jam
552 2824 680 2863 vero
695 2810 1019 2865 contrarium
1043 2808 1264 2864 facimus
1283 2851 1299 2877 ,
1322 2809 1547 2882 ideoque
1569 2826 1686 2867 om-

83 2904 161 2954 nia
201 2901 511 2972 perdimus.
548 2898 681 2954 Nam
722 2899 968 2955 lectionis
1000 2898 1231 2955 fructum
1260 2900 1313 2955 in
1343 2910 1523 2957 mente
1544 2918 1682 2958 non-

81 2996 201 3047 dum
238 2994 417 3063 probe
446 2991 704 3059 deﬁxum,
735 3000 1075 3047 externarum
1103 3008 1282 3048 rerum
1312 2995 1566 3051 tumultus
1595 2996 1681 3051 in-

82 3085 259 3139 cidens
307 3094 490 3139 totum
537 3082 711 3137 aufert
740 3091 794 3139 et
820 3083 1034 3153 abripit.
1080 3083 1159 3139 Ne
1196 3084 1374 3155 itaque
1402 3085 1455 3140 id
1479 3086 1589 3153 ﬁat,
1613 3103 1679 3143 ex

76 3177 336 3232 concione
356 3190 638 3246 egressus,
675 3174 807 3229 nihil
834 3174 1003 3245 magis
1024 3177 1386 3230 necessarium
1413 3184 1565 3246 putes
1592 3178 1678 3232 illa

79 3269 335 3322 doctrinae
387 3265 729 3322 collectione.
768 3265 978 3321 Etenim
1018 3274 1271 3321 extrema}
1317 3266 1536 3322 desidia:
1562 3266 1679 3324 fue-

82 3364 163 3428 rit,
192 3362 437 3432 quinque
465 3374 631 3413 sexve
652 3358 768 3413 dies
809 3357 1154 3412 smcularibus
1200 3358 1426 3429 negotiis
1469 3359 1679 3429 impen-

82 3455 219 3520 dere,
250 3450 631 3521 Spiritualibus
663 3464 794 3504 vero
823 3465 892 3504 ne
921 3462 1079 3502 unam
1118 3447 1335 3517 quidem
1377 3447 1540 3514 diem,
1573 3449 1680 3503 imo

83 3549 449 3604 ueminimam
490 3545 708 3616 quidem
747 3542 853 3598 diei
895 3551 1099 3612 partem
1144 3542 1438 3598 insumere.
1483 3542 1675 3597 Annon

80 3642 263 3696 videtis
287 3638 538 3710 quotidie
570 3652 767 3709 pueros
796 3643 1008 3690 nostros
1032 3634 1341 3705 disciplinas
1368 3650 1501 3705 quas
1526 3650 1679 3692 acce-

83 3744 260 3804 perunt
287 3750 393 3805 per
441 3741 609 3787 totam
656 3730 800 3785 diem
844 3727 1197 3784 meditantes?
1236 3727 1468 3798 ldipsum
1500 3736 1555 3783 et
1579 3744 1678 3783 nos

84 3828 369 3889 faciamus;
400 3824 642 3892 alioquin
684 3820 817 3874 nihil
846 3819 999 3874 nobis
1024 3818 1295 3888 supererit
1320 3833 1386 3873 ex
1417 3817 1500 3872 his
1542 3832 1675 3871 con-

83 3921 343 3984 mitibus,
372 3917 418 3970 si
447 3915 595 3970 dolio
626 3920 841 3983 pertuso
866 3908 1100 3981 quotidie
1139 3908 1476 3975 hauriemus,
1505 3922 1678 3978 neque

84 4027 269 4068 tantam
310 4006 687 4065 custodiendae
711 4004 966 4060 doctrinae
983 4002 1393 4058 sollicitudinem
1420 4000 1643 4055 adliibea
1661 4027 1677 4042 -

92 4120 217 4172 mus,
244 4113 517 4176 quantam
556 4104 696 4158 circa
735 4116 925 4157 aurum
949 4113 1004 4158 et
1027 4111 1304 4173 argentum
1347 4101 1680 4156 exhibemus.

94 4199 143 4252 Si
182 4200 301 4270 quis
344 4199 499 4254 enim
541 4197 793 4252 denarios
820 4212 1015 4266 paucos
1058 4198 1345 4268 acceperit,
1384 4206 1440 4251 et
1467 4197 1517 4249 in
1562 4212 1686 4251 cru-

94 4310 233 4348 mena
280 4302 507 4361 reponit
530 4300 586 4347 et
626 4292 800 4354 suillo
842 4292 1041 4355 munit;
1091 4306 1188 4345 nos
1230 4299 1408 4345 autem
1450 4292 1686 4360 acceptis

91 4388 306 4457 elaquiis
347 4397 410 4440 et
430 4401 566 4439 auro
586 4394 641 4439 et
678 4387 901 4455 gemmis
941 4385 1365 4456 pretiosioribus,
1392 4387 1686 4456 perceptis-

96 4494 187 4545 que
214 4476 459 4547 Spiritus
488 4475 659 4529 sancti
707 4477 990 4542 thesauris,
1013 4493 1117 4530 non
1139 4491 1203 4531 ea
1232 4477 1282 4531 in
1305 4477 1498 4532 anima:
1542 4493 1680 4548 penu

92 4572 450 4636 remndimus,
468 4569 565 4626 sed
588 4571 917 4641 negligenter
936 4574 1153 4625 omnino
1174 4570 1396 4625 sinimus
1417 4586 1482 4626 ex
1504 4580 1684 4627 mente

92 4678 257 4722 nostra
280 4667 536 4722 efﬂuere.
563 4666 693 4734 Quis
737 4666 895 4735 igitur
936 4664 1069 4719 ultra
1100 4665 1271 4719 nostri
1318 4664 1678 4731 miserebitur,

92 4776 196 4814 cum
224 4762 391 4815 nobis
413 4760 545 4828 ipsis
574 4759 790 4814 insidias
815 4772 1083 4827 paremus,
1109 4766 1162 4812 et
1182 4758 1233 4811 in
1264 4765 1460 4811 tantam
1489 4767 1683 4827 sponte

95 4854 386 4910 incidamus
417 4854 829 4924 paupertatem?
852 4851 929 4907 Nc
955 4852 1112 4922 igitur
1133 4850 1182 4905 id
1212 4851 1442 4916 eveniat,
1476 4850 1680 4905 scriba-

98 4963 198 5002 mus
239 4948 410 5002 nobis
460 4947 735 5014 immotam
773 4945 945 5012 legem
977 4953 1031 4999 et
1058 4943 1316 4998 uxoribus
1345 4952 1397 4998 et
1427 4944 1551 4997 filiis
1580 4959 1679 4997 no-

96 5038 219 5101 stris,
247 5049 309 5093 ut
354 5038 499 5092 hanc
540 5051 697 5090 unam
737 5033 1084 5090 hebdomade:
1128 5034 1267 5089 diem
1305 5048 1682 5090 consecremus

94 5146 195 5183 tum
237 5130 529 5185 audiendm
556 5128 834 5193 doctrinm,
856 5138 965 5181 tum
1007 5126 1318 5195 colligendis
1348 5126 1413 5181 iis
1437 5141 1554 5196 qua:
1581 5142 1675 5179 au-

96 5225 181 5277 dita
206 5235 355 5279 sunt.
386 5224 461 5278 lla
493 5223 636 5278 enim
658 5223 825 5276 multo
845 5221 1126 5276 dociliorcs
1146 5220 1211 5274 ad
1239 5235 1301 5275 ea
1319 5235 1437 5291 quae
1452 5219 1678 5275 dicenda

96 5329 199 5369 sunt
214 5330 608 5377 occurremus;
649 5315 906 5383 nobisque
926 5312 1077 5368 labor
1097 5313 1273 5367 minor
1290 5354 1303 5374 ,
1319 5327 1383 5365 ac
1403 5312 1551 5366 vobis
1568 5303 1683 5365 ma-

93 5408 161 5474 ;‘m
182 5410 391 5463 lucrum
413 5409 653 5469 accedet,
688 5422 808 5461 cum
835 5421 895 5460 ea
921 5420 1040 5475 qua:
1066 5420 1234 5473 nuper
1254 5403 1392 5457 dicta
1418 5412 1540 5457 sunt
1567 5418 1681 5456 me-

99 5504 245 5555 moria
264 5502 590 5567 minantes,
622 5499 699 5553 sic
725 5497 1003 5568 sequentia
1027 5496 1274 5551 audietis.
1306 5495 1422 5550 Non
1452 5494 1597 5550 enim
1625 5493 1678 5549 id

97 5604 260 5657 [nt-um
294 5591 511 5646 confert
541 5589 608 5644 ad
636 5590 897 5645 dictorum
944 5588 1341 5658 intelligentiam
1362 5628 1377 5653 ,
1409 5588 1451 5639 si
1483 5587 1676 5641 seriem

99 5684 464 5739 sententiarum
489 5689 792 5738 nostrarum
816 5688 1062 5736 accurate
1089 5678 1335 5736 teneatis.
1373 5678 1506 5747 Quia
1533 5679 1673 5733 enim

1866 1513 1919 1566 2.
1954 1513 2080 1577 Qua:
2116 1516 2181 1567 sit
2220 1514 2293 1568 vis
2330 1516 2510 1569 horum
2549 1523 2812 1571 verborum
2872 1517 3046 1593 Isaia,
3072 1524 3189 1581 lloc
3222 1532 3389 1582 totum

1796 1599 1993 1657 factum
2035 1612 2136 1658 est.
2168 1603 2271 1658 Cur
2289 1604 2484 1676 Ioseph
2503 1608 2571 1661 ad
2587 1607 2781 1663 Isaiam
2809 1613 3101 1667 remittitur.
3125 1614 3229 1670 Cur
3243 1616 3392 1671 Chri-

1797 1705 2032 1750 stusnon
2059 1695 2364 1753 Emmanuel
2387 1701 2535 1769 vulgo
2573 1703 2880 1772 appellatus.
2906 1705 3254 1775 —-Qu:enam
3294 1710 3394 1780 igi-

1796 1796 1883 1843 tur
1909 1789 2065 1845 nobis
2105 1789 2265 1846 hodie
2304 1793 2649 1863 proponenda
2670 1796 2829 1851 sunt?
2863 1796 2978 1853 Hoc
3017 1810 3187 1855 autem
3226 1811 3391 1861 totum

1793 1885 1986 1953 factum
2010 1892 2083 1938 est
2110 1893 2167 1938 ut
2187 1884 2480 1956 impleretur
2503 1888 2639 1957 quod
2657 1888 2851 1943 dictum
2874 1900 2947 1945 est
2970 1908 3003 1945 a
3030 1890 3255 1948 Domino
3298 1911 3389 1963 per

1791 1977 2090 2047 prophetam
2117 1977 2381 2032 dicentem.
2415 1979 2581 2050 Digna
2607 1980 2865 2037 miraculo
2892 1998 3023 2040 voce
3060 1999 3159 2055 pro
3182 1987 3389 2044 viribus

1791 2068 2039 2124 clamavit
2078 2069 2266 2125 dicens
2299 2088 2313 2125 :
2350 2069 2464 2125 Hoc
2506 2081 2673 2126 autem
2699 2082 2859 2129 totum
2901 2079 3095 2146 factum
3129 2087 3221 2132 est.
3253 2079 3387 2146 Quia

1791 2158 1933 2213 enim
1973 2158 2106 2214 vidit
2124 2160 2341 2230 pelagus
2368 2170 2424 2216 et
2450 2161 2702 2232 abyssum
2733 2163 3077 2235 benignitatis
3111 2167 3230 2235 Dei,
3258 2178 3313 2223 et
3332 2168 3387 2224 id

1790 2249 1932 2319 quod
1950 2265 2238 2321 numquam
2262 2258 2530 2320 speratum
2554 2253 2725 2308 fuerat
2743 2254 3008 2321 evenisse,
3024 2266 3227 2313 natura:
3242 2258 3389 2312 solu-

1791 2352 1873 2398 tas
1892 2344 2058 2415 leges,
2098 2345 2587 2401 reconciliationem
2614 2345 2827 2412 factam,
2857 2356 2910 2403 et
2936 2350 3175 2405 omnium
3202 2366 3389 2422 supre-

1789 2450 1935 2490 mum
1950 2435 2017 2490 ad
2033 2435 2271 2489 omnium
2289 2435 2528 2490 inﬁmum
2540 2435 2906 2504 descendisse,
2926 2439 3159 2495 medium
3176 2456 3386 2496 murum

1790 2526 2077 2594 sublatum,
2109 2536 2164 2583 et
2187 2527 2567 2598 impedimenta
2588 2527 2792 2593 abacta,
2826 2531 3102 2600 multoque
3131 2531 3280 2601 plura
3303 2531 3389 2588 his

1790 2630 1937 2692 gesta
1950 2621 2075 2687 alia,
2095 2637 2202 2675 uno
2213 2620 2379 2676 verbo
2392 2620 2704 2675 miraculum
2720 2619 3011 2677 declaravit
3035 2622 3218 2680 dicens
3239 2642 3253 2679 :
3281 2623 3388 2678 Hoc

1789 2726 1956 2770 autent
1984 2722 2138 2768 totum
2159 2716 2348 2785 factum
2376 2721 2537 2779 est,ut
2555 2710 2850 2783 impleretur
2886 2713 3021 2783 quod
3042 2715 3229 2769 dictum
3260 2723 3331 2769 est
3355 2733 3388 2769 a

1792 2806 2030 2861 Domino.
2047 2803 2126 2859 Ne
2141 2803 2435 2870 existimes,
2451 2803 2639 2874 inquit,
2669 2803 2720 2857 id
2745 2803 2903 2858 modo
2918 2803 3194 2859 decretum
3225 2820 3384 2870 esse;

1785 2898 1896 2970 jam
1923 2898 2051 2953 olim
2078 2895 2473 2967 przeﬁguratum
2514 2893 2707 2951 fuerat.
2730 2893 2785 2949 Id
2810 2894 2952 2965 quod
2991 2896 3151 2950 etiam
3193 2895 3388 2952 Paulus

1790 2992 1989 3062 ubique
2031 2989 2403 3046 demonstrare
2432 2987 2655 3043 studuit.
2696 2986 2812 3042 Jam
2840 3002 2968 3041 vero
2997 2986 3288 3056 Josephum
3321 2987 3387 3044 ad

1792 3083 1983 3139 Isaiam
2029 3081 2276 3150 remittit,
2306 3091 2365 3135 ut
2397 3081 2443 3135 si
2483 3088 2827 3150 experrectus
2870 3079 3151 3135 verborum
3198 3081 3386 3151 ipsius,

1806 3195 1989 3254 utpote
2034 3198 2224 3239 recens
2270 3182 2559 3245 dictorum,
2603 3182 2801 3237 oblitus
2843 3192 3014 3245 esset,
3056 3183 3393 3254 prophetico-

1805 3294 1944 3332 rum.
1974 3293 2026 3331 tn
2054 3290 2280 3346 quorum
2322 3273 2670 3330 meditatione
2697 3275 2928 3330 nutritus
2958 3274 3145 3340 fuerat,
3178 3291 3392 3346 semper

1803 3370 2112 3423 recordatus
2136 3409 2151 3433 ,
2178 3383 2297 3437 quae
2322 3366 2463 3422 dicta
2488 3366 2588 3422 sibi
2618 3375 2772 3422 erant
2800 3367 3075 3423 retineret.
3109 3366 3273 3423 Uxori
3296 3383 3392 3423 au-

1803 3468 1909 3515 tem
1940 3460 2070 3513 nihil
2103 3460 2208 3514 tale
2253 3458 2406 3525 dixit,
2440 3467 2625 3528 utpote
2651 3474 2770 3528 qua:
2808 3459 2980 3527 puella
2999 3458 3173 3514 adhuc
3198 3460 3391 3515 horum

1800 3552 2041 3608 notitiam
2086 3568 2189 3606 non
2228 3551 2453 3607 haberet
2482 3569 2495 3604 :
2525 3551 2639 3606 viro
2662 3560 2842 3607 autem
2890 3560 3074 3621 utpote
3103 3553 3271 3622 justo,
3297 3554 3387 3624 qui

1798 3644 2085 3714 prophetas
2122 3642 2486 3708 meditaretur,
2506 3643 2631 3698 hinc
2652 3642 2920 3698 edisserit.
2940 3644 3005 3698 Et
3026 3644 3251 3699 antehac
3270 3645 3390 3715 qui-

1796 3736 1916 3791 dem
1942 3735 2146 3791 dixerat
2180 3754 2193 3789 :
2226 3735 2445 3789 Mariam
2466 3736 2731 3807 conjugem
2761 3745 2901 3789 tuam
2924 3752 2941 3790 :
2967 3735 3053 3792 hic
3081 3750 3210 3791 vero
3235 3745 3386 3805 post—

1794 3843 1955 3898 quam
2000 3827 2313 3897 prophetam
2357 3826 2577 3882 adduxit
2603 3827 2654 3882 in
2684 3826 2941 3892 medium,
2988 3843 3129 3883 nunc
3167 3828 3384 3884 demum

1795 3936 1989 3975 nomen
2038 3920 2351 3990 virginitatis
2401 3920 2475 3974 illi
2526 3919 2752 3975 credidit
2786 3928 2841 3974 et
2879 3920 3161 3991 patefecit;
3211 3935 3388 3990 neque

1794 4012 1936 4066 ettim
1966 4020 2072 4066 tam
2124 4010 2509 4081 imperturbato
2535 4011 2714 4065 animo
2745 4009 2951 4075 fuisset,
2979 4010 3163 4066 audito
3203 4010 3382 4081 Virgi-

1792 4104 1876 4159 nis
1919 4104 2155 4171 nomine,
2192 4102 2295 4159 nisi
2342 4104 2490 4175 prius
2524 4103 2575 4158 id
2605 4103 2673 4158 ab
2712 4103 2843 4159 Isaia
2888 4103 3198 4159 audivisset.
3238 4103 3381 4158 Nihil

1790 4195 1931 4250 enim
1976 4196 2321 4265 stupendum,
2353 4195 2449 4251 sed
2486 4210 2599 4251 rem
2633 4195 2731 4251 sibi
2784 4195 2898 4250 hmc
2926 4196 3095 4250 multo
3137 4204 3383 4265 tempore

1789 4287 2068 4343 meditanti
2097 4286 2413 4343 familiarem
2440 4286 2716 4341 auditurus
2739 4295 2858 4341 erat
2884 4301 2913 4341 a
2940 4274 3219 4356 prepheta.
3253 4287 3381 4343 ldeo

1786 4379 2007 4450 angelus
2050 4388 2109 4434 ut
2150 4394 2263 4434 rem
2310 4378 2620 4435 credibilem
2664 4377 2943 4443 redderet,
2975 4377 3158 4433 Isaiam
3190 4378 3241 4433 in
3268 4394 3381 4432 me-

1786 4471 1930 4525 dium
1988 4469 2225 4526 adducit.
2274 4470 2457 4540 Neque
2510 4469 2596 4525 hic
2651 4469 2875 4541 gradum
2924 4471 3103 4535 sistit,
3155 4471 3249 4526 sed
3309 4471 3377 4527 ad

1786 4562 1954 4617 Deum
1981 4561 2095 4617 lure
2116 4561 2421 4632 loquentem
2439 4560 2594 4632 erigit
2618 4576 2775 4628 eum;
2808 4576 2914 4616 non
2944 4561 3085 4617 enim
3103 4562 3380 4633 propheta)

1790 4656 1950 4710 verba
1995 4669 2115 4711 esse
2162 4654 2336 4720 dixit,
2381 4653 2474 4709 sed
2512 4669 2542 4709 a
2573 4654 2681 4709 Deo
2725 4655 3093 4709 universorum
3147 4656 3373 4725 prolata.

1784 4746 1909 4803 ldco
1954 4762 2061 4802 non
2098 4746 2254 4813 dixit,
2302 4754 2360 4801 ut
2390 4746 2704 4817 impleretur
2753 4745 2895 4817 quod
2934 4746 3134 4802 dictum
3176 4756 3260 4803 est
3306 4748 3376 4803 ah

1784 4837 1952 4901 lsaia;
1994 4836 2125 4903 sed,
2182 4836 2331 4904 Quod
2371 4836 2559 4891 dictum
2598 4844 2670 4891 est
2712 4852 2745 4890 a
2776 4834 3036 4892 Domino:
3065 4851 3128 4891 os
3178 4836 3375 4907 quippe

1781 4941 1895 4986 erat
1922 4930 2071 4985 lsaire
2093 4971 2109 4996 ,
2137 4930 2414 4984 oraculum
2450 4944 2578 4984 vero
2604 4944 2636 4984 c
2664 4930 2909 4999 supernis
2951 4931 3205 4986 delatum.
3233 4932 3376 4998 Quid

1779 5033 1959 5079 autem
1988 5023 2061 5079 ait
2085 5022 2188 5077 hoc
2211 5023 2483 5077 oraculum
2508 5039 2523 5077 :
2548 5019 2681 5076 Ecce
2714 5020 2866 5093 Virgo
2894 5022 2946 5076 in
2973 5033 3111 5079 utero
3137 5023 3333 5079 habebit
3351 5067 3368 5089 ,

1780 5126 1825 5169 et
1847 5117 2008 5186 pariet
2052 5116 2251 5185 ﬁlium,
2296 5125 2340 5168 ct
2380 5114 2624 5168 vocabunt
2652 5129 2843 5167 nomen
2886 5114 2997 5183 ejus
3041 5113 3366 5173 Emmanuel.

1780 5207 1931 5277 (Isai.
1960 5208 2011 5261 7.
2042 5205 2154 5277 lt).
2178 5206 2282 5262 Cur
2300 5222 2449 5276 ergo,
2478 5205 2763 5270 dices,non
2793 5214 3010 5259 vocatus
3034 5214 3115 5260 est
3153 5205 3371 5262 Emma-

1780 5301 1922 5365 nuel,
1949 5298 2042 5354 sed
2085 5297 2240 5353 Jesus
2281 5296 2567 5352 Christus?
2610 5294 2742 5362 Quia
2774 5311 2883 5352 non
2929 5295 3089 5364 dixit,
3114 5295 3365 5366 Vocabis,

1781 5395 1895 5461 sed,
1928 5392 2212 5460 Vocabunt,
2243 5407 2437 5462 nempe
2486 5390 2685 5461 populi,
2710 5399 2765 5445 et
2802 5390 2915 5460 ipse
2956 5406 3136 5446 rerum
3169 5392 3363 5447 exitus.

1781 5488 1873 5541 llic
1897 5487 1973 5541 rei
1999 5501 2117 5556 qua:
2152 5484 2373 5554 contigit
2415 5497 2608 5537 nomen
2636 5482 2896 5552 imponit:
2930 5492 2985 5537 et
3012 5483 3101 5538 hic
3128 5491 3211 5538 est
3247 5499 3366 5539 mos

1779 5578 2090 5647 Scriptum,
2124 5590 2213 5631 res
2236 5590 2356 5645 qua:
2405 5574 2717 5644 contingunt
2747 5590 2842 5643 pro
2881 5574 3097 5629 nomine
3139 5589 3360 5644 ponere.

1779 5669 1915 5725 Nihil
1944 5668 2085 5724 enim
2115 5666 2256 5723 aliud
2279 5675 2362 5723 cst
2392 5664 2810 5736 illud,Vocabunt
2843 5664 3160 5738 Emmanuel,
3181 5679 3361 5738 quam,
