3832 6178
476 319 549 378 57

478 430 751 490 Videbunt
786 433 961 488 Deum
986 444 1109 488 cum
1150 432 1487 499 hominibus;
1526 448 1649 491 nam
1688 447 1902 503 semper
1940 448 2063 490 cum

478 524 785 582 hominibus
808 522 937 589 fuit,
964 522 1062 579 sed
1087 539 1377 593 numquam
1407 525 1478 579 ita
1505 524 1808 581 manifeste.
1835 526 1987 594 Quod
2016 526 2064 581 si

474 616 813 687 impudenter
858 616 1121 672 obsistunt
1161 615 1331 672 Judaei
1355 657 1372 684 ,
1418 618 1864 689 interrogabimus
1907 632 2004 676 eos
2044 634 2060 674 :

466 716 817 783 Quandonam
855 728 1075 773 vocatus
1109 726 1191 775 est
1212 733 1363 789 puer,
1397 718 1508 774 Cito
1537 719 1787 791 prwdare,
1819 720 2056 776 velociter

464 808 632 875 spolia
644 808 831 875 aufer?
862 808 967 863 Sed
995 807 1125 863 nihil
1146 808 1475 879 respondere
1497 818 1763 878 poterunt.
1786 811 1897 865 Cur
1925 823 2054 881 ergo

465 899 728 967 propheta
754 899 887 954 dixit
910 917 924 953 :
969 898 1101 954 Voca
1129 917 1309 955 nomen
1337 903 1476 972 ejus,
1503 899 1616 956 Cito
1641 903 1872 974 prcedere
1894 901 2050 975 (ικαὶ.

465 987 518 1043 8.
550 989 637 1057 5)?
674 989 936 1058 Quoniam
977 989 1095 1062 ipso
1141 1002 1267 1046 nato
1306 991 1645 1062 depopulatio
1681 1001 1735 1050 et
1756 993 2049 1065 spoliorum

464 1081 691 1151 direptio
719 1082 854 1137 facta
878 1090 963 1137 est
992 1102 1005 1138 :
1035 1083 1259 1155 ideoque
1284 1100 1399 1139 rem
1426 1100 1544 1152 qua:
1572 1087 1712 1140 circa
1736 1086 1908 1158 ipsum
1925 1100 2053 1142 con-

464 1173 601 1244 tigit,
624 1173 775 1243 quasi
806 1188 1000 1230 nomen
1029 1175 1127 1245 ipsi
1157 1174 1399 1245 imponit.
1420 1174 1488 1230 Et
1513 1177 1708 1243 civitas,
1746 1175 1933 1248 inquit,
1964 1194 2048 1232 vo-

462 1264 661 1319 cabitur
704 1267 881 1322 civitas
915 1267 1152 1338 justititc,
1195 1269 1488 1337 metropolis
1530 1269 1697 1338 ﬁdelis
1739 1268 1866 1325 Sion
1891 1268 2047 1340 (Isai.

462 1356 516 1411 1.
540 1355 638 1426 26)
667 1374 680 1411 :
709 1368 765 1413 et
785 1372 1044 1429 nusquam
1093 1358 1389 1414 invenimus
1432 1359 1575 1415 illam
1618 1360 1781 1416 fuisse
1811 1370 2051 1417 vocatam

456 1446 719 1516 justitiam
750 1450 789 1514 ί,
819 1448 913 1503 sed
958 1464 1151 1503 nomen
1181 1448 1283 1519 ipsi
1318 1451 1514 1505 mansit
1545 1450 1915 1523 Jerosolyma;
1952 1469 2047 1509 ve-

392 1543 396 1547 ‘
459 1553 580 1593 rum
618 1538 741 1609 quia
774 1540 887 1610 ipsa
917 1542 969 1594 in
988 1540 1184 1596 melius
1208 1550 1530 1596 commutata
1561 1541 1660 1598 hoc
1704 1543 1804 1614 ipsi
1834 1544 2046 1610 accidit,

459 1631 583 1687 ideo
607 1632 776 1702 ipsam
799 1634 869 1687 ita
901 1632 1078 1688 vocari
1106 1632 1259 1688 dixit.
1293 1632 1393 1689 Ubi
1420 1632 1561 1689 enim
1592 1635 1852 1706 contingit
1878 1635 2048 1706 quod-

456 1724 579 1780 dam
616 1725 932 1795 praeclarnm
975 1724 1204 1795 facinus,
1254 1725 1396 1796 quod
1437 1724 1633 1781 clarius
1675 1742 1832 1797 quam
1872 1728 2071 1797 ipsum‘

456 1815 730 1887 preprium
760 1830 954 1871 nomen
984 1814 1184 1875 indicat
1221 1825 1494 1871 auctorem
1521 1815 1659 1887 ejus,
1687 1827 1783 1872 aut
1807 1831 1931 1872 eum
1952 1818 2069 1889 qui

454 1908 574 1979 ejus
601 1905 824 1964 fructum
848 1910 1105 1981 percepit,
1128 1924 1323 1968 nomen
1342 1910 1459 1982 ejus
1477 1910 1751 1982 Scriptum
1775 1910 1901 1968 dicit
1925 1925 2048 1968 esse

452 2001 535 2055 rei
555 1999 854 2056 veritatem.
886 2000 1039 2068 Quod
1064 2001 1109 2057 si
1140 1999 1267 2058 hinc
1303 2003 1558 2058 confutati
1594 2000 1737 2058 aliud
1779 2012 2042 2074 quierant,

455 2105 649 2161 nempe
677 2091 745 2146 de
768 2091 1071 2163 virginitate
1099 2091 1322 2159 dictum,
1351 2101 1406 2148 et
1433 2093 1689 2164 objicient
1710 2093 1865 2150 nobis
1908 2095 2044 2150 alios

454 2182 795 2252 interpretes,
824 2182 1102 2239 dicentes:
1126 2182 1192 2238 ‘lﬁ
1224 2197 1330 2238 non
1358 2182 1609 2240 dixerunt
1630 2184 1922 2257 Virginem,
1945 2187 2042 2244 sed

453 2273 683 2345 puellam
714 2274 809 2346 (o):
836 2275 1007 2346 primo
1048 2275 1265 2346 quidem
1299 2275 1432 2332 illud
1463 2275 1704 2332 dicemus
1725 2320 1740 2340 ,
1767 2279 1889 2350 jure
1907 2279 2037 2351 Sep-

453 2369 690 2440 tuaginta
720 2370 1039 2439 interpretes
1058 2368 1176 2424 aliis
1192 2368 1299 2424 fide
1325 2369 1591 2440 digniores
1611 2370 1815 2426 haberi.
1834 2370 1967 2426 Nam
1988 2372 2040 2429 hi

451 2462 710 2531 postremi
732 2468 854 2532 post
879 2458 1078 2517 Christi
1104 2462 1393 2518 adventum
1414 2463 1744 2534 interpretati
1780 2474 1922 2532 sunt,
1945 2462 2041 2521 lit-

449 2552 655 2624 darique
697 2561 1009 2609 manserunt
1031 2595 1047 2623 ,
1077 2553 1218 2610 unde
1248 2553 1299 2608 in
1328 2554 1685 2624 suspicionem
1714 2555 1926 2621 cadant,
1949 2565 2037 2612 ut-

448 2652 576 2714 pote
611 2643 702 2714 qui
729 2658 794 2699 cx
823 2644 1096 2699 inimicitia
1122 2645 1200 2700 sic
1226 2644 1403 2714 potius
1426 2644 1679 2711 dixerint,
1710 2660 1772 2701 ac
1800 2646 2035 2717 preplie-

449 2735 551 2790 tias
591 2734 659 2790 de
689 2734 947 2791 industria
976 2735 1205 2791 obscure
1247 2737 1610 2792 converterint
1641 2753 1656 2792 :
1687 2737 2034 2809 Septuaginta

448 2840 579 2882 vero
608 2825 698 2898 qui
735 2835 951 2882 centum
975 2835 1066 2881 aut
1093 2827 1338 2897 pluribus
1365 2828 1521 2883 annis
1548 2840 1673 2884 ante
1694 2829 1898 2886 Christi
1933 2831 2032 2886 ad-

448 2926 667 2975 ventum
693 2920 817 2976 huic
864 2919 943 2976 rei
994 2929 1073 2975 tot
1115 2932 1340 2976 numero
1383 2936 1600 2976 manum
1648 2921 2031 2993 admoverunt,

448 3012 516 3068 ab
541 3013 686 3068 omni
710 3010 1012 3081 hujusmodi
1044 3012 1348 3080 suspicione
1368 3010 1522 3068 liberi
1549 3020 1707 3080 sunt,
1738 3027 1801 3067 ac
1818 3020 1938 3068 tum
1962 3014 2034 3070 ob

446 3114 671 3171 tempus,
706 3112 816 3158 tum
843 3104 913 3160 ob
942 3104 1363 3171 multitudinem,
1410 3114 1523 3162 tum
1545 3106 1615 3164 ob
1634 3116 1871 3164 mutuum
1891 3123 2024 3165 con-

443 3206 662 3247 sensum
689 3194 794 3252 fide
818 3195 964 3261 digni
986 3195 1213 3252 habendi
1239 3207 1384 3253 sunt.

514 3371 572 3427 ‘5.
611 3370 706 3428 Sin
735 3381 913 3428 autem
943 3373 1297 3429 recentiorum
1328 3376 1690 3431 testimonium
1729 3377 2021 3447 proferant,

442 3462 603 3518 etiam
630 3463 732 3519 hoc
760 3464 919 3520 modo
940 3465 1159 3521 victoria
1191 3480 1352 3536 penes
1381 3481 1478 3522 nos
1502 3466 1606 3522 erit
1637 3485 1652 3521 :
1683 3483 1805 3522 nam
1834 3468 2025 3537 puellae

440 3557 658 3613 nomine
690 3558 830 3613 solet
868 3556 1140 3629 Scriptura
1178 3558 1437 3628 virginem
1480 3573 1701 3625 vocare;
1734 3561 1891 3630 idque
1916 3575 2024 3616 non

438 3649 510 3705 de
542 3650 854 3707 mulieribus
893 3660 1128 3720 tantum,
1165 3653 1258 3708 sed
1288 3653 1449 3707 etiam
1497 3651 1565 3708 de
1612 3653 1739 3707 viris
1782 3653 2022 3709 dicitur:

443 3754 566 3795 nam
608 3742 712 3807 ait,
763 3740 982 3797 Juvenes
1023 3742 1341 3813 etvirgines,
1386 3759 1527 3798 senes
1571 3759 1688 3797 cum
1736 3744 2027 3815 junioribus

441 3829 627 3899 (Psat.
661 3831 785 3887 MS.
832 3831 901 3885 12
919 3832 959 3903 ).
990 3833 1065 3887 Ac
1092 3847 1303 3887 rursum
1330 3832 1399 3888 de
1425 3833 1594 3903 puella
1624 3833 1849 3904 loquens
1874 3833 2028 3904 cujus

440 3921 716 3992 virginitas
736 3923 1010 3992 impetitur
1033 3924 1161 3979 dicit
1191 3942 1205 3978 :
1237 3924 1299 3981 Si
1327 3925 1617 3980 clamaverit
1644 3926 1816 3996 puella
1850 3927 2024 4001 (Deut.

438 4012 530 4070 2‘2.
585 4013 728 4084 2⁵1),
777 4014 831 4069 id
863 4024 946 4070 est
968 4054 983 4081 ,
1025 4017 1208 4087 virgo,
1244 4016 1294 4072 id
1324 4031 1451 4072 vero
1477 4018 1829 4075 conﬁrmatur
1865 4035 1933 4074 ex
1962 4019 2028 4075 iis

438 4117 558 4170 (μω
594 4118 754 4174 supra
783 4104 923 4160 dicta
962 4115 1108 4160 sunt.
1140 4106 1320 4177 Neque
1344 4108 1491 4163 enim
1521 4106 1833 4178 simpliciter
1852 4110 2025 4177 dixit,

436 4193 573 4250 Ecce
607 4199 749 4269 virgo
791 4197 847 4252 in
888 4206 1028 4253 utero
1071 4198 1307 4267 habebit;
1334 4200 1431 4256 sed
1459 4215 1579 4256 cum
1602 4212 1727 4258 ante
1764 4202 2020 4272 dixisset,

434 4286 571 4343 Ecce
596 4288 736 4343 dabit
761 4288 1009 4347 Dominus
1042 4291 1152 4361 ipse
1175 4292 1313 4346 vobis
1336 4293 1536 4363 signum
1553 4335 1569 4360 ,
1601 4301 1729 4350 tunc
1758 4294 2020 4365 subjecit,

435 4376 570 4434 Ecce
588 4379 728 4450 virgo
761 4380 813 4434 iu
839 4389 979 4436 utero
1009 4380 1205 4437 habebit
1244 4381 1414 4455 (Isai.
1456 4383 1511 4440 8.
1551 4386 1677 4451 ll).
1723 4386 1884 4457 Atqui
1921 4387 2023 4444 nisi

435 4468 586 4539 virgo
606 4467 791 4525 fuisset
816 4470 903 4525 illa
932 4487 1052 4542 quae
1080 4474 1314 4543 paritura
1346 4486 1464 4531 erat
1481 4517 1498 4544 ,
1529 4485 1585 4532 et
1609 4477 1654 4532 si
1675 4490 1743 4533 ex
1766 4478 2021 4535 connubii

437 4558 557 4629 lege
595 4558 647 4615 id
682 4558 918 4616 futurum
959 4573 1112 4632 erat,
1154 4566 1297 4637 quod
1329 4567 1542 4624 tandem
1572 4568 1626 4624 id
1655 4571 1864 4642 signum
1895 4570 2027 4628 fuis-

436 4651 555 4706 set?
585 4650 806 4722 Signum
840 4654 983 4709 enim
1012 4671 1191 4711 rerum
1219 4672 1558 4715 communem
1589 4660 1833 4717 ordinem
1863 4661 2026 4720 debet

435 4740 733 4807 excedere,
761 4750 921 4814 atque
955 4746 1177 4801 omnino
1215 4747 1634 4820 inexspectatum
1673 4762 1727 4808 et
1751 4754 2024 4810 insolitum

435 4845 589 4900 esse;
611 4833 843 4905 alioquin
872 4837 1142 4905 quomodo
1178 4839 1387 4910 signum
1406 4844 1588 4897 esset!
1610 4842 1702 4900 24.
1733 4843 2028 4918 Exsurgens

437 4934 608 4979 autem
627 4922 824 4995 loseplt
848 4941 881 4979 a
901 4943 1104 4996 somno,
1143 4931 1263 5001 fecit
1286 4932 1415 4987 sicut
1446 4938 1685 5006 precepit
1719 4938 1769 4992 ei
1816 4938 2027 5010 angelus

441 5014 670 5072 Domini.
686 5017 932 5074 Vidistin’
954 5019 1356 5092 obsequentium
1382 5034 1435 5080 et
1469 5027 1704 5082 animum
1747 5028 2025 5100 obtempe-

438 5109 689 5165 rantem?
718 5109 947 5169 vidistin‘
977 5111 1210 5169 animam
1245 5115 1482 5186 vigilem,
1514 5127 1568 5173 et
1592 5120 1723 5174 nulli
1765 5135 2026 5191 persona-

495 5361 510 5422 ε
546 5357 644 5422 Alii
665 5372 761 5409 non
781 5360 928 5420 male,
939 5361 1165 5422 justitiw.

491 5420 703 5498 (3)913
719 5420 1120 5498 vero‘verterunt
1156 5426 1385 5498 puellam,
1431 5438 1544 5498 sunt
1576 5431 1770 5498 Aquila,
1804 5439 2013 5498 Symma-

429 5482 623 5555 _et
643 5483 928 5555 Theodotio,
945 5492 1001 5534 ut
1025 5482 1193 5537 videas
1216 5490 1265 5540 in
1286 5482 1516 5555 tjeiaplis
1538 5482 1715 5546 nostris
1736 5482 1852 5545 I'sai:
1866 5482 2013 5555 77,7171.

428 5549 522 5593 ttae
541 5544 606 5593 de
629 5557 688 5595 re
721 5546 853 5620 vidc_
870 5547 1208 5615 Hieronymum
1227 5564 1279 5601 tu
1299 5544 1493 5615 Isaia'm,
1528 5557 1612 5620 qui
1636 5544 1823 5620 probat
1844 5544 2013 5610 vocem

425 5628 725 5703 Hebraicarn,
750 5605 913 5690 m5?
930 5672 947 5703 ,
960 5605 1083 5703 Anon
1104 5605 1265 5701 mcdo,
1287 5605 1734 5703 virginent,.scd'et,

425 5704 524 5751 tam
546 5697 797 5766 virginem,
821 5699 1116 5767 signiﬁcare.

1174 335 1234 394 S.
1272 334 1552 393 JOANNIS
1585 332 2057 392 CHRYSOSTOMI
2095 333 2410 393 ARCHIEP.
2450 334 2985 394 CONSTANTINOP.

3188 226 3207 253 \

3665 341 3734 398 58

2156 443 2273 482 rum
2294 434 2592 501 acceptioni
2636 437 2966 497 obnoxiam?
3001 441 3184 515 Neque
3227 460 3368 502 enim
3418 466 3565 507 cum:
3592 452 3740 512 triste

2152 518 2421 589 quidpiam
2448 532 2503 579 et
2523 533 2676 594 turpe
2696 531 3088 602 suspicabatur,
3117 536 3262 593 illam
3292 542 3433 611 apud
3459 558 3518 598 se
3545 548 3741 602 retine-

2149 625 2210 667 re
2238 613 2426 682 voluit,
2460 631 2635 687 neque
2660 632 2835 676 amota
2861 624 3163 694 suspicione
3184 669 3198 690 ,
3223 628 3365 685 illam
3396 632 3531 687 ultra
3555 634 3739 691 dimit-

2151 712 2264 761 tere
2291 709 2574 775 sustinuit;
2603 710 2710 766 imo
2739 729 2867 768 vero
2898 716 3040 772 illam
3069 722 3319 789 retinuit;
3346 739 3409 779 ac
3438 726 3600 783 totius
3627 727 3741 784 dis-

2147 798 2477 863 pensationis
2515 801 2758 861 minister
2794 804 3014 862 ell'ectus
3042 820 3143 866 est.
3178 811 3244 866 Et
3269 818 3495 885 accepit,
3526 819 3695 890 inquit
3724 861 3743 889 ,

2156 884 2377 942 Mariam
2401 892 2668 962 confugerit
2699 906 2865 950 suam.
2909 897 3100 954 Viden’
3123 918 3281 973 quam
3310 884 3619 978 frequenter
3642 884 3746 968 hoc

2148 992 2358 1033 nomen
2409 980 2654 1050 proferat
2709 987 3068 1057 evangelista,
3122 991 3271 1061 quod
3325 996 3466 1051 nolit
3515 999 3743 1057 interim

2148 1072 2475 1143 mysterium
2530 1075 2668 1132 illud
2729 1079 3019 1150 revelare,
3068 1082 3206 1138 dum
3264 1085 3465 1143 malam
3520 1101 3744 1150 amovet

2153 1166 2525 1237 suspicionem
2545 1169 2569 1224 ?
3196 1178 3201 1181 ’

2217 1329 2388 1387 Maria
2420 1344 2532 1405 post
2571 1347 2775 1408 partum
2804 1344 2942 1415 uirgo
2971 1348 3175 1403 mansit.
3206 1351 3387 1411 —-25.
3419 1353 3544 1410 Cum
3568 1369 3741 1414 autem

2143 1424 2414 1493 accepisset
2463 1443 2609 1490 eain.
2656 1447 2757 1485 non
2802 1437 3037 1505 cognovit
3093 1438 3274 1507 illam,
3328 1443 3492 1500 donec
3544 1452 3749 1519 peperit

2143 1511 2306 1579 [ilium
2344 1531 2491 1568 suum
2538 1520 2962 1591 primogenitum;
3006 1527 3135 1583 illud
3173 1529 3344 1587 Donec
3387 1534 3472 1591 hic
3511 1511 3692 1607 potiit
3716 1582 3736 1606 ,

2145 1620 2250 1661 non
2276 1618 2335 1662 ut
2351 1612 2658 1679 suspiceris,
2690 1614 2832 1670 illam
2861 1629 3045 1689 postea
3075 1627 3391 1693 cognovisse
3410 1628 3732 1701 Josephum.

2140 1696 2235 1751 sed
2284 1708 2341 1754 ut
2388 1701 2526 1757 scias
2576 1702 2845 1774 Virginem
2895 1725 3065 1780 usque
3108 1714 3175 1770 ad
3220 1728 3427 1784 parturn
3470 1696 3732 1779 intactam

2142 1786 2323 1845 fuisse.
2354 1790 2462 1847 Cur
2499 1793 2680 1865 itaque
2708 1798 2810 1862 ait,
2840 1800 3012 1857 Donec
3041 1808 3274 1875 peperit?
3318 1809 3415 1865 ilic
3472 1828 3589 1869 mos
3637 1815 3732 1870 lo-

2138 1881 2339 1948 quendi
2362 1882 2416 1940 in
2442 1884 2720 1957 Scriptura
2759 1906 2904 1963 smpe
2928 1893 3274 1967 observatur;
3302 1901 3372 1958 ita
3393 1913 3453 1960 ut
3482 1905 3597 1963 hmc
3623 1924 3736 1965 vox

2138 1984 2246 2026 non
2287 1986 2386 2043 pro
2421 1976 2645 2036 deﬁnito
2666 1982 2897 2052 quodam
2924 1992 3168 2058 tempore
3207 2003 3457 2062 ponatur.
3486 1996 3619 2056 Nam
3663 2001 3746 2059 de

2137 2078 2262 2158 arca
2304 2065 2535 2138 loquens
2578 2072 2655 2131 ait
2698 2092 2713 2129 :
2755 2074 2879 2132 Non
2915 2096 3143 2137 reversus
3197 2095 3272 2140 est
3310 2103 3525 2158 corvus,
3569 2093 3745 2150 donec

2139 2155 2413 2215 siccaretur
2458 2170 2593 2220 terra
2633 2165 2802 2234 (Gen.
2843 2172 2899 2228 8.
2944 2172 2977 2227 7
3000 2174 3050 2245 ).
3101 2178 3201 2232 etsi
3252 2191 3434 2247 postea
3488 2155 3749 2244 reversus

2141 2262 2246 2303 non
2269 2249 2358 2306 sit.
2392 2251 2470 2308 De
2496 2254 2614 2324 ipso
2640 2258 2799 2314 etiam
2830 2261 2941 2317 Deo
2968 2264 3047 2321 sic
3075 2266 3312 2338 loquitur
3341 2290 3358 2327 :
3396 2272 3441 2328 A
3467 2279 3654 2333 male
3680 2291 3741 2335 et

2140 2356 2295 2409 usque
2336 2344 2389 2398 in
2414 2347 2654 2402 siccatum
2683 2359 2738 2405 tu
2760 2368 2813 2406 es
2838 2352 3018 2424 (Psal.
3049 2357 3140 2414 89.
3168 2361 3273 2429 2);
3301 2364 3477 2421 nullos
3501 2367 3591 2425 hic
3620 2379 3749 2427 ter-

2142 2431 2318 2489 minos
2357 2450 2597 2505 ponens;
2644 2456 2935 2515 rursusque
2986 2453 3398 2518 prtenuntians:
3440 2458 3649 2516 Orietur
3674 2464 3763 2519 in.

2140 2522 2314 2579 diebus
2351 2527 2460 2595 ejus
2492 2528 2701 2597 justitia
2737 2543 2782 2587 et
2826 2535 3139 2594 abundantia
3167 2545 3343 2612 pacis,
3374 2547 3536 2604 donec
3584 2558 3746 2625 anfe-

2138 2627 2283 2669 ratur
2306 2617 2431 2711 (una
2467 2618 2655 2689 (Psal.
2684 2625 2772 2679 7i.
2798 2626 2899 2697 7);
2934 2630 3137 2686 nulloin
3179 2637 3463 2695 terminum
3507 2617 3745 2711 pulchro

2141 2707 2261 2763 huic
2290 2708 2559 2768 elemento
2584 2717 2786 2771 statuit.
2819 2718 2891 2773 Ita
2922 2730 2975 2775 et
3004 2720 3107 2777 hoc
3135 2725 3282 2790 loco,
3316 2707 3523 2795 Donec,
3549 2732 3733 2801 dixit,

2142 2808 2196 2852 ut
2219 2816 2336 2870 qua:
2363 2812 2574 2871 partum
2601 2808 2990 2867 antecedebant
3016 2814 3281 2884 ﬁrmaret,
3298 2832 3351 2874 et
3383 2837 3501 2891 qnzn
3531 2839 3742 2896 serjue-

2141 2897 2332 2951 bantur
2373 2896 2469 2950 tibi
2506 2901 2894 2961 consideranda
2935 2905 3279 2977 relinqueret.
3307 2911 3459 2978 Quod
3489 2917 3637 2972 enim
3671 2921 3745 2975 ab

2134 3007 2197 3046 eo
2232 2992 2328 3047 tibi
2370 2992 2686 3054 discendum
2716 3010 2865 3067 erat,
2898 3001 3001 3060 hoc
3028 3004 3198 3075 dixit,
3234 3025 3426 3084 nempe
3453 3014 3738 3085 Virginem

2134 3097 2299 3153 usque
2327 3086 2393 3142 ad
2425 3098 2636 3158 partum
2670 3092 2918 3149 intactam
2948 3099 3209 3155 mansisse
3236 3117 3253 3157 :
3281 3104 3422 3173 quod
3454 3118 3639 3165 autem
3667 3128 3742 3169 ex

2131 3173 2287 3247 dictis
2308 3180 2564 3250 consequi
2586 3190 2652 3236 et.
2665 3182 2719 3239 in
2746 3185 2988 3243 confesso
3016 3202 3136 3245 esse
3164 3192 3460 3263 videbatur,
3480 3198 3585 3255 hoc
3618 3203 3729 3261 tibi

2133 3266 2534 3338 intelligendum
2573 3273 2807 3345 reliquit.
2850 3276 3057 3349 Nempe
3086 3282 3257 3338 virum
3297 3286 3444 3344 illum
3475 3290 3736 3361 justum,

2127 3374 2244 3415 eam
2275 3378 2397 3433 qum
2437 3365 2517 3420 sic
2543 3375 2715 3422 mater
2742 3368 2929 3424 euecta
2949 3412 2964 3437 ,
3009 3387 3071 3427 ac
3113 3382 3219 3429 tam
3251 3392 3389 3435 novo
3415 3389 3471 3436 et
3504 3382 3741 3445 insolito

2133 3455 2417 3525 puerperio
2444 3455 2656 3528 dignata
2684 3462 2854 3517 fuerat
2872 3503 2887 3526 ,
2916 3471 3133 3535 tangere
3172 3484 3279 3524 non
3303 3486 3489 3528 ausum
3533 3475 3736 3534 fuisse.

2131 3544 2262 3600 Nam
2291 3547 2336 3601 si
2376 3550 2719 3620 cognovisset
2767 3568 2885 3609 eam
2928 3564 2987 3611 et
3030 3559 3212 3615 uxoris
3248 3560 3367 3619 loco
3405 3564 3734 3634 habuisset,
3772 3623 3777 3626 ,

2118 3638 2393 3706 quomodo
2420 3640 2565 3697 illam
2604 3645 2755 3714 quasi
2794 3646 3000 3703 nullum
3041 3648 3323 3709 habentem
3354 3657 3522 3713 virum
3558 3659 3739 3718 disci-

2128 3730 2250 3797 pulo
2299 3734 2768 3800 commendasset,
2814 3738 3008 3808 jubens
3051 3756 3171 3798 eam
3203 3744 3255 3800 in
3292 3760 3386 3801 sua
3421 3750 3735 3819 accipere?

2124 3822 2239 3890 Quo
2268 3833 2421 3893 pacto
2450 3842 2599 3898 ergo,
2632 3828 2839 3899 inquies
2859 3873 2873 3897 ,
2900 3832 3129 3891 Iacobus
3153 3847 3206 3892 et
3228 3839 3319 3894 alii
3338 3881 3352 3905 ,
3382 3841 3499 3910 ejus
3526 3841 3737 3904 fratres

2123 3915 2496 3984 appellantur?
2544 3919 2998 3987 Quemadmodum
3047 3934 3103 3981 et
3142 3926 3340 4000 Joseph
3400 3933 3481 3987 vir
3533 3933 3736 3993 Maria:

2123 4019 2242 4060 esse
2270 4007 2694 4066 existimabatur.
2736 4012 2898 4069 Multa
2937 4017 3079 4072 enim
3116 4031 3270 4075 erant
3298 4023 3464 4090 posita
3493 4026 3737 4085 velanti-

2124 4113 2190 4155 na
2209 4137 2223 4163 ,
2255 4108 2311 4154 ut
2339 4099 2640 4171 liujusmodi
2668 4115 2853 4174 partus
2876 4109 3235 4168 occultaretur
3261 4129 3275 4167 :
3309 4111 3535 4185 ideoque
3555 4117 3737 4175 Joan-

2122 4207 2215 4246 nes
2244 4193 2364 4248 illos
2393 4196 2470 4249 sic
2498 4198 2721 4253 vocabat
2767 4199 2849 4255 his
2895 4201 3070 4258 verbis
3093 4244 3108 4269 ,
3167 4204 3341 4277 Neque
3367 4209 3498 4262 enim
3527 4213 3736 4281 fratres

2122 4283 2231 4352 ejus
2265 4285 2530 4339 credebant
2580 4287 2632 4341 in
2681 4307 2795 4344 eum
2850 4290 3045 4361 (Joan.
3088 4295 3138 4349 7.
3203 4297 3305 4364 5).
3354 4298 3610 4357 Attamen
3660 4305 3731 4372 ii,

2121 4375 2207 4443 qui
2256 4376 2404 4445 prius
2448 4394 2554 4434 non
2597 4381 2975 4449 crediderant,
3022 4385 3318 4443 admirandi
3365 4398 3421 4447 et
3468 4394 3736 4462 prieclari

2120 4477 2304 4537 postea
2349 4472 2690 4528 exstiterunt.
2748 4474 2972 4541 Quando
3026 4492 3155 4549 ergo
3193 4479 3499 4551 dogmatum
3548 4500 3737 4543 causa

2120 4562 2317 4618 Paulus
2368 4563 2757 4639 leresolymam
2810 4569 3160 4638 ascendebat,
3210 4572 3465 4632 Jacobum
3525 4580 3737 4638 statim

2119 4652 2284 4708 adiit:
2313 4655 2403 4726 qui
2437 4656 2508 4711 ita
2532 4658 2877 4715 admirandus
2905 4672 3019 4717 erat
3036 4703 3054 4731 ,
3080 4671 3139 4718 ut
3164 4663 3308 4721 illius
3327 4668 3475 4723 urbis
3492 4670 3736 4741 episco-

2120 4753 2298 4814 patum
2340 4746 2543 4816 primus
2585 4750 2870 4820 acciperet.
2923 4752 3154 4810 Narrant
3195 4766 3374 4815 autem
3406 4759 3554 4815 illum
3599 4772 3736 4821 tam

2117 4849 2309 4906 aspere
2344 4839 2504 4893 vitam
2534 4839 2781 4910 duxisse,
2827 4851 2886 4898 ut
2928 4845 3167 4901 membra
3195 4848 3309 4920 ejus
3341 4851 3519 4907 omnia
3550 4858 3737 4924 quasi

2115 4940 2359 4988 emortua
2386 4943 2586 5002 essent,
2618 4944 2777 5008 atque
2814 4953 2880 4994 ex
2918 4940 3172 5010 precandi
3210 4943 3546 5012 assiduitate,
3574 4948 3733 5007 dum

2115 5025 2309 5095 pigiter
2338 5027 2390 5082 in
2432 5028 2737 5099 pavimento
2771 5033 3178 5104 procumberet,
3206 5032 3436 5093 frontem
3477 5037 3599 5110 ejus
3645 5042 3738 5099 ita

2115 5114 2470 5183 obduruisse,
2510 5128 2569 5175 ut
2602 5136 2837 5192 genuum
2872 5124 3065 5181 cameli
3093 5124 3343 5184 duritiem
3377 5143 3512 5199 pene
3539 5133 3739 5189 attin-

2114 5215 2264 5277 geret
2289 5205 2365 5281 (α)
2388 5250 2405 5276 ,
2431 5210 2504 5266 ita
2540 5209 2852 5284 frequenter
2892 5214 3038 5271 illam
3076 5218 3193 5273 solo
3217 5219 3563 5290 applicuerat.
3614 5222 3741 5283 llic

2113 5312 2325 5371 quoque
2351 5301 2594 5373 Paulum,
2625 5305 2716 5377 qui
2744 5304 2920 5364 denuo
2942 5305 3330 5382 Jerosolymam
3351 5311 3690 5371 ascenderat
3711 5359 3735 5385 ,

2180 5533 2252 5607 ςμ)
2284 5532 2823 5607 Anienijnterpretatio
2841 5538 3015 5607 refert,
3037 5543 3198 5593 Jacobi
3220 5556 3382 5607 genus
3404 5547 3737 5604 obduruisse

2114 5596 2257 5665 (:allo,
2283 5596 2332 5665 id
2354 5599 2484 5661 quod
2506 5600 2554 5649 in
2764 5614 2860 5652 non
2884 5596 3116 5655 habetur:
3130 5596 3357 5657 versione
3375 5596 3537 5658 tamen
3561 5596 3741 5665 Et;

2116 5659 2320 5772 ῐιξέίιιέαθί.
2670 5662 3061 5728 Cbrysostomum
3078 5668 3143 5719 de
3161 5675 3205 5720 s.
3216 5672 3393 5720 Jacobo
3409 5670 3605 5724 dixisse
3614 5659 3738 5739 EE-
