3832 6178
456 109 524 166 59
1660 105 1750 181 ut
1789 103 2200 164 nummum
2240 106 2469 165 HOMIL.
2505 105 2573 162 v.
3691 92 3763 181 βο

455 223 624 276 musta
665 218 918 274 nuntians
958 214 1398 287 siccompcllat:
1437 213 1627 281 Vides,
1678 216 1869 281 frater,
1923 227 2038 282 quot

455 312 616 364 millia
642 319 757 363 sunt
777 311 862 377 qui
888 315 1222 362 convenerunt
1251 305 1401 374 (Act.
1433 305 1522 358 2|.
1553 303 1698 375 20)?
1729 303 1898 357 Tanta
1925 313 2042 356 erat

447 402 566 470 ejus
592 401 869 472 prudentia
892 442 907 463 ,
939 408 1115 454 tantus
1141 397 1318 462 zelus;
1351 397 1460 451 imo
1484 411 1614 451 vero
1657 405 1800 450 tanta
1831 395 2033 450 Chi-isti

451 497 640 548 virtus.
685 493 814 547 Nam
855 491 945 562 qui
992 491 1137 545 illum
1181 488 1556 558 vituperabant
1608 489 1913 552 viventem,
1965 487 2035 541 ita

450 592 572 654 post
595 593 820 638 mortem
850 583 1022 652 ipsum
1056 580 1303 635 admirati
1333 589 1458 633 sunt
1478 621 1493 644 ,
1523 587 1580 632 ιιι
1606 593 1729 633 cum
1759 577 2036 632 alacritate

452 690 638 744 magna
686 675 847 728 vitam
893 688 990 743 pro
1025 673 1142 741 ipso
1193 669 1606 741 profunderent;
1638 685 1761 740 qua:
1785 669 2035 722 virtutem

451 764 856 820 resurrectionis
910 777 1034 817 cum
1085 761 1268 832 primis
1313 769 1756 816 commonstrant.
1811 758 2041 827 Ideoque

451 855 564 920 illa,
597 869 715 924 quas
739 854 968 908 clariora
996 861 1150 908 erant
1168 893 1182 917 ,
1215 851 1280 905 ad
1310 859 1608 906 extremum
1632 859 1840 918 tempus
1867 863 2042 903 reser-

449 946 746 1010 vabantur,
793 952 852 998 ut
879 943 994 998 haec
1020 942 1150 997 nulli
1183 942 1344 997 dubio
1371 941 1600 996 obnoxia
1639 949 1785 996 esset
1817 939 2040 994 demon-

449 1035 656 1089 stratio.
687 1033 819 1088 Nam
841 1034 885 1088 si
915 1033 1034 1088 illos
1061 1032 1220 1088 etiam
1249 1031 1338 1102 qui
1379 1032 1432 1086 in
1460 1032 1564 1085 vita
1611 1045 1705 1085 sua
1733 1028 2034 1084 admirandi

445 1137 638 1192 erant,
683 1125 963 1181 defunctos
1008 1124 1400 1188 obliviscimur,
1441 1138 1548 1193 quo
1589 1129 1748 1194 pacto
1784 1121 1896 1187 illi,
1939 1120 2026 1190 qui

451 1218 720 1274 viventem
747 1220 922 1287 ipsum
965 1216 1291 1280 irridehant,
1327 1216 1491 1270 Deum
1522 1229 1642 1268 esse
1681 1213 2042 1268 existimavis-

452 1317 604 1376 sent,
644 1309 688 1362 si
730 1306 1002 1361 hominem
1045 1305 1438 1360 credidissent?
1478 1302 1748 1373 quomodo
1785 1315 1883 1372 pro
1925 1300 2042 1370 ipso

456 1409 682 1456 mortem
725 1400 908 1454 subire
937 1398 1262 1463 voluissent,
1296 1397 1395 1451 nisi
1429 1396 1764 1466 perspicuam
1805 1395 2045 1464 accepis-

454 1499 575 1546 sent
601 1488 1011 1546 resurrectionis
1029 1487 1544 1544 demonstrationem
1562 1485 1587 1540 ?

519 1690 733 1763 Cognati
780 1689 912 1760 justi
959 1686 1158 1742 nonnisi
1189 1683 1500 1754 resipiscenti
1531 1680 1779 1752 peccatori
1807 1687 2039 1748 prosunt.

452 1785 694 1840 Precibus
731 1791 1018 1838 sanctorum
1058 1796 1159 1834 non
1207 1778 1358 1832 nimis
1409 1775 1691 1846 ﬁdentium.
1741 1773 1882 1828 -4.
1918 1771 2043 1826 llaec

453 1891 618 1946 porro
645 1875 894 1939 dicimus,
925 1885 1032 1926 non
1061 1877 1120 1924 ut
1147 1868 1372 1923 audiatis
1411 1875 1636 1930 tantum,
1669 1864 1762 1919 sed
1789 1872 1846 1918 ut
1870 1862 2046 1917 imite-

452 1965 581 2021 mini
600 1960 1206 2027 fortitudinem,dicendi
1247 1958 1503 2022 iduciam,
1534 1955 1896 2025 justitiamque
1925 1967 2045 2009 om-

455 2074 580 2114 nem
603 2075 618 2122 ;
644 2066 701 2113 ut
725 2070 884 2112 nemo
907 2055 976 2110 de
1001 2068 1060 2108 se
1087 2051 1357 2122 desperet,
1389 2047 1598 2105 etiamsi
1619 2047 1843 2101 antehac
1871 2044 2049 2114 segnis

454 2148 860 2217 desidiosusque
905 2144 1097 2208 fuerit;
1147 2149 1307 2211 utque
1352 2139 1496 2193 nulla
1543 2138 1596 2192 in
1654 2151 1716 2192 re
1768 2135 1875 2190 alia
1899 2148 2050 2204 spem

457 2238 671 2304 habeat,
698 2236 800 2292 nisi
826 2244 946 2306 post
971 2233 1064 2288 Dei
1092 2229 1512 2288 misericordiam
1538 2228 1592 2281 in
1613 2241 1822 2280 morum
1849 2224 2052 2280 sancti-

459 2329 719 2385 tate.Nam
742 2327 786 2382 si
805 2325 934 2380 nihil
951 2325 1055 2379 illis
1078 2319 1430 2394 profuitquod
1445 2335 1511 2375 ex
1527 2318 1864 2389 cognatione,
1891 2315 2052 2370 domo

457 2429 516 2475 et
537 2419 703 2490 patria
725 2417 919 2473 Christi
945 2424 1128 2471 essent
1148 2455 1164 2478 ,
1195 2412 1368 2467 donec
1396 2411 1590 2464 virtute
1613 2409 1912 2464 clarerent:
1943 2421 2048 2476 qua

459 2513 616 2569 venia
657 2509 801 2582 digni
839 2509 1076 2574 erimus,
1103 2506 1230 2562 dum
1270 2512 1524 2574 cognatos
1561 2510 1618 2556 et
1653 2501 1840 2556 fratres
1875 2499 2046 2569 iustos

461 2603 827 2669 ostendimus,
875 2600 977 2655 nisi
1034 2613 1156 2653 cum
1211 2610 1402 2668 magna
1440 2593 1692 2665 mquitate
1743 2591 2045 2660 virtuteque

461 2699 624 2751 vitam
681 2693 978 2750 ducamus?
1031 2689 1167 2746 lllud
1221 2689 1363 2744 enim
1403 2687 1748 2742 subindicans
1789 2683 2053 2754 prOpheia

462 2787 673 2843 dicebat
703 2803 717 2839 :
749 2783 934 2838 Frater
956 2798 1057 2836 non
1083 2781 1300 2844 redimit,
1334 2778 1543 2832 redimet
1577 2777 1726 2830 homo
1757 2773 1936 2844 (Psal.
1964 2772 2058 2830 48.

462 2879 567 2951 7);
600 2876 810 2934 etiamsi
842 2876 1048 2948 Moyses
1081 2873 1278 2937 fuerit,
1310 2870 1516 2926 etiamsi
1553 2867 1808 2934 Samuel,
1850 2864 2060 2920 etiamsi

465 2969 745 3026 Jeremias.
791 2967 927 3022 Audi
958 2967 1099 3021 enim
1122 2963 1250 3036 quid
1280 2962 1355 3018 illi
1383 2960 1525 3017 dicat
1554 2961 1695 3016 Deus
1727 2975 1746 3016 :
1781 2957 1906 3013 Noli
1934 2973 2055 3028 pre-

465 3062 574 3117 cari
611 3076 702 3131 pro
733 3060 921 3131 populo
947 3057 1060 3122 hoc,
1093 3056 1332 3126 quoniam
1372 3069 1472 3107 non
1497 3050 1768 3106 exaudiam
1809 3060 1860 3105 te
1910 3047 2053 3119 (λετ.

467 3154 558 3208 11.
589 3151 709 3223 14).
733 3151 798 3206 Ει
821 3149 947 3221 quid
976 3147 1187 3202 miraris
1213 3147 1256 3200 si
1285 3153 1337 3200 te
1363 3159 1471 3198 non
1499 3141 1696 3198 audio?
1717 3140 1850 3197 Nam
1874 3140 1917 3196 si
1941 3153 2058 3210 Ipse

468 3247 680 3318 Moyses
700 3285 716 3310 ,
743 3243 951 3314 inquit,
976 3240 1021 3296 si
1041 3237 1258 3296 Samuel
1284 3235 1564 3301 adessent,
1595 3248 1781 3289 eorum
1813 3246 1910 3303 pro
1948 3230 2064 3285 istis

466 3341 907 3412 supplicationem
953 3355 1058 3394 non
1112 3338 1450 3394 admitterem
1497 3333 1646 3409 (λετ.
1686 3333 1766 3390 l5.
1801 3333 1886 3403 1).
1913 3331 2050 3386 ΕΖΒ·

465 3432 606 3490 chlel
629 3432 838 3487 etiamsi
872 3431 1170 3500 supplicet,
1199 3430 1300 3484 hoc
1339 3427 1522 3483 audiet
1553 3443 1567 3478 :
1607 3423 1670 3480 Si
1689 3423 1915 3479 steterint
1941 3419 2058 3475 Noe

467 3538 514 3580 et
540 3525 640 3580 Job
686 3534 732 3579 et
761 3523 977 3588 Daniel,
1026 3523 1161 3592 ﬁlios
1209 3522 1441 3590 ﬁliasque
1481 3533 1600 3573 suas
1637 3533 1739 3571 non
1777 3514 2057 3570 liberabant

466 3614 695 3687 (Each.
746 3613 1113 3683 14.11.16).
1165 3611 1390 3667 Etiamsi
1436 3608 1706 3666 Abraham
1752 3604 2055 3688 patriarcha

468 3722 568 3778 pro
588 3709 652 3761 iis
672 3707 762 3778 qui
785 3705 1064 3760 incurabili
1090 3703 1279 3760 morbo
1297 3702 1560 3768 laborant,
1586 3716 1686 3756 nec
1714 3699 2052 3769 resipiscunt,

469 3797 764 3867 supplicet,
799 3797 938 3852 Dens
977 3795 1230 3851 abscedet
1269 3802 1326 3850 et
1368 3793 1637 3864 relinquet
1676 3807 1834 3858 eum;
1882 3791 1950 3845 ita
2001 3799 2061 3844 ut

469 3901 654 3942 eorum
697 3887 866 3957 gratia
915 3887 1166 3942 emissam
1219 3901 1405 3942 vocem
1454 3901 1560 3940 non
1601 3883 1801 3939 audiat.
1835 3881 2057 3937 Etiamsi

470 3980 687 4037 Samuel
717 3979 818 4035 hoc
846 3980 1019 4050 ipsum
1045 3979 1266 4046 fecerit,
1293 3978 1436 4034 dicet
1460 3978 1560 4048 ipsi
1592 3994 1607 4032 :
1640 3975 1725 4032 Ne
1749 3977 1944 4047 ﬂeveris
1967 3990 2059 4044 pro

472 4072 632 4128 Simile
658 4073 676 4144 (
700 4075 751 4127 l.
779 4071 907 4144 Reg.
940 4072 1028 4127 16.
1057 4073 1149 4144 1).
1180 4069 1403 4126 Etiamsi
1443 4086 1539 4140 pro
1582 4083 1767 4126 sorore
1796 4067 2058 4138 quispiam

469 4180 577 4220 non
595 4172 896 4235 opportune
915 4163 1169 4226 oraverit,
1195 4163 1423 4233 idipsum
1451 4161 1630 4218 audiet
1649 4160 1790 4232 quod
1817 4161 2056 4232 Moyses:

471 4257 533 4312 Si
593 4273 876 4327 construens
925 4256 1236 4327 conspuisset
1274 4264 1417 4325 pater
1458 4255 1568 4324 ejus
1618 4254 1673 4308 in
1729 4253 1911 4325 faciem
1951 4253 2061 4323 ejus

470 4345 669 4418 (Num.
726 4347 815 4402 η.
879 4346 1016 4416 14).
1065 4345 1142 4402 Ne
1193 4347 1372 4412 itaque
1424 4345 1651 4399 aliorum
1707 4343 2060 4415 patrocinium

471 4442 651 4496 hiante
680 4455 774 4496 ore
799 4428 1120 4512 spectemus.
1148 4438 1277 4494 Nam
1311 4454 1497 4509 preces
1517 4438 1730 4509 quidem
1754 4447 2060 4494 sanctorum

469 4531 578 4586 vim
608 4530 807 4586 habent
834 4531 1161 4596 maximam;
1191 4530 1284 4585 sed
1323 4531 1367 4584 si
1399 4545 1497 4584 nos
1538 4530 1904 4599 ptenitentiam
1934 4545 2062 4600 aga-

473 4639 594 4678 mus
643 4632 699 4678 et
757 4621 1153 4692 resipiscamus.
1189 4620 1629 4692 Quandoquidem
1681 4621 1927 4694 Moyses,
1971 4623 2062 4692 qui

473 4717 691 4773 fratrem
739 4729 894 4771 suum
920 4726 974 4770 et
998 4723 1250 4770 sexcenta
1277 4715 1437 4769 millia
1467 4715 1745 4770 hominum
1788 4715 1857 4770 ab
1886 4715 2063 4770 immi-

471 4820 632 4864 nente
678 4809 754 4862 ira
803 4805 1082 4874 liberavit,
1136 4821 1378 4862 sororem
1431 4823 1537 4862 non
1587 4809 1759 4878 potuit
1809 4809 2057 4878 eripere;

472 4898 681 4954 etiamsi
708 4914 813 4954 non
845 4913 940 4968 par
964 4906 1236 4970 peccatum
1267 4907 1409 4954 esset
1441 4915 1454 4951 :
1487 4898 1574 4953 illa
1603 4901 1800 4971 quippe
1822 4899 2059 4972 Moysem

471 4992 792 5047 contumelia
817 4989 1103 5057 all'ecerat;
1130 4990 1181 5045 hi
1208 4999 1386 5046 autem
1411 4990 1630 5060 impium
1664 4991 1869 5048 facinus
1890 4993 2064 5048 admi-

473 5090 672 5138 serant.
703 5081 902 5138 Verum
929 5081 1066 5138 hanc
1099 5096 1198 5153 ego
1224 5081 1374 5138 vobis
1403 5082 1753 5153 qumstionem
1781 5083 2058 5156 relinquo,

474 5172 570 5228 sed
609 5173 697 5227 illa
750 5172 1047 5243 graviorem
1089 5175 1302 5231 solvere
1339 5174 1595 5231 conabor.
1643 5175 1782 5244 Quid
1819 5177 1961 5233 enim
1993 5178 2062 5235 de

475 5277 665 5319 sorore
689 5263 947 5331 dicamus,
977 5265 1188 5336 quando
1217 5266 1332 5337 ipse
1359 5266 1521 5322 etiam
1562 5269 1693 5322 tanti
1720 5268 1901 5338 populi
1929 5269 2060 5336 dux,

477 5353 529 5408 id
561 5353 701 5422 quod
733 5369 834 5424 pro
859 5355 1034 5424 seipso
1063 5358 1282 5428 rogabat
1310 5358 1595 5432 impetrare
1624 5373 1729 5414 non
1753 5359 1938 5426 valuit,
1966 5362 2063 5417 sed

479 5456 600 5502 post
639 5455 715 5504 tot
756 5455 1040 5508 tantosque
1085 5449 1296 5508 labores
1340 5460 1396 5510 et
1437 5466 1738 5523 aerumnas,
1782 5465 2062 5523 postquam

2166 221 2261 276 per
2299 219 2470 260 annos
2495 203 2838 275 quadraginta
2867 203 3062 275 populo
3108 201 3392 274 priel‘uerat
3414 247 3428 267 .
3474 220 3526 258 in
3557 179 3771 260 terrain

2167 297 2322 350 toties
2375 295 2692 364 promissnm
2742 295 2943 349 intrare
2998 295 3300 365 prohibitus
3348 295 3472 350 est?
3519 295 3638 364 Qua
3698 298 3772 353 de

2159 386 2358 441 causa?
2402 385 2518 440 Non
2567 386 2710 439 utilis
2768 384 2882 439 hanc
2923 385 3091 455 gratia
3134 384 3358 452 fuisset,
3409 385 3518 439 imo
3568 387 3762 442 damni

2160 480 2381 533 multum
2409 477 2707 538 intulisset.
2743 476 3159 548 Judteorumque
3199 479 3397 533 multos
3435 479 3763 549 supplanta-

2161 572 2345 626 visset.
2373 571 2427 626 Si
2457 571 2599 625 enim
2639 585 2705 625 ex
2729 569 2963 642 Egypto
3005 579 3206 624 tantum
3232 585 3262 624 a
3285 569 3466 642 Moyse
3495 572 3710 625 liberati
3738 611 3755 637 ,

2155 664 2261 717 Deo
2292 661 2536 728 dimisso,
2560 662 2775 733 Moysen
2803 662 3148 728 requirebant
3177 663 3380 734 ipsique
3410 672 3580 718 totum
3607 664 3752 718 refe-

2155 753 2343 807 rebant
2375 770 2389 806 :
2419 753 2462 806 si
2495 767 2555 807 se
2597 753 2855 807 vidissent
2881 752 2949 807 ab
2986 753 3076 806 illo
3105 753 3438 808 introductos
3468 756 3519 808 in
3548 765 3757 810 terram

2152 845 2518 913 promissionis
2541 885 2556 909 ,
2589 859 2694 914 quo
2717 860 2821 898 non
2854 843 3221 914 prorupissent
3251 844 3580 913 impietatis?
3601 845 3755 899 Ideo-

2149 953 2252 1006 que
2295 937 2592 1006 sepulcrum
2637 937 2753 1007 ejus
2795 936 3060 992 occultum
3088 938 3282 992 mansit
3308 937 3497 1007 (Deut.
3532 940 3624 994 31.
3659 939 3757 1009 6).

2152 1031 2368 1084 Samuel
2397 1045 2526 1084 vero
2562 1030 2776 1084 Saftlem
2823 1029 3047 1086 liberare
3073 1031 3309 1100 nequivit
3336 1045 3366 1084 a
3403 1030 3583 1086 divina
3634 1033 3714 1086 ira
3740 1074 3756 1095 ,

2151 1123 2240 1190 qui
2282 1131 2456 1176 tamen
2504 1120 2769 1176 Israelitas
2821 1136 2963 1191 smpe
3006 1123 3237 1177 servavit
3276 1122 3360 1194 (1.
3390 1123 3516 1193 Reg.
3555 1123 3642 1179 16.
3680 1125 3757 1194 1).

2151 1215 2408 1270 Jeremias
2438 1213 2652 1269 Judzeos
2705 1228 2919 1268 servare
2957 1229 3065 1267 non
3121 1195 3328 1284 potuit],
3367 1215 3520 1269 alteri
3573 1228 3759 1269 tamen

2152 1305 2203 1359 in
2260 1303 2533 1375 prophetia
2585 1319 2678 1358 sua
2728 1305 3094 1374 patrocinatus
3148 1317 3250 1360 est.
3322 1306 3508 1361 Daniel
3556 1307 3761 1363 barba-

2152 1414 2243 1454 ros
2288 1398 2378 1469 qui
2425 1397 2802 1467 jugulabantur
2853 1396 3078 1468 eripuit,
3140 1412 3239 1452 nec
3291 1397 3506 1453 Judacos
3559 1414 3631 1454 ne
3705 1399 3760 1452 in

2152 1489 2508 1558 captivitatem
2539 1486 2932 1542 abducerentur
2973 1503 3191 1542 servare
3231 1490 3401 1558 putuit
3428 1490 3445 1558 (
3472 1488 3606 1543 Dan.
3638 1489 3676 1542 2
3705 1493 3747 1559 ).

2153 1581 2210 1636 In
2239 1580 2543 1651 Evangeliis
2568 1594 2780 1650 quoque
2820 1595 2924 1633 non
2958 1579 3009 1632 in
3039 1579 3302 1646 diversis,
3335 1579 3430 1635 sed
3460 1581 3514 1635 in
3556 1581 3760 1636 iisdem

2154 1676 2281 1747 ipsis
2310 1686 2596 1744 utrumque
2644 1672 3004 1744 conspicimus
3047 1690 3060 1727 :
3113 1673 3468 1742 eamdemque
3498 1673 3753 1728 videmus

2153 1769 2382 1842 salutem
2411 1766 2512 1822 sibi
2539 1781 2747 1835 parare,
2773 1774 2827 1820 et
2856 1774 3038 1836 postea
3065 1765 3290 1829 salutem
3319 1780 3470 1818 suam
3493 1764 3749 1834 prodere.

2153 1859 2287 1915 Nam
2325 1857 2414 1929 qui
2444 1856 2634 1912 decem
2669 1855 2832 1909 millia
2868 1855 3062 1909 talenta
3092 1854 3355 1920 debebat,
3403 1855 3764 1926 supplicando

2156 1969 2214 2009 se
2239 1968 2301 2008 ex
2327 1952 2565 2022 periculo
2600 1949 2796 2020 eripuit
2827 1957 3115 2018 posteaque
3145 1947 3378 2019 idipsum
3407 1963 3512 2002 non
3541 1949 3760 2020 potuit;

2154 2043 2292 2099 alius
2319 2052 2504 2098 contra
2528 2084 2542 2107 ,
2574 2041 2664 2111 qui
2709 2039 2855 2111 prius
2897 2039 3131 2109 scipsum
3177 2038 3489 2109 prodiderat
3519 2081 3534 2103 ,
3568 2048 3761 2108 postca

2154 2136 2263 2204 sibi,
2283 2135 2379 2202 ipsi
2407 2133 2692 2204 plurimum
2739 2132 2994 2203 prodesse
3036 2133 3230 2202 puluil.
3259 2132 3389 2200 Quis
3418 2131 3508 2186 ille
3530 2142 3612 2186 est
3636 2131 3661 2185 ?
3711 2130 3765 2188 Is

2155 2227 2245 2299 qui
2273 2236 2543 2299 paternam
2567 2226 2916 2281 substantiam
2959 2225 3303 2280 devoraverat
3327 2223 3477 2298 (Luc.
3511 2225 3597 2281 15.
3634 2225 3762 2294 30).

2157 2321 2340 2390 Itaque
2377 2320 2421 2374 si
2467 2335 2657 2390 segnes
2681 2327 2735 2373 et
2758 2318 3011 2374 socordes
3039 2317 3328 2387 fuerimus,
3377 2334 3448 2375 ne
3494 2334 3594 2390 per
3617 2319 3764 2374 alios

2158 2413 2372 2485 quidem
2403 2412 2603 2467 servari
2633 2410 2961 2480 poterimus;
3011 2410 3055 2464 si
3097 2419 3273 2465 autem
3300 2411 3580 2482 vigilemus
3601 2453 3617 2477 ,
3657 2426 3765 2481 per

2161 2504 2516 2575 nosmetipsos
2546 2502 2597 2558 id
2635 2502 2932 2558 valebimus
2959 2519 2972 2556 :
3003 2501 3113 2558 imo
3139 2502 3306 2573 magis
3351 2510 3564 2566 nostra,
3591 2517 3761 2573 quam

2159 2599 2386 2652 aliorum
2434 2609 2616 2664 opera.
2660 2594 2857 2648 Mavult
2903 2594 3100 2665 quippe
3144 2594 3286 2649 Deus
3329 2594 3550 2664 gratiam
3594 2594 3762 2648 nobis

2163 2689 2292 2760 ipsis
2313 2688 2473 2755 dare,
2505 2702 2664 2756 quam
2686 2686 2791 2740 alio
2816 2701 2914 2756 pro
2944 2687 3096 2740 nobis
3122 2698 3374 2756 precante
3391 2707 3403 2741 :
3423 2699 3481 2740 ut
3494 2694 3760 2741 curantes

2180 2783 2356 2854 ipsius
2417 2785 2552 2839 iram
2581 2784 2826 2854 placare,
2855 2798 2976 2839 cum
3005 2781 3194 2837 ﬁducia
3219 2795 3434 2850 agamus
3470 2790 3526 2837 et
3567 2782 3761 2852 resipio

2176 2889 2407 2932 scamus.
2426 2874 2514 2930 Sic
2527 2873 2882 2931 Chananaeam
2899 2875 3181 2930 miseratus
3195 2882 3305 2940 est;
3324 2873 3402 2928 sic
3417 2874 3760 2930 meretricem

2175 2967 2348 3023 salute
2375 2967 2610 3032 donavit,
2633 2966 2713 3022 sic
2737 2967 2996 3022 latronem
3016 3008 3032 3035 ,
3065 2965 3209 3021 nullo
3235 2965 3624 3021 interveniente
3650 2981 3763 3020 meo

2174 3058 2383 3115 diatore
2408 3068 2464 3115 et
2493 3068 2739 3126 patrono.

2265 3160 2300 3188 Ρ

2241 3241 2296 3297 5.
2321 3240 2630 3296 Sanctorum
2648 3237 2912 3294 invocatio.
2939 3232 3286 3307 Eleemosynaz
3303 3233 3520 3305 fructus.
3542 3263 3614 3278 -ρ
3635 3231 3763 3288 “me

2171 3345 2349 3389 autem
2374 3333 2495 3389 dico
2518 3376 2532 3399 ,
2563 3347 2668 3386 non
2700 3339 2758 3387 ut
2784 3331 2982 3394 sanctis
3011 3347 3116 3385 non
3148 3329 3504 3400 supplicemus
3522 3369 3539 3396 ,
3566 3327 3666 3385 sed
3696 3344 3764 3384 ne

2171 3429 2339 3483 simus
2368 3427 2716 3498 negligentes,
2741 3441 2873 3481 neve
2899 3427 2949 3480 in
2976 3423 3275 3480 socordiam
3298 3438 3655 3494 somnumque
3675 3422 3765 3478 de-

2171 3519 2344 3590 lapsi,
2373 3519 2493 3574 aliis
2537 3518 2771 3590 ipsisque
2809 3517 2938 3572 solis
2979 3531 3066 3572 res
3103 3526 3315 3571 nostras
3343 3515 3762 3572 committamus.

2170 3610 2302 3668 Nam
2330 3626 2452 3666 cum
2473 3611 2715 3677 dixisset,
2744 3609 2923 3665 Facite
2946 3610 3082 3665 vobis
3107 3611 3316 3677 amicos,
3343 3625 3450 3666 non
3481 3608 3565 3665 hic
3589 3611 3762 3676 stetit,

2172 3705 2266 3762 sed
2296 3705 2518 3774 addidit,
2549 3704 2629 3760 Ea:
2654 3706 2826 3776 iniquo
2855 3721 3090 3759 mamona
3119 3703 3287 3775 (Luc.
3316 3703 3404 3759 16.
3437 3703 3511 3773 9)
3546 3721 3560 3758 :
3589 3714 3654 3760 ut
3683 3722 3765 3760 rc-

2171 3809 2256 3854 cte
2283 3799 2479 3854 factum
2510 3814 2636 3854 vere
2661 3799 2729 3853 sit
2757 3807 2924 3853 tuum.
2956 3796 3101 3852 Nihil
3127 3797 3268 3851 enim
3295 3795 3438 3851 aliud
3465 3795 3571 3864 hic,
3601 3813 3763 3869 quam

2173 3890 2568 3960 eleemosynam
2601 3889 2851 3944 indicavit
2882 3909 2894 3944 :
2928 3889 3176 3960 quodque
3203 3887 3598 3957 admirandum,
3635 3890 3762 3946 nihil

2173 3982 2309 4036 ultra
2336 3998 2366 4036 a
2393 3982 2546 4037 nobis
2574 3981 2756 4052 exigit,
2788 3984 2830 4037 si
2859 3981 2926 4036 ab
2953 3981 3228 4052 iniquitate
3255 3981 3625 4037 absoedamus.
3657 3983 3765 4038 Hoc

2171 4073 2314 4129 enim
2352 4073 2464 4127 vult
2500 4073 2799 4144 significare
2832 4090 2844 4127 :
2872 4071 3055 4142 Inique
3088 4072 3311 4142 adeptus
3336 4073 3440 4128 es?
3467 4072 3636 4128 Recte
3663 4075 3764 4128 im-

2173 4163 2366 4234 pende.
2411 4161 2608 4234 lujuste
2646 4163 2939 4234 collegisti?
2968 4162 3117 4218 Juste
3147 4163 3413 4234 disperge.
3445 4164 3609 4235 Atqui
3653 4181 3765 4236 qua:

2176 4252 2388 4308 tandem
2429 4252 2545 4308 haec
2582 4253 2749 4308 virtus
2774 4262 2888 4320 est,
2916 4252 2983 4308 de
3015 4253 3208 4308 talibus
3242 4253 3483 4309 donare?
3511 4256 3763 4312 Attamen

2176 4345 2336 4413 Deus,
2362 4345 2618 4418 benignus
2645 4361 2767 4400 cum
2792 4345 2880 4411 sit,
2903 4361 2970 4402 eo
2995 4361 3163 4416 usque
3191 4362 3310 4402 sese
3329 4347 3584 4403 demittit.
3615 4349 3672 4405 Si
3699 4349 3764 4404 ita

2175 4435 2447 4502 faciamus,
2475 4437 2612 4492 bona
2641 4436 2796 4492 nobis
2821 4438 2984 4493 multa
3014 4439 3307 4508 pollicetur.
3337 4441 3405 4494 At
3431 4454 3528 4496 nos
3555 4441 3627 4496 ad
3656 4450 3766 4496 tan-

2176 4541 2282 4586 tam
2315 4532 2613 4587 socordiam
2643 4531 2990 4600 devenimus,
3020 4540 3079 4587 ut
3119 4547 3186 4588 ne
3227 4533 3438 4604 quidem
3477 4549 3547 4589 ex
3589 4535 3766 4606 inique

2174 4625 2340 4696 partis
2369 4626 2691 4696 largiamur;
2723 4626 2818 4682 sed
2849 4627 3139 4683 innumeris
3166 4627 3305 4682 aucti
3339 4627 3542 4698 rapinis
3562 4671 3580 4695 ,
3613 4630 3658 4685 si
3686 4629 3764 4684 vel

2177 4718 2450 4772 minimam
2473 4726 2674 4787 partem
2697 4716 3022 4783 dederimus,
3047 4733 3145 4774 nos
3164 4728 3330 4774 totum
3353 4719 3655 4778 absolvisse
3673 4737 3767 4793 pu-

2175 4817 2368 4865 temus.
2400 4807 2516 4864 Non
2555 4809 2747 4864 audisti
2787 4808 3010 4865 Paulum
3039 4810 3334 4879 dicentem,
3365 4811 3467 4878 Qui
3501 4829 3662 4883 parce
3686 4808 3763 4868 se?

2175 4903 2352 4968 minat,
2383 4918 2535 4973 parce
2560 4913 2608 4957 et
2631 4911 2777 4957 metet
2805 4901 2879 4973 (2.
2913 4901 3029 4957 Cor.
3062 4902 3114 4958 9.
3145 4902 3236 4973 6)?
3263 4902 3371 4974 Cur
3398 4918 3527 4975 ergo
3560 4905 3764 4974 parcis?

2175 5012 2299 5050 num
2327 5007 2568 5067 sumptus
2593 5005 2676 5052 est
2702 4995 2870 5051 illud?
2891 5013 3018 5052 num
3043 4999 3318 5067 expensa?
3342 4997 3453 5052 lino
3474 5011 3764 5069 proventus

2174 5096 2228 5142 et
2253 5088 2560 5158 negotiatio.
2587 5087 2686 5144 Ubi
2712 5088 2852 5143 enim
2880 5102 3066 5159 semen
3091 5089 3303 5159 jacitur,
3331 5090 3400 5144 ibi
3429 5094 3626 5148 messis
3645 5108 3764 5148 cou-

2174 5179 2414 5251 sequitur
2447 5197 2460 5234 :
2489 5179 2577 5235 ubi
2605 5194 2788 5236 semen
2809 5220 2826 5248 ,
2858 5179 2930 5236 ibi
2957 5189 3012 5237 et
3035 5181 3405 5254 multiplicatio
3423 5182 3463 5236 ¹.
3494 5183 3579 5239 Tu
3605 5199 3757 5250 vero,

2181 5463 2228 5517 ιο
2244 5402 2562 5518 ἓξὲξξέ
2583 5402 2856 5470 negotiatio,
2881 5401 2953 5456 ibi
2973 5407 3020 5456 et
3042 5399 3354 5465 abundmia,
3380 5401 3427 5452 id
3441 5404 3576 5468 quod
3601 5403 3651 5455 in
3667 5395 3764 5454 nul-
