3832 6178
505 163 573 221 (il
1210 163 1266 222 S.
1305 162 1590 226 JOANNIS
1626 169 2110 228 CHRYSOSTOMI
2149 165 2468 224 ARCHIEP.
2508 159 3054 224 CONSTARTINOP.
3679 168 3753 222 (-2

503 277 550 333 si
574 283 776 332 terram
798 273 1032 332 haberes
1055 277 1312 350 pinguem
1334 290 1390 337 et
1412 281 1670 350 fertilem,
1695 301 1817 355 quae
1838 285 2071 354 plurima

501 375 690 437 posset
720 367 973 437 excipere
1003 371 1231 435 semina,
1267 371 1415 426 illam
1445 375 1676 440 colet-es,
1707 391 1770 430 ac
1795 391 1917 445 quae
1937 390 2071 444 sup-

501 466 754 528 peterent
772 474 1073 531 spargeres,
1097 464 1241 517 etab
1263 465 1382 520 aliis
1403 467 1748 522 commodato
1769 467 2068 538 acciperes,

500 550 1002 622 parcimoniamque
1040 567 1106 607 ea
1150 552 1206 608 in
1235 569 1294 610 re
1324 554 1717 612 detrimentum
1757 574 1878 613 esse
1908 569 2069 628 puta-

499 652 590 694 res
625 656 638 694 :
666 647 721 694 at
752 655 876 695 cum
908 643 1099 698 calum
1129 644 1309 700 colere
1343 661 1482 716 opus
1510 655 1616 713 est,
1647 649 1782 703 nulli
1811 649 1953 704 aeris
1983 649 2071 702 in-

500 733 783 802 temperiei
808 733 1128 801 obnoxium,
1155 737 1251 792 sed
1276 753 1398 793 cum
1429 739 1637 794 fmnore
1663 741 1902 795 maximo
1924 743 2070 812 jacta

500 824 708 878 semina
735 825 1102 891 redditurum,
1137 830 1317 898 segnis
1344 844 1424 895 es,
1454 831 1680 901 refugis,
1714 847 1890 902 neque
1919 832 2068 902 cogi-

499 922 602 981 tas,
647 932 807 987 parce
863 928 1114 989 agentem
1163 923 1416 990 perdere,
1467 923 1672 977 affatim
1725 935 2066 995 spargentem

497 1008 734 1063 multum
776 1009 997 1064 lucrari;
1046 1011 1305 1082 Disperge
1355 1012 1560 1083 itaque,
1609 1030 1678 1067 ne
1719 1015 1948 1084 perdas;
1999 1031 2068 1071 ne

498 1100 695 1164 retine,
723 1106 784 1154 ut
811 1101 1080 1167 retineas;
1108 1103 1334 1172 projice,
1363 1111 1424 1158 ut
1448 1104 1757 1170 custodias;
1789 1105 2064 1175 impende,

498 1193 838 1258 utlucreris.
867 1193 1022 1260 Quod
1048 1195 1093 1250 si
1122 1211 1342 1252 servare
1372 1197 1461 1251 illa
1489 1207 1756 1266 Oportcat,
1787 1215 1856 1252 ne
1880 1215 2068 1254 serves

496 1300 555 1346 tu
589 1307 604 1345 :
641 1306 767 1346 nam
797 1287 1150 1362 illaprorsus
1174 1287 1490 1357 perditurus
1519 1305 1579 1343 es
1601 1306 1614 1354 ;
1640 1290 1734 1346 sed
1765 1291 1878 1346 Deo
1913 1307 2067 1346 com-

494 1384 682 1438 mittas
713 1401 727 1437 :
763 1383 890 1438 inde
925 1395 1183 1454 namque.
1199 1396 1363 1434 nemo
1390 1379 1645 1450 abripiet.
1678 1383 1757 1435 Ne
1802 1391 1861 1436 tu
1896 1399 2068 1454 nego-

497 1475 679 1540 tieris;
715 1475 895 1529 nescis
923 1476 1123 1544 quippe
1152 1470 1353 1528 lucrari
1383 1489 1397 1524 :
1427 1470 1545 1536 sed,
1564 1472 1855 1527 maximam
1895 1475 2065 1530 totius

494 1575 702 1638 partem
734 1565 930 1621 faenori
964 1567 1092 1622 dato
1128 1567 1179 1621 ei
1214 1567 1306 1635 qui
1338 1581 1557 1621 usuram
1596 1564 1696 1621 tibi
1731 1564 2064 1635 praebiturus

491 1666 594 1713 est.
614 1659 693 1713 lbi
721 1657 899 1714 foenus
924 1658 1151 1721 colloca,
1179 1659 1274 1713 ubi
1299 1661 1450 1714 nulla
1476 1659 1700 1724 invidia,
1721 1659 1872 1713 nulla
1897 1673 2061 1714 accu-

492 1747 650 1814 satio,
691 1749 854 1803 nullaa
883 1748 1114 1813 insidiaz,
1155 1749 1322 1804 timor
1359 1751 1564 1805 nullus.
1609 1749 1825 1805 anori
1853 1751 1979 1805 dato
2010 1751 2061 1806 ei

465 1842 586 1912 'qui
615 1841 767 1896 nullo
798 1841 1026 1913 indiget,
1056 1851 1112 1896 et
1138 1849 1365 1912 prepter
1392 1850 1444 1898 te
1481 1853 1663 1898 tamen
1695 1858 1833 1913 opus
1858 1843 2056 1910 habet;

489 1931 542 1986 ei
574 1931 670 2002 qui
700 1946 892 1986 omnes
916 1932 1036 1996 alit,
1076 1945 1133 1988 et
1158 1933 1351 1998 esurit,
1387 1949 1458 1988 ne
1491 1941 1548 1988 tu
1583 1934 1725 1990 fame
1749 1935 2056 2004 premaris;

490 2021 542 2078 ei
565 2022 659 2092 qui
686 2038 892 2092 pauper
918 2023 1146 2079 ellectus
1172 2020 1285 2090 est,
1302 2033 1362 2079 ut
1385 2036 1443 2079 tu
1466 2025 1722 2081 ditescas.
1755 2027 1956 2080 quus
1981 2027 2058 2080 ibi

490 2113 748 2180 colloces,
792 2114 936 2170 unde
971 2131 1084 2170 non
1115 2125 1370 2182 mortem,
1405 2118 1501 2172 sed
1545 2118 1711 2172 vitam
1744 2133 1845 2188 pro
1882 2129 2058 2174 morte

490 2209 548 2264 in
593 2209 828 2265 fructum
883 2211 1170 2282 percipies.
1224 2211 1350 2266 llzcc
1401 2211 1607 2267 foenera
1663 2229 1910 2284 regnum,
1964 2213 2056 2267 illa

489 2299 795 2370 gehennam
847 2301 1256 2370 pariunt:htec
1309 2302 1457 2357 enim
1509 2302 1576 2357 ad
1620 2304 1927 2369 avaritiam,
1967 2304 2058 2361 illa

488 2389 558 2444 ad
622 2390 1023 2461 philosophiam
1079 2393 1409 2463 pertinent:
1469 2394 1562 2450 illa
1618 2395 2000 2451 crudelitatem
2037 2437 2052 2461 ,

487 2480 605 2538 hac
667 2482 1060 2538 humanitatem
1134 2494 1387 2550 arguunt.
1441 2485 1615 2552 Quam
1682 2487 2056 2546 defensionem

485 2574 829 2642 habebimus,
876 2577 919 2630 si
973 2593 1097 2631 cum
1145 2576 1422 2646 possimus
1472 2578 1626 2648 plura
1675 2564 1960 2649 accipere,
1993 2595 2057 2635 ac

486 2672 606 2719 tuto
635 2665 800 2734 inque
842 2674 1084 2736 tempore
1127 2675 1457 2737 opportuno,
1487 2684 1612 2722 cum
1650 2668 1907 2724 libertate
1938 2687 2048 2726 ma-

486 2770 630 2825 gna,
684 2757 787 2811 tuti
840 2757 911 2812 ab
963 2759 1302 2827 approbriis,
1363 2760 1684 2826 timoribus,
1748 2762 2051 2830 periculis;

480 2845 593 2899 hoc
619 2844 1062 2913 dimisso‘lucro,
1106 2848 1196 2902 illa
1227 2848 1584 2920 insequamur
1627 2850 1836 2919 turpia,
1879 2851 2017 2906 levia
2039 2892 2054 2918 ,

480 2933 718 3000 fallacia,
763 2935 928 3004 ﬂuxa,
957 2953 1079 3010 quae
1117 2955 1219 2996 nos
1256 2940 1312 2995 in
1343 2939 1622 2995 fornacem
1649 2941 1926 3012 ingentem
1963 2942 2058 2998 de-

481 3025 675 3098 jiciant
694 3027 718 3080 ?

555 3115 753 3177 Contra
785 3138 1024 3180 usuram.
1054 3155 1125 3167 —-
1152 3124 1300 3181 Nihil
1337 3125 1507 3193 enim,
1542 3126 1678 3182 nihil
1726 3136 1876 3184 certe
1917 3143 2060 3198 prte-

2174 284 2314 338 senti
2340 299 2504 337 usura
2535 283 2772 351 turpius,
2792 281 2931 335 nihil
2951 279 3250 336 crudelius.
3274 279 3409 335 Nam
3433 279 3750 349 hujusmodi

2173 373 2472 429 fmuerator
2519 373 2574 426 in
2621 373 2855 426 aliorum
2907 371 3276 446 calamitatem
3319 370 3650 440 negotiatur,
3692 382 3751 424 et

2173 472 2502 536 proventum
2531 464 2633 520 sibi
2674 471 2828 534 parat
2856 479 2921 518 ex
2952 462 3184 516 aliorum
3221 461 3563 528 infelicitate,
3598 478 3751 516 mer-

2173 559 2472 628 cedemque
2522 556 2881 612 humanitatis
2923 555 3093 625 exigit
3126 572 3138 608 :
3173 571 3237 610 ac
3277 555 3447 609 veluti
3493 564 3751 610 metuens

2173 665 2241 703 ne
2281 648 2672 704 immisericors
2713 653 2992 717 appareat,
3040 644 3399 715 benignitatis
3442 645 3622 714 specie
3668 644 3754 697 fo-

2171 757 2326 794 veam
2360 739 2770 811 profundiorem
2804 739 2958 803 fodit,
2989 737 3230 806 dumque
3260 737 3367 791 fert
3395 752 3575 807 opem,
3608 753 3750 805 pau-

2145 825 2357 903 perem
2398 832 2681 902 opprimit,
2725 832 2856 885 dum
2890 846 3114 884 manum
3159 830 3412 900 porrigit,
3443 830 3652 900 dcjicit,
3686 845 3752 881 ac

2171 925 2301 978 dum
2334 922 2488 993 quasi
2530 921 2582 974 in
2617 930 2836 992 portum
2865 921 3113 990 recipere
3158 920 3398 984 videtur,
3431 921 3485 976 in
3517 922 3749 974 naufra-

2170 1015 2340 1084 gium,
2389 1012 2444 1066 in
2487 1014 2771 1081 scopulum
2801 1020 2854 1065 et
2887 1012 2941 1065 in
2984 1027 3111 1064 saxa
3141 1011 3365 1066 latentia
3401 1011 3605 1080 dejicit.
3636 1009 3750 1064 Sed

2169 1105 2301 1176 quid
2332 1106 2570 1174 qumris?
2605 1104 2860 1174 inquies;
2898 1119 2965 1157 an
3003 1113 3064 1158 ut
3099 1105 3387 1158 collectam
3428 1103 3746 1172 pecuniam,

2170 1199 2304 1252 mihi
2349 1198 2557 1262 utilem,
2602 1196 2758 1251 alteri
2791 1197 2847 1250 in
2888 1210 3046 1250 usum
3083 1195 3227 1259 dem,
3275 1212 3376 1250 nec
3406 1197 3567 1250 ullam
3615 1195 3749 1249 inde

2170 1289 2475 1346 mercedem
2509 1289 2838 1366 reposcam?
2870 1289 3026 1343 Absit
3055 1307 3069 1342 :
3106 1304 3216 1342 non
3259 1288 3334 1342 ita
3364 1289 3558 1357 loquor
3585 1305 3600 1354 ;
3634 1288 3749 1342 imo

2170 1383 2331 1452 cupio
2373 1392 2424 1435 te
2465 1380 2597 1435 hinc
2635 1381 2944 1436 mercedem
2988 1381 3259 1450 accipere,
3298 1395 3408 1433 non
3448 1380 3612 1435 vilem
3652 1390 3752 1435 ant

2168 1473 2442 1544 exiguam,
2478 1473 2572 1528 sed
2609 1473 2780 1526 multo
2807 1470 3070 1542 majorem
3101 1489 3114 1524 :
3147 1487 3247 1541 pro
3277 1486 3413 1526 auro
3451 1479 3502 1526 te
3544 1471 3751 1527 czelum

2171 1565 2227 1620 in
2262 1581 2485 1620 usuram
2515 1565 2764 1634 accipere
2794 1564 2941 1618 volo.
2968 1562 3079 1618 Cur
3109 1579 3239 1634 ergo
3272 1571 3322 1618 te
3362 1563 3415 1617 in
3443 1573 3751 1634 pauperta-

2172 1667 2279 1712 tem
2311 1655 2531 1727 redigis,
2579 1655 2710 1709 dum
2741 1655 2794 1710 in
2835 1664 2978 1710 terra
3009 1655 3293 1716 volutaris,
3331 1663 3387 1709 et
3437 1671 3603 1724 parva
3645 1670 3748 1724 pro

2169 1749 2380 1820 magnis
2421 1747 2628 1818 exigis?
2673 1745 2812 1800 Illud
2865 1746 3010 1801 enim
3062 1755 3148 1801 est
3189 1746 3322 1815 quid
3374 1747 3484 1801 sint
3529 1746 3750 1802 divitia:

2168 1842 2401 1897 nescire.
2432 1840 2569 1895 Cum
2611 1840 2754 1894 Deus
2780 1853 2881 1908 pro
2919 1838 3131 1908 exiguis
3165 1839 3271 1892 illis
3315 1839 3564 1908 pecuniis
3592 1837 3748 1892 bona

2169 1931 2268 1986 tibi
2297 1931 2529 1986 caelestia
2546 1928 2835 1999 promittit,
2865 1939 2920 1982 tu
2945 1944 3076 1982 vero
3099 1927 3258 1989 dicis,
3282 1927 3359 1983 Ne
3384 1929 3519 1982 mihi
3541 1929 3748 1983 crelum

2167 2022 2406 2087 dederis,
2446 2021 2541 2076 sed
2569 2037 2668 2091 pro
2697 2022 2828 2075 cado
2850 2035 3044 2074 aurum
3073 2021 3206 2074 illud
3243 2020 3544 2089 periturum
3573 2037 3585 2073 ε
3631 2020 3742 2074 hoc

2166 2125 2248 2170 est
2272 2115 2410 2170 velle
2441 2115 2496 2168 in
2525 2113 2786 2184 pauperie
2817 2127 3059 2166 manere.
3099 2112 3178 2166 Ita
3211 2112 3305 2181 qui
3330 2127 3486 2166 veras
3513 2112 3748 2166 divitias

2166 2207 2524 2276 concupiscit,
2568 2207 2615 2260 is
2645 2205 2922 2259 manentia
2961 2219 3060 2274 pro
3095 2203 3378 2273 perituris,
3412 2203 3747 2258 inexhausta

2166 2313 2267 2369 pro
2311 2296 2490 2360 ﬂuxis,
2533 2295 2706 2350 multa
2751 2309 2852 2364 pro
2889 2294 3100 2364 paucis,
3147 2293 3586 2363 incorruptibilia
3643 2311 3748 2364 pro

2165 2388 2613 2458 corruptibilibus
2659 2387 2822 2457 eliget
2853 2404 2866 2440 :
2891 2395 2948 2441 et
2991 2388 3070 2441 sic
3100 2386 3189 2440 illa
3219 2387 3384 2442 etiam
3412 2395 3743 2456 sequentur.

2164 2483 2298 2538 Nam
2322 2483 2416 2552 qui
2440 2489 2640 2535 terram
2670 2489 2796 2534 ante
2825 2481 3015 2534 caelum
3038 2479 3251 2550 quaerit,
3279 2480 3347 2534 ab
3387 2480 3476 2534 illa
3507 2496 3746 2550 prorsus

2164 2572 2380 2628 excidet
2409 2589 2422 2624 :
2459 2570 2554 2641 qui
2597 2579 2779 2623 autem
2807 2568 2999 2623 czelum
3036 2579 3192 2622 terra:
3220 2568 3544 2642 praetulerit,
3577 2577 3742 2623 utro-

2163 2680 2268 2735 que
2301 2678 2464 2734 supra
2491 2661 2712 2716 modum
2740 2661 2972 2715 fruetur.
3009 2659 3164 2726 Quod
3209 2670 3268 2714 ut
3304 2675 3742 2730 consequamur,

2163 2761 2450 2829 praesentia
2474 2757 2656 2812 omnia
2680 2764 3115 2819 contemnentes,
3143 2755 3328 2810 futura
3356 2754 3499 2810 bona
3524 2755 3739 2826 deliga-

2163 2867 2306 2905 mus.
2336 2850 2411 2904 lta
2442 2850 2587 2904 enim
2621 2857 2678 2904 et
2709 2849 2796 2903 his
2826 2842 2884 2903 et
2908 2848 3016 2903 illis
3046 2848 3311 2912 fruemur,
3343 2848 3514 2918 gratia
3551 2857 3610 2902 ct
3648 2849 3748 2902 be-

2164 2941 2428 3011 nignitate
2453 2940 2670 2996 Domini
2700 2939 2874 2994 nostri
2902 2939 3032 2994 Jesu
3056 2937 3258 2992 Christi
3297 2956 3310 2990 ε
3346 2939 3431 2992 cui
3475 2937 3658 3009 gloria
3686 2947 3745 2992 et

2165 3033 2456 3089 inmerium
2484 3033 2538 3087 in
2565 3032 2761 3088 saecula
2791 3032 3135 3087 smeulorum.
3164 3031 3358 3085 Amen.

491 3473 3732 3500 “mm

1863 3769 2216 3838 HOMILIA
2257 3774 2364 3838 VI.

471 4069 606 4128 De.
641 4071 709 4128 ll.
739 4088 794 4127 v.
826 4072 876 4126 1.
922 4071 1055 4130 Cum
1095 4080 1250 4127 natus
1302 4081 1430 4126 esset
1467 4071 1618 4127 Iesus
1665 4074 1720 4126 in
1755 4072 2049 4129 Bethlehem

545 4162 748 4219 Iudaea:
773 4165 826 4217 in
848 4165 1025 4218 diebus
1043 4164 1263 4219 Herodis
1290 4165 1442 4234 regis,
1466 4180 1579 4218 ecce
1597 4167 1737 4235 magi
1769 4166 1833 4218 ab
1855 4168 2050 4220 oriente

473 4301 478 4306 .
541 4269 800 4314 uenerunt
844 4258 1252 4330 Jerosolymam,
1282 4259 1335 4312 2.
1378 4259 1654 4313 direntes:
1697 4260 1791 4314 Ubi
1842 4270 1916 4314 est
1961 4262 2051 4331 qui

544 4360 706 4406 natus
737 4361 812 4406 est
845 4368 938 4406 rea:
964 4352 1273 4406 Judmorum
1305 4352 1330 4404 ἒ)
1379 4351 1610 4406 Vidimus
1657 4354 1795 4406 enim
1837 4353 2050 4407 stellam

477 4484 480 4486 η
543 4442 662 4510 ejus
687 4443 743 4494 in
777 4437 996 4506 oriente,
1023 4450 1071 4495 et
1100 4443 1335 4496 venimus
1371 4444 1598 4498 adorare
1625 4459 1763 4497 eum.

550 4617 1066 4691 Refellnnturiiqui
1103 4638 1164 4675 ex
1193 4622 1352 4676 stella
1402 4641 1682 4687 maqorum
1724 4627 2047 4680 occasionem

477 4714 811 4784 arripiebant
871 4714 1216 4784 astrologiam
1271 4717 1558 4769 asset-andi.
1587 4747 1654 4756 ——
1683 4717 1848 4772 Multa
1889 4719 2049 4773 nobis
2080 4718 2092 4731 ⁸

480 4820 620 4874 opus
643 4814 728 4860 est
756 4806 1056 4875 vigilantia,
1082 4808 1270 4862 multis
1299 4810 1577 4876 precibus,
1624 4821 1685 4863 ut
1719 4821 2044 4880 praesentem

480 4896 662 4952 locum
715 4898 990 4967 explicare
1035 4898 1327 4968 possimus,
1382 4915 1446 4954 ac
1501 4902 1644 4956 scire
1685 4903 1780 4973 qui
1827 4903 1939 4959 sint
1991 4903 2043 4956 hi

478 4986 643 5057 magi,
676 4987 843 5050 unde.
874 4987 1172 5056 quomodo.
1206 4997 1262 5044 et
1297 5005 1407 5059 quo
1435 4991 1703 5047 suadente
1738 4994 1991 5048 venerint
2027 5010 2042 5059 ;

476 5081 538 5130 et
563 5091 811 5144 quaenam
841 5077 933 5130 illa
970 5078 1124 5132 stella
1151 5078 1336 5133 fuerit.
1373 5080 1485 5133 lmo
1529 5081 1695 5136 etiam
1718 5122 1735 5146 ,
1768 5083 1811 5136 si
1838 5083 2004 5137 vultis
2028 5123 2042 5148 ,

480 5178 547 5219 ea
576 5167 810 5234 primum
865 5169 922 5222 in
972 5170 1215 5223 medium
1260 5172 1636 5236 adducamus,
1686 5187 1808 5242 quae
1851 5174 2046 5229 dicunt

479 5255 730 5312 .veritatis
769 5256 999 5312 inimici.
1033 5259 1249 5314 Etenim
1272 5275 1445 5329 usque
1473 5260 1610 5316 adeo
1639 5261 1890 5317 diabolus
1918 5263 2040 5318 illos

485 5345 707 5412 navit,
741 5357 801 5403 ut
824 5350 950 5405 inde
980 5351 1104 5406 illos
1128 5368 1278 5408 arma
1319 5361 1511 5408 contra
1554 5355 1845 5410 veritatem
1881 5357 2046 5410 mini-

481 5449 658 5496 strare
693 5442 1005 5498 tentaverit.
1059 5443 1418 5511 Quid-igitur
1464 5447 1696 5504 dicunt?
1749 5449 1910 5516 Ecce,
1962 5451 2043 5505 in-

2150 4072 2368 4142 quiunt,
2395 4073 2618 4132 Christo
2662 4088 2794 4134 nato
2833 4079 2990 4136 stella
3042 4081 3337 4152 apparuit,
3389 4083 3540 4153 quod
3597 4098 3739 4140 sane

2151 4165 2364 4234 signum
2420 4177 2503 4222 est
2543 4171 2894 4242 astrologiam
2937 4187 3121 4228 veram
3171 4188 3292 4228 esse
3343 4173 3730 4245 disciplinam.

2138 4256 2431 4322 Quomodo
2476 4276 2606 4331 ergo
2646 4263 2688 4317 si
2737 4265 2832 4318 illo
2882 4263 2992 4318 ritu
3051 4274 3106 4320 et
3152 4267 3316 4321 modo
3381 4278 3547 4322 natus
3595 4278 3734 4334 est,

2149 4349 2496 4420 astrologiam
2536 4353 2717 4412 solvit.
2753 4353 2932 4412 fatum
2965 4357 3209 4422 sustulit,
3260 4355 3576 4412 daemonum
3626 4375 3732 4415 ora

2149 4438 2445 4506 obturavit,
2487 4457 2733 4499 errorem
2768 4448 2997 4516 expulit,
3026 4455 3080 4502 et
3103 4464 3296 4504 omnes
3324 4450 3722 4520 hujuscemodi

2149 4532 2451 4612 praestigias
2501 4534 2839 4590 climinavit?
2886 4537 3174 4603 Quomodo
3217 4540 3387 4594 etiam
3427 4543 3571 4612 magi
3610 4559 3714 4612 per

2149 4610 2459 4692 huiusmodi
2493 4625 2706 4680 stellam
2736 4629 2989 4684 ediscunt
3024 4631 3204 4700 ipsum
3242 4646 3362 4687 esse
3402 4610 3588 4702 regem
3610 4610 3725 4692 llu-

2148 4715 2437 4770 daeorum?
2486 4735 2613 4774 cum
2671 4734 2820 4778 certe
2872 4739 2980 4778 non
3044 4724 3360 4793 huiusmodi
3413 4728 3570 4797 regni
3628 4745 3728 4785 rex

2146 4819 2310 4873 esset,
2345 4819 2400 4863 ut
2436 4811 2550 4881 ipse
2595 4814 2769 4868 Pilato
2802 4815 3020 4871 dicebat
3053 4835 3064 4870 :
3098 4816 3336 4888 Regnum
3377 4813 3556 4873 meum
3623 4839 3731 4876 non

2147 4911 2222 4953 est
2253 4902 2314 4954 de
2341 4904 2435 4956 hoc
2461 4907 2656 4958 mundo
2685 4905 2863 4976 (Joan.
2903 4908 2988 4962 18.
3012 4908 3123 4977 56).
3171 4909 3316 4964 Nihil
3369 4909 3576 4980 quippe
3619 4915 3730 4969 tale

2149 4996 2472 5049 monstravit
2525 5014 2537 5049 :
2601 5013 2710 5052 non
2759 4999 3025 5067 hastatos,
3067 5018 3177 5056 non
3235 5003 3511 5074 clypeatos
3543 5045 3560 5067 ,
3612 5022 3730 5060 non

2147 5100 2339 5154 equos,
2370 5103 2480 5141 non
2516 5089 2793 5143 mulorum
2825 5092 3039 5162 jugum,
3091 5109 3271 5163 neque
3301 5094 3587 5164 quidpiam
3649 5101 3731 5153 si-

2148 5177 2276 5231 mile
2322 5177 2530 5232 circum
2582 5195 2640 5234 se
2691 5181 2926 5247 habuit;
2978 5183 3073 5238 sed
3118 5185 3284 5239 vilem
3333 5195 3388 5240 et
3420 5201 3730 5256 pauperem

2147 5267 2316 5324 vitam
2364 5271 2593 5339 agebat,
2647 5271 2940 5344 duodecim
3004 5283 3214 5329 tantum
3280 5276 3470 5342 viros,
3509 5294 3729 5350 eosque

2151 5357 2618 5426 despicatissimos
2674 5362 3116 5418 circumducens.
3184 5365 3291 5420 Sed
3354 5367 3570 5422 etiamsi
3642 5370 3730 5440 ip-

2153 5464 2273 5504 sum
2337 5451 2543 5506 scirent
2617 5468 2738 5509 esse
2811 5469 2996 5525 regem
3031 5497 3044 5522 ,
3104 5471 3203 5511 cur
3269 5457 3487 5514 tandem
3561 5460 3726 5516 illum
