3858 6282
458 235 527 292 63
1179 235 1235 293 3.
1274 235 1552 293 JOANNIS
1587 231 2066 292 CIIRYSOSTOMI
2108 232 2422 293 ARCHIEP.
2461 235 2999 296 CONSTANTINOP.
3632 239 3708 296 ῦὶ

448 352 631 414 εόντες
666 349 762 421 τήν
805 348 998 422 ἀρχὴν,
1047 349 1350 419 συνέθηκαν
1393 348 1500 401 ἀπὸ
1535 346 1634 414 τῆς
1657 344 1766 397 τῶν
1803 343 2015 412 ἄστρων

452 442 715 510 κινήσεως
739 439 804 492 τὰ
855 437 1115 510 μέλλοντα
1162 436 1409 489 ἔσεσθαι·
1461 435 1573 488 ἀλλ’
1625 431 2015 502 ἀντιστρόφως,

452 532 656 604 ἀστέρα
686 532 794 602 πρὸ
821 530 1013 584 πολλοῦ
1061 529 1155 582 τοῦ
1198 528 1388 599 χρόνου
1432 527 1754 595 θεασάμενοι
1786 521 2020 592 φανέντα

454 625 544 677 ἐπὶ
567 623 662 692 τῆς
679 620 859 675 αὐτῶν
886 619 1088 692 χώρας,
1108 620 1357 690 ἔρχονται
1373 616 1626 686 ὀψόμενοι
1638 614 1728 666 τὸν
1739 610 2017 680 τεχθέντα·

454 717 593 787 ὅπερ
637 713 732 771 καὶ
762 713 805 744 ⁸⁸
847 711 977 765 αὑτὸ
1003 711 1097 763 τοῦ
1132 708 1400 781 προτέρου
1436 705 1643 775 σφόδρα
1674 700 2024 771 ἀπορώτερον

456 816 522 873 ἂν
550 816 654 885 εἴη.
687 813 782 876 Τίς
809 811 917 882 γὰρ
944 810 1139 872 αὐτοὺς
1179 809 1364 861 ἔπεισε
1391 807 1568 875 λόγος,
1609 805 1778 859 ποίων
1808 805 2027 874 ἀγαθῶν

458 908 631 971 ἐλπὶς,
676 906 770 957 τὸν
811 906 877 957 ἐκ
921 899 1180 955 τοσούτου
1238 900 1606 969 διαστήματος
1652 895 2028 968 προσκυνῆσαι

453 999 710 1068 βασιλέα;
746 999 809 1049 Εἰ
851 997 952 1067 μὲν
984 993 1092 1064 γὰρ
1118 991 1298 1045 αὐτῶν
1330 989 1521 1060 ἔμελλε
1561 987 1884 1059 βασιλεύειν,
1919 986 2025 1056 μά-

459 1090 614 1144 λιστα
660 1091 758 1160 μὲν
797 1088 916 1141 οὑδέ
945 1086 1089 1139 οὕτω
1112 1083 1270 1151 λόγον
1299 1077 1412 1151 εἶχε
1457 1081 1522 1133 τὸ
1558 1079 1862 1150 γινόμενον.
1917 1078 2028 1132 Καὶ

460 1183 568 1254 γὰρ
610 1185 658 1235 εἰ
694 1182 794 1252 μὲν
824 1183 881 1234 ἐν
927 1178 1236 1248 βασιλικαῖς
1273 1176 1462 1238 αὐλαῖς
1489 1173 1752 1236 ἐτίκτετο,
1792 1171 1887 1223 καὶ
1921 1187 2024 1224 πα-

461 1277 585 1347 τρὸς
617 1273 766 1344 αὑτῷ
816 1271 1080 1343 βασιλέως
1120 1269 1406 1340 παρόντος,
1444 1265 1667 1326 εἰκότως
1707 1264 1773 1318 ἄν
1799 1280 1884 1326 τις
1924 1262 2026 1332 ἔφη

461 1367 702 1429 τούτους,
731 1363 1086 1435 βουλομένους
1112 1361 1208 1414 τὸν
1240 1359 1448 1430 πατέρα
1478 1354 1829 1426 θεραπεῦσαι,
1863 1370 2028 1425 προσ-

465 1458 696 1527 κυνῆσαι
749 1457 808 1509 τὸ
852 1454 1042 1525 τεχθὲν
1083 1452 1312 1516 παιδίον,
1343 1451 1438 1503 καὶ
1474 1448 1649 1520 ταύτῃ
1673 1446 1873 1517 πολλὴν
1905 1447 2030 1499 ἐαυ-

465 1551 574 1608 τοίς
605 1547 859 1600 ὑπόθεσιν
890 1542 1296 1615 προαποθέσθαι
1324 1539 1557 1602 εὐνοίας.
1586 1537 1723 1590 Νυνὶ
1747 1536 1804 1589 δὲ
1836 1537 1954 1589 οὑδέ
1985 1537 2028 1568 ¹⁸

464 1639 641 1690 αὐτῶν
680 1634 1084 1708 προσδοκῶντες
1128 1632 1346 1687 ἔσεσθαι
1380 1629 1622 1701 βασιλέα,
1669 1628 1805 1682 ἀλλά
1844 1627 2030 1692 ἔθνους

466 1726 753 1779 ἀλλοκότου
783 1725 878 1778 καὶ
915 1724 1049 1777 πολὺ
1091 1724 1190 1793 τῆς
1219 1720 1397 1776 αὐτῶν
1425 1720 1793 1789 ἀφεστηκότος
1824 1717 2030 1788 χώρας,

464 1816 585 1870 οὐτε
617 1815 790 1887 ἀνδρά
806 1814 1040 1886 ὁρῶντες
1060 1813 1162 1885 ἤδη
1189 1813 1500 1883 γενόμενον,
1528 1811 1673 1874 τίνος
1694 1811 1882 1864 ἕνεκεν
1901 1826 2027 1862 τοσ-

465 1910 634 1980 αύτην
659 1909 964 1962 στέλλονται
987 1906 1314 1977 ἀποδημίαν,
1338 1905 1431 1958 καὶ
1451 1903 1601 1975 δῶρα
1636 1902 2028 1975 προσφέρουσι,

469 2000 747 2056 καὶταῦτα
771 1999 1054 2070 μέλλοντες
1074 1996 1211 2068 μετά
1233 1996 1489 2050 κινδύνων
1512 1996 1727 2050 ἅπαντα
1752 1993 2031 2066 πράττειν;

469 2093 577 2146 Καὶ
607 2091 714 2162 γὰρ
762 2090 856 2144 καὶ
907 2088 1155 2160 Ἡρώδης
1193 2087 1432 2150 ἀκούσας
1485 2085 1830 2157 διεταράχθη,
1865 2086 1960 2139 καὶ
2004 2086 2034 2138 ό

465 2180 636 2250 δῆμος
664 2179 808 2242 ἄπας
837 2177 1166 2249 ἐθορυϐεῖτο,
1198 2175 1371 2229 ταῦτα
1406 2175 1737 2238 ἀκούσαντες
1765 2177 1898 2247 παρ’
1933 2176 2032 2228 αὑ-

467 2269 590 2322 τῶν.
633 2270 770 2322 Ἀλλ’
813 2269 874 2322 οὑ
914 2267 1218 2340 προῄδεσαν
1255 2262 1401 2321 οὑτοι
1439 2264 1634 2320 ταῦτα.
1669 2265 1807 2319 Ἀλλ’
1836 2266 1936 2318 οὑκ
1969 2264 2034 2318 ἂν

466 2359 577 2430 ἔχοι
607 2361 785 2429 λόγον.
836 2360 898 2413 El
929 2360 1037 2432 γάρ
1064 2359 1158 2413 καὶ
1190 2357 1393 2429 σφόδρα
1420 2351 1560 2427 ἦσαν
1597 2356 1837 2426 ἀνόητοι,
1879 2356 2037 2409 τοῦτο

466 2454 563 2505 οὑκ
592 2452 656 2506 ἂν
686 2453 983 2523 ⁴ίλγνόησαν,
1008 2453 1088 2504 ὅτι
1119 2451 1196 2514 είς
1222 2448 1375 2502 πόλιν
1411 2447 1830 2518 βασιλευομένην
1853 2447 2035 2500 ἐλθόν-

465 2560 574 2605 τες,
617 2543 709 2596 καὶ
753 2541 974 2595 τοιαῦτα
1018 2537 1392 2612 κηρύξαντες,
1431 2539 1524 2592 καὶ
1582 2535 1803 2607 βασιλέα
1849 2536 2035 2606 ἕτερον

467 2631 618 2703 παρὰ
647 2632 735 2685 τὸν
767 2633 886 2685 τότε
921 2632 1048 2685 ὅντα
1077 2630 1120 2662 ¹⁶
1163 2629 1458 2693 δείξαντες,
1502 2625 1623 2697 οὐχὶ
1663 2625 1781 2698 [86]
1811 2625 2036 2696 μυρίους

467 2723 587 2776 καθ’
621 2723 830 2775 ἑαυτῶν
867 2721 933 2776 ἂν
964 2719 1344 2774 ἐπεσπάσαντο
1390 2718 1671 2780 θανάτους.
1720 2716 1868 2769 Τίδέ
1900 2715 2036 2777 ὅλως

469 2813 560 2866 καὶ
618 2810 983 2882 προσεκύνουν
1027 2812 1084 2863 ἐν
1116 2808 1451 2880 σπαργάνοις
1480 2807 1640 2871 bna;
1685 2807 1748 2859 Εί
1793 2805 1893 2876 μὲν
1921 2805 2032 2877 γάρ

467 2901 604 2972 ἀνήρ
637 2897 725 2973 ῆν,
760 2897 903 2971 εἶχεν
935 2902 1000 2956 ἄν
1025 2918 1108 2964 τις
1153 2903 1346 2965 εἰπεῖν,
1390 2901 1470 2953 ὃτι
1502 2897 1908 2969 προσδοκῶντες
1938 2898 2036 2969 τὴν

466 2994 597 3064 παρ’
647 2993 809 3048 αὑτοῦ
847 2993 1095 3064 βοήθειαν
1120 2995 1198 3058 είς
1237 2988 1510 3065 προῦπτον
1540 2990 1764 3052 ἑαυτοὺς
1797 2987 2024 3060 ἔρριψαν

471 3085 713 3138 κίνδυνον
735 3126 749 3150 ,
782 3087 918 3156 ὅπερ
939 3087 1031 3138 καὶ
1058 3086 1190 3138 αὐτὸ
1217 3086 1314 3156 τῆς
1339 3085 1569 3156 ἐσχάτης
1588 3080 1810 3150 ἀλογίας
1825 3075 1913 3151 ῆν,
1937 3080 2031 3134 τὸν

471 3173 703 3248 Πέρσην,
740 3177 829 3230 τὸν
854 3179 894 3207 ¹⁷
936 3177 1240 3248 βάρϐαρον,
1278 3180 1370 3232 καὶ
1410 3179 1558 3232 οὐδὲν
1610 3179 1786 3233 κοινὸν
1839 3175 2030 3246 ἔχοντα

462 3285 600 3355 πρὸς
628 3289 688 3338 τδ
719 3284 991 3338 Ἰουδαίων
1022 3283 1197 3346 ἔθνος,
1225 3281 1508 3353 βούλεσθαι
1540 3281 1639 3352 μέν
1664 3280 1764 3350 τῆς
1789 3279 1965 3342 οἰκίας
1986 3279 2030 3311 ⁸⁸

460 3375 810 3446 ἀφίστασθαι,
830 3375 924 3428 καὶ
950 3373 1184 3445 πατρίδα
1204 3374 1297 3427 καὶ
1321 3375 1600 3440 συγγενεῖς
1629 3372 1720 3425 καὶ
1735 3371 1968 3434 οἰκείους
1985 3369 2029 3421 9⁸

459 3465 697 3534 ἀφιέναι,
730 3464 892 3536 ἐτέρα
924 3464 981 3516 δὲ
1015 3463 1242 3525 ἑαυτοὺς
1270 3461 1592 3515 ὑποϐάλλειν
1620 3460 1887 3531 βασιλείᾳ.

531 3553 598 3624 β’.
631 3555 694 3607 Ei
723 3555 780 3608 δὲ
816 3553 973 3607 τοῦτο
1004 3553 1252 3623 ἀνόητον,
1299 3551 1361 3604 τὸ
1394 3551 1530 3622 μετὰ
1559 3549 1716 3603 τοῦτο
1746 3548 2031 3620 ἀνοητότε-

461 3661 553 3714 ρον
601 3643 780 3715 πολλῷ
821 3643 1000 3697 πλέον.
1047 3643 1204 3696 Ποῖον
1243 3639 1306 3710 δὴ
1344 3639 1539 3703 τοῦτο;
1582 3640 1623 3690 Τ
1627 3639 1654 3691 ὸ
1686 3637 1900 3709 μακρὰν
1937 3635 2032 3689 οὑ-

460 3752 568 3800 τως
637 3735 946 3806 ἀποδημίαν
1005 3733 1259 3795 ἐλθόντας
1285 3769 1298 3793 ,
1367 3731 1462 3784 καὶ
1531 3730 2031 3800 προσκυνήσαντας,

461 3828 554 3881 καὶ
599 3829 938 3899 ταράξαντας
997 3827 1240 3889 πάντας,
1287 3823 1540 3878 ἀπελθεῖν
1583 3821 1808 3885 εὐθέως.
1858 3821 1922 3873 Τί
1974 3820 2031 3874 δὲ

459 3915 594 3981 ὅλως
633 3917 726 3970 καὶ
784 3917 1055 3987 βασιλείας
1119 3915 1386 3988 σύμϐολον
1438 3910 1598 3979 εἶδον,
1647 3913 1888 3983 καλύϐην
1939 3911 2033 3965 καὶ

459 4001 687 4073 φάτνην,
736 4005 829 4056 καὶ
887 4005 1097 4058 παιδίον
1147 4005 1204 4057 ἐν
1254 4005 1619 4076 σπαργάνοις,
1671 4004 1767 4056 καὶ
1820 4001 2033 4073 μητέρα

459 4094 678 4164 πτωχὴν
723 4094 919 4160 ἰδόντες
957 4097 1032 4161 ²⁰;
1080 4097 1197 4149 Τίνι
1225 4098 1271 4130 ἰ
1314 4096 1370 4149 δέ
1419 4096 1511 4148 καὶ
1558 4095 1628 4148 τὰ
1675 4093 1823 4166 δῶρα
1868 4110 2034 4164 προσ-

458 4182 674 4253 έφερον,
713 4185 805 4237 καὶ
834 4184 976 4248 τίνος
1018 4185 1235 4250 ’ένεκεν;
1279 4181 1425 4254 ’Λρα
1461 4183 1621 4254 νόμος
1661 4179 1729 4255 ἦν
1759 4183 1850 4236 καὶ
1882 4181 2032 4248 ἔθος,

458 4273 584 4336 τοὺς
642 4275 914 4345 πανταχοῦ
972 4275 1319 4345 τικτομένους
1376 4274 1625 4344 βασιλέαῖ
1676 4272 1817 4326 Οὕτω
1870 4271 2033 4342 039a-

459 4363 683 4430 πεύεινς
720 4367 814 4420 καὶ
849 4368 1027 4420 πᾶσαν
1057 4366 1352 4437 περιῄεσαν
1403 4364 1491 4417 ἀεὶ
1544 4364 1642 4434 τὴν
1676 4364 2031 4433 οἰκουμένην,

459 4451 552 4514 οῦς
572 4453 768 4525 ᾔδεσαν
799 4455 1088 4525 ἐσομένους
1117 4455 1369 4524 βασιλέας
1402 4453 1512 4507 ἀπὸ
1552 4452 1761 4523 μικρῶν
1805 4453 1898 4506 καὶ
1942 4453 2033 4506 εὑ-

461 4541 647 4606 τελῶν,
681 4544 808 4614 πρὶν
837 4544 927 4598 ἐπὶ
963 4545 1056 4597 τὸν
1085 4546 1274 4616 θρόνον
1298 4545 1388 4597 τὸν
1426 4543 1700 4614 βασιλικὸν
1733 4542 2032 4612 ἀναϐῆναι,

460 4631 922 4699 προσκυνοῦντες;
968 4632 1106 4686 Ἀλλ’
1140 4634 1238 4686 οὐκ
1279 4633 1344 4686 ἂν
1393 4632 1506 4702 ἔχοι
1543 4649 1627 4696 τις
1655 4630 1811 4684 τοῦτο
1834 4632 2030 4683 εἰπεῖν.

461 4719 615 4784 Τίνος
641 4721 696 4774 δὲ
724 4722 908 4774 ἕνεκεν
934 4724 1027 4776 καὶ
1059 4723 1458 4794 προσεκύνουνς
1481 4725 1542 4776 ΕΞ
1577 4723 1675 4792 μὲν
1705 4721 1814 4775 τῶν
1838 4721 2037 4792 παρόν-

460 4831 565 4867 των
589 4815 792 4878 ένεκεν,
818 4817 911 4869 καὶ
946 4817 999 4868 τί
1027 4816 1366 4887 προσεδόκων
1397 4817 1546 4887 παρά
1569 4815 1780 4869 παιδίου
1815 4815 1908 4868 καὶ⁸
1935 4831 2038 4885 μη-

458 4907 585 4976 τρὸς
610 4905 857 4970 εὐτελοῦς
882 4906 1143 4977 λήψεσθαι
1164 4925 1178 4973 ;
1203 4910 1252 4961 εί
1276 4909 1332 4961 δὲ
1362 4909 1468 4961 τῶν
1501 4908 1800 4980 μελλόντων
1827 4908 2033 4976 ἕνεκεν,

461 4999 553 5050 καὶ
607 4998 768 5052 πόθεν
807 4999 1004 5070 ᾔδεσαν
1038 5001 1119 5054 ὄτι
1149 5000 1621 5072 άπομνημονεύσει
1660 5001 1767 5054 τῶν
1795 5001 1914 5054 τότε
1951 5017 2038 5070 γι-

463 5089 700 5160 νομένων
739 5092 784 5123 ”
823 5095 851 5146 ό
881 5094 1009 5156 παῖς
1042 5093 1098 5145 ἐν
1133 5092 1466 5162 σπαργάνοις
1512 5091 1940 5163 προσκυνηθείςς
1975 5092 2037 5144 ΕΞ

463 5181 518 5232 δέ
555 5183 588 5250 ἡ
622 5182 803 5253 μήτηρ
839 5183 1060 5253 ἔμελλεν
1085 5185 1518 5254 ἀναμιμνήσκειν
1545 5184 1725 5246 αὑτὸν,
1753 5181 1870 5234 οὑδὲ
1893 5180 2036 5235 οὕτω

430 5323 434 5329 ,
463 5272 647 5342 τιμῆς,
680 5273 814 5325 ἀλλά
847 5275 1116 5336 κολάσεως
1144 5270 1282 5343 ἦσαν
1322 5275 1479 5336 ἄξιοι,

465 5363 748 5428 ϐάλλοντες
773 5366 934 5418 αὑτὸν
973 5367 1234 5421 κίνδυνον.
1274 5365 1545 5419 Ἐντεῦθεν
1579 5364 1702 5434 γοῦν
1729 5368 1756 5419 ὁ
1797 5364 2038 5437 Ἡρώδης

1519 5293 1541 5325 ε
1555 5275 1598 5337 ξς
1629 5269 1902 5344 προῦπτον
1934 5274 2035 5342 ἐμ-

534 5591 580 5622 “
613 5587 769 5691 αὑτό]
798 5589 956 5645 τοῦτο
1000 5591 1134 5662 Edd.
1177 5603 1230 5648 et
1261 5597 1380 5651 cod.

534 5660 669 5691 πι.--
773 5663 791 5690 7
816 5661 926 5691 -.'..‘I
955 5665 1047 5691 ..-ι
1072 5663 1110 5691 I‘.‘
1164 5666 1186 5691 Α
1205 5684 1234 5691 .-
1339 5667 1380 5691 η

543 5597 580 5670 ‘_‘
613 5597 956 5670 αὐτῆ-τοῦτο
1000 5597 1134 5670 ιςριρ.
1170 5603 1230 5670 Δεει
1261 5597 1380 5670 cod:
1411 5605 1608 5665 prailer

471 5677 673 5714 κουντα

471 5733 515 5763 ’⁸
551 5729 700 5875 Τίνιῆ
721 5732 784 5785 Τί
817 5729 1002 5788 ἱίιίιῖιιι.
1080 5737 1124 5765 ²²
1155 5739 1462 5807 γενομένων
1495 5738 1554 5792 F.
1593 5729 1604 5732 ’
1632 5742 1676 5770 ³³
1706 5739 1826 5810 ὅσα]
1865 5739 2006 5792 πόσα

471 5818 676 5875 ταύτην
737 5804 1040 5875 είςᾼταύτην
1071 5804 1129 5858 D.
1154 5805 1213 5859 E.
1239 5824 1323 5872 τις
1343 5825 1426 5870 τις
1447 5808 1651 5875 ταύτην
1678 5810 1738 5862 Β.
1766 5809 2024 5875 τοιαύτην

2131 5729 2197 5792 ιζ’
2243 5737 2288 5768 ’³
2319 5739 2512 5810 πλείω]

2131 5807 2282 5874 Ξίζων
2312 5810 2431 5862 ὀδόν
2465 5812 2512 5875 (ιι

469 5804 700 5881 ταύτην]
737 5804 1129 5881 είςλταύ-την-ί).
1154 5805 1216 5881 Εἶ
1239 5804 1323 5872 τις
1343 5825 1426 5881 τις
1447 5808 1651 5881 ταύτην
1678 5810 1738 5881 Β,
1766 5804 2024 5880 τοιαύτην
2055 5807 2282 5881 βαδίζων
2312 5810 2431 5862 ὀδόν
2465 5804 2721 5881 (ὀιιίζτις)
2761 5809 2820 5866 F.
2898 5811 2942 5842 ’⁷
2968 5810 3054 5864 ὅτε

464 5871 784 5940 διδάξαντες
817 5873 876 5933 D.
905 5873 968 5931 E.
997 5871 1008 5876 ⁷
1046 5876 1088 5911 ¹⁹
1126 5877 1216 5932 καί
1249 5871 1357 5935 om.
1394 5879 1453 5939 Δ.
1488 5879 1548 5935 Β.
1575 5871 1636 5935 Ε.
1715 5877 1759 5912 ³⁰
1787 5881 1878 5934 καί
1908 5871 2013 5937 oni.

1089 5597 1134 5671 ρ.
1170 5603 1230 5671 ,ει
1261 5597 1380 5671 cod:
1411 5605 1608 5671 prater
1635 5597 1695 5671 Ε.
1746 5669 1770 5671 _
1795 5599 1839 5630 η
1873 5597 2018 5671 οὐδέ]
2059 5599 2131 5670 μή
2165 5597 2302 5671 Edd.

816 5661 927 5739 τόν]
955 5665 1047 5716 καί
1155 5666 1256 5720 An.
1339 5667 1382 5698 ¹⁸
1404 5661 1610 5739 οἰκείας
1639 5669 1699 5722 B.
1735 5669 1796 5722 C.
1877 5670 1919 5700 ⁸⁸
1939 5661 2030 5722 οίκη

2131 5668 2198 5739 ης]
2229 5669 2318 5739 Sic
2344 5667 2406 5724 F.
2432 5668 2559 5722 Sav.
2587 5661 2768 5739 eiurari
2794 5669 2998 5729 οἴκους.

2126 352 2449 422 ταραχθεὶς,
2490 357 2582 407 καὶ
2615 356 2825 427 ἐζήτει,
2860 359 2952 409 καὶ
2995 357 3418 428 περιειργάζετο.
3462 357 3554 409 καὶ
3602 359 3705 410 ἀνα

2127 440 2268 496 ελεῖν
2291 445 2581 516 ἐπεχείρει.
2614 449 2727 501 Καὶ
2757 448 3028 518 πανταχοῦ
3057 449 3112 501 δέ
3136 451 3164 500 ό
3193 451 3282 502 τὸν
3307 452 3562 519 μέλλοντα
3599 453 3705 520 βα-

2129 532 2357 588 σιλεύειν
2398 536 2512 609 [87]
2545 538 2841 610 κατάδηλον
2879 540 3080 596 ποιῶν.
3117 540 3179 592 ἐκ
3227 542 3445 612 πρώτης
3485 542 3709 611 ἡλικίας

2129 626 2343 697 ἰδιώτην
2367 629 2516 692 όντα,
2546 630 2696 682 οὐδὲν
2723 630 2913 700 ’έτερον
2939 632 2970 702 ἦ
3003 635 3182 705 σφαγῇ
3211 635 3576 704 παραδίδωσι,
3603 640 3705 693 καὶ

2127 719 2354 790 μυρίους
2410 721 2637 774 ἀνάπτει
2695 721 2966 791 πολέμους
3016 725 3184 793 αὐτῷ.
3241 720 3390 788 Εἶδες
3413 726 3512 778 ὅσα
3537 727 3584 758 ’³
3630 730 3704 781 τὰ

2120 810 2298 863 ἄτοπα
2317 811 2581 880 φαίνεται,
2608 814 2657 865 εί
2691 811 2832 866 κατὰ
2866 812 3212 884 ἀνθρωπίνην
3257 816 3574 871 ἀκολουθίαν
3604 821 3708 872 καὶ

2121 901 2310 974 κοινὴν
2328 903 2614 973 συνήθειαν
2637 903 2814 956 ταῦτα
2829 904 3213 974 ἐξετάσαιμεν;
3238 907 3374 959 Οὐδὲ
3391 908 3497 978 γάρ
3522 907 3704 961 ταῦτα

2126 993 2306 1065 μόνον,
2332 995 2468 1048 ἀλλά
2489 997 2582 1048 καὶ
2608 997 2828 1050 πλείονα
2849 997 3054 1051 τούτων
3077 997 3203 1068 ἐνῆν
3230 999 3404 1052 εἰπεῖν
3424 1039 3439 1064 ,
3471 1000 3701 1070 ζήτησιν

2121 1084 2312 1155 ἔχοντα
2343 1085 2513 1139 πλείω
2535 1088 2582 1117 ⁸⁸
2609 1086 2718 1138 τῶν
2734 1089 2854 1156 εἰρη
2863 1087 3056 1157 μένων.

2206 1176 2346 1228 Ἀλλ’
2378 1177 2465 1228 ἵνα
2498 1176 2572 1247 μὴ
2599 1177 2960 1241 συνάπτοντες
2997 1179 3231 1248 ἀπορίας
3261 1180 3514 1249 ἀπορίαις
3555 1180 3700 1249 ἰλιγ-

2123 1268 2247 1338 γιᾷν
2285 1268 2430 1337 ὑμᾶς
2459 1268 2721 1339 ποιῶμεν,
2756 1269 2888 1341 φέρε
2917 1269 2982 1341 δὴ
3006 1271 3189 1323 λοιπον
3217 1273 3308 1324 ἐπὶ
3335 1273 3378 1303 ⁸³
3415 1273 3511 1343 τήν
3542 1272 3701 1326 λύσιν

2121 1356 2230 1409 τῶν
2255 1357 2600 1427 ζητουμένων
2629 1358 2891 1430 ἔλθωμεν,
2915 1360 3090 1431 ἀρχὴν
3111 1361 3210 1432 τῆς
3236 1362 3441 1426 λύσεως
3472 1364 3580 1416 ἀπὸ
3603 1363 3702 1416 τοῦ

2121 1448 2348 1519 ἀστέρος
2397 1449 2559 1502 αὑτοῦ
2605 1451 2934 1522 τῃιούμενοι.
2986 1452 3082 1506 “Av
3121 1453 3227 1524 γὰρ
3258 1455 3520 1525 μάθωμεν
3548 1457 3634 1519 τίς
3667 1458 3701 1509 δ

2123 1539 2318 1610 ἀστὴρ,
2347 1541 2439 1594 καὶ
2465 1541 2730 1608 ποταπὸς,
2760 1545 2854 1596 καὶ
2879 1544 2927 1595 εἰ
2959 1543 3066 1596 τῶν
3085 1545 3298 1598 πολλῶν
3325 1542 3406 1609 εἷς
3425 1587 3440 1609 ,
3475 1547 3505 1617 ἤ
3548 1547 3701 1612 ξένος

2124 1631 2274 1701 παρά
2295 1631 2420 1695 τοὺς
2452 1633 2662 1700 ἄλλους,
2705 1635 2797 1688 καὶ
2822 1636 2870 1688 εί
2905 1635 3062 1705 φύσει
3091 1637 3285 1708 ἀστήρ,
3311 1639 3344 1708 ῆ
3379 1639 3499 1708 ὕψει
3535 1641 3702 1710 μόνον

2123 1718 2320 1790 ἀστὴρ,
2351 1721 2584 1786 εὐκόλως
2607 1723 2699 1776 καὶ
2727 1725 2794 1776 τά
2830 1724 2964 1779 ἀλλα
2989 1727 3163 1778 πάντα
3205 1727 3479 1799 είσόμεθα.
3527 1730 3701 1783 Πόθεν

2123 1804 2216 1862 οῦν
2241 1809 2414 1864 ταῦτα
2428 1811 2580 1866 ἔσται
2599 1814 2732 1885 δῆλα
2751 1831 2765 1877 ;
2802 1816 2932 1868 ’Λπδ
2953 1817 3063 1869 τῶν
3076 1819 3473 1889 γεγραμμένων
3494 1821 3698 1877 αὑτῶν.

2125 1899 2247 1953 Ὅτι
2273 1899 2382 1970 γὰρ
2407 1902 2468 1954 οὑ
2497 1903 2605 1955 τῶν
2638 1904 2844 1956 πολλῶν
2867 1901 2946 1967 είς
2977 1905 3009 1956 ό
3035 1907 3209 1978 ἀστὴρ
3247 1903 3398 1971 οὗτος
3426 1903 3514 1980 ἦν,
3555 1912 3698 1980 μᾶλα

2124 1986 2214 2042 λον
2237 1990 2294 2044 δὲ
2312 1991 2434 2044 οὑδέ
2465 1993 2662 2063 ἀστήρ,
2685 1994 2759 2057 ὡς
2781 1994 2968 2065 ἔμοιγε
2997 1995 3160 2062 δοκεῖ,
3194 1999 3328 2052 ἀλλά
3353 2001 3578 2074 δύναμίς
3610 2023 3698 2069 τις

2123 2079 2355 2151 ἀόρατος
2402 2082 2483 2144 είς
2527 2082 2731 2153 ταύτην
2765 2089 3334 2156 μετασχηματισθεῖσα
3381 2093 3479 2162 τὴν
3529 2094 3697 2164 ὄψιν,

2124 2170 2339 2241 πρῶτον
2364 2172 2471 2224 ἀπὸ
2499 2172 2597 2242 τῆς
2623 2174 2849 2243 πορείας
2876 2176 3044 2247 αὑτῆς
3075 2177 3250 2247 δῆλον.
3294 2181 3369 2232 Οὑ
3392 2183 3497 2254 γάρ
3525 2185 3698 2247 ἐστιν,

2124 2258 2225 2311 οὑκ
2255 2257 2399 2312 ἔστιν
2440 2259 2614 2330 ἀστήρ
2649 2277 2730 2324 τις
2755 2262 2802 2292 ¹⁶
2840 2263 3042 2332 ταύτην
3076 2263 3304 2334 βαδίζων
3353 2269 3451 2338 τὴν
3528 2271 3648 2323 ὁδόν
3677 2288 3693 2302 ο

2122 2348 2260 2404 ἀλλὰ
2298 2349 2400 2402 κᾶν
2428 2349 2577 2419 ἥλιον
2597 2351 2776 2422 εἴπῃς,
2809 2355 2910 2406 κᾶν
2947 2354 3192 2426 σελήνην,
3222 2357 3326 2409 κᾶν
3347 2361 3472 2422 τοὺς
3501 2359 3695 2424 ἄλλους

2125 2441 2372 2503 ἅπαντας
2417 2441 2680 2511 ἀστέρας,
2731 2443 2794 2507 ἐξ
2823 2445 3092 2499 ἀνατολῶν
3142 2447 3234 2498 ἐπὶ
3280 2447 3430 2501 δύσιν
3479 2451 3700 2521 δρῶμεν

2125 2532 2458 2602 χωροῦντας·
2495 2528 2648 2596 οὗτος
2687 2535 2742 2587 δὲ
2784 2537 2891 2589 ἀπο
2922 2538 3123 2606 ἄρκτου
3164 2538 3301 2610 πρὸς
3352 2541 3696 2613 μεσημϐρίαν

2125 2623 2382 2692 ἐφέρετο·
2420 2623 2565 2678 οὑτω
2586 2626 2692 2695 γάρ
2723 2628 2754 2696 ἡ
2811 2629 3133 2699 Παλαιστίνη
3171 2630 3302 2701 πρὸς
3338 2631 3435 2703 τήν
3459 2633 3696 2704 Περσίδα

2125 2713 2321 2765 κεῖται.
2337 2713 2616 2782 Δεύτερον,
2637 2716 2728 2768 καὶ
2746 2716 2854 2769 ἀπὸ
2877 2718 2969 2771 τοῦ
2989 2719 3178 2790 καιροῦ
3199 2720 3359 2773 τοῦτο
3374 2722 3520 2775 ἐστιν
3544 2724 3694 2779 ἰδεῖν.

2125 2802 2200 2856 Οὐ
2231 2805 2338 2872 γάρ
2368 2805 2426 2855 ἐν
2450 2805 2603 2857 νυκτὶ
2627 2805 2896 2874 φαίνεται,
2927 2807 3042 2860 ἀλλ’
3071 2811 3128 2862 ἐν
3152 2810 3334 2883 ἡμέρα
3352 2812 3513 2886 μέσῃ,
3544 2814 3700 2884 ἡλίου

2124 2895 2457 2965 λάμποντος·
2489 2898 2627 2969 ὅπερ
2667 2899 2767 2954 οὑκ
2814 2900 2928 2954 ἔστι
2959 2901 3240 2974 δυνάμεως
3280 2905 3526 2977 ἀστέρος,
3579 2907 3694 2961 ἀλλ’

2125 2986 2246 3042 οὐδὲ
2271 2989 2508 3060 ,σελήνης
2530 3007 2542 3020 ·
2569 2991 2602 3062 ή
2637 2991 2746 3063 γὰρ
2788 2992 3038 3047 τοσοῦτον
3070 2995 3286 3049 πάντων
3316 2997 3656 3067 ὑπερέχουσα
3678 3039 3694 3060 ο

2123 3083 2224 3156 τῆς
2249 3083 2464 3145 ἀκτῖνος
2489 3081 2746 3153 φανείσης
2771 3085 2868 3153 τῆς
2892 3083 3146 3154 ἡλιακῆς,
3167 3081 3467 3152 κρύπτεται
3495 3081 3703 3146 εὐθέως

2126 3175 2221 3228 καὶ
2249 3174 2586 3243 ἀφανίζεται.
2621 3170 2788 3237 Οὗτος
2817 3175 2874 3228 δέ
2907 3178 2972 3246 τῇ
3007 3175 3106 3244 τῆς
3138 3176 3342 3237 οἰκείας
3381 3174 3702 3245 λαμπρότη-

2126 3283 2217 3331 τος
2250 3266 2520 3337 ὑπερϐολῇ
2551 3266 2642 3318 καὶ
2670 3266 2767 3330 τὰς
2798 3267 3021 3329 ἀκτῖνας
3047 3266 3262 3337 ἐνίκησε
3316 3265 3414 3330 τὰς
3447 3265 3702 3336 ἡλιακὰς,

2129 3361 2422 3429 φανότερος
2446 3360 2670 3411 ἐκείνων
2699 3359 2912 3426 φανεὶς,
2943 3360 3035 3413 καὶ
3071 3360 3128 3411 ἐν
3155 3358 3395 3428 τοσούτῳ
3422 3359 3560 3426 φωτὶ
3583 3356 3702 3430 [88]

2133 3451 2315 3522 μεῖζον
2344 3450 2581 3521 λάμψας.
2608 3451 2824 3520 Τρίτον,
2850 3451 2959 3503 ἀπὸ
2980 3449 3074 3502 τοῦ
3104 3450 3388 3518 φαίνεσθαι
3423 3450 3514 3503 καὶ
3540 3449 3706 3502 πάλιν

2129 3541 2482 3614 κρύπτεσθαι.
2515 3541 2625 3612 Τὴν
2651 3542 2748 3612 μὲν
2771 3541 2878 3614 γὰρ
2897 3542 3001 3604 ἕως
3022 3542 3379 3612 Παλαιστίνης
3404 3541 3520 3595 ὁδὸν
3551 3543 3706 3610 ἐφαί-
3767 3560 3778 3568 ·

2129 3653 2248 3689 νετο
2284 3636 2668 3706 χειραγωγῶν·
2703 3636 2888 3706 ἐπειδὴ
2909 3636 2964 3688 δὲ
2984 3635 3260 3706 ἐπέϐησαν
3278 3636 3385 3688 τῶν
3415 3636 3480 3687 ⁹ῐε
3491 3636 3709 3706 ροσολύ-

2135 3746 2270 3798 μων,
2301 3728 2536 3798 ἔκρυψεν
2571 3728 2794 3781 ἑαυτόν·
2828 3724 2945 3782 εἶτα
2974 3727 3132 3782 πάλιν
3167 3729 3253 3780 ὅτε
3267 3728 3311 3759 ’⁷
3338 3727 3427 3780 τὸν
3457 3726 3711 3798 Ἡρώδην

2133 3819 2381 3888 ἀφέντες,
2411 3819 2717 3885 διδάξαντες
2740 3820 2786 3850 ’⁸
2815 3820 2977 3873 αὑτὸν
2997 3819 3136 3890 ὑπὲρ
3167 3811 3240 3872 ὧν
3268 3815 3452 3891 ἦλθον,
3482 3818 3710 3889 ἔμελλον

2133 3909 2372 3974 ἀπιέναι,
2419 3908 2688 3963 δείκνυσιν
2737 3911 2927 3970 ἐαυτόν
2951 3928 2966 3944 ·
3007 3911 3144 3981 ὅπερ
3183 3911 3282 3964 οὑκ
3327 3911 3472 3962 ἐστιν
3505 3910 3708 3980 ἄστρου

2135 4001 2419 4068 κινήσεως,
2450 3999 2586 4054 ἀλλά
2628 4001 2905 4071 δυνάμεώς
2946 4018 3088 4065 τινος
3136 4001 3522 4070 λογικωτάτης.
3571 4000 3710 4052 υὺδὲ

2135 4093 2243 4163 γὰρ
2263 4092 2398 4145 ἰδίαν
2424 4091 2545 4145 τινὰ
2563 4090 2786 4162 πορείαν
2811 4086 2976 4162 εἶχεν,
2997 4091 3112 4144 ἀλλ’
3133 4091 3220 4144 ὅτε
3247 4092 3344 4162 μέν
3367 4091 3470 4144 ἔδει
3497 4090 3709 4161 βαδίσαι

2137 4189 2363 4250 αὐτοὺς,
2395 4184 2639 4250 ἐϐάδιζεν
2662 4200 2675 4213 ·
2717 4186 2807 4238 ὅτε
2851 4185 2907 4239 δὲ
2943 4185 3132 4256 στῆναι
3155 4224 3168 4248 ,
3203 4184 3417 4245 ἵστατο,
3466 4183 3598 4254 πρὸς
3649 4184 3713 4235 τὸ

2137 4278 2256 4330 δέον
2286 4278 2460 4330 πάντα
2498 4276 2794 4346 οἰκονομῶν
2817 4291 2830 4304 ·
2863 4275 3113 4346 καθάπερ
3155 4277 3182 4328 ό
3209 4274 3394 4337 στῦλος
3429 4275 3525 4344 τῆς
3555 4274 3711 4341 νεφέο

2137 4369 2256 4437 λης,
2291 4367 2384 4421 καὶ
2410 4368 2454 4398 ¹⁹
2489 4367 2726 4432 καθίζων
2755 4367 2848 4421 καὶ
2881 4368 3110 4438 ἐγείρων
3131 4367 3189 4418 τό
3219 4364 3575 4437 στρατόπεδον
3601 4363 3710 4417 τῶν

2151 4460 2438 4525 Ἰουδαίων,
2474 4459 2635 4530 ἡνίκα
2677 4461 2864 4530 ἐχρῆν.
2908 4459 3211 4529 Τέταρτον,
3240 4457 3347 4510 ἀπὸ
3374 4455 3467 4509 τοῦ
3505 4454 3711 4526 τρόπου

2137 4552 2236 4622 τῆς
2265 4551 2480 4615 δείξεως
2508 4550 2666 4604 τοῦτο
2710 4551 2775 4605 ἄν
2805 4569 2890 4613 τις
2913 4549 3220 4621 καταμάθοι
3265 4547 3470 4616 σαφῶς.
3503 4548 3578 4600 Οὑ
3603 4547 3714 4617 γὰρ

2140 4644 2253 4697 ἀνω
2289 4643 2464 4712 μένων
2500 4644 2591 4695 τὸν
2622 4643 2783 4695 τόπον
2810 4642 3019 4695 ἐδείκνυ
3044 4657 3056 4669 ·
3098 4640 3216 4693 οὑδέ
3248 4640 3354 4710 γὰρ
3392 4638 3613 4691 δυνατὸν
3641 4633 3712 4708 ἦν

2142 4734 2323 4796 αὑτοῖς
2380 4733 2521 4785 οὑτω
2579 4733 2806 4802 μαθεῖν·
2867 4732 3003 4786 ἀλλά
3054 4731 3202 4784 κάτω
3253 4728 3546 4791 καταϐὰν
3557 4728 3714 4781 τοῦτο

2145 4825 2334 4879 ἐποίει.
2365 4827 2505 4878 Ἱστε
2544 4825 2671 4897 γάρ,
2701 4825 2781 4878 ὅτι
2811 4825 2973 4878 τόπον
2997 4823 3137 4877 οὑτω
3163 4822 3378 4893 μικρὸν,
3416 4821 3572 4874 καὶ³⁰
3591 4822 3713 4873 ὅσον

2144 4915 2289 4979 εἰκὸς
2320 4914 2561 4985 καλύϐην
2597 4918 2906 4986 κατασχεῖν,
2940 4915 3140 4986 μᾶλλον
3161 4913 3216 4966 δέ
3245 4914 3367 4966 ὅσον
3387 4910 3534 4973 εἰκὸς
3559 4902 3714 4980 σῶμα

2142 5005 2352 5059 παιδίου
2390 5005 2586 5076 μικροῦ
2611 5005 2944 5076 κατέχειν³¹,
2981 5008 3078 5076 οὑχ
3108 5001 3221 5059 οἷόν
3257 5023 3314 5058 τε
3340 5005 3544 5076 ἀστέρα
3583 5022 3718 5072 γνω-

2145 5098 2332 5168 ρίζειν.
2378 5097 2592 5168 Ἐπειδὴ
2616 5097 2723 5169 γὰρ
2752 5097 2976 5168 ἄπειρον
2997 5099 3057 5152 τὸ
3086 5097 3240 5168 ὕψος,
3270 5098 3369 5151 οὑκ
3397 5098 3554 5167 ῆρκει
3576 5097 3720 5150 οὑτω

2145 5190 2327 5243 στενὸν
2358 5190 2518 5242 τόπον
2547 5191 2947 5260 χαρακτηρίσαι
2978 5191 3072 5244 καὶ
3103 5188 3365 5259 γνωρίσαι
3395 5191 3506 5252 τοῖς
3534 5188 3716 5259 βουλο-

2149 5281 2327 5352 μένοις
2363 5282 2504 5334 ίδείν.
2542 5284 2649 5334 Καὶ
2675 5282 2833 5334 τοῦτο
2860 5282 2966 5334 ἀπὸ
2996 5282 3092 5352 τῆς
3127 5282 3353 5352 σελήνης
3387 5282 3485 5335 ίδοι
3509 5298 3592 5343 τις
3617 5282 3681 5334 ἄν
3705 5299 3716 5308 ·

2146 5374 2180 5443 ἡ
2212 5373 2463 5426 τοσοῦτον
2492 5374 2804 5445 ὑπερφερὴς
2847 5371 2976 5428 οῦσα
3019 5375 3124 5428 τῶν
3155 5376 3402 5446 ἄστρων,
3439 5379 3570 5428 πᾶσι
3607 5382 3722 5441 τοῖς

2408 5598 2634 5697 “ab/10']
2676 5595 2769 5653 Sic
2913 5595 2973 5650 Β.
3007 5595 3312 5697 κρᾶτρὲλντα
3341 5594 3399 5648 F.
3438 5593 3714 5697 vulngolol-

2476 5687 2539 5697 ..υ
2587 5671 2766 5697 Δηναίη-ιζ
2795 5685 2821 5697 Α
2847 5685 2978 5697 ..λιιι
3230 5683 3349 5697 ..περ
3371 5680 3456 5697 nm
3654 5680 3684 5697 η

2891 5685 2998 5729 ους.
3048 5665 3122 5697 ’²⁰
3149 5667 3349 5728 ἰδόντες
3371 5680 3482 5717 nm.
3517 5665 3575 5716 [ε’.
3605 5667 3707 5716 Au.

2891 5739 2934 5770 ⁸⁸
2969 5736 3086 5794 ἐπί]
3106 5739 3198 5791 καὶ
3222 5739 3312 5790 ἐπὶ
3341 5735 3480 5788 Ειιιί.
3556 5735 3601 5766 ⁸⁸
3629 5749 3715 5794 τις

3106 5739 3198 5791 καὶ
3222 5739 3312 5790 ἐπὶ
3341 5736 3480 5788 Ειιιί.
3556 5736 3601 5766 ⁸⁸
3629 5749 3715 5794 τις

3063 5736 3086 5881 ί
3116 5808 3303 5879 ἐπειδὴ
3331 5807 3392 5861 Ε.
3413 5804 3474 5859 F.
3551 5806 3594 5838 ⁸³
3619 5803 3716 5857 καὶ

2549 5740 2722 5810 μείζω

2219 5885 2228 5909 ¹
2265 5879 2556 5950 κατασχεῖν
2586 5879 2645 5936 F.
