3832 6178
503 209 575 262 (ἶῦ
1206 220 1266 277 S.
1306 219 1584 288 JOANNIS
1617 221 2089 281 CHRYSOSTOMI
2123 222 2440 282 ARCHIEP.
2479 223 3011 284 CONSTANTINOP.
3703 230 3765 284 66

505 331 730 388 strabat.
779 331 958 388 Nostis
1005 331 1146 386 enim
1195 346 1300 387 non
1351 347 1508 403 posse
1555 331 1766 388 stellam
1813 331 1989 388 locum
2026 333 2095 386 ita

499 437 723 497 parvum
770 432 1110 492 monstrare,
1158 426 1248 496 qui
1294 425 1558 496 tugurium
1601 426 1938 492 contineret;
1988 426 2098 482 imo

499 516 675 572 locum
712 516 802 587 qui
832 531 1028 586 corpus
1054 514 1296 571 infantuli
1324 531 1517 586 capere
1547 525 1769 588 posset:
1799 516 1922 588 quia
1950 518 2095 574 enim

495 611 757 666 immensa
804 619 921 664 erat
961 609 1185 663 altitudo
1209 651 1225 676 ,
1275 625 1381 664 non
1429 618 1639 679 poterat
1680 610 1836 665 stella
1864 619 1971 664 tam
1992 625 2094 665 an-

497 713 711 772 gustum
769 701 945 756 locum
1001 700 1238 756 indicare
1287 701 1589 756 volentibus
1645 700 1897 758 invisere.
1956 701 2095 758 lllud

501 809 628 848 vero
653 809 719 849 ex
752 794 862 863 ipsa
895 793 1017 848 luna
1046 790 1451 863 deprehendere
1476 805 1558 849 est
1582 811 1594 847 :
1619 809 1738 864 qua:
1765 809 1886 851 cum
1909 794 2095 853 stellas

495 899 683 939 omnes
710 894 913 938 tantum
942 894 1181 955 superet,
1211 885 1478 942 universis
1508 885 1692 941 orbem
1716 886 2092 957 incolentibus,

496 984 552 1030 et
589 975 640 1028 in
671 984 814 1029 tanta
846 985 1003 1031 terra:
1029 975 1310 1032 latitudine
1334 975 1538 1032 dill‘usis
1557 1018 1577 1046 ,
1606 977 1778 1034 vicina
1802 995 1922 1035 esse
1947 981 2096 1037 vide-

499 1076 606 1120 tur.
658 1067 936 1134 Quomodo
979 1067 1179 1138 igitur,
1224 1083 1440 1139 qumso,
1487 1069 1660 1125 locum
1707 1071 1780 1127 ita
1810 1080 2092 1143 angustum

498 1162 757 1230 praesepis
786 1170 839 1215 et
869 1161 1061 1231 tugunii
1093 1163 1247 1216 stella
1279 1161 1604 1217 ostendisset
1631 1178 1646 1228 ;
1676 1163 1775 1218 nisi
1798 1164 1980 1230 relicta
2004 1164 2092 1221 illa

497 1255 817 1311 celsitudine
859 1255 925 1308 ad
956 1256 1203 1310 inferiora
1233 1254 1635 1322 descendisset,
1664 1264 1718 1310 et
1741 1270 1902 1326 supra
1927 1267 2090 1326 caput

497 1347 672 1415 ipsum
713 1348 861 1417 pueri
907 1347 1186 1402 stetisset?
1224 1347 1375 1414 Quod
1402 1347 1745 1403 subindicans
1767 1350 2093 1419 evangelista

496 1440 707 1494 dicebat
735 1458 748 1493 :
780 1440 833 1495 9.
867 1439 998 1494 Ecce
1018 1441 1164 1494 stella
1183 1442 1499 1495 antecellebat
1527 1457 1610 1495 eos
1629 1481 1644 1504 ,
1675 1458 1831 1511 usque
1854 1443 1974 1497 dum
1998 1458 2088 1498 ue-

497 1531 641 1584 niens
669 1541 820 1584 staret
849 1546 1007 1602 supra
1026 1533 1108 1585 ubi
1131 1542 1238 1585 erat
1260 1548 1404 1602 puer.
1435 1531 1624 1587 Viden’
1652 1542 1780 1604 quot
1801 1548 2092 1605 argumen—

499 1623 565 1676 tis
607 1623 862 1693 probatur
890 1624 1028 1678 hane
1055 1625 1262 1679 stellam
1289 1640 1395 1679 non
1424 1625 1588 1681 fuisse
1615 1641 1681 1682 ex
1707 1641 1932 1683 numero
1958 1627 2092 1683 alia-

497 1730 613 1768 rum
655 1731 669 1768 :
711 1729 885 1785 neque
909 1714 1203 1771 secundum
1233 1716 1428 1772 seriem
1457 1726 1691 1772 externae
1715 1716 1857 1772 illius
1878 1718 2092 1789 genesis

495 1805 806 1877 apparuisse
823 1807 849 1860 t

559 1953 612 2008 3.
641 1953 806 2007 Stella
826 1969 916 2006 cur
935 1953 1192 2024 apparuit.
1212 1982 1281 1992 —
1301 1951 1410 2006 Cur
1434 1967 1565 2024 ergo
1584 1952 1870 2023 apparuit?
1899 1951 1966 2008 Ut
1989 1952 2083 2008 Ju-

487 2044 729 2098 daeorum
777 2043 1138 2115 stupiditatem
1181 2043 1510 2108 incesseret,
1535 2051 1695 2113 atque
1721 2043 1942 2113 ingratis
1970 2041 2084 2096 adi-

491 2145 664 2190 meret
708 2149 923 2189 oumem
967 2133 1293 2189 defensionis
1338 2147 1544 2188 ansam.
1587 2132 1721 2199 Quia
1756 2133 1898 2188 enim
1928 2132 2085 2186 adve-

497 2227 654 2282 niens
682 2227 772 2283 ille
797 2236 948 2284 vetus
980 2227 1280 2282 institutum
1310 2226 1677 2296 abrogaturus,
1704 2226 1993 2296 orbemque
2019 2225 2085 2283 ad

497 2337 661 2376 unum
707 2321 1063 2391 cumdemque
1108 2321 1312 2376 cultum
1358 2318 1722 2389 deducturus,
1764 2320 1986 2391 ipseque
2035 2319 2088 2377 in

500 2421 632 2474 mari
673 2429 726 2474 et
767 2427 904 2474 terra
929 2416 1126 2488 ubique
1145 2415 1449 2470 adorandus
1478 2423 1622 2479 erat,
1656 2415 1724 2468 ab
1752 2413 1884 2485 ipsis
1911 2415 2090 2468 statim

498 2511 663 2566 initiis
702 2511 899 2564 ostium
923 2507 1169 2578 gentibus
1193 2506 1400 2576 aperit,
1434 2513 1490 2559 ut
1520 2504 1814 2559 alienorum
1844 2502 2092 2574 exemplo

497 2618 624 2660 suos
644 2604 804 2659 etiam
848 2600 1103 2655 erudiret.
1147 2598 1282 2665 Quia
1326 2597 1468 2652 enim
1508 2611 1627 2650 cum
1666 2597 1953 2666 prophetas
1979 2594 2089 2650 fre-

499 2705 728 2766 quenter
765 2693 1011 2748 audirent
1052 2691 1121 2745 de
1162 2690 1327 2758 ipsius
1352 2688 1579 2742 adventu
1609 2703 1750 2758 saepe
1776 2688 2087 2758 loquentes,

494 2802 604 2841 non
648 2784 934 2838 admodum
978 2781 1359 2844 attendebant,
1406 2778 1582 2834 ell'ecit
1638 2787 1695 2832 ut
1766 2777 1980 2833 barbari
2021 2776 2091 2832 de

496 2886 640 2933 terra
687 2875 976 2946 longinqua
1015 2872 1261 2927 venirent
1285 2911 1300 2936 ,
1326 2870 1415 2941 qui
1444 2883 1623 2939 regem
1651 2867 1790 2937 apud
1820 2869 1964 2937 ipsos
1989 2882 2088 2922 na-

495 2979 608 3024 tum
651 2967 981 3038 inquirerent
1006 2981 1020 3031 ;
1053 2974 1106 3018 et
1137 2963 1348 3018 Persita
1376 2975 1505 3017 voce
1536 2961 1760 3031 primum
1787 2974 1850 3015 ea
1880 2959 2088 3015 edisce-

495 3068 658 3128 rent,
689 3074 808 3130 qua:
833 3073 864 3112 a
887 3056 1163 3130 prophetis
1193 3040 1400 3112 discere
1427 3055 1708 3108 noluerant
1737 3070 1750 3105 :
1780 3061 1836 3106 ut
1856 3052 1899 3106 si
1921 3052 2090 3121 probe

495 3170 556 3211 se
581 3160 864 3226 gererent,
897 3151 1182 3207 maximam
1211 3147 1508 3217 arriperent
1529 3144 1593 3199 ad
1615 3143 2088 3212 obtemperandum

495 3262 682 3302 ansam
706 3263 722 3312 ;
751 3244 834 3300 sin
861 3257 988 3299 vero
1010 3239 1398 3297 contenderent
1417 3278 1431 3300 ,
1456 3235 1598 3293 omni
1623 3249 1841 3304 prorsus
1862 3248 2085 3288 excusa-

497 3341 644 3395 tione
677 3339 832 3393 vacui
875 3345 1079 3392 essent.
1123 3333 1260 3402 Quid
1287 3331 1430 3387 enim
1460 3330 1639 3385 dicere
1666 3328 1869 3399 possint
1899 3327 1971 3394 ii,
1999 3327 2088 3397 qui

494 3430 762 3488 Christum
778 3444 807 3484 a
827 3437 900 3483 tot
918 3425 1189 3496 prophetis
1210 3422 1574 3478 annuntiatum
1594 3435 1701 3475 non
1719 3427 2086 3489 susceperunt,

494 3539 615 3580 cum
646 3522 872 3577 viderint
905 3534 1088 3590 magos
1109 3533 1173 3573 ex
1201 3517 1357 3572 unius
1382 3516 1552 3570 stella:
1575 3515 1691 3570 visu
1720 3515 1890 3584 ipsum
1914 3514 2086 3568 susci-

495 3615 702 3684 pientes
729 3620 784 3667 et
823 3608 1152 3666 adorantes?
1180 3607 1333 3674 Quod
1365 3606 1522 3677 igitur
1550 3606 1690 3661 circa
1719 3604 1980 3660 Ninivitas
2007 3607 2088 3660 te-

495 3713 644 3760 cerat
678 3703 867 3759 Jonam
897 3701 1114 3756 mittens
1139 3739 1153 3766 ,
1186 3708 1239 3754 et
1265 3698 1406 3769 quod
1434 3698 1574 3752 circa
1614 3696 2002 3752 Samaritanam
2033 3705 2088 3752 et

493 3795 850 3850 Chananzeam
873 3834 888 3857 ,
918 3792 1147 3860 idipsum
1181 3791 1339 3845 etiam
1362 3804 1459 3857 per
1483 3804 1668 3859 magos
1691 3787 1836 3844 fecit.
1861 3788 2088 3858 Ideoque

493 3887 703 3943 dicebat.
769 3905 782 3939 :
835 3885 940 3938 Viri
997 3881 1239 3938 Ninivita:
1291 3891 1518 3952 surgent,
1555 3891 1601 3936 et
1651 3881 2085 3944 condemnabunt;

493 3988 547 4035 et
565 4020 581 4046 ,
610 3979 804 4049 Regina
829 3977 987 4032 austri
1017 3985 1214 4047 surget,
1258 3984 1303 4028 ct
1319 3974 1673 4046 condemnabit
1718 3975 2086 4044 generationem

493 4071 625 4125 hanc
667 4069 690 4140 (
719 4068 906 4122 Matth.
936 4067 1022 4123 l2.
1052 4069 1141 4122 Al.
1174 4066 1243 4121 42
1270 4067 1287 4136 )
1318 4084 1330 4121 :
1358 4067 1611 4136 quoniam
1661 4065 1738 4118 illi
1792 4065 2084 4126 minoribus

493 4161 870 4226 crediderunt,
913 4159 966 4213 hi
1009 4174 1136 4214 vero
1162 4173 1333 4228 neque
1364 4156 1671 4227 majoribus.
1702 4156 1771 4211 At
1799 4172 1893 4212 cur
1922 4157 2041 4212 illos
2060 4199 2079 4225 ,

491 4255 719 4323 inquies,
750 4266 843 4319 per
870 4250 1028 4304 talem
1053 4249 1226 4303 visum
1251 4247 1508 4303 adduxit?
1537 4248 1604 4302 At
1627 4249 1897 4317 quomodo
1919 4262 2080 4318 opor-

491 4346 630 4398 tuit?
666 4359 733 4397 an
770 4342 1058 4414 prepbetas
1094 4340 1348 4396 mittere?
1376 4338 1481 4396 Sed
1509 4339 1644 4410 magi
1674 4340 1945 4409 prophetis
1970 4355 2078 4396 non

490 4434 858 4491 credidissent.
887 4435 970 4489 An
994 4448 1176 4488 vocem
1197 4447 1426 4502 superne
1450 4431 1724 4500 proferre?
1756 4431 1946 4485 Verum
1969 4445 2076 4487 non

490 4527 859 4581 attendissent.
891 4527 970 4580 An
1001 4527 1246 4597 angelum
1277 4524 1534 4579 mittere?
1568 4523 1671 4579 Sed
1703 4525 1842 4580 hunc
1867 4539 2078 4596 quoque

490 4621 712 4676 forsitan
741 4620 1144 4691 praeteriissent.
1170 4619 1502 4688 Quapropter
1525 4617 1629 4672 illis
1651 4618 1896 4672 omnibus
1916 4618 2078 4674 omis-

461 4713 564 4768 sis
611 4713 783 4778 Deus,
830 4726 1038 4766 summa
1087 4719 1240 4766 utens
1280 4709 1645 4780 indulgentia,
1691 4725 1785 4779 per
1824 4721 2077 4766 consueta

486 4814 643 4860 vocat
681 4803 797 4859 illos
818 4845 834 4871 ,
875 4801 1213 4872 ostenditque
1241 4800 1449 4856 stellam
1478 4815 1722 4871 magnam
1751 4801 1819 4855 ah
1848 4803 1967 4855 aliis
1997 4803 2077 4854 tli-

481 4912 692 4954 versam
714 4937 729 4962 ,
774 4904 833 4949 ut
876 4894 1018 4964 ipsos
1047 4900 1101 4948 et
1125 4907 1190 4946 ex
1218 4889 1582 4962 magnitudine
1604 4899 1660 4946 et
1685 4905 1748 4945 ex
1783 4888 2079 4961 pulchritu-

412 4983 430 5057 ἶ
483 4989 607 5043 dine
652 4983 945 5056 spectaculi
989 4983 1337 5052 percelleret,
1366 4997 1576 5037 necnon
1605 4983 1766 5038 etiam
1795 4997 1861 5037 ex
1891 4996 2078 5038 cursus

482 5079 663 5132 modo.
697 5077 821 5131 llaec
859 5084 914 5130 et
961 5073 1155 5129 Paulus
1197 5071 1462 5137 imitatus,
1504 5088 1570 5127 ex
1609 5088 1698 5127 ara
1728 5087 1849 5129 cum
1875 5072 2076 5129 Graecis

481 5171 779 5226 disserendi
819 5169 1156 5224 occasionem
1183 5166 1415 5236 accipit,
1447 5175 1501 5221 et
1528 5175 1800 5236 poetarum
1832 5167 2074 5222 testimo-

485 5262 570 5316 nia
601 5263 653 5316 in
680 5261 912 5316 medium
940 5260 1156 5315 adducit
1185 5278 1198 5317 :
1226 5257 1438 5315 Iudaeos
1463 5272 1595 5315 vero
1615 5259 2073 5315 circumcisioncm

486 5368 793 5411 memorans
836 5354 1157 5424 alloquitur,
1196 5363 1250 5411 et
1288 5367 1382 5410 eos
1408 5352 1497 5424 qui
1525 5352 1625 5408 sub
1651 5351 1768 5424 lege
1793 5353 2028 5409 viverent
2056 5394 2069 5417 ,

543 5565 559 5594 ι
594 5563 775 5626 Aliqui,
800 5577 884 5626 per
907 5566 1113 5628 angelos.

2190 347 2220 386 a
2269 331 2551 388 sacriﬁciis
2583 346 2739 387 orsus
2761 371 2777 397 ,
2810 331 3053 386 doctrina
3092 328 3298 386 imbuit.
3328 329 3462 398 Quia
3486 329 3627 386 enim
3651 345 3768 387 con-

2190 433 2400 479 suetum
2446 423 2546 479 sibi
2593 424 2817 494 quisque
2865 439 3069 479 morem
3121 423 3350 479 libenter
3395 424 3674 493 sequitur,
3720 436 3771 480 et

2195 516 2334 571 Deus
2371 524 2426 570 et
2463 516 2559 570 viri
2602 531 2632 570 a
2676 515 2788 570 Deo
2825 516 2892 570 ad
2939 516 3088 572 orbis
3128 515 3352 570 salutem
3385 516 3567 581 missi,
3593 517 3662 570 ita
3691 533 3772 573 res

2192 614 2438 661 tractant.
2484 605 2561 662 Ne
2608 606 2789 676 itaque
2827 605 3100 677 indignum
3141 605 3251 660 Deo
3290 615 3479 675 putes,
3515 606 3656 677 quod
3684 623 3771 678 per

2191 697 2397 752 stellam
2442 697 2584 766 ipsos
2630 696 2906 752 vocaverit
2951 715 2964 750 :
3019 697 3099 752 sic
3145 696 3287 751 enim
3326 695 3545 752 Judaica
3568 713 3772 769 quoque

2190 790 2370 845 omnia
2417 787 2742 860 improbabis
2760 831 2777 857 ,
2803 787 3060 844 sacriﬁcia
3087 803 3312 859 nempe,
3344 789 3768 858 purilieationes,

2192 881 2501 936 neomenias
2523 921 2540 948 ,
2568 894 2748 936 arcam
2769 922 2783 946 ,
2810 880 3089 951 ipsumque
3119 879 3393 950 templum.
3423 865 3548 935 Haec
3575 881 3770 950 quippe

2189 971 2368 1026 omnia
2410 986 2480 1026 ex
2515 971 2750 1042 gentium
2777 971 3127 1028 crassitudine
3156 979 3334 1026 ortum
3363 970 3648 1026 duxerunt.
3678 975 3772 1026 At-

2191 1071 2368 1118 tamen
2416 1061 2556 1117 Deus
2594 1062 2662 1118 ad
2700 1062 2992 1117 errantium
3031 1061 3257 1117 salutem
3283 1061 3366 1117 his
3393 1075 3453 1116 se
3483 1075 3671 1132 passus
3695 1072 3774 1117 est

2190 1153 2329 1220 coli,
2375 1153 2570 1223 quibus
2614 1152 2888 1207 daemonas
2905 1151 3142 1221 gentiles
3169 1151 3243 1206 illi
3269 1150 3547 1217 colebant,
3574 1150 3668 1206 illo
3694 1161 3771 1206 ta-

2190 1259 2312 1300 men
2352 1244 2497 1299 cultu
2527 1245 2785 1313 tantisper
2810 1251 3046 1309 mutato,
3077 1251 3136 1298 ut
3161 1242 3283 1298 illos
3312 1242 3561 1314 paulatim
3583 1258 3614 1298 a
3643 1257 3772 1298 cono

2190 1335 2470 1391 suetudine
2495 1335 2752 1391 abductos
2773 1376 2789 1401 ,
2820 1333 2886 1389 ad
2914 1333 3198 1391 sublimem
3220 1333 3363 1390 illam
3387 1333 3771 1404 philosophiam

2190 1427 2502 1485 deduceret.
2535 1427 2591 1481 ld
2614 1426 2752 1497 quod
2780 1425 2940 1480 etiam
2961 1425 3105 1482 circa
3125 1440 3310 1496 magos
3331 1423 3507 1480 effecit
3523 1466 3540 1493 ,
3565 1441 3688 1481 cum
3715 1427 3776 1480 il—

2191 1519 2271 1574 los
2311 1534 2406 1588 per
2447 1518 2619 1574 stella:
2657 1517 2828 1572 visum
2857 1517 3098 1581 vocavit,
3131 1524 3190 1571 ut
3215 1515 3410 1572 deinde
3437 1516 3775 1573 sublimiores

2189 1610 2458 1666 redderet.
2490 1609 2776 1679 Postquam
2803 1609 2963 1678 igitur
2984 1607 3104 1662 illos
3127 1606 3194 1662 ad
3223 1621 3463 1678 praesepe
3487 1608 3639 1676 quasi
3666 1623 3777 1660 mas

2193 1717 2264 1754 nu
2310 1698 2636 1764 deduxerat,
2677 1713 2783 1751 non
2823 1712 2918 1767 per
2939 1695 3146 1751 stellam
3169 1695 3398 1761 deinde,
3430 1698 3523 1752 sed
3553 1712 3653 1766 per
3682 1712 3776 1751 an-

2191 1789 2370 1861 gelum
2397 1788 2413 1819 ¹
2457 1788 2602 1858 ipsos
2637 1785 2932 1856 alloquitur
2975 1803 2989 1838 :
3034 1785 3113 1846 sic
3140 1785 3212 1840 illi
3237 1784 3496 1855 gradatim
3527 1785 3777 1842 meliores

2191 1879 2365 1935 ell'ecti
2394 1887 2535 1932 sunt.
2567 1877 2679 1932 Hoc
2711 1877 2883 1948 ipsum
2914 1875 3037 1932 fecit
3059 1877 3197 1932 circa
3226 1875 3558 1932 Ascalonitas
3582 1885 3641 1931 et
3669 1877 3775 1933 Ga-

2192 1985 2352 2026 zaeos.
2390 1968 2523 2024 Nam
2562 1976 2840 2038 postquam
2869 1968 3104 2038 quinque
3131 1967 3233 2022 illae
3255 1967 3494 2022 civitates
3513 2008 3528 2032 ,
3555 1982 3683 2023 arca
3710 1971 3775 2024 ad

2191 2075 2249 2116 se
2287 2059 2532 2114 veniente
2556 2099 2570 2122 ,
2599 2057 2743 2112 letali
2773 2056 2922 2129 plaga
2945 2071 3212 2127 percussa:
3234 2065 3393 2122 sunt,
3419 2071 3542 2111 cum
3568 2058 3775 2113 nullum

2194 2152 2560 2224 ingruentibus
2589 2151 2744 2208 malis
2770 2152 3060 2206 remedium
3085 2150 3420 2212 invenirent,
3453 2150 3658 2204 vocatis
3691 2162 3787 2202 va-

2193 2245 2333 2298 tibus
2389 2253 2442 2297 et
2479 2250 2801 2315 congregato
2838 2249 2983 2298 coetu
3009 2240 3276 2312 quomodo
3300 2239 3558 2294 divinitus
3579 2239 3792 2293 immis-

2192 2351 2312 2392 sum
2338 2338 2538 2392 malum
2558 2346 2870 2392 amoverent
2887 2334 3259 2390 consultabant
3285 2334 3363 2404 (l.
3384 2333 3511 2405 Reg.
3535 2332 3618 2407 5).
3656 2332 3793 2389 Hinc

2189 2427 2397 2483 vatibus
2439 2427 2775 2494 dicentibus,
2826 2440 3014 2482 vaccas
3057 2425 3342 2481 indomitas
3389 2435 3443 2480 et
3468 2425 3794 2495 primiparas

2188 2533 2326 2572 areae
2349 2518 2497 2589 jungi
2526 2526 2778 2588 oportere
2803 2559 2819 2585 ,
2852 2525 2910 2571 ut
2931 2516 3078 2571 nullo
3103 2515 3238 2571 duce
3268 2529 3374 2586 quo
3398 2515 3597 2571 vellent
3621 2515 3789 2580 irent;

2191 2609 2420 2680 hincque
2459 2609 2797 2680 exploratum
2847 2609 2960 2664 lore
2987 2623 3052 2661 an
3080 2607 3335 2663 divinitus
3355 2647 3371 2674 ,
3398 2623 3465 2662 an
3493 2622 3623 2662 casu
3651 2623 3793 2678 quo-

2192 2701 2332 2771 piam
2380 2701 2652 2755 immissus
2682 2700 2902 2756 morbus
2929 2709 3072 2756 esset
3101 2698 3262 2772 (Ibid.
3293 2699 3350 2770 6)
3379 2716 3395 2765 ;
3423 2715 3545 2755 nam
3577 2701 3650 2767 si,
3679 2702 3794 2756 aie-

2189 2791 2317 2846 bant
2341 2834 2355 2858 ,
2383 2791 2574 2864 jugum
2603 2807 2669 2848 ex
2698 2791 2963 2862 imperitia
2993 2793 3010 2824 ι
3041 2801 3319 2846 conteraut
3340 2833 3355 2857 ,
3385 2791 3465 2846 vel
3493 2792 3538 2846 si
3567 2792 3640 2848 ad
3670 2809 3794 2848 mu-

2188 2882 2396 2952 gientes
2440 2883 2635 2938 vitulos
2675 2892 2985 2948 vertantur,
3029 2881 3179 2953 plaga
3225 2897 3350 2937 casu
3376 2883 3677 2947 acciderit;
3710 2886 3795 2940 sin

2191 2981 2336 3027 recta
2355 2980 2599 3043 pergant,
2618 2987 2795 3044 neque
2812 2972 2926 3027 sive
2949 2979 3170 3042 propter
3185 2971 3478 3026 vitulorum
3499 2972 3780 3043 mugitum

2195 3063 2307 3118 sive
2343 3072 2568 3132 propter
2603 3065 2704 3118 via:
2743 3061 3103 3133 ignorantiam
3122 3062 3398 3127 aberrent,
3418 3062 3790 3132 conspicuum

2195 3153 2296 3207 erit
2313 3153 2485 3223 ipsam
2499 3153 2591 3208 Dei
2611 3168 2831 3209 manum
2851 3153 2950 3209 has
2965 3154 3127 3208 urbes
3146 3153 3502 3223 percussisse:
3520 3154 3658 3224 quia
3680 3156 3789 3227 igi—

2197 3254 2287 3299 tur
2302 3254 2486 3301 vatum
2508 3246 2669 3302 dictis
2688 3255 2984 3317 paruerunt
3008 3247 3220 3300 illarum
3239 3246 3521 3300 civitatum
3555 3247 3790 3312 incolae.

2192 3342 2332 3398 Deus
2367 3343 2526 3419 etiam
2547 3385 2564 3413 ,
2593 3342 2917 3414 indulgentia
2946 3357 3073 3397 usus
3094 3383 3110 3410 ,
3142 3350 3320 3417 vatum
3347 3343 3672 3398 sententiam
3701 3359 3799 3400 sc-

2187 3443 2384 3506 qnutus
2422 3443 2534 3500 est,
2568 3449 2668 3491 nec
2697 3435 2976 3502 majestate
3005 3449 3100 3489 sua
3124 3433 3392 3505 indignum
3421 3437 3664 3505 putavit,
3701 3451 3800 3488 va-

2186 3536 2298 3583 tum
2342 3527 2742 3598 przedictionem
2780 3527 2846 3582 ad
2872 3542 3006 3599 opus
3030 3526 3296 3583 deducere
3319 3570 3335 3594 ,
3362 3536 3416 3583 et
3443 3527 3606 3583 [idem
3633 3527 3803 3583 dictis

2187 3633 2375 3675 eorum
2421 3619 2730 3675 conciliare.
2777 3619 2856 3674 Eo
2899 3619 3070 3688 major
3098 3622 3241 3674 cnim
3269 3633 3356 3674 res
3379 3627 3528 3690 gesta
3558 3619 3796 3675 videba-

2186 3720 2293 3779 tur,
2340 3711 2384 3766 si
2427 3711 2523 3766 Dei
2551 3711 2841 3780 potentiam
2877 3711 2975 3780 ipsi
3002 3712 3162 3766 etiam
3189 3712 3388 3767 inimici
3420 3711 3795 3768 testiﬁcaren-

2185 3810 2304 3865 tur,
2353 3810 2409 3857 et
2454 3801 2498 3857 si
2547 3817 2732 3856 eorum
2779 3802 3027 3858 doctores
3055 3801 3124 3858 de
3149 3802 3238 3856 illa
3264 3803 3524 3858 calculum
3555 3801 3792 3860 ferrent.

2184 3893 2346 3948 Multa
2366 3908 2578 3963 quoque
2606 3893 2801 3948 similia
2832 3892 2996 3949 Deum
3018 3891 3416 3962 dispensantem
3437 3892 3797 3950 animadver-

2137 4027 2156 4056 τ
2185 3983 2363 4039 timus.
2383 3983 2514 4038 Nam
2537 3999 2597 4040 ea
2618 3985 2778 4040 etiam
2801 4001 2918 4056 qute
2937 3985 3003 4040 ad
3026 3985 3392 4057 pythOnissam
3415 3995 3671 4056 spectant
3698 4003 3799 4043 eo-

2184 4074 2309 4130 dem
2345 4075 2653 4146 dispensata
2693 4085 2820 4131 sunt
2865 4076 3024 4132 modo
3050 4094 3065 4130 :
3096 4085 3153 4132 ut
3180 4092 3276 4133 vos
3304 4077 3560 4146 deinceps
3585 4093 3798 4134 secun-

2186 4167 2312 4223 dum
2351 4169 2462 4238 jam
2501 4168 2640 4222 dicta
2691 4169 2934 4240 poteritis
2973 4169 3240 4239 explicare
3290 4169 3448 4234 (Ibid.
3478 4170 3602 4241 28).
3659 4171 3799 4228 "me

2183 4257 2254 4313 de
2291 4260 2446 4314 stella
2489 4275 2519 4313 a
2559 4260 2713 4314 nobis
2751 4260 2889 4314 dicta
2937 4269 3099 4320 sunt;
3129 4260 3221 4314 sed
3251 4259 3402 4330 plura
3433 4275 3462 4314 a
3487 4261 3653 4315 vobis
3683 4263 3796 4316 dici

2182 4359 2390 4429 possint
2413 4376 2426 4414 :
2450 4372 2572 4413 nam
2593 4356 2676 4411 Da
2704 4354 2919 4426 sapienti
2941 4355 3254 4411 occasionem
3276 4395 3293 4422 ,
3319 4362 3365 4408 et
3389 4352 3681 4423 sapientior
3700 4359 3804 4412 erit

2183 4461 2197 4490 ί
2211 4451 2363 4507 Prov.
2395 4450 2449 4507 9.
2474 4449 2552 4519 9).

2252 4622 2306 4677 ι.
2329 4620 2499 4688 Quare
2515 4616 2784 4687 Scriptura
2803 4624 2998 4683 tentpus
3016 4620 3060 4666 et
3078 4612 3246 4666 locum
3261 4607 3560 4674 nativitatis,
3588 4610 3803 4678 princi-

2180 4728 2392 4785 pemque
2411 4720 2528 4764 tunc
2553 4707 2788 4779 temporis
2807 4713 3101 4776 regnantem
3116 4712 3220 4756 tam
3239 4709 3479 4756 accurate
3499 4699 3800 4758 describat.

2180 4805 2422 4860 Liberum
2459 4801 2744 4855 arbitrium.
2799 4797 3122 4866 Jerosolyma
3151 4810 3242 4848 cur
3275 4793 3476 4847 turbata
3509 4800 3587 4846 est
3608 4831 3628 4858 ,
3676 4809 3804 4847 cum

2183 4897 2376 4952 audivit
2401 4894 2658 4949 Christum
2684 4900 2878 4945 natum.
2902 4917 2971 4928 —
2989 4887 3107 4942 lam
3134 4886 3201 4940 ad
3233 4884 3554 4954 principium
3585 4899 3804 4939 eorum

2185 5005 2303 5060 quae
2334 4989 2468 5044 lecta
2509 4994 2636 5039 sunt
2662 4979 2996 5038 redeundum
3020 4989 3124 5033 est.
3155 4975 3436 5044 Quodnam
3464 4983 3550 5030 est
3580 4976 3804 5045 princi-

2186 5081 2369 5153 pium?
2397 5077 2522 5134 Cum
2561 5085 2713 5131 natus
2735 5084 2863 5130 esset
2887 5071 2924 5126 J
2927 5089 3038 5127 esus
3061 5071 3114 5125 in
3139 5068 3432 5124 Bethlehem
3455 5067 3674 5122 Iudice
3693 5110 3713 5135 ,
3749 5071 3804 5126 in

2188 5174 2361 5230 diebus
2386 5171 2608 5227 Herodis
2635 5169 2767 5240 regis
2782 5209 2796 5234 ,
2835 5183 2948 5223 ecce
2969 5165 3108 5236 magi
3126 5163 3188 5218 ab
3209 5164 3401 5218 oriente
3422 5174 3685 5217 uenerunt
3707 5165 3804 5218 Je-

2189 5262 2669 5336 rosolymam.Magi
2695 5259 2907 5316 stellam
2928 5256 3118 5314 ducem
3145 5254 3357 5326 sequuti
3377 5260 3533 5320 sunt;
3569 5254 3631 5309 hi
3662 5271 3804 5314 vero

2259 5534 2275 5563 ί
2317 5531 2370 5580 lu
2393 5536 2574 5586 Crzeeo,
2597 5539 2666 5578 imis
2687 5543 2751 5586 τῆς
2773 5539 2950 5589 suam.
2971 5525 3188 5589 Atrianus
3206 5530 3267 5570 an
3288 5527 3382 5589 [sli].
3399 5515 3614 5567 lectione
3641 5520 3804 5570 abcp.

2189 5601 2282 5655 rat,
2308 5595 2356 5651 in
2379 5583 2778 5654 interpretatione
2798 5583 3005 5650 mineus,
3027 5583 3231 5649 superba
3253 5583 3452 5633 cervice.
