3832 6178
136 280 203 333 εῗ
1290 286 1358 342 ΙΝ
1397 285 1705 343 ΜΑΤΤΙΙᾸΞ

1843 290 2071 346 llOMlL.
2111 293 2196 347 Vl.
2678 318 2683 323 ·
3319 304 3395 361 38

141 416 206 453 ne
233 394 499 467 prophetis
519 391 734 464 quidem
756 389 1194 445 anntmtiantihus
1217 391 1570 447 crediderunt.
1604 394 1710 447 Cur

139 499 304 543 autem
334 485 490 541 nobis
522 495 577 539 et
615 493 823 553 tempus
861 482 990 536 dicit
1020 490 1075 536 et
1104 482 1313 548 locum,
1346 484 1471 538 dum
1501 485 1609 551 ait,
1645 485 1710 538 In

137 579 417 634 Bethlehem
436 618 452 643 ,
482 584 536 629 et
554 617 570 639 ,
598 574 668 628 In
688 574 866 628 diebus
900 571 1118 627 Herodis
1148 574 1321 642 regis!
1353 590 1455 644 qua
1486 590 1615 629 vero
1643 575 1712 630 de

135 685 286 726 causa
318 669 627 740 dignitatem
675 666 837 721 etiam
878 664 1458 738 addidit?Dignitatem
1488 664 1710 734 quidem

136 764 360 828 addidit,
388 759 639 830 quoniam
674 766 729 811 et
764 756 900 810 alius
929 754 1027 809 fuit
1063 754 1299 809 Herodes
1319 756 1412 825 qui
1453 755 1711 811 Joannem

134 852 355 915 occidit;
388 849 485 905 sed
514 849 603 904 hic
629 848 895 903 tetrareha
916 888 931 910 ,
962 847 1052 902 ille
1078 861 1172 902 rex
1202 857 1336 902 erat.
1377 848 1581 903 Locum
1620 865 1713 903 au-

137 956 238 1000 tem
264 943 452 999 scribit
476 951 531 998 et
556 950 767 1010 tempus
800 939 931 995 dum
969 938 1277 1010 prophetias
1315 940 1468 996 nobis
1504 952 1714 999 veteres

132 1044 545 1101 commemorat,
592 1049 818 1105 quarum
858 1033 1083 1087 alteram
1124 1033 1370 1088 Michwas
1415 1035 1593 1089 emisit
1632 1034 1715 1090 his

132 1128 301 1182 verbis
327 1145 342 1180 :
373 1126 438 1180 Et
462 1137 519 1180 tu
546 1126 839 1180 Bethieltem
873 1134 1008 1179 terra
1046 1124 1187 1180 Iuda
1207 1167 1223 1191 ,
1262 1143 1577 1197 nequaquam
1707 1158 1717 1167 -

132 1221 260 1270 ninia
286 1234 341 1271 es
364 1218 419 1271 in
458 1218 771 1288 principibus
792 1216 932 1269 Iuda
964 1216 1148 1289 (Mich.
1178 1218 1230 1272 5.
1254 1217 1342 1287 2);
1371 1218 1593 1272 alteram
1623 1232 1716 1289 pa-

132 1310 354 1363 triarcha
372 1310 545 1365 Jaeob
565 1352 579 1371 .
606 1311 696 1380 qui
726 1309 879 1364 nobis
903 1319 1109 1377 tempus
1132 1310 1412 1380 exprimit,
1440 1325 1717 1380 magnum-

130 1419 227 1473 que
268 1404 487 1472 signum
527 1403 787 1457 adventus
824 1402 942 1471 ejus
986 1403 1238 1473 apponit;
1286 1418 1409 1458 nam
1448 1403 1562 1459 ait:
1594 1404 1718 1460 Non

125 1499 383 1566 auferetur
442 1496 672 1563 princeps
720 1495 783 1547 de
826 1493 1000 1560 Juda,
1040 1510 1132 1547 nec
1182 1494 1291 1548 dua:
1338 1495 1402 1548 de
1448 1495 1718 1566 femoribus

129 1590 233 1656 ejus
262 1630 279 1651 ,
334 1588 500 1640 donec
548 1587 714 1640 veniat
759 1587 842 1639 cui
887 1587 1164 1656 repositum
1211 1596 1285 1639 est
1322 1603 1341 1641 :
1384 1596 1430 1640 et
1480 1588 1590 1657 ipse
1633 1604 1719 1642 ea:-

132 1679 373 1748 spcrtatio
412 1679 634 1749 gentium
672 1676 825 1748 (Gen.
870 1676 1116 1745 49.10).
1159 1676 1265 1733 Sed
1314 1677 1442 1731 illud
1497 1693 1711 1748 quoque

130 1769 507 1839 inquirendum
551 1777 666 1834 est,
712 1783 831 1839 qua:
874 1782 1032 1823 causa
1073 1767 1205 1838 ipsis
1248 1769 1407 1824 fuerit
1450 1770 1573 1824 talia
1614 1786 1711 1825 co-

130 1862 362 1931 gitandi,
421 1874 475 1919 et
523 1864 642 1933 quis
685 1864 806 1918 illos
844 1864 908 1917 ad
953 1865 1073 1918 talia
1107 1864 1311 1934 agenda
1350 1866 1721 1920 concitaverit.

131 1952 310 2023 Neque
349 1953 503 2008 enim
546 1954 675 2007 mihi
719 1954 933 2009 videtur
972 1954 1086 2009 hzec
1122 1970 1277 2023 posse
1305 1956 1370 2009 ad
1399 1955 1568 2008 solam
1596 1954 1722 2008 stel-

131 2048 230 2100 lam
261 2046 499 2112 referri;
532 2046 625 2102 sed
651 2047 717 2101 ad
748 2048 917 2102 Deum
945 2048 1034 2118 qui
1063 2062 1247 2102 eorum
1290 2048 1500 2101 animos
1541 2047 1722 2101 conci-

130 2140 253 2193 tavit
274 2158 293 2193 :
316 2139 370 2193 id
400 2140 545 2210 quod
568 2141 727 2194 etiam
760 2141 813 2194 in
834 2139 977 2212 Cyro
1006 2140 1129 2196 fecit
1148 2182 1163 2206 ,
1195 2156 1317 2195 cum
1341 2140 1458 2209 ejus
1482 2142 1720 2195 animum

126 2232 370 2298 induxit,
420 2241 482 2287 ut
508 2231 723 2287 Iudaeos
763 2232 1058 2289 dimitteret
1102 2231 1310 2303 (Paral.
1363 2232 1492 2302 36);
1546 2246 1721 2302 neque

128 2332 306 2377 tamen
354 2322 489 2378 illud
522 2324 591 2377 ita
638 2334 893 2393 operatus
931 2335 1032 2390 est,
1066 2332 1120 2378 ut
1151 2323 1374 2378 liberum
1419 2323 1535 2392 ejus
1575 2323 1722 2379 arbi-

126 2415 282 2469 trium
304 2414 565 2470 tolleret:
597 2415 1022 2486 quandoquidem
1047 2424 1103 2471 et
1129 2431 1249 2470 cum
1272 2415 1493 2471 Paulum
1519 2430 1584 2470 ex
1612 2414 1720 2472 alto

130 2507 376 2572 vocavit,
402 2516 459 2562 et
483 2508 711 2577 gratiam
740 2522 891 2562 suam
924 2516 977 2562 et
1011 2508 1128 2577 ejus
1161 2507 1563 2577 obsequentiam
1593 2521 1723 2563 con-

125 2598 364 2665 spicuam
395 2597 579 2653 eﬂ'ecit
603 2598 742 2671 (Act.
782 2597 861 2669 9).
911 2600 977 2653 At
1004 2600 1211 2669 inquies
1231 2640 1245 2664 ,
1275 2598 1385 2655 Cur
1409 2614 1515 2654 non
1542 2601 1719 2655 omni-

124 2689 217 2743 bus
267 2691 452 2760 magis
504 2689 609 2747 hoc
654 2691 831 2762 ipsum
876 2692 1171 2747 revelavit?
1211 2692 1343 2761 Quia
1385 2708 1491 2749 non
1531 2709 1719 2751 omnes

122 2782 382 2837 credituri
409 2792 601 2850 erant,
632 2781 685 2838 hi
707 2798 835 2838 vero
862 2792 1016 2838 erant
1040 2784 1162 2839 aliis
1190 2785 1485 2854 paratiores
1509 2802 1522 2837 :
1546 2784 1718 2856 siqui-

123 2872 237 2926 dem
278 2887 410 2927 cum
454 2874 749 2928 innumera:
788 2881 978 2944 gentes
1020 2875 1289 2945 perirent,
1342 2874 1408 2929 ad
1458 2875 1718 2932 Ninivitas

121 2965 289 3017 solum
334 2963 602 3033 propheta
650 2965 846 3019 missus
886 2974 1008 3020 est:
1041 2965 1252 3035 duoque
1277 2975 1429 3021 erant
1467 2968 1517 3021 in
1558 2981 1719 3024 cruce

126 3054 367 3109 latrones
387 3097 404 3122 ,
436 3065 493 3109 et
514 3054 650 3110 alter
681 3066 885 3111 tantum
915 3058 1139 3113 salutem
1171 3066 1357 3114 nactus
1378 3068 1479 3114 est.
1514 3058 1716 3115 Horum

122 3149 298 3217 itaque
347 3149 607 3205 virtutem
654 3151 960 3221 perpende;
1003 3167 1110 3206 non
1136 3153 1274 3222 quod
1305 3153 1579 3219 venerint,
1621 3153 1716 3210 sed

119 3240 253 3307 quod
284 3255 418 3294 cum
466 3241 656 3296 fiducia
685 3251 739 3297 et
765 3242 1081 3312 simpliciter
1122 3244 1347 3314 egerint.
1394 3244 1607 3300 Etenim
1649 3260 1717 3302 ne

123 3333 349 3389 subdole
394 3334 550 3388 missi
598 3334 911 3403 videantur,
955 3344 1009 3391 et
1037 3351 1143 3407 quo
1171 3336 1306 3392 duce
1347 3338 1620 3403 venerint,
1663 3347 1719 3394 et

121 3426 210 3478 via:
249 3425 657 3496 longitudinem
688 3436 911 3482 narrant
931 3468 948 3495 ,
988 3438 1042 3482 et
1070 3428 1320 3499 loquendi
1354 3428 1597 3484 fiduciam
1625 3446 1719 3486 ex-

123 3517 303 3571 hibent
328 3534 343 3570 :
374 3532 505 3571 nam
532 3518 703 3585 aiunt,
745 3518 984 3572 Venimus
1014 3519 1227 3574 adorare
1248 3536 1397 3581 eum:
1422 3535 1594 3591 neque
1622 3535 1718 3590 po-

122 3611 217 3678 puli
243 3611 534 3676 furorem,
569 3626 744 3681 neque
770 3612 911 3681 regis
945 3612 1280 3682 tyrannidem
1321 3611 1711 3667 reformidant:

120 3711 449 3772 quapropter
474 3702 724 3757 videntur
752 3704 881 3757 mihi
904 3704 1064 3759 etiam
1092 3705 1467 3760 contribulium
1496 3720 1717 3761 suorum

120 3795 364 3849 doctores
390 3794 542 3849 domi
576 3795 758 3849 fuisse.
791 3795 923 3849 Nam
954 3795 1044 3866 qni
1084 3796 1203 3851 istic
1234 3796 1359 3851 illud
1392 3797 1573 3853 dicere
1606 3814 1715 3854 non

121 3886 433 3940 dubitarunt
453 3929 470 3951 ,
515 3886 688 3940 multo
721 3886 891 3957 magis
920 3887 973 3940 in
1000 3888 1171 3957 patria
1211 3902 1306 3943 sua
1345 3903 1407 3942 ea
1437 3888 1504 3943 de
1536 3904 1596 3943 re
1630 3889 1713 3943 lo-

120 3979 261 4047 qunti
309 3978 488 4032 libere
531 3977 761 4044 fuerint,
806 3979 1005 4049 quippe
1037 3979 1125 4049 qui
1157 3987 1212 4034 et
1236 3979 1513 4034 oraculum
1540 3980 1715 4051 angeli

128 4068 505 4137 accepissent,
537 4076 593 4123 et
636 4069 913 4139 propheta:
960 4070 1324 4125 testimonium
1370 4072 1609 4127 allatum.
1655 4073 1710 4127 5.

120 4160 341 4214 Audiens
367 4170 545 4213 autem
580 4159 844 4228 Herodes,
891 4164 998 4228 ait,
1047 4161 1275 4222 turbatus
1317 4172 1419 4227 est,
1464 4174 1509 4217 et
1550 4163 1714 4219 mimis

118 4251 439 4322 Jerosolgma
481 4268 597 4305 eum
633 4253 743 4307 ilio.
782 4253 912 4309 lure
947 4253 1160 4324 quidem
1193 4254 1431 4309 Herodes
1451 4297 1466 4323 ,
1498 4257 1586 4326 qui
1618 4272 1709 4311 rex

122 4354 259 4406 erat,
291 4346 397 4398 sibi
433 4344 668 4416 filiisque
698 4345 956 4401 timebat:
988 4346 1321 4419 Jcrosolyma
1371 4363 1499 4403 vero
1546 4366 1713 4419 quare

120 4441 319 4494 illrqu
352 4448 437 4495 est
460 4480 477 4503 ,
526 4439 955 4509 quandoquidem
982 4440 1157 4510 ipsum
1178 4449 1232 4497 et
1255 4450 1586 4497 servatorem
1605 4481 1624 4511 ,
1652 4456 1708 4499 et

121 4530 410 4585 beneﬁcum
435 4571 452 4595 ,
496 4540 549 4584 et
576 4529 917 4584 liberatorem
944 4528 1053 4599 jam
1096 4530 1224 4585 olim
1263 4533 1539 4602 prephetze
1563 4548 1703 4603 prai—

120 4622 394 4676 dixerant?
417 4620 533 4675 Cur
560 4635 688 4691 ergo
715 4620 910 4675 turbati
938 4622 1104 4676 sunt?
1143 4622 1348 4677 Eodem
1388 4625 1570 4679 animo
1598 4639 1707 4694 quo

119 4716 234 4769 etim
280 4716 593 4769 beneficum
641 4716 806 4769 Deum
846 4716 1256 4784 aversabantur,
1284 4727 1339 4772 et
1365 4733 1557 4776 carnes
1586 4721 1704 4776 illas

120 4804 456 4877 .Egyptiacas
500 4808 1022 4874 commemorabant,
1067 4809 1193 4863 dum
1227 4820 1371 4865 tanta
1402 4810 1707 4868 fruerentur

122 4900 376 4955 libertate.
408 4900 495 4955 Tu
520 4915 649 4955 vero
682 4900 811 4955 mihi
840 4901 1109 4970 perpende
1138 4912 1389 4958 accurata
1418 4905 1702 4974 propheta.

122 5007 221 5045 rum
260 4993 427 5046 dicta.
480 4990 614 5045 Nam
654 4991 783 5046 illud
824 4994 996 5062 ipsum
1028 4994 1135 5063 jam
1171 4994 1299 5050 olim
1330 4998 1703 5068 praanuntiavit

124 5086 369 5152 mpiieta
406 5084 497 5139 his
538 5082 755 5138 verbis:
785 5084 996 5155 Cupient
1027 5086 1070 5139 si
1103 5088 1226 5157 facti
1258 5098 1374 5142 sunt
1419 5091 1534 5161 igne
1568 5106 1705 5144 com-

124 5179 237 5229 busti
260 5194 278 5231 :
300 5178 426 5245 quia
449 5192 580 5246 pater
613 5187 764 5229 natus
787 5185 859 5230 est
880 5177 1022 5232 nobis
1040 5218 1056 5242 ,
1090 5186 1139 5231 et
1158 5179 1295 5248 ﬁlius
1330 5180 1479 5235 datus
1508 5192 1581 5235 est
1607 5198 1704 5235 no-

127 5271 189 5322 bis
213 5270 370 5339 (lsai.
406 5270 463 5325 9.
506 5270 561 5325 5.
606 5268 684 5339 6).
733 5271 983 5325 Attamen
1016 5270 1342 5339 perturbati,
1373 5288 1479 5327 non
1508 5282 1701 5329 curant

126 5362 288 5417 videre
312 5362 461 5432 quod
492 5371 705 5431 gesttun
733 5370 848 5429 est,
893 5376 998 5416 non
1028 5376 1212 5431 magos
1240 5372 1558 5433 sequuntur,
1597 5380 1703 5421 non

130 5456 485 5519 sciscitantur;
521 5454 594 5508 ita
622 5453 875 5509 nimirum
906 5455 1228 5510 contentiosi
1255 5464 1309 5511 et
1334 5456 1491 5511 simul
1518 5472 1703 5513 socor-

130 5546 209 5599 des
248 5562 359 5615 pra:
403 5547 662 5603 omnibus
700 5555 885 5611 erant;
931 5562 1053 5602 cum
1092 5564 1188 5618 par
1212 5548 1402 5605 fuisset
1424 5551 1567 5605 enim
1592 5553 1705 5621 glo-

133 5636 265 5704 riari,
293 5641 436 5710 quod
478 5654 573 5695 rex
603 5638 699 5695 ille
727 5638 867 5711 apud
894 5653 953 5696 se
988 5649 1146 5697 natus
1173 5650 1348 5707 esset,
1394 5643 1533 5708 quod
1569 5643 1700 5702 Per-

1815 407 1995 448 sarum
2025 398 2297 467 regionem
2327 399 2393 453 ad
2420 416 2480 457 se
2511 403 2759 461 traxisset
2778 446 2792 471 ,
2822 409 3019 465 actore
3048 413 3319 471 videretur
3343 428 3402 474 ut

1815 501 2003 542 omnes
2040 489 2140 543 sibi
2184 490 2384 545 subditi
2424 504 2640 560 essent,
2683 497 2901 565 quando
2927 514 3016 555 res
3039 502 3120 557 sic
3146 520 3401 575 prospere

1814 578 2069 635 caderent
2095 582 2227 636 etin
2253 584 2443 638 melius
2479 586 2829 655 proficerent,
2874 606 2937 646 ac
2976 594 3111 647 vela
3138 597 3399 669 principio

1815 669 2097 740 imperium
2145 673 2215 727 ita
2258 674 2595 743 splendidum
2640 689 2785 735 esset
2818 700 2831 735 :
2862 682 2936 736 illi
2987 694 3166 741 tamen
3214 705 3281 744 ne
3320 691 3401 746 sic

1816 761 2035 831 quidem
2080 763 2132 817 in
2173 766 2395 820 meliora
2426 778 2717 837 mutantur,
2754 774 2958 830 etiamsi
2990 791 3160 847 nuper
3191 779 3401 837 fuerant

1818 802 2035 831 qum..."
2081 802 2132 817 ..ι
2175 802 2395 820 ιιιιιιιυια
2426 802 2717 837 nurum-Itur,
2754 802 2958 830 ctmlllal
2990 802 3160 847 ιιυμω·
3191 802 3401 837 merant

1818 865 1847 904 a
1873 852 2181 921 captivitate
2220 855 2430 914 Persica
2472 859 2701 916 liberati.
2738 864 2897 935 Atqui
2940 880 3035 935 par
3083 879 3196 924 erat
3239 871 3393 937 illos,
3426 802 3460 1001 {

1818 943 2022 997 etiamsi
2065 960 2383 1001 arcanorum
2412 958 2469 1001 et
2495 952 2803 1001 sublimium
2847 957 3013 1001 ignari
3058 960 3275 1001 fulicconl
3341 975 3396 1001 ..ρ

1810 943 2022 997 etiamsi
2065 960 2383 1003 arcanorum
2412 958 2469 1005 et
2495 952 2803 1010 sublimium
2846 957 3014 1029 ignari
3056 960 3315 1030 fuissent,
3341 975 3398 1022 et

3434 1023 3447 1039 ἐ

1808 1047 1873 1088 ex
1915 1038 2277 1103 prmsentibus
2320 1048 2525 1097 tantum
2571 1044 2834 1102 calculum
2890 1052 3223 1119 posuissent,
3273 1056 3391 1113 haec

1806 1125 2040 1194 cogitare
2066 1137 2281 1184 tamen:
2322 1130 2377 1186 Si
2409 1143 2589 1189 natum
2618 1151 2796 1207 regem
2835 1151 3074 1197 nostrum
3102 1145 3175 1199 ita
3207 1145 3391 1204 formi-
3442 1129 3455 1193 ἶ

1807 1215 1969 1286 dant,
2016 1221 2186 1277 multo
2214 1225 2382 1294 magis
2410 1240 2533 1281 cum
2572 1228 2869 1287 adoleverit
2914 1234 3087 1304 ipsum
3133 1240 3394 1308 pertime-
3451 1214 3459 1251 ί

1805 1321 1995 1378 scent,
2043 1315 2251 1386 ipsique
2296 1319 2661 1391 obsequemur
2696 1340 2711 1377 :
2755 1334 3046 1399 nostraque
3095 1329 3391 1391 barbaricis

1804 1405 2166 1474 splendidiora
2210 1410 2383 1465 futura
2415 1422 2560 1467 sunt.
2592 1413 2700 1471 Sed
2743 1417 2877 1472 nihil
2908 1420 3211 1490 hujusmodi
3246 1426 3391 1497 ipso-

1803 1510 1920 1551 rum
1961 1500 2170 1554 animos
2194 1502 2386 1572 erigit:
2413 1511 2559 1561 tanta
2598 1508 2802 1565 scilicet
2825 1520 2942 1589 erat
2968 1512 3179 1570 illorum
3207 1532 3391 1575 socor-

1803 1589 1890 1644 dia
1934 1606 2055 1646 cum
2102 1592 2274 1651 livore
2317 1598 2603 1668 conjuncta
2636 1618 2650 1657 '.
2681 1602 2822 1673 quod
2871 1612 3158 1678 utrumque
3204 1611 3389 1668 vitium

1804 1708 1906 1748 nos
1943 1702 2163 1764 oportet
2190 1694 2485 1768 diligenter
2516 1714 2729 1767 arcere,
2761 1718 3021 1775 eumque,
3056 1709 3152 1778 qui
3191 1710 3391 1767 adver-

1808 1800 1904 1840 sus
1956 1785 2060 1842 ista
2105 1787 2285 1842 aciem
2334 1789 2572 1845 instruet
2617 1793 2742 1864 igne
2797 1795 3198 1856 ferventiorem
3246 1819 3389 1861 esse.

1804 1877 2173 1944 Quamobrem
2227 1881 2447 1937 dicebat
2494 1882 2797 1941 Christus:
2848 1887 3032 1959 Ignem
3091 1895 3210 1948 veni
3270 1899 3394 1951 mit-

1807 1979 1917 2025 tere
1972 1973 2028 2026 iu
2082 1980 2331 2041 terram;
2380 1984 2428 2029 et
2482 1977 2607 2046 quid
2658 1979 2795 2047 volo,
2849 1983 2950 2036 nisi
3013 1994 3071 2037 ut
3132 1989 3392 2043 accenda-

1809 2070 1897 2115 tur
1934 2062 2096 2133 (Luc.
2140 2064 2225 2120 12.
2268 2066 2405 2137 49)?
2439 2068 2678 2141 Ideoque
2728 2070 2969 2143 Spiritus
3016 2075 3158 2148 ignis
3208 2080 3394 2149 specie

1810 2159 2089 2227 apparuit.

1886 2327 1939 2383 5.
1980 2326 2252 2383 Fervorem
2299 2328 2613 2384 audientium
2659 2329 2841 2384 excitat
2884 2329 3111 2400 exemplo
3160 2327 3318 2383 Pauli
3358 2339 3405 2384 et

1815 2420 2095 2477 mimorum
2136 2422 2379 2489 ﬁdelium.
2426 2420 2571 2492 Ignis
2607 2422 2889 2491 spiritualis
2930 2438 3128 2475 omnem
3154 2422 3406 2491 cupidita-

1816 2519 1913 2566 tem
1954 2512 2225 2566 consumit.
2256 2542 2327 2552 --
2355 2512 2547 2567 Verum
2590 2528 2688 2566 nos
2737 2513 2921 2567 cinere
2969 2512 3307 2582 frigidiores,
3350 2519 3407 2568 et

1821 2606 2049 2658 mortuis
2072 2604 2395 2674 stupidiores
2421 2602 2544 2658 facti
2574 2618 2759 2658 sumus
2778 2645 2793 2670 ,
2826 2603 2952 2659 licet
2982 2603 3203 2658 Paulum
3231 2602 3406 2658 videa-

1816 2711 1933 2751 mus
1960 2711 2123 2766 super
2149 2696 2340 2752 ctelum
2366 2706 2419 2752 et
2442 2696 2635 2751 caelum
2672 2696 2787 2751 czeli
2830 2696 3134 2775 .volantem,
3161 2704 3216 2750 et
3244 2696 3405 2751 vehe-

1814 2788 2044 2842 mentius
2073 2803 2234 2860 quam
2273 2788 2386 2858 ipsa
2428 2787 2641 2842 flamma
2676 2789 2856 2841 omnia
2896 2787 3197 2841 vincentem
3230 2796 3286 2841 et
3311 2801 3404 2840 su-

1813 2889 2090 2949 perantem
2112 2922 2127 2949 ,
2158 2894 2389 2951 superna
2412 2921 2428 2947 ,
2464 2879 2707 2946 inferna;
2738 2880 3024 2951 prtesentia
3049 2921 3063 2945 ,
3097 2879 3304 2944 futura,
3338 2894 3403 2934 ea

1812 2986 1931 3040 quae
1956 2979 2081 3025 sunt
2108 2980 2163 3026 et
2184 2985 2244 3026 ca
2265 2986 2385 3042 quae
2412 2986 2518 3025 non
2546 2980 2689 3025 sunt.
2721 2969 2870 3037 Quod
2899 2970 2942 3024 si
2972 2970 3073 3023 hoc
3098 2970 3401 3038 exemplum

1817 3075 1977 3132 supra
2012 3071 2063 3117 te
2101 3070 2217 3129 est,
2261 3062 2372 3132 jam
2416 3061 2645 3132 torporis
2686 3070 2769 3115 est
2808 3061 2911 3116 iste
2950 3060 3219 3114 obtentus.
3264 3060 3403 3127 Quid

1815 3152 1957 3206 enim
1986 3152 2104 3223 plus
2128 3168 2287 3223 quam
2318 3160 2372 3206 tu
2398 3152 2582 3206 hahuit
2604 3152 2821 3218 Paulus,
2848 3161 2905 3205 ut
2929 3150 3078 3206 dicas
3105 3167 3210 3205 non
3243 3165 3404 3221 posse

1820 3250 1875 3297 te
1902 3242 2052 3298 illum
2076 3244 2309 3299 imitari?
2337 3243 2535 3298 Verum
2562 3258 2630 3299 ne
2656 3243 2779 3313 quid
2810 3243 3195 3297 contentiosius
3222 3243 3403 3298 dicere

1812 3336 2119 3403 videamur,
2153 3337 2319 3392 Paulo
2360 3336 2585 3391 dimisso
2632 3336 2833 3407 primos
2877 3335 3067 3390 fideles
3094 3334 3402 3390 considere-

1814 3431 2085 3500 mus:qui
2111 3438 2165 3485 et
2194 3430 2450 3500 pecunias
2490 3438 2544 3484 et
2576 3428 2977 3498 possessiones,
3026 3437 3079 3483 et
3121 3444 3302 3483 curam
3348 3440 3403 3485 et

1816 3522 2196 3590 occupationes
2220 3536 2409 3577 omnes
2434 3521 2715 3575 saeculares
2742 3518 3121 3589 repudiarunt,
3156 3528 3402 3588 totosque

1813 3626 1875 3668 se
1920 3613 2032 3667 Deo
2079 3621 2499 3677 consecrarunt,
2550 3619 2707 3667 nocte
2751 3608 2946 3679 dieque
2994 3624 3209 3679 semper
3248 3610 3399 3666 verhi

1811 3704 2071 3759 doctrinae
2098 3707 2453 3759 attendentes.
2495 3703 2620 3757 llzec
2648 3710 2731 3758 est
2755 3701 2897 3757 enim
2930 3700 3223 3771 spiritualis
3262 3701 3399 3771 ignis

1816 3803 2028 3861 natura,
2058 3804 2115 3849 ut
2143 3795 2342 3849 nullam
2366 3809 2545 3850 rerum
2576 3792 2912 3848 smcularium
2944 3790 3287 3861 cupiditatem
3313 3806 3403 3845 re-

1815 3887 2054 3958 linquat,
2084 3886 2176 3942 sed
2200 3889 2253 3942 in
2280 3887 2441 3942 alium
2466 3886 2754 3942 transferat
2774 3899 3033 3939 amorem.
3060 3884 3401 3954 Quapropter

1814 3981 1997 4036 talium
2053 3995 2232 4035 rerum
2276 3979 2534 4051 cupidus,
2585 3979 2793 4035 etiamsi
2833 3978 3010 4033 omnia
3038 3975 3398 4047 profundere,

1812 4072 2019 4128 etiamsi
2067 4072 2393 4143 voluptatem
2442 4080 2499 4128 et
2539 4071 2767 4142 gloriam
2815 4068 3073 4132 irridere,
3119 4067 3397 4137 ipsamque

1804 4174 2035 4229 animam
2075 4171 2287 4227 tradere
2316 4176 2592 4241 oporteat,
2624 4182 2745 4222 cum
2767 4179 2957 4235 magna
3000 4162 3252 4219 facilitate
3283 4162 3401 4217 hmc

1804 4265 1985 4321 omnia
2014 4264 2243 4334 perficit.
2272 4261 2403 4317 Nam
2432 4260 2574 4315 illius
2607 4258 2744 4327 ignis
2781 4255 2942 4311 ardor
2970 4254 3023 4309 in
3055 4254 3288 4307 animam
3319 4252 3399 4305 in-

1805 4371 2054 4428 gressus,
2087 4364 2361 4424 torporem
2392 4364 2607 4406 omnem
2637 4347 2855 4418 abjicit,
2904 4353 2960 4401 et
3008 4355 3186 4415 penna
3230 4344 3401 4399 levio-

1807 4462 1920 4501 rem
1953 4444 2117 4500 efficit
2146 4459 2267 4498 eum
2294 4456 2453 4513 quem
2482 4437 2683 4493 invadit
2702 4478 2717 4500 ,
2751 4438 2820 4491 ita
2851 4444 2910 4491 ut
2934 4437 3113 4491 omnia
3144 4450 3265 4506 qua:
3293 4432 3394 4488 sub

1806 4544 2078 4605 aSpectum
2102 4534 2300 4589 cadunt
2320 4573 2335 4599 ,
2370 4530 2648 4601 despiciat.
2679 4529 2780 4596 Qui
2810 4528 2930 4584 talis
2958 4536 3077 4593 est,
3108 4528 3161 4581 in
3196 4541 3396 4597 perpe-

1810 4638 1898 4682 tua
1942 4624 2350 4695 compunctione
2388 4621 2582 4677 deinde
2620 4630 2961 4691 perseverat,
3010 4622 3183 4675 fontes
3222 4620 3400 4689 lacry-

1808 4735 2014 4775 marum
2055 4719 2361 4788 frequenter
2406 4714 2721 4780 ed‘undens,
2770 4712 3096 4782 multamque
3136 4711 3263 4766 inde
3298 4726 3396 4765 vo-

1811 4814 2067 4878 luptatem
2133 4824 2448 4880 excerpens.
2504 4807 2648 4863 Nihil
2711 4807 2909 4878 quippe
2971 4805 3082 4861 Deo
3134 4805 3206 4859 ita
3256 4817 3434 4895 conn

1810 4904 2038 4974 glutinat
2068 4911 2123 4956 et
2164 4900 2475 4970 coniungit,
2524 4908 2583 4953 ut
2625 4899 2875 4970 lacrymze
2925 4894 3250 4967 hujusmodi.
3302 4893 3423 4984 Virg;

1813 4994 1935 5049 talis
1960 4994 2058 5049 etsi
2088 4994 2140 5047 in
2173 4991 2361 5047 mediis
2390 4991 2613 5045 urbibus
2635 4989 2856 5056 habitet,
2888 4987 3040 5058 quasi
3071 4987 3123 5040 in
3150 4985 3390 5050 deserto,

1813 5086 1868 5139 in
1893 5083 2161 5139 montibus
2186 5091 2239 5137 et
2261 5080 2531 5151 speluncis
2556 5088 2821 5145 versatur,
2854 5077 3015 5132 rebus
3043 5076 3399 5146 prtesentibus

1815 5193 1921 5235 non
1946 5175 2205 5242 attendit,
2235 5188 2409 5245 neque
2434 5170 2739 5243 hujusmodi
2782 5169 2994 5225 ﬂetibus
3024 5183 3279 5240 umquam
3314 5183 3402 5224 sa-

1814 5271 1993 5336 tiatur,
2020 5268 2134 5323 sive
2161 5282 2259 5338 pro
2291 5281 2379 5333 se,
2413 5266 2527 5321 sive
2566 5278 2663 5334 pro
2691 5262 2917 5319 aliorum
2952 5262 3186 5334 peccatis
3228 5262 3403 5335 lacry—

1813 5378 1928 5419 mas
1976 5361 2237 5418 eﬂ‘undat.
2295 5359 2524 5429 Ideoque
2578 5356 2823 5412 Christus
2854 5356 2867 5386 '
2902 5354 3064 5410 hosce
3108 5370 3219 5424 prae
3268 5354 3391 5411 aliis

1814 5454 2000 5509 beatos
2020 5452 2276 5523 prmdicat
2301 5450 2504 5515 dicens,
2522 5446 2669 5501 Beati
2688 5446 2774 5517 qui
2801 5445 2970 5518 lugent
2988 5444 3198 5517 (Matth.
3223 5446 3277 5501 5.
3293 5445 3393 5516 5.).

1815 5546 1922 5603 Cur
1958 5560 2087 5601 vero
2132 5543 2329 5601 Paulus
2364 5540 2493 5598 dicit
2524 5558 2539 5595 ε
2579 5538 2805 5594 Gaudete
2854 5538 2906 5593 in
2951 5536 3170 5592 Domino
3207 5554 3401 5606 semper

1820 5638 2077 5711 (Philipp.
2108 5637 2161 5692 4.
2198 5636 2277 5707 ι.)
2298 5634 2415 5692 ⁸ἔλυε.
2453 5634 2808 5706 laerymarum
2835 5629 3135 5701 hujusmodi
3166 5630 3401 5701 volupta-
