3832 6178
405 292 476 353 σθ
1115 283 1173 342 8.
1212 277 1499 338 JOANNIS
1533 267 2017 334 CllBYSOSTOMI
2054 262 2374 324 ARCHIEP.
2413 260 2967 325 CONSTANTINOP.,
3603 260 3674 317 70

403 412 510 459 tem
541 388 806 455 declaret.
852 386 1316 459 Quemadmodum
1343 384 1489 438 enim
1517 379 1699 436 mundi
1737 376 1987 449 gaudium

404 502 690 549 maerorem
722 483 882 539 habet
927 478 1311 549 conjunctum,
1361 474 1442 528 sic
1490 481 1547 527 et
1585 471 1839 541 lacrymaa
1876 466 1989 523 illa!

404 579 697 640 secundum
730 576 894 631 Deum
939 569 1178 626 laetitiam
1219 566 1433 636 pariunt
1474 573 1765 633 perennem
1789 566 1846 614 et
1871 570 1989 628 qua

403 684 694 742 numquam
733 662 967 721 deﬁciat.
1015 658 1105 716 Sic
1146 654 1401 713 meretrix
1441 651 1530 707 illa
1558 648 1851 742 virginibus
1878 646 1990 742 cla-

404 766 519 821 rior
544 740 735 818 enecta
761 765 845 812 est
864 795 881 822 ,
907 753 1010 809 hoc
1034 752 1156 821 igne
1177 760 1463 805 succensa.
1486 743 1621 810 Quia
1650 741 1792 797 enim
1823 740 1994 811 pinni-

405 864 591 915 tentta:
633 851 849 907 fervore
888 850 1136 913 correpta
1172 848 1256 895 est
1275 878 1294 903 ,
1340 834 1537 892 Christi
1581 846 1767 889 amore
1810 839 1991 901 postea

408 946 637 1009 exarsit,
666 956 788 997 cum
816 935 1010 994 solutis
1036 930 1243 1002 capillis
1270 941 1454 985 sacros
1479 926 1599 981 illos
1627 922 1793 994 pedes
1821 922 1994 993 lacry.

318 1076 334 1109 Α.
414 1042 521 1098 ιε
561 1033 786 1109 rigavit,
825 1043 980 1087 coma
1006 1040 1102 1083 sua
1127 1021 1420 1087 abstersit,
1472 1030 1631 1089 atque
1665 1025 1994 1109 unguentum

328 1102 334 1111 ’
413 1102 717 1191 εσιιάἱιίει
755 1126 873 1180 base
912 1119 1135 1192 quidem
1173 1114 1507 1173 extrinsecus
1535 1120 1683 1182 gesta
1713 1119 1870 1165 sunt:
1904 1108 1994 1163 illa

315 1229 326 1282 Ξ
411 1239 562 1288 vero,
589 1235 710 1293 qua:
735 1218 789 1273 in
819 1214 1001 1270 animo
1019 1209 1332 1282 agebantur,
1361 1204 1447 1260 bis
1491 1204 1646 1273 longe
1685 1201 1994 1257 ardentiora

411 1324 586 1382 erant,
616 1327 737 1385 quae
764 1323 903 1368 uritis
934 1302 1189 1361 cernebat
1218 1301 1379 1357 Deus.
1409 1298 1744 1368 Quapropter
1770 1294 1995 1385 quisque

409 1382 655 1463 nostrum
678 1401 797 1458 haec
819 1397 1042 1454 audiens
1061 1435 1075 1460 ,
1107 1388 1507 1462 congratulatur
1534 1386 1673 1457 ipsi,
1700 1399 1764 1442 ac
1789 1384 1857 1440 de
1874 1382 1993 1454 ejus

410 1506 558 1555 recte
593 1492 748 1550 factis
784 1492 1027 1554 laetatur,
1064 1482 1318 1554 omnique
1344 1479 1570 1537 crimine
1593 1476 1816 1533 liberam
1842 1474 1993 1531 illam

349 1562 360 1579 ’
411 1595 583 1658 putat.

473 1746 738 1817 Lacrymw
760 1742 904 1797 bona:
928 1747 975 1793 et
1003 1736 1150 1791 utiles
1176 1748 1308 1803 qute.
1352 1730 1505 1786 Risus
1541 1725 1815 1782 dissolutas
1861 1738 1986 1817 pro-

402 1815 883 1903 mereri—Quod
920 1832 965 1888 si
1006 1845 1122 1894 nos,
1145 1827 1233 1899 qui
1288 1824 1411 1880 mali
1455 1834 1661 1887 sumus,
1686 1819 1827 1873 hunc
1868 1815 1992 1871 cal-

402 1932 581 1988 culum
623 1929 864 1991 ferimus,
890 1924 1064 1993 cogita
1088 1926 1340 1989 quantam
1362 1913 1629 1984 acceperit
1655 1910 1904 1981 gratiam,
1934 1913 1992 1963 et

401 2034 601 2095 quanta
627 2034 692 2075 es
723 2014 1035 2089 pmoitentia
1057 2052 1074 2076 ,
1105 2011 1267 2067 etiam
1308 2016 1597 2077 antequam
1642 2016 1863 2095 munera
1897 1998 1989 2056 illa

400 2092 692 2183 acciperet,
713 2124 744 2163 a
767 2108 882 2163 Deo
907 2112 1230 2173 consequuta
1258 2100 1329 2155 sit
1349 2097 1511 2153 bona.
1534 2096 1683 2153 Sicut
1701 2092 1843 2150 enim
1865 2099 1989 2162 post

401 2206 747 2260 vehementes
774 2198 973 2254 imbres
1000 2211 1095 2251 aer
1117 2207 1283 2266 purus
1307 2190 1559 2255 efficitur,
1585 2188 1664 2243 sic
1691 2195 1813 2259 post
1842 2184 1987 2241 fusas

362 2294 367 2297 ’
401 2294 666 2367 laerymas
688 2290 928 2361 sequitur
952 2284 1307 2356 tranquillitas
1335 2290 1391 2339 et
1423 2280 1704 2345 serenitas,
1736 2286 1986 2346 peccato-

397 2399 624 2457 rumque
644 2382 875 2439 tenebrat
894 2379 1161 2450 fugantur.
1183 2376 1248 2431 Et
1276 2374 1414 2430 sicut
1437 2389 1503 2431 ex
1523 2387 1657 2442 aqua
1682 2378 1738 2427 et
1762 2369 1983 2441 Spiritu,

398 2478 479 2535 sic
505 2492 573 2533 ex
605 2473 857 2547 lacrymis
896 2479 952 2526 et
982 2469 1316 2526 confessione
1354 2481 1660 2537 purgamur,
1690 2464 1848 2520 modo
1878 2478 1986 2521 non

398 2568 468 2625 ad
508 2565 920 2624 ostentationem
950 2571 1005 2620 et
1032 2559 1242 2616 laudem
1278 2556 1594 2628 captandam
1624 2556 1674 2612 id
1705 2556 1983 2612 faciamus.

396 2658 531 2718 Nam
570 2672 691 2730 qute
729 2656 830 2711 bac
861 2652 930 2710 de
970 2666 1131 2708 causa
1157 2650 1501 2721 lacrytnatur,
1528 2647 1697 2718 magis
1724 2646 1986 2718 culpanda

396 2761 501 2818 est,
523 2765 681 2822 quam
710 2762 774 2804 ea
803 2762 921 2818 quae
949 2742 1068 2799 fuco
1095 2752 1150 2799 et
1175 2741 1458 2813 pigmentis
1483 2754 1605 2797 sese
1629 2738 1839 2794 oblinit.
1863 2737 1985 2794 Illas

395 2843 540 2901 enim
571 2840 782 2911 requiro
812 2839 1097 2908 lacrymas,
1145 2849 1265 2906 qua:
1291 2847 1398 2888 non
1439 2833 1506 2888 ad
1548 2832 1983 2897 ostentationem,

395 2933 492 2991 sed
530 2931 596 2988 ad
636 2929 1100 3000 compunctionem
1148 2924 1459 2988 funduntur,
1508 2921 1882 2995 quae-occulte
1926 2921 1981 2977 itt

393 3024 651 3083 cubiculis
674 3022 824 3077 nullo
847 3028 1000 3086 teste,
1018 3033 1137 3089 quae
1156 3016 1337 3088 quiete
1355 3014 1474 3071 sine
1492 3014 1719 3085 strepitu
1741 3022 1977 3080 manant,

394 3134 515 3189 quae
550 3133 617 3173 ex
663 3115 853 3170 intimo
896 3111 1092 3177 cordis,
1123 3126 1190 3166 ex
1230 3108 1518 3165 afflictione
1534 3119 1599 3165 ct
1626 3107 1832 3173 dolore,
1862 3122 1982 3176 qua:

393 3217 613 3281 propter
645 3207 813 3261 Deum
835 3204 1189 3261 emittuntur:
1220 3200 1404 3271 quales
1429 3210 1584 3257 erant
1613 3200 1781 3255 Anna:
1809 3199 1982 3272 lacry-

393 3317 497 3357 mze
523 3318 536 3353 :
564 3299 690 3369 Ejus
719 3296 861 3352 enim
905 3294 1039 3351 labia
1058 3334 1076 3361 ,
1100 3295 1273 3363 inquit
1290 3293 1590 3364 Scriptura,
1612 3292 1936 3347 movebantur
1959 3333 1978 3361 ,

391 3400 437 3445 et
462 3407 559 3445 vos:
584 3408 683 3446 non
703 3390 1001 3444 audiebatur
1021 3389 1111 3463 (1.
1136 3388 1262 3461 Reg.
1290 3391 1340 3444 1.
1366 3390 1432 3444 f3
1450 3390 1491 3459 ).
1515 3388 1715 3445 Verum
1737 3389 1985 3459 lacrymz

392 3480 524 3536 sola:
563 3480 691 3534 tuba
719 3479 1001 3534 clariorem
1027 3478 1343 3535 emittebant
1370 3493 1576 3535 vocem.
1609 3477 1839 3549 Ideoque
1862 3478 1983 3534 vul-

393 3586 513 3627 vam
557 3571 675 3642 ejus
719 3570 930 3642 aperuit
970 3570 1133 3638 Deus,
1161 3578 1215 3626 et
1244 3570 1434 3625 durum
1488 3585 1676 3627 saxum
1707 3571 1763 3629 in
1792 3586 1979 3644 agrum

389 3660 619 3733 fertilem
663 3662 843 3717 vertit.
1454 3684 1460 3690 .
1513 3683 1523 3691 .
1756 3678 1759 3679 ν

461 3752 518 3810 6.
545 3752 602 3809 Si
632 3761 690 3809 tu
714 3767 926 3825 quoque
953 3751 1033 3808 sic
1061 3751 1391 3823 lacrymeris,
1419 3753 1629 3809 Domini
1652 3754 1724 3809 tui
1749 3754 1985 3812 imitator

394 3844 617 3901 effectus
644 3860 723 3900 es.
749 3842 882 3898 Nam
906 3852 959 3899 et
989 3844 1103 3914 ipse
1130 3844 1452 3915 lacrymatus
1479 3854 1563 3901 est
1588 3845 1734 3901 etde
1758 3845 1979 3915 Lazaro,

388 3935 534 3991 etde
560 3933 771 3990 civitate
798 3932 990 4006 (Joan.
1024 3934 1110 3989 11.
1145 3934 1234 3989 55.
1281 3933 1409 3989 Luc.
1440 3934 1526 3992 19.
1557 3937 1620 3991 41
1648 3934 1669 4009 )
1694 3976 1711 4001 ,
1758 3946 1812 3992 et
1839 3937 1981 3992 circa

388 4025 574 4082 ludam
621 4024 862 4080 turbatus
900 4033 1006 4080 est.
1060 4022 1293 4094 ldipsum
1323 4039 1483 4092 porro
1505 4024 1685 4083 videre
1714 4037 1795 4082 est
1836 4042 1981 4098 saepe

390 4116 703 4182 facientem,
730 4114 992 4170 ridentem
1015 4130 1147 4171 vero
1172 4130 1455 4185 nusquam,
1480 4116 1586 4170 imo
1607 4132 1674 4172 ne
1694 4116 1978 4173 subriden-

386 4216 495 4264 tem
537 4207 753 4278 quidem
784 4223 800 4260 :
831 4206 1008 4261 nullus
1028 4214 1177 4261 certe
1204 4204 1306 4260 hoc
1342 4207 1665 4277 evangelista
1716 4210 1971 4264 narravit.

349 4300 351 4302 ’
386 4298 618 4370 ideoque
646 4308 701 4354 et
727 4296 953 4353 Paulum
979 4296 1213 4362 flevisse,
1251 4311 1315 4353 ac
1355 4312 1452 4367 per
1486 4298 1771 4353 triennium
1822 4309 1978 4356 nocte

384 4402 439 4446 et
466 4390 554 4447 die
575 4390 801 4461 idipsum
830 4390 1039 4456 fecisse,
1066 4399 1122 4444 et
1150 4390 1263 4459 ipse
1291 4397 1347 4444 et
1369 4388 1456 4443 alii
1483 4389 1551 4444 de
1572 4391 1689 4461 ipso
1708 4400 1927 4447 narrant
1959 4408 1973 4447 :

384 4483 530 4554 quod
552 4492 730 4538 autem
761 4483 941 4538 riserit
979 4496 1077 4537 nec
1103 4482 1236 4551 ipse,
1267 4497 1365 4537 nec
1403 4483 1538 4538 alius
1571 4494 1880 4539 sanctorum
1908 4485 1977 4541 de

384 4575 507 4644 ipso
547 4573 702 4641 dixit,
733 4574 841 4628 imo
887 4587 988 4629 nec
1026 4572 1096 4627 de
1126 4573 1246 4626 aliis
1290 4573 1389 4643 ipsi
1416 4574 1676 4629 similibus
1708 4593 1721 4629 :
1753 4575 1822 4631 de
1845 4575 1975 4631 Sara

385 4677 589 4721 tantum
620 4664 673 4720 id
703 4674 968 4731 narratur,
991 4665 1202 4735 quando
1239 4675 1481 4735 correpta
1520 4667 1650 4735 fuit;
1678 4677 1733 4723 et
1772 4668 1841 4724 de
1868 4669 1976 4725 filio

384 4757 531 4819 Noae.
558 4756 773 4827 quando
793 4771 861 4811 ex
881 4756 1050 4812 libero
1071 4772 1262 4811 servus
1281 4757 1502 4812 effectus
1521 4768 1625 4815 est.
1653 4759 1777 4816 llaec
1795 4770 1975 4817 autem

385 4850 533 4917 dico,
565 4863 671 4904 non
702 4859 756 4903 ut
784 4848 949 4904 risum
978 4862 1193 4918 prorsus
1216 4849 1507 4918 eliminem,
1538 4851 1633 4907 sed
1661 4863 1718 4907 ut
1743 4852 1973 4909 dissolu-

346 4976 357 4987 κ
384 4944 587 5003 tionem
610 4947 847 5002 auferam
869 4944 964 5019 (α).
982 4944 1115 5013 Cur,
1137 4960 1343 5026 quasso,
1368 4947 1438 5001 ita
1468 4948 1667 5019 gaudes
1693 4956 1749 5004 et
1772 4949 1974 5007 difﬂuis

463 5191 482 5221 ³
516 5191 589 5239 sic
605 5195 711 5239 Ilss.
736 5195 791 5239 et
807 5190 871 5239 ita
894 5190 1018 5254 legit
1040 5190 1272 5240 Animus.
1298 5189 1362 5241 At
1383 5190 1524 5242 Savil.
1551 5201 1602 5243 et
1630 5195 1816 5260 ﬂoret,
1842 5206 1985 5252 Deus.

448 5292 522 5364 (α)
557 5292 725 5364 Itaque
749 5295 978 5364 prohibet
999 5294 1374 5364 Chrysostomus
1387 5309 1484 5345 non
1507 5297 1675 5364 risum,
1700 5299 1794 5364 sed
1813 5299 1970 5351 disso-

388 5352 631 5403 lutionem.
746 5352 917 5421 etiam,
940 5352 1111 5421 uomit:
1132 5358 1197 5407 de
1232 5359 1410 5407 Davide
1435 5364 1489 5408 et
1510 5352 1673 5421 saele,"
1693 5361 1758 5411 de
1782 5361 1975 5413 lascivis

386 5428 544 5485 agens
564 5416 871 5476 mulieribus,
884 5416 1055 5481 qutein
1078 5420 1283 5469 theatris
1305 5420 1636 5471 bistrionicam
1653 5416 1973 5485 exercebant,

386 5478 472 5554 ait,
505 5492 572 5554 ut
585 5490 700 5538 πολλή
719 5492 748 5554 ἡ
767 5478 947 5554 ιτςιιςιχνσιξι
960 5494 1064 5554 καὶιή
1081 5494 1267 5554 παράποῡ
1279 5496 1395 5554 δάιον
1416 5497 1500 5554 πρὸς
1525 5496 1710 5554 agn-{tm
1742 5478 1973 5554 ταράιληᾳιςξ

384 5538 873 5610 boc‘est,‘m‘u‘ltaque
895 5538 1150 5610 dissolutio
1173 5542 1332 5610 ‘(male
1378 5538 1507 5610 enim
1533 5538 1767 5610 _Erasmus
1795 5538 1969 5610 vertit;

388 5600 646 5664 confusio),
667 5601 779 5652 hinc
794 5600 903 5666 ipse
926 5602 1057 5654 locus
1077 5604 1145 5655 ad
1168 5600 1414 5658 Iasonium
1443 5605 1667 5660 inritans.

2097 369 2175 419 tot
2203 360 2496 418 reddendis
2538 360 2800 421 obnoxius
2828 359 3143 424 rationibus,
3175 358 3264 431 qui
3296 360 3581 418 tremendo
3609 364 3685 419 illi

2096 457 2345 514 tribunali
2384 457 2653 513 sistendus
2675 470 2757 524 es,
2782 456 2851 512 de
2895 456 2998 511 tuis
3044 455 3289 511 omnibus
3331 456 3387 512 in
3425 456 3527 512 hac
3574 457 3686 512 vita

2094 548 2259 617 gestis
2301 548 2566 609 rationem
2606 554 2856 607 accurate
2892 543 3236 601 redditurus?
3259 546 3469 602 Etenim
3500 546 3568 602 de
3594 547 3702 631 iis,

2090 649 2211 707 quae
2240 637 2324 692 vel
2352 647 2541 707 sponte
2563 679 2579 705 ,
2607 638 2694 693 vel
2739 638 2887 693 inviti
2917 638 3160 703 fecimus,
3192 642 3455 698 rationem
3482 643 3683 701 redde-

2093 742 2214 783 mus
2241 744 2255 781 :
2288 727 2389 795 Qui
2414 729 2546 783 enim
2566 770 2579 792 ,
2630 729 2843 798 inquit,
2874 732 3124 801 negaverit
3150 748 3228 786 me
3252 749 3423 788 coram
3459 734 3683 789 Itonaiui-

2091 819 2205 884 bus,
2238 829 2285 874 et
2310 836 2403 890 ego
2427 820 2620 890 negabo
2643 837 2755 875 eum
2779 838 2951 876 coram
2997 818 3156 878 Patre
3179 840 3288 879 meo
3312 865 3331 893 ,
3354 827 3438 896 qui
3465 827 3517 881 in
3541 826 3688 883 «πίει

2091 919 2162 969 est
2193 912 2211 979 (
2240 909 2430 965 Hatth.
2465 911 2556 966 10.
2588 912 2658 969 55
2680 914 2720 983 ).
2750 900 2912 983 Atqui
2966 913 3057 970 illa
3104 916 3314 984 negatio
3353 915 3687 992 [aliquando]

2093 1015 2199 1057 non
2228 1000 2527 1055 voluntaria
2554 1011 2657 1069 est,
2689 1011 2745 1057 et
2775 1012 2949 1060 tamen
2979 1004 3296 1075 supplicium
3326 1022 3432 1063 non
3474 1008 3683 1080 effugit,

2096 1090 2322 1162 ejusque
2363 1091 2609 1148 dabimus
2639 1108 2847 1164 poenas,
2874 1103 2930 1150 et
2959 1103 3067 1150 tam
3094 1111 3281 1152 eorum
3310 1114 3429 1169 qua:
3457 1102 3682 1169 scimus,

2090 1197 2249 1253 quam
2276 1197 2465 1238 eorum
2487 1199 2607 1252 quae
2641 1186 2908 1240 nescimus
2937 1203 2951 1240 :
2979 1185 3127 1241 Nihil
3148 1188 3278 1242 enim
3303 1189 3424 1243 mihi
3453 1192 3689 1247 conscius

2088 1289 2221 1337 sum,
2251 1273 2445 1343 inquit,
2472 1276 2563 1329 sed
2589 1276 2768 1329 nonin
2795 1276 2890 1329 hoc
2919 1276 3236 1346 justi/iectus
3280 1295 3392 1333 sum
3415 1279 3435 1351 (
3456 1283 3506 1337 l.
3555 1281 3681 1337 Cor.

2089 1365 2144 1421 4.
2172 1364 2278 1437 6);
2305 1366 2419 1421 sive
2442 1365 2748 1438 ignorantes
2777 1369 2890 1425 sive
2912 1369 3142 1426 scientes
3168 1386 3449 1441 peccemus
3471 1389 3488 1429 :
3513 1372 3684 1429 Testi-

2090 1456 2315 1509 monium
2341 1456 2475 1511 enim
2497 1457 2600 1512 illis
2642 1457 2898 1528 perhibeo,
2929 1459 3133 1529 inquit,
3162 1462 3280 1532 quia
3309 1464 3685 1519 aemulationem

2089 1546 2183 1601 Dei
2207 1547 2410 1616 habent,
2428 1549 2517 1604 sed
2536 1564 2637 1604 non
2657 1550 2929 1604 secundum
2949 1552 3210 1605 scientiam
3232 1554 3250 1624 (
3274 1552 3427 1609 Rom.
3462 1555 3549 1611 l0.
3576 1555 3615 1608 2
3636 1557 3681 1627 ).

2092 1637 2286 1695 Verum
2318 1639 2370 1694 id
2412 1639 2516 1695 illis
2541 1640 2608 1695 ad
2639 1641 3010 1711 purgationem
3056 1658 3160 1697 non
3206 1643 3426 1700 sufficit.
3480 1645 3685 1701 Corin-

2093 1729 2218 1785 tltiis
2261 1737 2440 1785 autem
2489 1730 2731 1787 scribens
2773 1732 2949 1788 aiebat
2978 1750 2995 1787 :
3031 1732 3202 1788 Timeo
3230 1751 3292 1789 ne
3314 1736 3443 1791 sicut
3466 1753 3689 1809 serpens

2088 1823 2251 1878 Evam
2299 1824 2497 1879 seduxit
2547 1826 2733 1879 astutia
2779 1812 2897 1890 ἕνα,
2940 1827 3013 1880 sic
3061 1837 3450 1898 corrumpantur
3498 1846 3683 1885 sensus

2085 1916 2258 1983 vestri,
2288 1924 2337 1972 et
2358 1916 2590 1969 excidant
2614 1932 2645 1970 a
2673 1916 2995 1987 simplicitate
3018 1933 3132 1988 qute
3166 1927 3240 1974 est
3277 1918 3332 1974 in
3356 1920 3554 1976 Christo
3576 1920 3681 1994 (2.

2085 2008 2205 2067 Cor.
2250 2011 2338 2065 11.
2368 2010 2459 2080 5).
2491 2002 3018 2082 Τοιωηιοτυωίιιιε
3064 2011 3360 2068 facinorum
3409 2014 3682 2071 rationem

2086 2102 2412 2167 redditurus,
2444 2102 2601 2158 sedes
2629 2102 2829 2170 ridens,
2861 2103 3089 2159 urbanas
3119 2102 3335 2161 facetias
3361 2106 3680 2176 proferens,

2089 2203 2143 2249 et
2169 2193 2425 2263 voluptati
2456 2192 2773 2265 indulgens?
2801 2193 2906 2249 Sed
2932 2195 2976 2249 si
3009 2193 3061 2249 id
3085 2210 3189 2249 non
3216 2195 3411 2260 fecero.
3443 2198 3679 2268 inquies,

2092 2288 2138 2345 si
2182 2286 2392 2354 luxere,
2423 2302 2543 2357 qua:
2595 2287 2726 2341 milii
2778 2285 2902 2342 hinc
2950 2288 3185 2343 utilitas?
3214 2288 3376 2344 Multa
3418 2305 3567 2357 sane,
3622 2302 3687 2348 et

2085 2388 2230 2439 tanta
2255 2388 2508 2451 quantam
2537 2380 2803 2451 explicare
2831 2395 2937 2435 non
2977 2381 3196 2451 possim.
3243 2380 3301 2437 ln
3325 2383 3681 2441 smcularibus

2083 2471 2225 2528 enim
2251 2470 2487 2543 judiciis,
2513 2472 2851 2542 quantumvis
2881 2473 3082 2542 plores,
3116 2488 3222 2528 non
3275 2473 3501 2546 effugies
3543 2486 3683 2547 sup.

2085 2562 2303 2634 plicium
2330 2571 2449 2634 post
2473 2564 2633 2618 latam
2658 2563 3014 2630 sententiam;
3051 2562 3140 2619 hic
3181 2580 3332 2632 vero,
3377 2566 3421 2621 si
3447 2566 3683 2636 ingemi-

2084 2666 2205 2711 scas
2254 2662 2485 2719 tantum,
2514 2654 2833 2710 sententiam
2873 2654 3113 2721 solvisti,
3145 2666 3201 2710 et
3240 2656 3447 2713 veniam
3477 2672 3683 2714 conse-

2085 2747 2288 2819 queris.
2318 2746 2547 2817 ideoque
2565 2746 2633 2802 de
2660 2748 2804 2801 luctu
2829 2762 2970 2816 smpe
2997 2745 3243 2803 Christus
3271 2764 3366 2804 nos
3395 2750 3680 2819 admonet,

2086 2847 2137 2895 et
2155 2854 2248 2895 eos
2270 2839 2359 2911 qui
2376 2839 2557 2910 lugent
2576 2838 2759 2894 beatos
2776 2836 3055 2910 praedicat,
3079 2838 3199 2894 illos
3220 2854 3347 2895 vero
3362 2842 3449 2911 qui
3474 2841 3679 2912 rident,

2088 2930 2314 2989 miseros
2341 2929 2601 2985 declarat.
2655 2929 2769 2985 lloc
2810 2930 3026 3000 quippe,
3054 2930 3317 2986 theatrum
3366 2949 3470 2987 non
3504 2934 3683 2992 risum

2085 3020 2315 3076 admittit
2338 3040 2351 3075 :
2378 3037 2551 3093 neque
2576 3023 2698 3080 ideo
2721 3028 3089 3095 convenimus,
3109 3040 3167 3085 ut
3190 3031 3478 3088 cachinnos
3496 3034 3679 3091 effun-

2084 3109 2295 3179 damus,
2327 3113 2421 3168 sed
2452 3122 2510 3169 ut
2532 3130 2833 3186 gemamus,
2863 3127 3023 3191 atque
3045 3136 3114 3178 ex
3138 3124 3440 3194 hujusmodi
3468 3129 3681 3197 gemitu

2086 3204 2232 3274 regni
2288 3205 2637 3264 hereditatem
2685 3210 3073 3268 nanciscamur.
3118 3214 3197 3271 Tu
3237 3231 3365 3273 vero
3402 3218 3448 3274 si
3485 3233 3681 3277 coram

2085 3290 2410 3364 lmperatore
2458 3299 2692 3364 steteris,
2737 3316 2809 3358 ne
2848 3301 3128 3360 subridere
3153 3306 3371 3377 quidem
3398 3308 3631 3366 audebis
3658 3329 3677 3365 :

2082 3394 2139 3441 et
2163 3387 2334 3457 ipsum
2362 3390 2673 3461 angelorum
2702 3392 2980 3450 Dominum
3010 3395 3154 3452 domi
3183 3398 3385 3456 habens
3412 3416 3519 3457 non
3554 3412 3679 3459 stas

2086 3486 2322 3535 tremens
2350 3496 2470 3535 cum
2511 3482 2770 3538 modestia
2810 3484 3042 3554 decenti,
3071 3488 3164 3544 sed
3193 3490 3339 3548 rides
3384 3492 3475 3548 illo
3501 3495 3675 3550 etiam

2081 3583 2228 3642 saepe
2254 3572 2430 3628 irato?
2456 3588 2555 3629 nec
2582 3577 2786 3646 cogitas
2817 3586 2868 3633 te
2893 3578 3040 3633 illum
3070 3582 3238 3653 magis
3263 3583 3329 3638 ad
3375 3584 3506 3640 iram
3532 3601 3677 3642 con-

2006 3698 2016 3710 ι
2081 3662 2249 3719 citare
2275 3664 2401 3719 dum
2441 3665 2557 3722 hate
2601 3668 2715 3738 agis
2737 3708 2751 3732 ,
2783 3685 2940 3738 quam
2972 3669 3098 3726 dum
3127 3675 3359 3743 peccas?
3382 3674 3497 3732 Non
3523 3679 3680 3733 enim

2082 3755 2155 3812 ita
2180 3767 2490 3826 peccatores
2517 3771 2795 3815 aversatur
2826 3762 2986 3831 Deus,
3018 3772 3077 3819 ut
3098 3779 3191 3821 eos
3218 3768 3306 3837 qui
3336 3769 3453 3838 posit
3480 3784 3715 3839 pecca--

2083 3855 2196 3904 tum
2224 3864 2329 3904 non
2353 3865 2472 3906 sese
2491 3851 2763 3907 cohibent.
2783 3854 3031 3911 Attamen
3053 3857 3123 3911 ita
3143 3867 3269 3913 sunt
3286 3860 3500 3930 quidam
3520 3866 3681 3921 omni

2081 3954 2240 3996 sensu
2274 3942 2445 4009 vacui,
2475 3952 2532 3999 ut
2558 3954 2677 4015 post
2701 3944 2816 4001 haac
2839 3948 3019 4003 audita
3047 3950 3207 4005 verba
3236 3952 3417 4009 dicant
3447 3971 3461 4009 :
3492 3955 3678 4025 Absit,

2082 4044 2143 4088 ut
2171 4049 2423 4113 umquam
2460 4036 2726 4109 lacrymas
2755 4038 2991 4107 fundam,
3015 4042 3145 4098 mihi
3172 4059 3301 4101 vero
3325 4044 3380 4101 id
3404 4047 3681 4107 concedat

2081 4124 2224 4180 Deus
2244 4165 2261 4193 ,
2306 4134 2365 4181 ut
2388 4141 2606 4197 semper
2640 4127 2843 4184 rideam
2875 4140 2930 4186 et
2958 4131 3156 4188 ludam.
3202 4133 3339 4203 Quid
3366 4135 3683 4206 hujusmodi

2079 4216 2401 4286 cogitatione
2422 4217 2716 4273 infantiqu
2751 4219 2867 4275 Non
2889 4222 3030 4277 enim
3056 4223 3197 4281 Deus
3219 4225 3273 4281 id
3298 4225 3392 4283 dat
3415 4237 3474 4284 ut
3511 4229 3678 4287 luda-

2080 4320 2220 4371 mus,
2253 4307 2347 4363 sed
2375 4307 2641 4364 diabolus.
2692 4309 2829 4364 Audi
2860 4311 3016 4382 igitur
3052 4313 3179 4384 quid
3209 4316 3351 4385 passi
3379 4316 3489 4373 sint
3516 4318 3551 4374 ii
3577 4322 3683 4390 qui

2080 4396 2335 4454 ludebant
2365 4416 2380 4454 :
2412 4398 2578 4465 Sedit,
2610 4400 2800 4472 inquit,
2833 4404 3051 4472 populus
3076 4407 3385 4464 manducare
3406 4418 3455 4464 et
3481 4410 3683 4477 bibere,

2078 4496 2130 4542 et
2154 4499 2483 4544 surrexerunt
2507 4489 2681 4545 ludere
2701 4490 2721 4563 (
2741 4490 2907 4546 Exod.
2930 4493 3019 4549 52.
3043 4495 3135 4565 6).
3158 4494 3316 4554 Tales
3333 4508 3487 4555 erant
3502 4498 3687 4556 Sede.

2080 4578 2245 4646 mitte,
2277 4580 2408 4635 tales
2436 4580 2597 4635 etiam
2636 4581 2711 4636 illi
2761 4592 3004 4653 tempore
3052 4585 3259 4642 diluvii.
3303 4588 3436 4644 Nam
3463 4590 3532 4645 de
3562 4592 3686 4650 illis

2080 4670 2296 4740 dicitur,
2325 4670 2392 4727 In
2431 4673 2697 4744 superbia,
2728 4676 2782 4729 in
2824 4678 3183 4747 prosperitate,
3214 4690 3264 4734 et
3313 4683 3366 4736 in
3407 4686 3683 4744 saturitate

2081 4780 2272 4833 panum
2322 4765 2515 4821 deliciis
2561 4768 3086 4843 aﬂluebant(EzecIt.
3118 4771 3206 4828 16.
3238 4774 3367 4845 49).
3410 4777 3487 4832 Illi
3536 4794 3679 4836 vero

2080 4856 2167 4929 qui
2198 4865 2437 4927 tempore
2462 4857 2591 4914 Nom
2619 4869 2774 4915 erant
2793 4902 2808 4925 ,
2835 4876 2958 4916 cum
2989 4877 3083 4931 per
3113 4873 3190 4919 tot
3215 4880 3386 4921 annos
3427 4872 3681 4927 construi

2080 4963 2260 5005 arcam
2288 4949 2552 5019 viderent,
2580 4936 2700 5009 sine
2742 4953 2847 5009 ulla
2873 4969 3001 5009 cura
3030 4956 3113 5012 vel
3140 4972 3301 5013 sensu
3332 4960 3680 5033 laztabantur,

2080 5040 2212 5096 nihil
2257 5041 2326 5097 de
2370 5042 2562 5100 futuris
2615 5044 2777 5139 rebus
2826 5046 3250 5117 prospicientes;
3281 5049 3508 5123 ideoque
3551 5057 3683 5112 uni-
3736 5088 3757 5139 κ

2081 5147 2265 5189 versos
2294 5133 2550 5189 diluvium
2578 5134 2886 5205 submersit,
2910 5146 2964 5194 ct
2988 5153 3274 5199 commune
3287 5142 3433 5199 orbis
3455 5145 3683 5204 naufra~

2081 5225 2225 5295 gium
2258 5235 2384 5280 tunc
2413 5224 2610 5281 effecit.

2149 5433 2200 5487 7.
2244 5432 2394 5487 Dona
2418 5430 2515 5486 Dei
2548 5446 2662 5503 qua
2687 5431 2807 5487 sint.
2839 5430 3115 5503 Vigilantia
3139 5451 3289 5505 quam
3318 5436 3488 5501 utilis;
3513 5454 3678 5507 quam

2078 5532 2233 5588 noxia
2278 5532 2465 5587 theatri
2512 5533 3017 5603 spectacula.—Ne
3074 5536 3250 5606 itaque
3300 5538 3385 5594 illa
3436 5547 3590 5610 petas
3643 5560 3681 5596 ει

2080 5625 2220 5690 Deo,
2249 5639 2369 5692 qua:
2412 5638 2446 5680 a
2488 5623 2701 5683 diabolo
2728 5624 2946 5697 accipis.
2974 5626 3112 5685 Nam
3136 5628 3231 5685 Dei
3255 5640 3370 5697 est,
3414 5632 3544 5690 dare
3573 5649 3681 5691 cor
