3858 6280
413 312 474 367 7l
1070 356 1073 359 »
1114 314 1173 371 S.
1208 314 1489 373 JOANNIS
1525 314 2006 373 CIIRYSOSTOMI
2044 317 2362 375 ARCIIIEP.
2401 313 2943 374 CONSTANTINOP.
3596 327 3670 382 72

416 424 512 477 τοῦ
543 422 794 477 διαϐόλου
828 423 1150 494 λαμϐάνεις.
1176 423 1285 477 Τοῦ
1316 424 1426 496 γάρ
1447 423 1606 489 Θεοῦ,
1638 423 1823 478 δοῦναι
1851 439 1986 493 καρ-

417 507 535 561 δίαν
554 508 1028 580 συντετριμμένην
1044 508 1137 561 καὶ
1161 508 1661 583 τεταπεινωμένην,
1686 508 1985 578 νήφουσαν,

420 589 809 660 σωφρονοῦσαν
852 590 945 645 καὶ
976 592 1442 663 κατεσταλμένην,
1491 590 1865 662 μετανοοῦσαν
1891 591 1989 644 καὶ

418 673 923 744 κατανενυγμένην.
958 676 1147 728 Ταῦτα
1187 676 1401 729 ἐκείνου
1457 674 1526 728 τά
1566 674 1717 745 δῶρα
1744 713 1758 737 ,
1802 674 1988 743 ἐπειδὴ

418 759 513 811 καὶ
542 758 732 811 τούτου
758 759 889 827 ἡμῖν
930 758 1091 828 χρεία
1127 757 1241 829 [99]
1275 759 1538 839 μάλιστα.
1572 758 1685 812 Καὶ
1705 758 1815 828 7&9
1838 757 1989 826 ἀγὼν

417 841 687 915 ἐφέστηκε
711 839 971 908 χαλεπὸς,
990 841 1086 893 καὶ
1107 840 1244 911 πρὸς
1265 842 1367 905 τάς
1394 842 1661 911 ἀοράτους
1682 842 1816 911 ἡμῖν
1838 839 1991 893 δυνά·

420 943 543 995 μεις
585 928 617 997 η
651 925 818 994 πάλη,
855 926 993 994 πρὸς
1035 925 1104 980 τά
1140 928 1493 997 πνευματικά
1524 926 1622 996 τῆς
1663 925 1927 997 πονηρίας
1952 928 1988 996 ἡ

421 1012 591 1082 μάχη,
611 1012 747 1083 πρὸς
770 1010 869 1074 τὰς
890 1008 1087 1081 ἀρχὰς,
1113 1010 1248 1081 πρὸς
1271 1011 1369 1073 τὰς
1394 1010 1646 1077 ἐξουσίας
1668 1010 1697 1061 6
1723 1010 1987 1079 πόλεμος’

418 1099 513 1150 καὶ
548 1095 830 1166 ἀγαπητὸν
866 1095 1268 1159 σπουδάζοντας
1296 1096 1447 1166 ἡμᾶς
1475 1094 1571 1148 καὶ
1598 1096 1867 1166 νήφοντας
1896 1093 1992 1147 καὶ

416 1179 881 1251 διεγηγερμένους
908 1218 924 1243 ,
962 1177 1262 1249 δυνηθῆναι
1312 1178 1412 1250 τὴν
1453 1178 1657 1249 ἀγρίαν
1706 1177 1924 1247 ἐκείνην
1943 1176 1990 1207 ⁷³

418 1263 676 1331 φάλαγγα
701 1264 966 1330 ἐνεγκεῖν.
986 1262 1085 1315 Ἂν
1107 1260 1163 1314 δὲ
1184 1261 1433 1332 γελῶμεν
1457 1262 1551 1315 καὶ
1572 1260 1877 1331 παίζωμεν,
1896 1257 1992 1311 καὶ

417 1346 710 1409 διαπαντὸς
742 1345 1099 1415 ρᾳθυμῶμεν,
1137 1344 1231 1397 καὶ
1272 1346 1380 1415 πρὸ
1425 1343 1530 1413 τῆς
1563 1342 1843 1414 συμϐολῆς
1887 1340 1991 1394 ὑπὸ

417 1430 519 1499 τῆς
564 1428 775 1491 οἰκείας
826 1426 1291 1497 καταπεσούμεθα
1336 1427 1629 1498 ῥᾳθυμίας.
1686 1425 1765 1481 Οὐ
1812 1425 1992 1480 τοίνυν

419 1512 693 1583 ἡμέτερον
735 1511 797 1565 7:6
830 1511 996 1583 γελᾷν
1049 1510 1319 1583 διηνεκῶς
1374 1512 1469 1564 καὶ
1500 1509 1840 1579 θρύπτεσθαι
1896 1507 1994 1562 καὶ

417 1597 652 1666 τρυφᾷν,
685 1594 825 1648 ἀλλά
856 1594 963 1647 τῶν
1009 1595 1104 1648 ἐπὶ
1154 1594 1385 1665 σκηνῆς,
1434 1594 1544 1649 τῶν
1582 1593 1993 1665 πορνευομένων

420 1682 714 1753 γυναικῶν,
746 1682 857 1735 τῶν
886 1684 965 1746 εἰς
991 1682 1153 1735 τοῦτο
1185 1681 1540 1753 ἐξυρημένων
1557 1680 1604 1711 ⁷⁸
1628 1680 1861 1751 ἀνδρῶν,
1883 1676 1995 1731 τῶν

419 1767 765 1838 παρασίτων,
796 1765 907 1819 τῶν
938 1765 1189 1819 κολάκων
1209 1782 1223 1797 ο
1261 1766 1325 1819 οὑ
1366 1764 1476 1817 τῶν
1506 1764 1600 1817 ἐπὶ
1644 1763 1735 1817 τὸν
1765 1762 1995 1834 οὐρανὸν

420 1850 798 1921 κεκλημένων,
820 1849 881 1902 ού
911 1848 1021 1901 τῶν
1059 1849 1139 1911 είς
1162 1848 1263 1917 τὴν
1284 1847 1398 1901 ἄνω
1420 1847 1576 1900 πόλιν
1607 1846 1996 1918 ἐγγεγραμμέ-

422 1953 553 1997 νων,
582 1936 640 1989 ού
686 1935 796 1987 τῶν
825 1933 966 1987 ὂπλα
1008 1932 1388 2003 βασταζόντων
1438 1932 1789 2002 πνευματικά
1809 1972 1825 1997 ,
1856 1930 1997 1985 ἀλλά

419 2018 530 2073 τῶν
561 2019 640 2089 τῷ
702 2017 937 2087 διαϐόλῳ
978 2015 1345 2086 τελουμένων.
1387 2015 1625 2078 Ἐκεῖνος
1667 2015 1777 2085 γάρ
1823 2015 1992 2080 ἐστιν,

420 2103 649 2163 ἐκεῖνος,
679 2102 708 2154 6
752 2100 848 2154 καὶ
883 2100 1080 2170 τέχνην
1107 2099 1166 2151 7:6
1190 2100 1425 2169 πρᾶγμα
1456 2098 1721 2168 ποιήσας,
1753 2097 1841 2150 ἵνα
1868 2097 1996 2160 τοὺς

422 2182 762 2255 στρατιώτας
790 2183 995 2256 ἐκλύσῃ
1014 2183 1058 2213 ⁷⁸
1078 2180 1173 2234 τοῦ
1204 2179 1466 2253 Χριστοῦ,
1498 2182 1594 2235 καὶ
1628 2178 1996 2252 μαλακώτερα

420 2266 601 2321 αὐτῶν
629 2268 831 2338 ποιήσῃ
868 2269 966 2336 τῆς
1011 2264 1325 2337 προθυμίας
1367 2264 1436 2318 τά
1466 2264 1655 2334 νεῦρα,
1699 2265 1798 2318 Διά
1836 2264 1996 2317 τοῦτο

422 2350 517 2405 καὶ
551 2350 754 2421 θέατρα
800 2349 1155 2421 ᾠκοδόμησεν
1198 2350 1257 2401 ἐν
1301 2351 1419 2411 ταῖς
1471 2349 1685 2412 πόλεσι,
1732 2349 1825 2402 καὶ
1868 2349 1995 2412 τοὺς

420 2434 820 2504 γελωτοποιοὺς
847 2433 1092 2497 ἐκείνους
1122 2434 1390 2505 ἀσκήσας,
1413 2434 1499 2487 διὰ
1519 2433 1617 2503 τῆς
1646 2434 1874 2487 ἐκείνων
1899 2433 1995 2486 λύ-

424 2535 535 2590 μης
576 2518 718 2573 κατά
758 2520 858 2587 τῆς
894 2517 1106 2580 πόλεως
1147 2518 1367 2588 ἀπάσης
1401 2517 1491 2570 τὸν
1519 2516 1762 2571 τοιοῦτον
1799 2517 1996 2589 ἐνσκή-

419 2618 547 2655 πτει
559 2603 606 2633 ⁷⁶
620 2601 826 2672 λοιμόνο
849 2601 884 2655 ἃ
907 2599 1129 2669 φεύγειν
1144 2602 1172 2654 6
1185 2600 1395 2664 Παῦλος
1409 2601 1687 2667 ἐκέλευσε,
1700 2600 1799 2672 τὴν
1822 2618 2001 2674 μωρο-

420 2684 609 2755 λογίαν
640 2687 734 2739 καὶ
748 2686 849 2755 τὴν
872 2684 1236 2757 εὐτραπελίαν
1252 2686 1320 2751 ⁷⁷,
1339 2686 1511 2740 ταῦτα
1530 2685 1745 2741 διώκειν
1770 2686 1999 2740 ἀναπεί-

423 2770 555 2823 θων.
584 2771 696 2823 Καὶ
720 2769 782 2821 τὸ
810 2768 876 2839 δὴ
906 2768 1291 2839 χαλεπώτερον
1321 2768 1527 2822 τούτων
1558 2771 1591 2838 ή
1635 2768 1731 2822 τοῦ
1760 2769 2000 2837 γέλωτός

422 2856 569 2906 ἐστιν
597 2852 874 2916 ὑπόθεσις.
898 2853 1068 2905 Ὀταν
1098 2853 1195 2922 μὲν
1218 2853 1327 2923 γὰρ
1354 2852 1673 2923 βλάσφημόν
1694 2870 1748 2907 τι
1772 2855 1999 2908 εῖπωσιν

422 2933 456 3002 ἦ
487 2930 712 3002 αἰσχρὸν
734 2931 784 2983 οἰ
824 2933 982 3000 μῖμοι
1007 2930 1116 2984 τῶν
1139 2931 1365 2999 γελοίων
1395 2931 1641 2990 ἐκείνων,
1663 2931 1785 2983 τότε
1815 2932 2000 2986 πολλοὶ

421 3020 531 3075 τῶν
560 3018 935 3089 ἀνοητοτέρων
985 3017 1185 3085 γελῶσι
1234 3018 1327 3071 καὶ
1361 3016 1677 3086 τέρπονται,
1733 3016 1874 3087 ὑπὲρ
1925 3010 2001 3070 ὧν

423 3104 623 3167 αὐτοὺς
651 3102 892 3167 λιθάζειν
915 3102 1107 3173 ἐχρῆν,
1148 3101 1287 3171 ὑπὲρ
1310 3098 1515 3153 τούτων
1539 3098 1881 3169 κροτοῦντες,
1907 3100 2001 3154 καὶ⁸

423 3190 524 3261 τὴν
557 3188 786 3259 κάμινον
815 3186 911 3240 τοῦ
946 3185 1117 3257 πυρὸς
1147 3185 1235 3237 διὰ
1265 3185 1365 3254 τῆς
1398 3183 1594 3252 ἡδονῆς
1628 3181 1831 3253 ταύτης
1861 3184 2002 3237 κατά

422 3275 522 3344 τῆς
552 3270 764 3326 ἑαυτῶν
817 3269 1070 3333 ἕλκοντες
1100 3267 1363 3338 κεφαλῆς.
1400 3269 1464 3320 Οἱ
1502 3266 1609 3337 7&9
1652 3267 2001 3332 ἐπαινοῦντες

423 3356 551 3418 τοὺς
578 3353 754 3407 ταῦτα
778 3353 823 3383 ⁷⁸
843 3352 1124 3421 λέγοντας,
1149 3344 1294 3405 οῦτοι
1320 3350 1557 3421 μάλιστά
1586 3353 1722 3404 εἰσιν
1750 3352 1797 3403 οἰ
1824 3349 2002 3419 λέγειν

423 3436 814 3501 ἀναπείθοντες
834 3455 849 3468 ο
874 3436 956 3489 διὸ
982 3436 1077 3490 καῖ⁸
1109 3436 1208 3506 τῆς
1238 3434 1519 3502 κολάρεως
1537 3434 1634 3505 τῆς
1669 3434 1762 3487 ἐπὶ
1789 3435 2003 3500 τούτοις

425 3524 689 3596 κειμένης
718 3523 1058 3594 δικαιότερον
1096 3522 1162 3575 ἂν
1191 3516 1301 3575 εἰεν
1322 3521 1368 3553 ⁷⁸
1399 3519 1715 3573 ὑπεύθυνοι.
1756 3519 1906 3592 [100]
1939 3523 2000 3575 Εἰ

425 3610 535 3679 7&9
564 3608 754 3679 μηδεὶς
773 3602 842 3679 ἦν
870 3607 898 3658 6
922 3606 992 3659 τὰ
1009 3604 1238 3660 τοιαῦτα
1259 3603 1552 3675 θεώμενος,
1571 3604 1680 3655 οὐδ’
1709 3603 1775 3659 ἂν
1804 3608 1832 3658 6
1855 3607 2003 3674 ἀγω-

424 3694 706 3761 νιζὸμενος
736 3687 805 3762 ἦν
825 3708 839 3723 ·
872 3691 1002 3743 ὅταν
1033 3689 1090 3743 66
1145 3689 1328 3742 ίδωσιν
1366 3689 1509 3758 ὑμᾶς
1537 3688 1631 3740 καὶ
1660 3689 2000 3760 ἐργαστήρια

425 3776 521 3827 καὶ
551 3775 749 3845 τέχνας
791 3775 884 3827 καὶ
914 3773 1012 3844 τὴν
1042 3773 1105 3824 ἐκ
1140 3772 1348 3824 τούτων
1381 3770 1665 3841 πρόσοδον,
1696 3771 1787 3823 καὶ
1821 3772 2000 3826 πάντα

425 3842 794 3927 ἁπλῶς-ὑπὲρ
831 3856 933 3923 τῆς
970 3842 1098 3908 ἐκεῖ
1137 3854 1422 3925 διατριϐῆς
1474 3853 1734 3921 ἀφέντας,
1774 3854 2002 3924 μείζονα
2024 3842 2039 3864 ¹

422 3941 670 4011 δέχονται
716 3940 818 4011 τὴν
853 3937 1197 4009 προθυμίαν.
1253 3937 1348 3990 καὶ
1400 3935 1623 3989 πλείονα
1664 3937 1793 4007 περὶ
1826 3937 2001 3993 ταῦτα

425 4023 707 4077 ποιοῦνται
740 4022 1004 4092 σπουδήν.
1038 4020 1150 4074 Καὶ
1176 4018 1350 4075 ταῦτα
1378 4019 1480 4071 οὐκ
1533 4018 1778 4083 ἐκείνους
1825 4021 2001 4075 ἀπαλο

427 4108 637 4162 λάττων
655 4103 1017 4176 ἐγκλημῖάτων
1043 4103 1207 4172 λέγω,
1230 4102 1343 4155 ἀλλ’
1377 4102 1463 4154 ἵνα
1483 4102 1641 4172 ὑμεῖς
1665 4101 1898 4175 μάθητε,
1918 4105 1998 4158 ὅτι

424 4192 522 4264 τὴν
558 4192 733 4263 ἀρχὴν
762 4190 859 4245 καὶ
890 4189 989 4262 τὴν
1019 4188 1175 4261 ῥίζαν
1206 4189 1305 4258 τῆς
1352 4186 1609 4258 τοιαύτης
1652 4190 1999 4260 παρανομίας

424 4281 581 4349 ὑμεῖς
614 4277 851 4348 μάλιστά
880 4277 1004 4329 ἐστε
1042 4275 1093 4327 οἰ
1150 4273 1506 4344 παρέχοντες,
1548 4272 1598 4325 οἰ
1640 4272 1740 4343 τὴν
1784 4274 1999 4347 ἡμέραν

422 4364 644 4416 ἃπασαν
676 4363 757 4425 εἰς
788 4361 964 4416 ταῦτα
991 4358 1485 4421 καταναλίσκοντες
1511 4356 1577 4423 ⁸⁰,
1614 4356 1709 4409 καῖ
1728 4358 1796 4411 τὰ
1827 4359 2001 4429 σεμνά

422 4445 515 4497 τοῦ
530 4444 711 4515 γάμου
725 4445 1034 4515 πράγματα
1046 4441 1506 4513 ἐκπομπεύοντες,
1522 4439 1688 4493 καὶτὸ
1703 4441 1999 4512 μυστήριον

420 4528 483 4579 τὸ
504 4528 645 4597 μέγα
674 4526 1293 4597 παραδειγματίζοντες.
1312 4523 1446 4577 Οὑδέ
1461 4522 1571 4594 γὰρ
1600 4521 1773 4586 οὕτως
1794 4525 2000 4590 ἐκεῖνος

423 4612 452 4661 ὁ
490 4610 664 4662 ταῦτα
695 4608 1125 4680 ὐποκρινόμενός
1155 4609 1303 4660 ἐστιν
1330 4608 1358 4659 6
1390 4604 1755 4676 πλημμελῶν,
1786 4606 1862 4668 ώς
1894 4607 2001 4677 πρὸ

424 4692 637 4745 ἐκείνου
674 4692 762 4757 σὺ,
805 4694 833 4744 6
862 4690 1038 4745 ταῦτα
1068 4689 1311 4743 κελεύων
1360 4690 1565 4741 ποιεῖν·
1606 4687 1810 4755 μᾶλλον
1851 4688 1908 4742 δὲ
1935 4690 1997 4743 ού

425 4775 664 4830 κελεύων
700 4775 883 4846 μόνον,
906 4773 1045 4827 ἀλλὰ
1080 4774 1175 4828 καὶ
1206 4769 1544 4837 σπουδάζων,
1586 4772 1681 4823 καῖ⁵
1715 4771 1999 4842 εὐφραινόο

424 4877 608 4932 μενος,
640 4860 732 4913 καὶ
780 4858 979 4927 γελῶν,
1015 4858 1111 4911 καῖ
1161 4854 1402 4909 ἐπαινῶν
1455 4852 1523 4909 τὰ
1573 4855 1856 4924 γινόμενα,
1906 4858 2000 4910 καὶ

422 4943 589 4999 παντὶ
613 4942 801 5014 τρόπῳ
824 4942 1144 5012 συγκροτῶν
1172 4938 1242 4993 τὰ
1270 4936 1499 4991 τοιαῦτα
1528 4937 1866 5007 ἐργαστήρια
1891 4936 1999 4991 τῶν

420 5024 713 5096 δαιμόνων.
738 5025 919 5088 Ποίοις
946 5020 1039 5078 οὖν
1070 5021 1389 5093 ὀφθαλμοῖς,
1414 5019 1534 5072 εἰπέ
1560 5036 1669 5089 μοι,
1695 5018 1879 5072 λοιπὸν
1898 5021 1998 5091 τὴν

421 5112 656 5176 γυναῖκα
680 5109 775 5164 ἐπὶ
796 5109 894 5180 τῆς
914 5107 1091 5170 οἰκίας
1113 5106 1256 5176 δψει,
1285 5103 1409 5158 ἰδὼν
1434 5102 1605 5173 αὐτὴν
1632 5102 1998 5175 ὑϐριζομένην

421 5190 570 5258 ἐκεῖ;
608 5193 733 5257 Πῶς
758 5193 815 5247 66
861 5193 963 5245 οὑκ
1010 5189 1271 5262 ἐρυθριᾷς
1310 5188 1865 5258 ἀναμιμνησκόμενος
1896 5188 1998 5258 τῆς

424 5277 701 5344 συνοίκου,
731 5278 895 5348 ἡνίκα
922 5276 990 5331 ἀν
1025 5274 1124 5346 τὴν
1153 5273 1316 5343 φύσιν
1354 5272 1524 5343 αὑτὴν
1563 5272 1996 5343 παραδειγματι-

423 5358 659 5432 ζομένην
692 5360 805 5432 ἴδῃς
830 5378 845 5427 ;

496 5560 539 5594 ⁷³
560 5562 783 5617 ἐκείνων
816 5561 951 5617 Edd.

419 5646 566 5707 (ξοην.
603 5630 665 5686 ι).
698 5632 932 5707 ἐλκ-λύσῃ
956 5634 1081 5707 (ng)
1189 5627 1431 5707 ’άρὸῧίὶιει
1465 5627 1616 5707 Αἶιξιη.
1644 5633 1807 5707 y‘u‘lgo
1838 5627 1996 5707 ἐλκύτξ

2159 5627 2206 5707 ’ξ
2220 5627 2542 5707 ἐνσκήπτει]
2574 5627 2775 5707 ἐγείρει
2993 5627 3099 5679 An.

1882 5699 1927 5727 τ’
1957 5691 2091 5765 εἰὲν]
2129 5694 2253 5749 add.
2290 5691 2445 5749 αὐτοὶ⁸
2475 5691 2541 5750 AI
2576 5691 2637 5749 Β,
2671 5691 2773 5765 [⁸οᾷ
2788 5694 3169 5765 ἀναλίσκοντες
3208 5694 3340 5748 ΕιΙιΙ.

824 5774 867 5804 ⁸¹
890 5773 1002 5845 καὶ]
1024 5764 1244 5845 οὑδένΕί
1269 5774 1309 5830 F
1426 5775 1469 5807 ⁸³
1504 5771 1681 5845 σῶμα]
1712 5775 1769 5824 το
1792 5766 1950 5833 σῶμα
1991 5764 2053 5821 Ι).
2076 5764 2151 5819 Ε.

418 5701 545 5757 add.
590 5703 735 5775 φημὶ
766 5689 932 5775 Edd."
961 5689 1023 5775 f1}
1050 5689 1244 5775 ταῦτα]
1272 5704 1346 5775 εά
1383 5704 1607 5775 τοιαῦτα
1648 5689 1784 5775 rgud’.

421 5788 555 5840 μενα
587 5772 722 5827 Edd.

415 5840 551 5908 νίας.
626 5842 672 5877 ⁸⁸
700 5843 759 5898 τὸ
790 5840 1031 5915 κρεῖττον
1054 5844 1191 5902 Edd.

1077 5565 1121 5595 ⁷³⁵
1148 5563 1520 5635 ἐξυρημένωνι
1551 5565 1641 5619 Sic
1682 5561 1744 5635 li.
1767 5555 1996 5635 F._Yu}g

2094 5554 2268 5635 ,ξευρη
2278 5556 2471 5635 μένων.
2662 5554 2846 5635 αάηοεε

2154 430 2225 493 η’.
2255 424 2346 497 Μὴ
2374 427 2482 497 γάρ
2514 445 2603 497 μοι
2622 427 2782 482 τοῦτο
2812 428 2994 501 εἴπῃς,
3016 431 3098 484 ὅτι
3128 432 3418 505 ὑπόκρισίς
3444 438 3561 492 ἐστι
3594 444 3667 495 τὰ

2085 511 2346 581 γινόμενα
2367 528 2379 540 ·
2411 513 2444 583 ἡ
2472 512 2579 581 7&9
2610 514 2903 583 ὑπόκρισις
2928 513 3067 585 αῦτη
3101 517 3334 582 πολλοὺς
3364 521 3671 591 είργάσατυ

2090 595 2331 666 μοιχοὺς,
2357 595 2453 649 καὶ
2480 595 2681 658 πολλάς
2704 598 3001 667 ἀνέτρεψεν
3029 599 3231 661 οἰκίας.
3260 602 3373 655 Καὶ
3394 604 3484 656 διὰ
3503 606 3673 661 τοῦτο

2090 678 2324 748 μάλιστα
2354 678 2561 741 στένω,
2608 680 2693 732 ὅτι
2750 679 2874 732 οὐδέ
2929 679 3080 733 δοκεῖ
3122 683 3358 754 πονηρὸν
3410 682 3552 740 εἰναι
3605 690 3674 743 τὸ

2087 762 2391 831 γινόμενον,
2440 761 2578 814 ἀλλά
2606 762 2704 815 καὶ
2749 762 2934 832 κρότοι
2965 762 3061 816 καὶ
3104 765 3318 838 κραυγὴ
3352 769 3448 822 καὶ
3491 771 3673 839 γέλως

2088 845 2280 909 πολὺς,
2328 845 2575 915 μοιχείας
2606 846 2969 918 τολμωμένης
3012 850 3305 922 τοσαύτης.
3346 852 3411 904 Τί
3443 852 3671 922 λέγεις;

2098 928 2419 999 ’Υπόκρισις
2456 928 2526 981 τά
2563 929 2825 999 γινόμενα
2842 930 2920 995 δίς
2953 930 3033 983 Δι’
3064 932 3196 986 αὐτὸ
3242 933 3341 1003 μὲν
3373 930 3465 988 οὖν
3508 937 3677 992 τοῦτο

2092 1013 2304 1083 μυρίων
2333 1012 2400 1066 ἂν
2428 1007 2537 1065 εἷεν
2571 1013 2773 1067 ἐκεῖνοι
2798 1012 3045 1068 θανάτων
3076 1015 3238 1081 ἄξιοι,
3265 1018 3348 1072 ὅτι
3381 1018 3417 1073 ὃ.
3444 1020 3675 1088 φεύγειν

2088 1097 2138 1149 οἰ
2159 1095 2315 1165 νόμοι
2338 1094 2654 1148 κελεύουσιν
2681 1096 2940 1159 ἅπαντες,
2960 1097 3133 1152 ταῦτα
3165 1102 3450 1170 μιμεῖσθαι
3479 1106 3678 1158 ἐσπου-

2089 1178 2319 1232 δάκασιν
2342 1178 2567 1231 ἐκεῖνοι.
2596 1179 2662 1232 Εί
2691 1178 2799 1251 γὰρ
2831 1180 2964 1233 αὐτὸ
3002 1182 3196 1248 κακὸν,
3230 1184 3325 1237 καὶ
3364 1186 3397 1256 ἡ
3433 1186 3676 1258 μίμησις

2089 1260 2282 1313 τούτου
2314 1260 2504 1315 κακόν.
2540 1261 2652 1314 Καὶ
2702 1260 2858 1314 οῦπω
2891 1261 3053 1331 λέγω,
3093 1265 3295 1330 πόσους
3338 1269 3677 1338 ἐργάζονται

2095 1343 2316 1412 μοιχοὺς
2347 1344 2395 1395 οἰ
2441 1341 2511 1395 τά
2550 1341 2776 1396 τοιαῦτα
2808 1344 2909 1407 τῆς
2959 1347 3208 1417 μοιχείας
3245 1350 3677 1423 ὑποκρινόμενοι

2091 1427 2382 1498 δράματα,
2436 1426 2555 1491 πῶς
2617 1427 2847 1497 ἰταμοὺς
2899 1428 2996 1484 καὶ
3051 1432 3442 1502 ἀναισχύντους
3496 1455 3678 1490 κατα-

2096 1508 2417 1573 σκευάζουτι
2446 1509 2575 1573 τοὺς
2600 1508 2755 1581 [101]
2782 1509 2892 1564 τῶν
2920 1513 3182 1568 τοιούτων
3216 1516 3484 1587 θεωρούς”
3515 1518 3680 1585 οὐδὲν

2092 1592 2165 1662 γά
2171 1611 2202 1664 ρ
2214 1592 2517 1663 πορνικώτε
2523 1609 2617 1663 ρον
2628 1593 2722 1647 καὶ
2734 1593 2778 1625 ⁸³³
2794 1593 3031 1664 ἰταμώτε
3040 1612 3130 1664 ρον
3149 1598 3431 1669 ὀφθαλμοῦ
3446 1601 3681 1656 τοιαῦτα

2099 1676 2316 1747 βλέπειν
2340 1676 2692 1746 ἀνεχομένου.
2721 1676 2793 1730 Σὺ
2821 1676 2878 1730 66
2908 1679 2966 1731 ἐν
2993 1679 3168 1750 ἀγορᾷ
3196 1682 3295 1750 μὲν
3316 1684 3416 1737 οὐκ
3441 1684 3507 1738 ἂν
3526 1685 3682 1740 ἕλοιο

2095 1764 2327 1829 γυναῖκα
2354 1760 2741 1832 γυμνουμένην
2768 1762 2916 1827 ἰδεῖν,
2954 1763 3157 1832 μᾶλλον
3184 1764 3245 1819 δέ
3267 1766 3389 1821 οὑδὲ
3412 1769 3470 1821 ἐν
3496 1771 3677 1841 οἰκίᾳ,

2096 1844 2233 1899 ἀλλὰ
2258 1844 2353 1897 καὶ
2376 1843 2535 1913 ὕϐριν
2562 1844 2625 1897 τὸ
2650 1846 2885 1915 πρᾶγμα
2905 1846 3120 1911 καλεῖς⁹
3149 1849 3243 1903 ἐπὶ⁵
3271 1850 3329 1904 δὲ
3352 1852 3413 1905 τὸ
3442 1852 3680 1925 θέατρον

2096 1930 2428 1993 ἀναϐαίνεις,
2445 1930 2534 1984 ἵνα
2563 1930 2626 1983 τὸ
2654 1931 2834 1985 κοινὸν
2859 1931 2970 1985 τῶν
2992 1932 3203 2002 ἀνδρῶν
3231 1936 3325 1989 καὶ
3352 1936 3460 1990 τῶν
3481 1955 3680 2007 γυναι-

2097 2015 2210 2070 κῶν
2266 2013 2556 2087 ἐνυϐρίσῃς
2592 2013 2769 2083 γένος,
2823 2014 2919 2068 καὶ
2971 2017 3100 2080 τοὺς
3155 2017 3354 2071 σαυτοῦ
3409 2022 3679 2094 αἰσχύνῃς

2096 2097 2441 2168 ὁφθαλμούς;
2472 2096 2565 2168 Μὴ
2580 2096 2692 2168 7&9
2716 2097 2781 2169 δὴ
2814 2097 2972 2151 τοῦτο
2993 2099 3174 2171 εἴπῃς,
3204 2100 3287 2153 ὅτι
3314 2102 3487 2174 πόρνη
3521 2104 3680 2158 ἐστὶν

2094 2181 2527 2255 ὴγυμνουμένη,
2562 2181 2676 2234 ἀλλ’
2703 2182 2784 2235 ὅτι
2814 2182 2847 2253 ἡ
2883 2182 3019 2253 αὐτὴ
3051 2184 3213 2252 φύσις
3246 2186 3341 2237 καὶ
3371 2185 3532 2255 σῶμα
3546 2186 3595 2218 ⁸⁸
3614 2187 3681 2241 :6

2096 2266 2229 2320 αὐτὸ
2252 2267 2343 2320 καὶ
2368 2266 2466 2335 τῆς
2491 2266 2695 2338 πόρνης
2725 2265 2819 2320 καὶ
2845 2267 2941 2337 τῆς
2965 2266 3277 2338 ἐλευθέρας.
3301 2270 3362 2323 Εἰ
3384 2270 3492 2342 γάρ
3515 2271 3681 2326 οὐδὲν

2096 2346 2295 2402 ἄτοπον
2328 2343 2506 2408 τοῦτο,
2536 2345 2683 2408 τίνος
2713 2346 2899 2398 ἕνεκεν
2933 2346 3022 2398 ἐπ’
3044 2349 3252 2418 ἀγορᾶς
3278 2348 3344 2403 ἂν
3378 2350 3494 2420 ἴδῃς
3514 2351 3683 2406 τοῦτο

2096 2428 2400 2496 γινόμενον,
2436 2425 2531 2479 καῖ⁵
2569 2425 2731 2488 αὐτὸς
2752 2426 3059 2497 ἀποπηδᾷς,
3087 2428 3183 2481 καὶ
3207 2429 3305 2499 τὴν
3330 2430 3680 2500 ἀσχημονοῦ-

2099 2523 2199 2559 σαν
2243 2505 2525 2570 ἐλαύνεις;
2562 2504 2595 2576 ἦ
2631 2505 2764 2558 ὅταν
2813 2505 2913 2575 μὲν
2959 2506 3285 2578 διῃρημένοι
3338 2501 3518 2578 ὦμεν,
3546 2511 3682 2565 τότε

2097 2596 2298 2651 ἄτοπον
2329 2595 2390 2647 τὸ
2418 2593 2691 2647 τοιοῦτον·
2725 2593 2855 2645 ὅταν
2879 2593 2937 2646 δέ
2987 2594 3319 2664 συνηγμένοι
3348 2596 3442 2647 καί⁸
3470 2595 3683 2661 πάντες

2096 2679 2233 2751 ὁμοῦ
2266 2676 2786 2747 καθήμενοι,ούκέτι
2806 2676 3009 2746 ὁμοίως
3038 2678 3296 2749 αἰσχρόν;
3324 2677 3486 2731 Ἀλλά
3501 2678 3683 2748 γέλως

2098 2765 2273 2819 ταῦτα
2292 2763 2387 2816 καὶ
2406 2762 2627 2828 ὄνειδος,
2654 2761 2749 2814 καὶ
2771 2761 3009 2832 ἐσχάτης
3026 2762 3412 2834 παραπληξίας
3430 2765 3679 2835 ῥήματα·

2101 2851 2196 2906 καὶ
2226 2848 2433 2919 βέλτιον
2464 2846 2618 2917 πηλῷ
2662 2848 2755 2899 καὶ
2790 2846 3037 2919 βορϐόρῳ
3078 2846 3176 2919 τὴν
3205 2848 3330 2917 ὄψιν
3356 2850 3683 2920 ἀναχρῶσαι

2103 2936 2306 2999 πᾶσαν,
2334 2931 2368 3000 ἢ
2400 2928 2654 3000 τοιαύτην
2685 2928 2960 3001 θεωρῆσαι
2991 2930 3361 3001 παρανομίαν.
3391 2931 3532 2987 Ούτε
3564 2933 3681 3005 7&9

2101 3015 2275 3079 οῦτως
2310 3011 2574 3083 ὀφθαλμῷ
2602 3012 2775 3084 βλάϐη
2806 3012 3086 3083 βόρϐορος,
3117 3014 3191 3077 ώς
3212 3015 3507 3079 ἀκόλαστος
3527 3015 3678 3085 ὄψις,

2102 3102 2198 3158 καὶ
2228 3096 2660 3169 γεγυμνωμένης
2686 3098 2945 3165 γυναικὸς
2977 3096 3201 3167 θεωρία.
3242 3099 3511 3153 Ἀκουσον
3540 3100 3679 3169 γοῦν

2102 3186 2157 3239 τί
2182 3186 2280 3253 τὴν
2297 3182 2578 3254 γύμνωσιν
2600 3181 2857 3251 ἐποίησεν
2876 3180 2934 3244 ἐξ
2957 3181 3152 3251 ἀρχῆς,
3173 3182 3265 3235 καὶ
3288 3183 3551 3255 φοϐήθητι
3572 3184 3682 3256 τῆς

2102 3268 2362 3338 τοιαύτης
2391 3264 2779 3336 ἀσχημοσύνης
2806 3263 2904 3332 τὴν
2935 3264 3211 3319 ὑπόθεσιν.
3237 3266 3302 3318 Τί
3328 3263 3423 3320 οῦν
3450 3268 3681 3340 ἐποίησε

2101 3353 2200 3425 τὴν
2231 3350 2540 3422 γύμνωσιν;
2569 3349 2636 3400 Ἦ
2665 3349 2940 3419 παρακοὴ,
2961 3350 3055 3401 κα)⁸
3081 3352 3113 3419 ἡ
3140 3348 3236 3402 τοῦ
3260 3349 3506 3405 διαϐόλου
3536 3370 3684 3423 συμ-

2104 3436 2290 3505 ϐουλή.
2321 3432 2508 3495 Οῦτως
2560 3431 2768 3486 ἀνωθεν
2814 3430 2907 3484 καὶ
2939 3431 2997 3495 ἐξ
3033 3432 3230 3503 ἀρχῆς,
3274 3434 3484 3488 ἐκείνου
3517 3435 3682 3492 τοῦτο

2102 3522 2294 3591 γέγονε
2325 3517 2386 3571 τὸ
2420 3516 2781 3586 ἐπιτήδευμα.
2817 3514 2959 3568 Ἀλλ’
2992 3517 3191 3569 ἐκεῖνοι
3232 3518 3331 3587 μὲν
3359 3518 3463 3573 κᾶν
3502 3521 3681 3591 ᾐσχύ-

2102 3623 2255 3661 νοντο
2288 3600 2487 3672 γυμνοὶ
2523 3599 2705 3662 ὄντεςο
2744 3598 2902 3668 ὑμεῖς
2936 3598 2994 3653 δὲ
3027 3600 3122 3652 καὶ
3168 3600 3676 3671 ἐγκαλλωπίζεσθε,

2102 3687 2245 3743 κατά
2274 3686 2335 3739 7:6
2374 3680 2733 3738 άποστολικὺν
2766 3683 2963 3745 ἐκεῖνο,
2999 3682 3102 3737 Ἐν
3134 3681 3209 3751 τῇ
3245 3687 3513 3757 ala-1M
3556 3688 3681 3756 τὴν

2101 3773 2291 3836 δόξαν
2320 3770 2586 3839 ἔχοντες.
2614 3766 2743 3830 Πῶς
2792 3761 2886 3820 οῦν
2911 3765 3099 3831 ὑψεταί
3137 3784 3197 3821 σε
3233 3768 3418 3824 λοιπὸν
3467 3773 3499 3842 ἡ
3529 3775 3676 3847 γυνὴ

2101 3856 2212 3910 ἀπὸ
2238 3854 2339 3924 τῆς
2378 3851 2635 3920 τοιαύτης
2678 3849 3042 3903 ἐπανελθόντα
3071 3853 3420 3921 παρανομίας
3440 3853 3519 3923 “;
3552 3859 3679 3923 πῶς

2101 3938 2347 4005 δέξεταις
2373 3937 2489 3998 πῶς
2528 3936 2809 4005 προσερεῖ,
2838 3933 3013 3999 οῦτως
3040 3934 3253 4006 ἀτίμως
3276 3937 3338 3991 7:6
3367 3940 3544 3993 κοινὸν
3570 3944 3678 4012 τῆς

2100 4019 2421 4093 γυναικείας
2454 4017 3033 4089 παραδειγματίσαντα
3066 4018 3305 4088 φύσεως,
3336 4021 3432 4074 καὶ
3468 4024 3677 4095 αἰχμά-

2101 4108 2271 4162 λωτον
2292 4103 2398 4157 ὑπὸ
2425 4103 2524 4174 τῆς
2550 4100 2806 4172 τοιαύτης
2827 4100 3004 4171 ὅψεως
3038 4102 3131 4155 καὶ
3160 4102 3346 4157 δοῦλον
3368 4122 3566 4178 γεγενη
3577 4110 3679 4178 μέ..

2100 4208 2191 4247 νον
2221 4189 2320 4259 τῆς
2351 4186 2744 4258 πορνευθείσης
2775 4185 3067 4253 γυναικός;
3092 4186 3155 4238 Εἰ
3179 4186 3235 4239 66
3267 4186 3415 4261 [102]
3453 4190 3675 4260 ἀλγεῖτε

2099 4272 2275 4328 ταῦτα
2296 4271 2605 4331 ἀκούοντες,
2637 4269 2797 4339 χάριν
2827 4269 2956 4337 ὑμῖν
3000 4268 3108 4339 ἔχω
3144 4268 3380 4341 πολλήν⁹
3434 4274 3531 4340 Τις
3561 4275 3677 4347 γάρ

2100 4358 2274 4412 ἐστιν
2318 4358 2351 4410 ό
2397 4353 2737 4422 εὐφραίνων
2775 4370 2870 4421 με,
2896 4354 2949 4405 εἰ
2983 4352 3071 4422 μὴ
3112 4355 3147 4407 ό
3182 4354 3565 4425 λυπούμενος
3601 4360 3677 4426 ἐξ

2099 4439 2287 4507 ἐμοῦ;
2319 4437 2411 4507 Μὴ
2433 4436 2498 4507 δὴ
2520 4435 2807 4504 παύσησθέ
2847 4451 2980 4487 ποτε
3016 4434 3298 4500 στένοντες
3327 4438 3422 4492 ἐπὶ
3457 4440 3677 4508 τούτοις

2101 4526 2196 4580 καὶ
2216 4524 2569 4592 δακνόμενοι·
2590 4520 2683 4572 καὶ
2704 4518 2813 4589 7&9
2836 4518 3122 4589 προοίμιον
3144 4520 3273 4590 ὑμῖν
3286 4522 3442 4576 ἔσται
3460 4526 3559 4595 τῆς
3576 4526 3677 4581 ἐπὶ

2098 4610 2168 4665 τά
2203 4610 2434 4680 κρείττω
2466 4606 2514 4638 ⁸⁸
2545 4603 2849 4674 μεταϐολῆς
2880 4605 2912 4674 η
2951 4605 3015 4656 ἐκ
3046 4603 3156 4657 τῶν
3186 4605 3445 4661 τοιούτων
3482 4608 3669 4682 ὀδύνη.

2100 4693 2199 4747 Διά
2232 4692 2389 4746 τοῦτο
2414 4688 2570 4755 κάγὼ
2592 4685 2946 4757 σφοδρότερον
2984 4685 3074 4739 τὸν
3115 4686 3273 4756 λόγον
3297 4690 3673 4764 ἐποιησάμην,

2100 4778 2190 4831 ῐνα
2222 4774 2526 4847 βαθυτέραν
2548 4772 2672 4835 δοὺς
2702 4771 2801 4841 τὴν
2829 4769 3024 4841 τομὴν,
3058 4771 3354 4838 ἀπαλλάξω
3376 4774 3475 4845 τῆς
3500 4794 3676 4847 σηπε-

2099 4861 2249 4923 δόνος
2273 4858 2382 4911 τῶν
2419 4855 2799 4927 μεθυσκόντων
2827 4854 2971 4923 ὑμᾶς
2988 4870 3000 4881 °
3026 4854 3115 4908 ἴνα
3144 4854 3281 4925 πρὸς
3306 4857 3548 4930 καθαρὰν
3575 4862 3676 4914 ἐπ-

2100 4942 2358 5011 αναγάγω
2376 4939 2553 5009 ψυχῆς
2570 4937 2760 5005 ὑγείαν
2780 4954 2793 4967 ·
2824 4931 2891 5008 ἦς
2908 4936 3119 5005 γένοιτο
3142 4939 3351 5003 πάντας
3369 4942 3517 5011 ἡμᾶς
3538 4945 3678 4998 ἀπο.

2099 5026 2360 5087 λαύοντας
2380 5022 2466 5076 διά
2488 5022 2728 5087 πάντων,
2748 5022 2841 5074 καὶ
2866 5020 2976 5074 τῶν
2998 5022 3265 5092 κειμένων
3287 5025 3537 5079 ἐπάθλων
3557 5031 3678 5091 τοῖς

2100 5107 2490 5181 κατορθώμασι
2509 5105 2720 5168 τούτοις
2742 5107 3043 5176 ἐπιτυχεῖν,
3058 5106 3241 5178 χάριτι
3256 5109 3352 5162 καὶ
3372 5110 3679 5183 φιλανθρω-

2101 5195 2203 5265 πίᾳ
2231 5190 2325 5246 τοῦ
2354 5190 2562 5260 Κυρίου
2594 5188 2755 5259 ἡμῶν
2795 5188 2971 5259 Ἰησοῦ
2999 5190 3261 5261 Χριστοῦ,
3297 5185 3394 5263 ᾧή
3428 5193 3553 5259 δόξα
3577 5198 3677 5250 καὶ

2100 5278 2160 5332 τὸ
2195 5277 2393 5349 κράτος
2421 5276 2501 5339 εἰς
2537 5275 2666 5339 τοὺς
2694 5274 2894 5340 αἰῶνας
2916 5274 3027 5329 τῶν
3057 5276 3289 5331 αἰώνων.
3334 5279 3526 5351 Ἀμήν.

2961 5552 3267 5656 “Amos”
3311 5554 3399 5637 sic
3428 5555 3495 5608 Α.
3526 5554 3581 5656 9:
3620 5566 3679 5656 (τι

3293 5625 3675 5746 ἳύτριξῖτελίανι

3293 5715 3301 5747 l
3328 5736 3340 5748 .
3516 5711 3678 5763 γενο-

2252 5766 2295 5795 ⁸⁸
2322 5762 2690 5838 παρανομίας]
2745 5763 2837 5829 Sic
2868 5764 2928 5820 Β.
2968 5763 3027 5819 F.
3067 5764 3217 5820 Arm.
3252 5766 3432 5822 cmleri
3476 5762 3678 5837 παροι-

2159 5624 2542 5699 τξ-ἐνσκήπτει]
2574 5627 2775 5699 ἐγείρει
2993 5626 3099 5679 An.

1814 5911 2284 5929 *—
