3832 6178
194 342 248 396 7i
1375 331 1435 387 IN
1476 322 1880 385 MATTIIAEUM
1920 321 2146 379 llOMlL.
2190 324 2274 381 Vl.
2419 384 2423 388 ,
3367 314 3435 372 Ἠ

184 451 461 507 contritum
510 459 564 505 et
617 449 987 513 lnnniliatum,
1037 447 1273 503 animum
1321 446 1571 518 vigilem,
1630 454 1765 502 tem-

184 553 452 611 perantent
476 581 492 607 ,
523 541 886 597 continentem
905 581 921 606 ,
953 539 1299 610 pmnitentem
1321 581 1335 604 ,
1361 546 1760 608 cumpunctttm.

177 635 298 688 lhce
344 634 488 688 illius
522 634 661 687 dona
709 642 862 699 sunt,
906 633 1025 701 quia
1082 631 1189 687 illis
1234 632 1567 701 potissimum
1625 628 1767 684 indi-

175 739 379 793 genius.
438 724 720 777 Certamen
769 722 910 777 enim
950 720 1192 777 imminet
1239 736 1433 791 grave,
1480 728 1535 775 et
1577 719 1767 774 adver-

175 831 264 869 sus
309 815 608 870 invisibiles
656 823 945 885 potestates
975 814 1114 867 lucta
1152 813 1305 867 nobis
1336 822 1464 878 est,
1509 809 1766 865 adversus

176 905 469 974 spiritualia
516 906 768 972 nequitia:
798 918 1029 972 pugna,.
1054 901 1309 957 adversus
1346 901 1671 971 principatus
1713 908 1768 955 et

175 1004 467 1065 potestates
496 995 695 1050 bellum
736 994 963 1063 (Ephes.
996 994 1046 1049 6.
1080 992 1183 1063 12)
1215 1010 1228 1047 :
1259 1003 1417 1062 atque
1457 992 1657 1046 utinam
1688 990 1769 1045 di-

175 1089 401 1156 ligenter
444 1096 695 1156 agentes,
740 1086 927 1155 vigiles
956 1092 1010 1138 et
1047 1084 1329 1150 concitati,
1373 1084 1636 1153 possimus
1666 1081 1769 1136 hoc

176 1178 339 1232 ferum
372 1193 564 1247 agmen
592 1177 878 1232 sustinere.
902 1175 959 1231 Si
987 1190 1112 1230 vero
1136 1174 1403 1229 rideamus
1423 1181 1476 1228 et
1500 1173 1764 1240 ludamus,

174 1284 231 1322 ac
250 1283 473 1337 semper
498 1268 752 1321 socordes
783 1266 947 1321 simus
967 1305 983 1331 ,
1013 1266 1169 1320 etiam
1201 1275 1325 1318 ante
1359 1262 1663 1318 conflictum
1701 1277 1767 1318 ex

175 1358 389 1428 propria
422 1357 649 1429 segnitie
676 1356 1039 1411 concidemus.
1073 1354 1187 1409 Non
1214 1364 1457 1409 nostrum
1484 1354 1660 1425 itaque
1687 1362 1771 1409 est

178 1458 435 1519 perpetuo
456 1448 653 1514 ridere,
678 1447 916 1502 deliciari
942 1457 995 1500 et
1014 1444 1282 1501 convivari
1305 1462 1319 1510 ;
1349 1444 1443 1499 sed
1471 1459 1655 1500 eorum
1676 1444 1769 1514 qui

175 1542 224 1595 in
254 1556 419 1595 scena
458 1540 678 1607 ludunt,
725 1537 1100 1599 meretricum,
1139 1538 1374 1591 virorunt
1416 1540 1505 1606 qui
1551 1535 1616 1590 ad
1648 1536 1769 1589 talia

175 1640 295 1687 sunt
341 1628 569 1699 depilati
588 1671 604 1697 ,
637 1628 986 1698 parasitorum
1007 1666 1022 1690 ,
1053 1625 1387 1680 adulatorum
1414 1643 1427 1678 :
1458 1642 1562 1679 non
1590 1634 1771 1680 autem

175 1735 357 1773 eorum
401 1718 492 1788 qui
520 1716 586 1771 ad
615 1717 807 1772 cazlum
836 1716 1004 1771 vocati
1032 1725 1191 1783 sunt,
1232 1731 1337 1770 non
1367 1731 1550 1770 eorum
1586 1715 1675 1786 qui
1716 1715 1771 1769 in

176 1826 409 1878 superna
438 1809 656 1863 civitate
684 1816 808 1863 sunt
836 1807 1120 1877 descripti,
1150 1822 1253 1861 non
1283 1821 1469 1862 eorum
1494 1806 1581 1876 qui
1608 1807 1772 1861 armis

177 1902 551 1972 spiritualibus
592 1909 716 1955 sunt
753 1900 1029 1965 instructi,
1070 1900 1165 1955 sed
1204 1914 1387 1971 eorum
1429 1900 1519 1970 qui
1560 1898 1773 1955 diabolo

176 2004 297 2048 sunt
326 1992 544 2047 initiati.
573 1991 667 2047 Ille
696 2006 924 2062 namque
952 2000 1062 2057 est,
1105 1991 1195 2046 ille
1228 1990 1317 2060 qui
1346 1991 1445 2045 hac
1472 1998 1584 2044 arte
1603 2029 1618 2055 ,
1670 1989 1772 2045 hoc

176 2100 335 2155 opere
370 2094 601 2138 conatur
629 2083 826 2139 Christi
870 2083 1065 2139 milites
1100 2080 1413 2148 debilitare,
1456 2083 1774 2152 illorumque

176 2177 333 2231 animi
367 2176 650 2231 molliores
678 2189 874 2230 nervos
906 2174 1135 2230 efficere.
1167 2173 1290 2229 ideo
1318 2173 1524 2229 theatra
1555 2174 1606 2229 in
1632 2174 1776 2229 urbi-

179 2268 274 2323 bus
311 2268 544 2331 struxit,
575 2276 629 2322 et
666 2267 858 2321 mimos
900 2266 1018 2322 illos
1044 2281 1334 2331 exercens,
1371 2267 1583 2321 illorum
1611 2282 1774 2337 opera

178 2368 360 2415 contra
404 2367 572 2413 totam
610 2357 875 2413 civitatem
912 2356 1049 2412 hanc
1089 2367 1291 2427 pestem
1333 2358 1528 2412 excitat
1569 2377 1582 2413 :
1615 2374 1773 2428 quam

178 2450 360 2520 fugere
419 2450 616 2504 Paulus
666 2448 822 2518 jussit
866 2447 1091 2519 (Ep/tes.
1130 2447 1183 2503 5.
1224 2447 1330 2517 4),
1386 2447 1772 2518 stultiloquium

179 2557 370 2610 nempe
409 2550 465 2595 et
490 2540 900 2600 scurrilitatem;
945 2553 1063 2609 qua:
1104 2548 1279 2593 autem
1321 2538 1509 2592 horum
1537 2540 1775 2594 omnium

180 2633 492 2703 gravissima
524 2632 662 2685 risus
692 2630 831 2684 illius
868 2629 1077 2685 occasio
1113 2637 1214 2684 est.
1245 2629 1467 2692 Quando
1501 2630 1774 2700 quidpiam

182 2742 269 2785 aut
296 2731 669 2799 blaSphemum
687 2739 777 2782 aut
797 2736 950 2798 turpe
972 2736 1109 2782 mter
1128 2724 1345 2783 ridicula
1364 2728 1508 2781 mimi
1530 2725 1777 2790 dixerint,

183 2831 307 2875 tunc
334 2836 404 2874 ex
450 2819 905 2888 insipientioribus
934 2819 1147 2888 quidam
1188 2819 1367 2874 rident
1400 2827 1456 2874 et
1495 2819 1779 2884 lmtantur;

183 2927 303 2967 cum
336 2912 607 2983 lapidibus
634 2912 777 2981 ipsos
808 2913 1063 2982 impetere
1093 2920 1398 2982 oporteret,
1424 2910 1681 2983 plaudunt
1706 2909 1782 2966 illi

186 3022 346 3076 super
392 3006 514 3072 his,
556 3015 612 3061 et
655 3020 751 3075 per
792 3004 930 3060 hanc
967 3006 1292 3074 voluptatem
1331 3005 1599 3060 caminum
1644 3002 1783 3074 ignis

185 3107 371 3152 contra
403 3106 568 3168 caput
595 3113 749 3151 suum
789 3097 1081 3151 attrahunt.
1109 3095 1240 3151 Nam
1272 3096 1361 3166 qui
1395 3096 1515 3150 talia
1546 3094 1785 3150 dicentes

188 3187 438 3253 laudant,
472 3188 507 3242 ii
534 3197 659 3241 sunt
680 3187 771 3257 qui
801 3186 1032 3241 maxime
1060 3184 1111 3240 id
1136 3185 1316 3240 dicere
1343 3184 1569 3240 suadent
1599 3203 1612 3238 :
1638 3184 1784 3239 ideo-

185 3296 288 3351 que
316 3282 587 3351 supplicio
613 3280 735 3335 huic
770 3279 992 3335 facinori
1022 3279 1204 3335 debito
1237 3278 1532 3349 justissime
1564 3278 1783 3333 obnoxii

186 3383 363 3429 erunt.
399 3374 616 3429 Etenim
643 3374 688 3429 si
717 3373 897 3429 nullus
921 3383 1061 3428 esset
1101 3382 1388 3442 spectatur,
1432 3372 1610 3427 nullus
1656 3387 1783 3442 pro-

190 3463 329 3519 diret
372 3464 566 3519 bistrio
607 3480 621 3520 :
663 3478 784 3519 cum
821 3476 997 3520 autem
1034 3478 1132 3519 vos
1163 3463 1341 3518 vident
1367 3472 1421 3519 et
1462 3462 1704 3518 ofﬁcinas
1734 3470 1789 3518 et

190 3568 368 3625 artes,
425 3568 481 3613 et
527 3566 787 3626 quaestum
833 3556 958 3612 hinc
1001 3556 1433 3627 provenientem,
1478 3565 1637 3627 atque
1681 3570 1788 3610 uno

190 3649 354 3705 verbo
386 3649 571 3703 omnia
600 3648 900 3718 relinquere
920 3687 935 3711 ,
965 3655 1023 3702 ut
1045 3646 1111 3702 ad
1140 3646 1255 3701 haec
1275 3646 1578 3716 spectacula
1604 3660 1788 3701 accur-

188 3740 353 3806 ratis,
389 3739 583 3809 majori
613 3738 889 3794 alacritate
930 3747 1089 3808 atque
1129 3736 1303 3793 studio
1334 3735 1417 3792 his
1441 3751 1659 3808 operam
1686 3734 1785 3790 ad-

189 3830 393 3886 hibent.
431 3831 545 3886 Hoc
573 3839 750 3886 autem
778 3831 898 3886 dico
922 3871 936 3894 ,
976 3846 1081 3885 non
1110 3840 1169 3885 ut
1208 3830 1329 3885 illos
1353 3845 1383 3884 a
1411 3829 1638 3885 crimine
1664 3829 1785 3883 vin-

190 3925 400 3989 dicent;
433 3924 527 3979 sed
551 3934 605 3979 ut
621 3923 839 3980 discatis
858 3937 954 3977 vos
979 3938 1096 3979 esse
1115 3924 1202 3993 qui
1222 3922 1521 3993 hujusmodi
1540 3921 1788 3991 nequitia:

190 4016 516 4087 principium
540 4024 593 4070 et
614 4014 845 4073 radicem
868 4014 1312 4081 subministratis,
1341 4014 1430 4085 qni
1454 4023 1616 4069 totam
1645 4012 1787 4068 diem

196 4109 279 4163 bis
310 4110 363 4163 in
396 4108 561 4163 rebus
589 4108 877 4174 insumitis,
908 4107 1187 4163 honestum
1215 4107 1443 4176 c0njngii
1468 4116 1661 4161 statum
1677 4115 1788 4160 -tra~

194 4199 492 4265 ducentes,
565 4206 621 4252 et
676 4197 985 4269 mysterium
1048 4212 1299 4267 magnum
1352 4197 1783 4252 dehonestantes.

196 4290 380 4360 Neque
410 4291 555 4345 enim
586 4289 773 4344 histrio
802 4289 893 4343 ille
922 4291 991 4343 ita
1017 4288 1306 4358 delinquit,
1336 4298 1392 4342 ut
1432 4299 1515 4352 tu,
1558 4289 1647 4358 qui
1679 4289 1790 4345 hate

196 4383 306 4437 fieri
342 4382 543 4450 jubes;
585 4382 692 4435 imo
722 4396 821 4435 nec
854 4381 1013 4449 jnbes
1042 4379 1238 4448 modo,
1280 4378 1375 4436 sed
1419 4380 1579 4435 etiam
1608 4393 1790 4436 curam

194 4474 451 4537 adhibes,
483 4472 714 4539 hetaris,
747 4473 921 4535 rides,
965 4472 1257 4542 laudasilue
1287 4470 1591 4540 hujusmodi
1633 4486 1788 4541 spec-

196 4567 367 4622 tacula
389 4608 406 4630 ,
456 4566 710 4636 omnique
742 4564 899 4620 modo
927 4564 1063 4621 hanc
1101 4564 1247 4620 foves
1275 4564 1576 4619 daemonum
1617 4562 1790 4617 offici-

199 4674 346 4713 nam.
376 4658 708 4725 Quibusnam
730 4698 745 4719 ,
777 4672 958 4726 quaeso
978 4699 992 4721 ,
1030 4656 1198 4711 oculis
1225 4670 1445 4710 morem
1475 4664 1616 4709 tnant
1647 4653 1791 4708 domi

199 4760 380 4820 postea
410 4748 651 4815 videbis,
679 4764 836 4818 quam
861 4747 930 4802 ibi
960 4747 1132 4801 vidisti
1162 4746 1482 4803 contumelia
1510 4744 1792 4799 affectam?

199 4840 473 4911 quomodo
497 4855 602 4895 non
632 4839 904 4895 erubescis
930 4838 1054 4895 dum
1081 4838 1319 4909 conjugis
1341 4847 1444 4892 tua:
1471 4836 1793 4904 recordaris,

195 4950 313 4989 cum
344 4933 417 4988 ibi
450 4948 643 4987 Sexum
673 4932 788 5001 ejus
812 4929 1150 4987 dehonestari
1180 4929 1417 4984 videris?

263 5025 317 5080 8.
359 5022 443 5079 Ne
467 5023 597 5078 mihi
624 5023 846 5086 dixeris,
874 5039 985 5079 rem
1014 5022 1316 5078 simulatam
1344 5030 1399 5076 et
1425 5021 1788 5077 ltistrionicam

196 5115 306 5172 haec
332 5131 460 5174 esse
493 5134 505 5171 :
543 5117 659 5172 hcce
685 5116 831 5172 enim
862 5115 1170 5172 histrionica
1202 5113 1397 5170 multos
1434 5113 1609 5171 effecit
1638 5114 1788 5169 adul-

1872 444 2053 500 teros,
2094 433 2394 502 multasque
2434 430 2660 486 familias
2697 430 2908 486 evertit.
2948 429 3178 500 ideoque
3218 430 3450 486 maxime

1868 543 2045 598 gemo,
2074 526 2215 597 quod
2246 525 2376 580 illud
2402 540 2470 580 ne
2492 524 2686 579 malum
2713 524 2929 595 quidem
2959 524 3109 578 vobis
3134 538 3253 578 esse
3273 523 3454 578 videa-

1868 628 1975 685 tur,
2007 619 2099 674 sed
2144 618 2395 688 plausus,
2436 617 2659 684 clamor,
2702 618 2840 671 risus
2881 617 3078 670 multus
3114 615 3449 680 adhibeatur,

1868 710 1995 764 dum
2026 709 2272 765 adulterii
2299 708 2600 779 hujusmodi
2626 708 2984 778 spectaculum
3015 706 3205 761 offerre
3231 705 3448 761 audent.

1867 804 2005 870 Quid
2035 804 2171 860 dicis
2197 820 2259 860 ea
2294 820 2414 860 esse
2456 804 2814 858 histrionieam
2855 802 3287 857 simulationem?
3328 800 3453 855 Ideo

1868 897 1941 951 illi
1972 898 2239 952 sexcentis
2265 896 2537 967 suppliciis
2567 895 2709 965 digni
2752 904 2909 959 sunt,
2950 893 3200 965 quoniam
3240 908 3301 947 ea
3333 900 3452 962 quae

1870 986 2015 1056 leges
2052 1002 2239 1042 omnes
2276 988 2444 1043 vitare
2478 987 2701 1054 jubent,
2747 986 2932 1041 eadem
2974 985 3071 1055 ipsi
3104 985 3293 1040 imitari
3334 993 3450 1038 stu-

1868 1077 2017 1132 dent.
2048 1077 2181 1132 Nam
2200 1079 2244 1132 si
2272 1077 2467 1132 malum
2489 1086 2571 1133 est
2590 1076 2738 1143 illud,
2766 1078 2881 1145 ejus
2906 1084 2989 1131 est
3014 1090 3221 1145 quoque
3249 1089 3450 1143 reprae-

1868 1168 2096 1224 sentatio
2125 1168 2286 1223 mala.
2319 1168 2562 1223 Nondum
2589 1168 2732 1234 dico,
2763 1177 2893 1238 quot
2921 1167 3191 1223 adulteros
3217 1167 3453 1223 efficiant

1868 1259 2175 1316 histrioniea
2202 1259 2503 1329 hujusmodi
2531 1259 2778 1313 adulterii
2807 1259 3105 1328 spectacula
3127 1300 3141 1324 ,
3167 1274 3325 1328 quam
3355 1272 3450 1326 pe-

1866 1349 2099 1407 tulantes
2143 1351 2584 1421 impudentesque
2628 1350 2861 1406 efficiant
2905 1360 3263 1420 spectatores;
3322 1350 3451 1403 nihil

1866 1443 2008 1498 enim
2052 1442 2333 1509 lascivius,
2381 1442 2512 1497 nihil
2552 1442 2876 1512 petulantius
2912 1442 3098 1509 oculo,
3140 1442 3225 1512 qui
3270 1441 3453 1511 hujus-

1867 1532 2014 1589 modi
2057 1534 2360 1605 speetaeula
2389 1534 2532 1590 ferre
2561 1534 2747 1605 possit.
2794 1534 2872 1588 Tu
2914 1548 3045 1589 vero
3086 1534 3137 1587 in
3178 1532 3292 1587 foro
3333 1533 3453 1602 qui.

1866 1624 1989 1680 dem
2007 1624 2202 1681 nudam
2217 1626 2491 1681 mulierem
2510 1625 2750 1694 aspicere
2771 1625 2906 1679 ttolis
2925 1640 2938 1690 ;
2961 1613 3067 1679 imo
3086 1640 3255 1691 neque
3268 1624 3411 1679 domi
3434 1644 3448 1679 :

1866 1731 1980 1772 rem
2000 1716 2141 1772 enim
2163 1715 2464 1786 hujusmodi
2491 1716 2863 1772 contumeliam
2888 1730 3044 1769 vocas
3069 1732 3082 1768 :
3110 1715 3161 1769 in
3186 1714 3449 1770 theatrum

1869 1819 2044 1865 tamen
2073 1809 2352 1875 ascendis,
2391 1816 2449 1864 ut
2484 1824 2767 1865 commune
2791 1823 2957 1878 genus
2996 1809 3228 1863 virorum
3265 1808 3453 1861 mulie-

1867 1915 2092 1971 rumque
2114 1901 2435 1957 contumelia
2461 1900 2686 1967 afficias,
2712 1899 2999 1970 oculosque
3021 1909 3137 1955 tuos
3164 1899 3453 1968 deturpes?

1868 1992 1945 2049 Ne
1974 1993 2103 2049 mihi
2132 1993 2333 2049 dixeris
2363 1993 2639 2048 mulierem
2671 1992 2813 2047 illam
2850 1992 3046 2047 nudam
3067 2034 3083 2060 ,
3119 2007 3237 2047 esse
3276 2007 3451 2047 mere-

1870 2086 2087 2154 tricem;
2118 2088 2298 2159 utique
2329 2087 2468 2142 idem
2500 2087 2615 2157 ipse
2642 2100 2821 2151 sexus,
2852 2085 2991 2141 idem
3016 2099 3213 2156 corpus
3237 2095 3318 2140 est
3340 2100 3453 2140 me-

1869 2178 2076 2234 retricis
2114 2187 2169 2234 et
2198 2179 2399 2234 liberat.
2421 2177 2477 2235 Si
2506 2178 2649 2235 enim
2671 2177 2911 2234 obscatni
2938 2176 3069 2231 nihil
3092 2192 3154 2231 ea
3186 2176 3238 2231 in
3265 2191 3327 2232 re
3348 2185 3450 2241 est,

1870 2285 1966 2326 cur
1992 2285 2112 2325 eum
2144 2270 2197 2325 in
2227 2269 2344 2325 foro
2365 2270 2552 2325 eadem
2578 2270 2693 2340 ipsa
2712 2268 2912 2325 videris
2930 2310 2944 2334 ,
2968 2269 3145 2324 statim
3176 2268 3367 2333 resilis,
3398 2275 3455 2323 et

1870 2360 2284 2417 inverecundam
2319 2360 2584 2431 depellis?
2616 2375 2686 2415 an
2714 2376 2833 2416 cum
2864 2359 3114 2430 disjuncti
3143 2374 3358 2424 sumus,
3398 2358 3451 2414 id

1868 2454 2180 2510 obsemnum
2210 2463 2325 2519 est;
2353 2469 2472 2509 eum
2502 2462 2679 2508 autem
2705 2453 3009 2523 congregati
3037 2468 3139 2507 una
3165 2451 3411 2507 sedemus
3432 2491 3448 2517 ,

1869 2559 1974 2599 non
2005 2543 2223 2614 perinde
2250 2553 2401 2614 turpe
2430 2544 2552 2600 est?
2584 2543 2781 2598 Verum
2814 2543 2915 2598 hoc
2954 2542 3232 2598 ridiculum
3271 2555 3333 2595 ac
3359 2540 3454 2595 de-

1868 2637 2031 2693 decus
2056 2646 2170 2702 est,
2199 2645 2253 2692 et
2279 2636 2394 2691 haec
2421 2634 2581 2691 verba
2609 2643 2901 2691 extremam
2933 2650 3040 2705 pra:
3068 2650 3127 2689 se
3160 2632 3332 2690 ferunt
3357 2633 3451 2688 de-

1868 2729 2121 2785 mentiam
2165 2747 2179 2784 :
2221 2728 2516 2799 meliusque
2558 2735 2702 2783 esset
2740 2742 2897 2783 coeno
2925 2736 3083 2798 atque
3120 2727 3233 2781 into
3266 2725 3450 2781 oculos

1867 2828 2137 2893 oblinere,
2167 2840 2322 2896 quam
2355 2825 2425 2879 ita
2454 2823 2647 2880 foedam
2675 2834 2729 2879 et
2759 2823 2993 2893 iniquam
3024 2837 3136 2876 rem
3179 2831 3443 2891 spectare.

1867 2918 2049 2991 Neque
2078 2918 2219 2973 enim
2249 2925 2450 2972 tantum
2477 2915 2656 2970 damni
2684 2913 2839 2970 oculo
2866 2912 3025 2967 infert
3048 2912 3248 2979 lutum,
3275 2926 3447 2982 quan-

1870 3020 1978 3064 tum
2007 3010 2233 3065 lascivus
2260 3015 2508 3079 aspectus
2532 3014 2587 3061 et
2612 3004 2767 3061 nudae
2800 3004 3038 3059 mulieris
3062 3003 3444 3073 spectaculum.

1867 3101 2006 3157 Audi
2040 3102 2197 3172 igitur
2225 3099 2350 3171 quid
2381 3097 2671 3153 nuditatem
2701 3097 2769 3153 ab
2799 3096 2950 3151 initio
2975 3094 3177 3160 fecerit,
3208 3105 3259 3150 et
3290 3102 3450 3169 tanta:

1870 3192 2211 3265 turpitudinis
2236 3192 2492 3246 rationem
2516 3198 2714 3245 metue.
2743 3187 2878 3256 Quid
2909 3202 3037 3258 ergo
3061 3186 3350 3241 nuditatem
3373 3185 3449 3239 ef-

1870 3286 2029 3342 fecit?
2061 3285 2419 3341 lnobedientia
2453 3293 2507 3339 et
2537 3283 2731 3338 diaboli
2774 3281 2999 3336 insidize.
3045 3280 3134 3335 Sic
3169 3279 3279 3349 jam
3321 3278 3449 3334 olim

1871 3391 1924 3434 et
1951 3380 2018 3435 ab
2045 3379 2193 3433 initio
2220 3377 2320 3433 hoc
2349 3376 2464 3446 ejus
2489 3375 2584 3431 fuit
2609 3374 2863 3431 studium.
2896 3373 3087 3428 Verum
3118 3371 3235 3425 illos
3259 3370 3449 3426 saltem

1872 3470 2104 3542 pudebat
2128 3469 2268 3540 quod
2295 3467 2419 3523 nudi
2448 3472 2629 3522 essent
2655 3482 2670 3522 :
2702 3480 2798 3520 vos
2827 3472 3001 3518 autem
3026 3461 3075 3515 id
3097 3460 3275 3517 decori
3302 3459 3451 3513 vobis

1872 3578 1992 3619 esse
2008 3562 2221 3633 putatis,
2241 3560 2529 3616 secundum
2542 3557 2667 3613 illud
2681 3553 3156 3625 apostoli,Gloriam
3173 3552 3223 3605 in
3241 3552 3451 3621 turpitu-

1872 3654 1991 3709 dine
2016 3653 2250 3708 habentes
2276 3650 2549 3723 (Philipp.
2580 3650 2634 3704 5.
2667 3644 2789 3734 i9).
2820 3644 3022 3714 Quibus
3047 3658 3175 3713 ergo
3201 3652 3254 3697 te
3285 3641 3453 3696 oculis

1873 3760 2009 3803 uxor
2046 3745 2297 3815 aspiciet,
2332 3758 2363 3797 a
2394 3752 2499 3797 tam
2539 3741 2719 3811 iniquo
2758 3737 3063 3809 spectaculo
3110 3734 3455 3791 redeuutem?

1874 3837 2143 3910 quomodo
2168 3846 2218 3891 te
2238 3834 2496 3905 recipiet?
2522 3831 2712 3903 quibus
2734 3839 2784 3885 te
2804 3829 2980 3885 verbis
3007 3828 3325 3898 alloquetur,
3364 3841 3454 3895 qut

1874 3927 2190 3984 muliebrem
2218 3940 2403 3981 sexum
2427 3933 2594 3979 totum
2622 3924 2692 3978 ita
2718 3920 3173 3982 dehonestaveris,
3199 3929 3253 3973 et
3273 3933 3339 3973 ex
3367 3918 3455 3972 tali

1875 4022 2179 4093 spectaculo
2204 4018 2449 4091 captivus
2476 4025 2530 4072 et
2568 4030 2752 4071 servus
2777 4013 3075 4069 meretricis
3098 4010 3318 4066 effectus
3336 4009 3457 4064 sis?

1876 4115 1935 4173 Si
1964 4115 2079 4171 hzec
2102 4114 2378 4169 audientes
2405 4108 2597 4167 doletis
2616 4149 2630 4174 ,
2661 4107 2885 4179 gratiam
2912 4104 3062 4160 vobis
3093 4103 3263 4158 habeo
3293 4101 3459 4155 maxi-

1876 4226 2039 4266 mam.
2088 4208 2215 4276 Quis
2261 4206 2392 4260 enim
2437 4212 2509 4258 est
2558 4201 2644 4272 qui
2677 4216 2755 4254 me
2774 4198 3014 4267 lwtiﬁcet,
3055 4195 3154 4250 nisi
3191 4195 3235 4248 is
3285 4193 3372 4264 qui
3398 4193 3459 4246 ob

1878 4304 2014 4357 dicta
2043 4318 2151 4355 mea
2178 4295 2510 4366 tristatur(2.
2541 4294 2665 4348 Cor.
2695 4291 2750 4345 2.
2781 4290 2892 4360 2)?
2932 4288 3010 4344 Ne
3047 4286 3268 4343 cessetis
3302 4285 3461 4354 igitur

1877 4395 1946 4451 de
1976 4393 2057 4450 his
2086 4393 2356 4463 ingemere
2375 4396 2430 4442 et
2450 4385 2678 4441 morderi
2714 4401 2727 4437 :
2756 4396 2875 4436 nam
2904 4379 3057 4434 dolor
3080 4378 3148 4433 de
3175 4376 3338 4432 rebus
3363 4374 3462 4429 htt-

1874 4486 2106 4560 jusmodi
2127 4482 2441 4555 principium
2461 4477 2609 4532 vobis
2626 4475 2727 4531 erit
2743 4470 3111 4530 conversionis
3129 4469 3195 4523 ad
3218 4467 3459 4523 meliora.

1887 4580 2115 4649 ideoque
2144 4569 2528 4631 vehementiori
2558 4580 2805 4623 sermone
2829 4580 2945 4619 sum
2973 4576 3117 4628 usus,
3140 4570 3200 4616 ut
3219 4574 3313 4629 per
3339 4572 3461 4628 pro-

1881 4672 2175 4728 fundiorem
2213 4666 2524 4722 incisionem
2558 4677 2587 4715 a
2625 4657 2902 4731 putredine
2931 4655 3019 4710 illa
3055 4653 3462 4709 temulentorum

1881 4766 2154 4820 hominum
2181 4774 2275 4815 vos
2305 4758 2610 4818 liberarem,
2636 4758 2689 4807 et
2708 4748 2774 4804 ad
2793 4762 2975 4819 puram
2994 4744 3157 4799 animi
3178 4741 3459 4797 sanitatem

1884 4857 2192 4913 reducerem
2233 4869 2246 4908 :
2287 4864 2389 4921 qua
2420 4846 2620 4902 utinam
2652 4858 2748 4897 nos
2775 4852 2963 4895 omnes
2994 4852 3087 4906 per
3115 4834 3290 4889 omnia
3321 4831 3461 4885 frua-

1884 4966 2022 5015 ntur,
2050 4956 2103 5003 et
2131 4942 2348 5018 prtemia
2376 4938 2532 4995 bonis
2558 4936 2764 4991 actibus
2791 4930 3019 5001 reposita
3048 4937 3467 5018 consequamur,

1884 5012 2051 5114 gratia
2078 5012 2525 5093 ermiserieordia
2555 5025 2760 5082 Domini
2787 5021 2951 5077 nostri
2979 5019 3104 5074 Jesu
3130 5013 3349 5078 Christi,
3373 5012 3460 5066 cui

1889 5110 2058 5205 gloria
2087 5140 2140 5188 et
2168 5127 2449 5201 imperiunt
2483 5128 2536 5180 in
2565 5119 2758 5178 saecula
2788 5113 3124 5173 saeculorum.
3158 5110 3349 5166 Amen.
