  <div class='ocr_page' id='page_1' title='image "/cluster/home/n/w/nwhite01/storage/ocr_20150623/57-58/hvd.32044012465811/087.png"; bbox 0 0 3832 6178; ppageno 0'>
   <div class='ocr_carea' id='block_1_1' title="bbox 378 270 3638 338">
    <p class='ocr_par' dir='ltr' id='par_1_1' title="bbox 378 270 3638 338">
     <span class='ocr_line' id='line_1_1' title="bbox 378 270 3638 338; baseline -0.002 -1"><span class='ocrx_word' id='word_1_1' title='bbox 378 274 445 328; x_wconf 77' lang='lat'><strong>75</strong></span> <span class='ocrx_word' id='word_1_2' title='bbox 1100 280 1159 338; x_wconf 90' lang='lat' dir='ltr'><strong>S.</strong></span> <span class='ocrx_word' id='word_1_3' title='bbox 1197 278 1476 338; x_wconf 78' lang='lat' dir='ltr'><strong>JOANNIS</strong></span> <span class='ocrx_word' id='word_1_4' title='bbox 1511 276 1985 337; x_wconf 75' lang='lat' dir='ltr'><strong>CliRYSOSTOMI</strong></span> <span class='ocrx_word' id='word_1_5' title='bbox 2024 277 2345 334; x_wconf 70' lang='lat' dir='ltr'><strong>ARCHIEP.</strong></span> <span class='ocrx_word' id='word_1_6' title='bbox 2376 275 2912 336; x_wconf 81' lang='lat' dir='ltr'><strong>CONSTANTINOP.</strong></span> <span class='ocrx_word' id='word_1_7' title='bbox 3572 270 3638 325; x_wconf 71' lang='grc'><strong>74</strong></span> 
     </span>
    </p>
   </div>
   <div class='ocr_carea' id='block_1_2' title="bbox 380 471 785 486">
    <p class='ocr_par' dir='ltr' id='par_1_2' title="bbox 380 471 785 486">
     <span class='ocr_line' id='line_1_2' title="bbox 380 471 785 486; baseline -0.002 -3"><span class='ocrx_word' id='word_1_8' title='bbox 380 471 785 486; x_wconf 66' lang='lat'><strong>.—-———-—_</strong></span> 
     </span>
    </p>
   </div>
   <div class='ocr_carea' id='block_1_3' title="bbox 791 469 3633 497">
    <p class='ocr_par' dir='ltr' id='par_1_3' title="bbox 791 469 3633 497">
     <span class='ocr_line' id='line_1_3' title="bbox 791 469 3633 497; baseline -0.001 -14"><span class='ocrx_word' id='word_1_9' title='bbox 791 469 3633 497; x_wconf 75' lang='lat'><strong>_____.___________________________________________.</strong></span> 
     </span>
    </p>
   </div>
   <div class='ocr_carea' id='block_1_4' title="bbox 1743 837 2264 903">
    <p class='ocr_par' dir='ltr' id='par_1_4' title="bbox 1743 837 2264 903">
     <span class='ocr_line' id='line_1_4' title="bbox 1743 837 2264 903; baseline 0.012 -6"><span class='ocrx_word' id='word_1_10' title='bbox 1743 837 2084 900; x_wconf 80' lang='lat' dir='ltr'><strong>HOMILIA</strong></span> <span class='ocrx_word' id='word_1_11' title='bbox 2137 840 2264 903; x_wconf 73' lang='grc' dir='ltr'><strong>ΠΙ.</strong></span> 
     </span>
    </p>
   </div>
   <div class='ocr_carea' id='block_1_5' title="bbox 364 1202 1949 1280">
    <p class='ocr_par' dir='ltr' id='par_1_5' title="bbox 364 1202 1949 1280">
     <span class='ocr_line' id='line_1_5' title="bbox 364 1202 1949 1280; baseline -0.006 -15"><span class='ocrx_word' id='word_1_12' title='bbox 364 1211 488 1265; x_wconf 59' lang='lat' dir='ltr'><strong>Cap.</strong></span> <span class='ocrx_word' id='word_1_13' title='bbox 518 1209 583 1264; x_wconf 90' lang='lat' dir='ltr'><strong>ll.</strong></span> <span class='ocrx_word' id='word_1_14' title='bbox 612 1224 664 1263; x_wconf 90' lang='lat' dir='ltr'><strong>v.</strong></span> <span class='ocrx_word' id='word_1_15' title='bbox 698 1209 750 1263; x_wconf 75' lang='grc'><strong>4.</strong></span> <span class='ocrx_word' id='word_1_16' title='bbox 786 1207 851 1262; x_wconf 80' lang='lat' dir='ltr'><strong>Et</strong></span> <span class='ocrx_word' id='word_1_17' title='bbox 891 1225 1202 1280; x_wconf 76' lang='lat' dir='ltr'><strong>congregans</strong></span> <span class='ocrx_word' id='word_1_18' title='bbox 1229 1222 1400 1263; x_wconf 88' lang='lat' dir='ltr'><strong>omnes</strong></span> <span class='ocrx_word' id='word_1_19' title='bbox 1426 1202 1676 1274; x_wconf 85' lang='lat' dir='ltr'><strong>principes</strong></span> <span class='ocrx_word' id='word_1_20' title='bbox 1711 1202 1949 1257; x_wconf 80' lang='lat' dir='ltr'><strong>sacerdo-</strong></span> 
     </span>
    </p>
   </div>
   <div class='ocr_carea' id='block_1_6' title="bbox 438 1295 1951 1374">
    <p class='ocr_par' dir='ltr' id='par_1_6' title="bbox 438 1295 1951 1374">
     <span class='ocr_line' id='line_1_6' title="bbox 438 1295 1951 1374; baseline -0.005 -17"><span class='ocrx_word' id='word_1_21' title='bbox 438 1314 544 1357; x_wconf 87' lang='lat' dir='ltr'><strong>tum</strong></span> <span class='ocrx_word' id='word_1_22' title='bbox 574 1312 620 1358; x_wconf 91' lang='lat' dir='ltr'><strong>et</strong></span> <span class='ocrx_word' id='word_1_23' title='bbox 658 1304 847 1358; x_wconf 88' lang='lat' dir='ltr'><strong>scribas</strong></span> <span class='ocrx_word' id='word_1_24' title='bbox 874 1304 1049 1374; x_wconf 81' lang='lat' dir='ltr'><strong>populi</strong></span> <span class='ocrx_word' id='word_1_25' title='bbox 1069 1344 1084 1367; x_wconf 93' lang='lat'><strong>,</strong></span> <span class='ocrx_word' id='word_1_26' title='bbox 1115 1302 1459 1357; x_wconf 80' lang='lat' dir='ltr'><strong>sciscuabatur</strong></span> <span class='ocrx_word' id='word_1_27' title='bbox 1488 1298 1549 1351; x_wconf 90' lang='lat' dir='ltr'><strong>ab</strong></span> <span class='ocrx_word' id='word_1_28' title='bbox 1578 1298 1648 1351; x_wconf 85' lang='lat' dir='ltr'><strong>eis</strong></span> <span class='ocrx_word' id='word_1_29' title='bbox 1685 1297 1770 1350; x_wconf 83' lang='lat' dir='ltr'><strong>ubi</strong></span> <span class='ocrx_word' id='word_1_30' title='bbox 1796 1295 1951 1350; x_wconf 69' lang='lat' dir='ltr'><strong>Clari-</strong></span> 
     </span>
    </p>
   </div>
   <div class='ocr_carea' id='block_1_7' title="bbox 437 1387 1950 1450">
    <p class='ocr_par' dir='ltr' id='par_1_7' title="bbox 437 1387 1950 1450">
     <span class='ocr_line' id='line_1_7' title="bbox 437 1387 1950 1450; baseline -0.006 -2"><span class='ocrx_word' id='word_1_31' title='bbox 437 1405 546 1449; x_wconf 87' lang='lat' dir='ltr'><strong>stus</strong></span> <span class='ocrx_word' id='word_1_32' title='bbox 575 1405 882 1450; x_wconf 80' lang='lat' dir='ltr'><strong>nasceretur.</strong></span> <span class='ocrx_word' id='word_1_33' title='bbox 913 1394 969 1449; x_wconf 83' lang='lat'><strong>5.</strong></span> <span class='ocrx_word' id='word_1_34' title='bbox 991 1393 1057 1447; x_wconf 87' lang='lat' dir='ltr'><strong>At</strong></span> <span class='ocrx_word' id='word_1_35' title='bbox 1091 1393 1169 1447; x_wconf 85' lang='lat' dir='ltr'><strong>illi</strong></span> <span class='ocrx_word' id='word_1_36' title='bbox 1192 1392 1427 1446; x_wconf 74' lang='lat' dir='ltr'><strong>dixerunt</strong></span> <span class='ocrx_word' id='word_1_37' title='bbox 1453 1390 1498 1443; x_wconf 85' lang='lat' dir='ltr'><strong>ei</strong></span> <span class='ocrx_word' id='word_1_38' title='bbox 1525 1404 1543 1443; x_wconf 92' lang='lat'><strong><em>:</em></strong></span> <span class='ocrx_word' id='word_1_39' title='bbox 1580 1388 1631 1442; x_wconf 86' lang='lat' dir='ltr'><strong>in</strong></span> <span class='ocrx_word' id='word_1_40' title='bbox 1658 1387 1950 1443; x_wconf 79' lang='lat' dir='ltr'><strong>Bethlehem</strong></span> 
     </span>
    </p>
   </div>
   <div class='ocr_carea' id='block_1_8' title="bbox 434 1484 654 1539">
    <p class='ocr_par' dir='ltr' id='par_1_8' title="bbox 434 1484 654 1539">
     <span class='ocr_line' id='line_1_8' title="bbox 434 1484 654 1539; baseline 0 0"><span class='ocrx_word' id='word_1_41' title='bbox 434 1484 464 1539; x_wconf 70' lang='grc' dir='ltr'><strong>,Ι</strong></span> <span class='ocrx_word' id='word_1_42' title='bbox 473 1486 654 1539; x_wconf 71' lang='lat' dir='ltr'><strong>ttdtea’.</strong></span> 
     </span>
    </p>
   </div>
   <div class='ocr_carea' id='block_1_9' title="bbox 437 1571 1947 1633">
    <p class='ocr_par' dir='ltr' id='par_1_9' title="bbox 437 1571 1947 1633">
     <span class='ocr_line' id='line_1_9' title="bbox 437 1571 1947 1633; baseline -0.005 -1"><span class='ocrx_word' id='word_1_43' title='bbox 437 1580 490 1632; x_wconf 77' lang='lat' dir='ltr'><strong>i.</strong></span> <span class='ocrx_word' id='word_1_44' title='bbox 540 1576 780 1633; x_wconf 84' lang='lat' dir='ltr'><strong>Vidistin&#39;</strong></span> <span class='ocrx_word' id='word_1_45' title='bbox 828 1575 1006 1632; x_wconf 87' lang='lat' dir='ltr'><strong>omnia</strong></span> <span class='ocrx_word' id='word_1_46' title='bbox 1052 1574 1119 1629; x_wconf 91' lang='lat' dir='ltr'><strong>ad</strong></span> <span class='ocrx_word' id='word_1_47' title='bbox 1169 1572 1478 1629; x_wconf 63' lang='lat' dir='ltr'><strong>Judzeorum</strong></span> <span class='ocrx_word' id='word_1_48' title='bbox 1526 1571 1947 1627; x_wconf 80' lang='lat' dir='ltr'><strong>eonfutationem</strong></span> 
     </span>
    </p>
   </div>
   <div class='ocr_carea' id='block_1_10' title="bbox 365 1666 1949 1736">
    <p class='ocr_par' dir='ltr' id='par_1_10' title="bbox 365 1666 1949 1736">
     <span class='ocr_line' id='line_1_10' title="bbox 365 1666 1949 1736; baseline -0.004 -11"><span class='ocrx_word' id='word_1_49' title='bbox 365 1670 662 1725; x_wconf 82' lang='lat' dir='ltr'><strong>accidisse?</strong></span> <span class='ocrx_word' id='word_1_50' title='bbox 688 1668 951 1736; x_wconf 79' lang='lat' dir='ltr'><strong>Quamdiu</strong></span> <span class='ocrx_word' id='word_1_51' title='bbox 974 1666 1113 1722; x_wconf 89' lang='lat' dir='ltr'><strong>enim</strong></span> <span class='ocrx_word' id='word_1_52' title='bbox 1156 1682 1261 1721; x_wconf 91' lang='lat' dir='ltr'><strong>non</strong></span> <span class='ocrx_word' id='word_1_53' title='bbox 1292 1666 1540 1721; x_wconf 75' lang='lat' dir='ltr'><strong>videbant</strong></span> <span class='ocrx_word' id='word_1_54' title='bbox 1565 1680 1707 1732; x_wconf 87' lang='lat' dir='ltr'><strong>eum,</strong></span> <span class='ocrx_word' id='word_1_55' title='bbox 1741 1680 1841 1720; x_wconf 85' lang='lat' dir='ltr'><strong>nec</strong></span> <span class='ocrx_word' id='word_1_56' title='bbox 1867 1666 1949 1720; x_wconf 92' lang='lat' dir='ltr'><strong>in-</strong></span> 
     </span>
    </p>
   </div>
   <div class='ocr_carea' id='block_1_11' title="bbox 369 1760 1955 1833">
    <p class='ocr_par' dir='ltr' id='par_1_11' title="bbox 369 1760 1955 1833">
     <span class='ocr_line' id='line_1_11' title="bbox 369 1760 1955 1833; baseline -0.003 -16"><span class='ocrx_word' id='word_1_57' title='bbox 369 1765 508 1819; x_wconf 90' lang='lat' dir='ltr'><strong>vidia</strong></span> <span class='ocrx_word' id='word_1_58' title='bbox 537 1763 982 1833; x_wconf 76' lang='lat' dir='ltr'><strong>corripiebantur,</strong></span> <span class='ocrx_word' id='word_1_59' title='bbox 1013 1760 1314 1816; x_wconf 89' lang='lat' dir='ltr'><strong>testimonia</strong></span> <span class='ocrx_word' id='word_1_60' title='bbox 1341 1773 1467 1814; x_wconf 89' lang='lat' dir='ltr'><strong>vere</strong></span> <span class='ocrx_word' id='word_1_61' title='bbox 1494 1767 1549 1814; x_wconf 90' lang='lat' dir='ltr'><strong>et</strong></span> <span class='ocrx_word' id='word_1_62' title='bbox 1576 1767 1634 1813; x_wconf 91' lang='lat' dir='ltr'><strong>ut</strong></span> <span class='ocrx_word' id='word_1_63' title='bbox 1657 1766 1810 1814; x_wconf 90' lang='lat' dir='ltr'><strong>erant</strong></span> <span class='ocrx_word' id='word_1_64' title='bbox 1836 1773 1955 1825; x_wconf 86' lang='lat' dir='ltr'><strong>pro-</strong></span> 
     </span>
    </p>
   </div>
   <div class='ocr_carea' id='block_1_12' title="bbox 370 1848 1956 1920">
    <p class='ocr_par' dir='ltr' id='par_1_12' title="bbox 370 1848 1956 1920">
     <span class='ocr_line' id='line_1_12' title="bbox 370 1848 1956 1920; baseline -0.004 -11"><span class='ocrx_word' id='word_1_65' title='bbox 370 1854 614 1909; x_wconf 79' lang='lat' dir='ltr'><strong>ferebant</strong></span> <span class='ocrx_word' id='word_1_66' title='bbox 646 1870 659 1906; x_wconf 90' lang='lat'><strong>:</strong></span> <span class='ocrx_word' id='word_1_67' title='bbox 691 1853 778 1906; x_wconf 90' lang='lat' dir='ltr'><strong>ubi</strong></span> <span class='ocrx_word' id='word_1_68' title='bbox 820 1861 999 1907; x_wconf 87' lang='lat' dir='ltr'><strong>autem</strong></span> <span class='ocrx_word' id='word_1_69' title='bbox 1045 1850 1294 1905; x_wconf 89' lang='lat' dir='ltr'><strong>viderunt</strong></span> <span class='ocrx_word' id='word_1_70' title='bbox 1336 1850 1559 1920; x_wconf 78' lang='lat' dir='ltr'><strong>gloriam</strong></span> <span class='ocrx_word' id='word_1_71' title='bbox 1590 1864 1654 1904; x_wconf 86' lang='lat' dir='ltr'><strong>ex</strong></span> <span class='ocrx_word' id='word_1_72' title='bbox 1687 1848 1956 1903; x_wconf 85' lang='lat' dir='ltr'><strong>miraculis</strong></span> 
     </span>
    </p>
   </div>
   <div class='ocr_carea' id='block_1_13' title="bbox 371 1940 1958 2015">
    <p class='ocr_par' dir='ltr' id='par_1_13' title="bbox 371 1940 1958 2015">
     <span class='ocr_line' id='line_1_13' title="bbox 371 1940 1958 2015; baseline -0.002 -16"><span class='ocrx_word' id='word_1_73' title='bbox 371 1955 610 2015; x_wconf 87' lang='lat' dir='ltr'><strong>partam,</strong></span> <span class='ocrx_word' id='word_1_74' title='bbox 645 1943 840 1999; x_wconf 80' lang='lat' dir='ltr'><strong>invidia</strong></span> <span class='ocrx_word' id='word_1_75' title='bbox 870 1942 1084 1998; x_wconf 91' lang='lat' dir='ltr'><strong>demum</strong></span> <span class='ocrx_word' id='word_1_76' title='bbox 1114 1941 1377 2011; x_wconf 88' lang='lat' dir='ltr'><strong>correpti,</strong></span> <span class='ocrx_word' id='word_1_77' title='bbox 1411 1942 1684 1996; x_wconf 71' lang='lat' dir='ltr'><strong>veritatem</strong></span> <span class='ocrx_word' id='word_1_78' title='bbox 1713 1940 1958 2009; x_wconf 86' lang='lat' dir='ltr'><strong>prodide-</strong></span> 
     </span>
    </p>
   </div>
   <div class='ocr_carea' id='block_1_14' title="bbox 369 2032 1957 2097">
    <p class='ocr_par' dir='ltr' id='par_1_14' title="bbox 369 2032 1957 2097">
     <span class='ocr_line' id='line_1_14' title="bbox 369 2032 1957 2097; baseline -0.003 -6"><span class='ocrx_word' id='word_1_79' title='bbox 369 2045 512 2091; x_wconf 90' lang='lat' dir='ltr'><strong>runt.</strong></span> <span class='ocrx_word' id='word_1_80' title='bbox 537 2035 644 2090; x_wconf 87' lang='lat' dir='ltr'><strong>Sed</strong></span> <span class='ocrx_word' id='word_1_81' title='bbox 675 2034 876 2089; x_wconf 84' lang='lat' dir='ltr'><strong>veritas</strong></span> <span class='ocrx_word' id='word_1_82' title='bbox 898 2035 948 2088; x_wconf 93' lang='lat' dir='ltr'><strong>in</strong></span> <span class='ocrx_word' id='word_1_83' title='bbox 971 2033 1218 2088; x_wconf 89' lang='lat' dir='ltr'><strong>omnibus</strong></span> <span class='ocrx_word' id='word_1_84' title='bbox 1240 2033 1525 2097; x_wconf 85' lang='lat' dir='ltr'><strong>eminebat,</strong></span> <span class='ocrx_word' id='word_1_85' title='bbox 1557 2041 1609 2086; x_wconf 91' lang='lat' dir='ltr'><strong>et</strong></span> <span class='ocrx_word' id='word_1_86' title='bbox 1634 2032 1702 2086; x_wconf 88' lang='lat' dir='ltr'><strong>ab</strong></span> <span class='ocrx_word' id='word_1_87' title='bbox 1728 2032 1957 2087; x_wconf 86' lang='lat' dir='ltr'><strong>inimicis</strong></span> 
     </span>
    </p>
   </div>
   <div class='ocr_carea' id='block_1_15' title="bbox 370 2123 1956 2198">
    <p class='ocr_par' dir='ltr' id='par_1_15' title="bbox 370 2123 1956 2198">
     <span class='ocr_line' id='line_1_15' title="bbox 370 2123 1956 2198; baseline -0.001 -17"><span class='ocrx_word' id='word_1_88' title='bbox 370 2128 539 2198; x_wconf 85' lang='lat' dir='ltr'><strong>magis</strong></span> <span class='ocrx_word' id='word_1_89' title='bbox 575 2126 848 2197; x_wconf 81' lang='lat' dir='ltr'><strong>magisque</strong></span> <span class='ocrx_word' id='word_1_90' title='bbox 874 2125 1324 2196; x_wconf 86' lang='lat' dir='ltr'><strong>promulgabatur.</strong></span> <span class='ocrx_word' id='word_1_91' title='bbox 1371 2124 1467 2179; x_wconf 82' lang='lat' dir='ltr'><strong>llic</strong></span> <span class='ocrx_word' id='word_1_92' title='bbox 1498 2123 1623 2177; x_wconf 86' lang='lat' dir='ltr'><strong>mihi</strong></span> <span class='ocrx_word' id='word_1_93' title='bbox 1652 2123 1773 2179; x_wconf 83' lang='lat' dir='ltr'><strong>vide</strong></span> <span class='ocrx_word' id='word_1_94' title='bbox 1796 2139 1956 2195; x_wconf 88' lang='lat' dir='ltr'><strong>quam</strong></span> 
     </span>
    </p>
   </div>
   <div class='ocr_carea' id='block_1_16' title="bbox 369 2217 1956 2290">
    <p class='ocr_par' dir='ltr' id='par_1_16' title="bbox 369 2217 1956 2290">
     <span class='ocr_line' id='line_1_16' title="bbox 369 2217 1956 2290; baseline -0.003 -15"><span class='ocrx_word' id='word_1_95' title='bbox 369 2221 527 2286; x_wconf 85' lang='lat' dir='ltr'><strong>mira.</strong></span> <span class='ocrx_word' id='word_1_96' title='bbox 557 2235 715 2290; x_wconf 90' lang='lat' dir='ltr'><strong>quam</strong></span> <span class='ocrx_word' id='word_1_97' title='bbox 745 2218 1006 2288; x_wconf 89' lang='lat' dir='ltr'><strong>stupenda</strong></span> <span class='ocrx_word' id='word_1_98' title='bbox 1030 2217 1426 2288; x_wconf 86' lang='lat' dir='ltr'><strong>provideantur.</strong></span> <span class='ocrx_word' id='word_1_99' title='bbox 1446 2217 1653 2273; x_wconf 81' lang='lat' dir='ltr'><strong>Mutuas</strong></span> <span class='ocrx_word' id='word_1_100' title='bbox 1680 2217 1779 2272; x_wconf 85' lang='lat' dir='ltr'><strong>sibi</strong></span> <span class='ocrx_word' id='word_1_101' title='bbox 1804 2232 1956 2272; x_wconf 83' lang='lat' dir='ltr'><strong>com-</strong></span> 
     </span>
    </p>
   </div>
   <div class='ocr_carea' id='block_1_17' title="bbox 370 2308 1959 2381">
    <p class='ocr_par' dir='ltr' id='par_1_17' title="bbox 370 2308 1959 2381">
     <span class='ocr_line' id='line_1_17' title="bbox 370 2308 1959 2381; baseline -0.001 -15"><span class='ocrx_word' id='word_1_102' title='bbox 370 2312 590 2367; x_wconf 87' lang='lat' dir='ltr'><strong>modant</strong></span> <span class='ocrx_word' id='word_1_103' title='bbox 620 2312 835 2367; x_wconf 86' lang='lat' dir='ltr'><strong>notitias</strong></span> <span class='ocrx_word' id='word_1_104' title='bbox 876 2310 1087 2365; x_wconf 90' lang='lat' dir='ltr'><strong>barbari</strong></span> <span class='ocrx_word' id='word_1_105' title='bbox 1134 2318 1188 2366; x_wconf 90' lang='lat' dir='ltr'><strong>et</strong></span> <span class='ocrx_word' id='word_1_106' title='bbox 1226 2309 1431 2375; x_wconf 82' lang='lat' dir='ltr'><strong>Juda-i,</strong></span> <span class='ocrx_word' id='word_1_107' title='bbox 1474 2309 1546 2363; x_wconf 90' lang='lat' dir='ltr'><strong>ita</strong></span> <span class='ocrx_word' id='word_1_108' title='bbox 1581 2318 1637 2364; x_wconf 91' lang='lat' dir='ltr'><strong>ut</strong></span> <span class='ocrx_word' id='word_1_109' title='bbox 1668 2309 1865 2381; x_wconf 81' lang='lat' dir='ltr'><strong>singuli</strong></span> <span class='ocrx_word' id='word_1_110' title='bbox 1890 2308 1959 2365; x_wconf 86' lang='lat' dir='ltr'><strong>ab</strong></span> 
     </span>
    </p>
   </div>
   <div class='ocr_carea' id='block_1_18' title="bbox 263 2402 1959 2476">
    <p class='ocr_par' dir='ltr' id='par_1_18' title="bbox 263 2402 1959 2476">
     <span class='ocr_line' id='line_1_18' title="bbox 263 2402 1959 2476; baseline -0.001 -17"><span class='ocrx_word' id='word_1_111' title='bbox 263 2467 271 2476; x_wconf 45' lang='grc'><em>,</em></span> <span class='ocrx_word' id='word_1_112' title='bbox 370 2406 492 2460; x_wconf 88' lang='lat' dir='ltr'><strong>aliis</strong></span> <span class='ocrx_word' id='word_1_113' title='bbox 529 2404 801 2476; x_wconf 82' lang='lat' dir='ltr'><strong>quidpiam</strong></span> <span class='ocrx_word' id='word_1_114' title='bbox 843 2405 964 2458; x_wconf 92' lang='lat' dir='ltr'><strong>novi</strong></span> <span class='ocrx_word' id='word_1_115' title='bbox 994 2403 1253 2459; x_wconf 90' lang='lat' dir='ltr'><strong>ediscant.</strong></span> <span class='ocrx_word' id='word_1_116' title='bbox 1283 2402 1453 2458; x_wconf 70' lang='lat' dir='ltr'><strong>Judmi</strong></span> <span class='ocrx_word' id='word_1_117' title='bbox 1483 2418 1712 2472; x_wconf 88' lang='lat' dir='ltr'><strong>namque</strong></span> <span class='ocrx_word' id='word_1_118' title='bbox 1735 2417 1765 2456; x_wconf 89' lang='lat' dir='ltr'><strong>a</strong></span> <span class='ocrx_word' id='word_1_119' title='bbox 1790 2402 1959 2472; x_wconf 79' lang='lat' dir='ltr'><strong>magis</strong></span> 
     </span>
    </p>
   </div>
   <div class='ocr_carea' id='block_1_19' title="bbox 369 2495 1959 2567">
    <p class='ocr_par' dir='ltr' id='par_1_19' title="bbox 369 2495 1959 2567">
     <span class='ocr_line' id='line_1_19' title="bbox 369 2495 1959 2567; baseline -0.001 -16"><span class='ocrx_word' id='word_1_120' title='bbox 369 2497 737 2563; x_wconf 86' lang='lat' dir='ltr'><strong>edidicerunt,</strong></span> <span class='ocrx_word' id='word_1_121' title='bbox 770 2496 910 2567; x_wconf 91' lang='lat' dir='ltr'><strong>quod</strong></span> <span class='ocrx_word' id='word_1_122' title='bbox 938 2496 1092 2551; x_wconf 89' lang='lat' dir='ltr'><strong>stella</strong></span> <span class='ocrx_word' id='word_1_123' title='bbox 1140 2496 1311 2565; x_wconf 87' lang='lat' dir='ltr'><strong>ipsum</strong></span> <span class='ocrx_word' id='word_1_124' title='bbox 1345 2495 1397 2550; x_wconf 93' lang='lat' dir='ltr'><strong>in</strong></span> <span class='ocrx_word' id='word_1_125' title='bbox 1428 2495 1710 2550; x_wconf 83' lang='lat' dir='ltr'><strong>Persarum</strong></span> <span class='ocrx_word' id='word_1_126' title='bbox 1740 2495 1959 2564; x_wconf 77' lang='lat' dir='ltr'><strong>regione</strong></span> 
     </span>
    </p>
   </div>
   <div class='ocr_carea' id='block_1_20' title="bbox 370 2585 1954 2659">
    <p class='ocr_par' dir='ltr' id='par_1_20' title="bbox 370 2585 1954 2659">
     <span class='ocr_line' id='line_1_20' title="bbox 370 2585 1954 2659; baseline 0 -20"><span class='ocrx_word' id='word_1_127' title='bbox 370 2588 770 2659; x_wconf 60' lang='lat' dir='ltr'><strong>praedicaverit:</strong></span> <span class='ocrx_word' id='word_1_128' title='bbox 795 2587 934 2657; x_wconf 84' lang='lat' dir='ltr'><strong>magi</strong></span> <span class='ocrx_word' id='word_1_129' title='bbox 961 2602 991 2640; x_wconf 91' lang='lat' dir='ltr'><strong>a</strong></span> <span class='ocrx_word' id='word_1_130' title='bbox 1012 2585 1213 2641; x_wconf 71' lang='lat' dir='ltr'><strong>Judaeis</strong></span> <span class='ocrx_word' id='word_1_131' title='bbox 1237 2594 1576 2655; x_wconf 85' lang='lat' dir='ltr'><strong>acceperunt,</strong></span> <span class='ocrx_word' id='word_1_132' title='bbox 1607 2600 1729 2640; x_wconf 92' lang='lat' dir='ltr'><strong>eum</strong></span> <span class='ocrx_word' id='word_1_133' title='bbox 1759 2585 1954 2655; x_wconf 89' lang='lat' dir='ltr'><strong>ipsutn,</strong></span> 
     </span>
    </p>
   </div>
   <div class='ocr_carea' id='block_1_21' title="bbox 370 2675 1957 2749">
    <p class='ocr_par' dir='ltr' id='par_1_21' title="bbox 370 2675 1957 2749">
     <span class='ocr_line' id='line_1_21' title="bbox 370 2675 1957 2749; baseline -0.002 -16"><span class='ocrx_word' id='word_1_134' title='bbox 370 2694 532 2749; x_wconf 88' lang='lat' dir='ltr'><strong>quem</strong></span> <span class='ocrx_word' id='word_1_135' title='bbox 563 2678 715 2733; x_wconf 85' lang='lat' dir='ltr'><strong>stella</strong></span> <span class='ocrx_word' id='word_1_136' title='bbox 745 2677 1145 2749; x_wconf 73' lang='lat' dir='ltr'><strong>prmdicaverat,</strong></span> <span class='ocrx_word' id='word_1_137' title='bbox 1168 2675 1278 2745; x_wconf 91' lang='lat' dir='ltr'><strong>jam</strong></span> <span class='ocrx_word' id='word_1_138' title='bbox 1305 2691 1335 2730; x_wconf 90' lang='lat' dir='ltr'><strong>a</strong></span> <span class='ocrx_word' id='word_1_139' title='bbox 1366 2675 1546 2731; x_wconf 90' lang='lat' dir='ltr'><strong>multis</strong></span> <span class='ocrx_word' id='word_1_140' title='bbox 1575 2686 1719 2732; x_wconf 90' lang='lat' dir='ltr'><strong>retro</strong></span> <span class='ocrx_word' id='word_1_141' title='bbox 1749 2686 1957 2746; x_wconf 88' lang='lat' dir='ltr'><strong>tempo-</strong></span> 
     </span>
    </p>
   </div>
   <div class='ocr_carea' id='block_1_22' title="bbox 368 2764 1956 2840">
    <p class='ocr_par' dir='ltr' id='par_1_22' title="bbox 368 2764 1956 2840">
     <span class='ocr_line' id='line_1_22' title="bbox 368 2764 1956 2840; baseline -0.003 -16"><span class='ocrx_word' id='word_1_142' title='bbox 368 2770 521 2826; x_wconf 89' lang='lat' dir='ltr'><strong>ribus</strong></span> <span class='ocrx_word' id='word_1_143' title='bbox 550 2785 644 2840; x_wconf 91' lang='lat' dir='ltr'><strong>per</strong></span> <span class='ocrx_word' id='word_1_144' title='bbox 673 2767 960 2840; x_wconf 86' lang='lat' dir='ltr'><strong>prophetas</strong></span> <span class='ocrx_word' id='word_1_145' title='bbox 1002 2766 1414 2836; x_wconf 73' lang='lat' dir='ltr'><strong>prmnuntiatum</strong></span> <span class='ocrx_word' id='word_1_146' title='bbox 1460 2764 1623 2820; x_wconf 80' lang='lat' dir='ltr'><strong>fuisse</strong></span> <span class='ocrx_word' id='word_1_147' title='bbox 1648 2783 1662 2819; x_wconf 91' lang='lat'><strong>:</strong></span> <span class='ocrx_word' id='word_1_148' title='bbox 1685 2774 1844 2835; x_wconf 90' lang='lat' dir='ltr'><strong>atque</strong></span> <span class='ocrx_word' id='word_1_149' title='bbox 1872 2766 1956 2820; x_wconf 74' lang='lat' dir='ltr'><strong>in~</strong></span> 
     </span>
    </p>
   </div>
   <div class='ocr_carea' id='block_1_23' title="bbox 370 2858 1959 2934">
    <p class='ocr_par' dir='ltr' id='par_1_23' title="bbox 370 2858 1959 2934">
     <span class='ocr_line' id='line_1_23' title="bbox 370 2858 1959 2934; baseline -0.003 -17"><span class='ocrx_word' id='word_1_150' title='bbox 370 2862 744 2934; x_wconf 89' lang='lat' dir='ltr'><strong>terrogationis</strong></span> <span class='ocrx_word' id='word_1_151' title='bbox 762 2861 972 2916; x_wconf 88' lang='lat' dir='ltr'><strong>occasio</strong></span> <span class='ocrx_word' id='word_1_152' title='bbox 994 2859 1238 2915; x_wconf 88' lang='lat' dir='ltr'><strong>clarioris</strong></span> <span class='ocrx_word' id='word_1_153' title='bbox 1259 2868 1313 2914; x_wconf 92' lang='lat' dir='ltr'><strong>et</strong></span> <span class='ocrx_word' id='word_1_154' title='bbox 1332 2858 1679 2914; x_wconf 88' lang='lat' dir='ltr'><strong>accuratioris</strong></span> <span class='ocrx_word' id='word_1_155' title='bbox 1702 2858 1959 2914; x_wconf 64' lang='lat' dir='ltr'><strong>doctrinm</strong></span> 
     </span>
    </p>
   </div>
   <div class='ocr_carea' id='block_1_24' title="bbox 368 2948 1961 3022">
    <p class='ocr_par' dir='ltr' id='par_1_24' title="bbox 368 2948 1961 3022">
     <span class='ocr_line' id='line_1_24' title="bbox 368 2948 1961 3022; baseline -0.001 -15"><span class='ocrx_word' id='word_1_156' title='bbox 368 2952 756 3007; x_wconf 84' lang='lat' dir='ltr'><strong>demonstratio</strong></span> <span class='ocrx_word' id='word_1_157' title='bbox 807 2952 1046 3022; x_wconf 87' lang='lat' dir='ltr'><strong>utrisque</strong></span> <span class='ocrx_word' id='word_1_158' title='bbox 1096 2950 1194 3005; x_wconf 80' lang='lat' dir='ltr'><strong>fuit</strong></span> <span class='ocrx_word' id='word_1_159' title='bbox 1225 2966 1239 3004; x_wconf 90' lang='lat'><strong>:</strong></span> <span class='ocrx_word' id='word_1_160' title='bbox 1270 2959 1417 3005; x_wconf 90' lang='lat' dir='ltr'><strong>certe</strong></span> <span class='ocrx_word' id='word_1_161' title='bbox 1465 2949 1705 3004; x_wconf 79' lang='lat' dir='ltr'><strong>veritatis</strong></span> <span class='ocrx_word' id='word_1_162' title='bbox 1758 2948 1961 3005; x_wconf 88' lang='lat' dir='ltr'><strong>inimici</strong></span> 
     </span>
    </p>
   </div>
   <div class='ocr_carea' id='block_1_25' title="bbox 373 3040 1958 3112">
    <p class='ocr_par' dir='ltr' id='par_1_25' title="bbox 373 3040 1958 3112">
     <span class='ocr_line' id='line_1_25' title="bbox 373 3040 1958 3112; baseline -0.002 -13"><span class='ocrx_word' id='word_1_163' title='bbox 373 3044 571 3112; x_wconf 84' lang='lat' dir='ltr'><strong>scripta</strong></span> <span class='ocrx_word' id='word_1_164' title='bbox 603 3043 840 3098; x_wconf 82' lang='lat' dir='ltr'><strong>veritatis</strong></span> <span class='ocrx_word' id='word_1_165' title='bbox 867 3042 1167 3098; x_wconf 89' lang='lat' dir='ltr'><strong>testimonia</strong></span> <span class='ocrx_word' id='word_1_166' title='bbox 1191 3041 1274 3097; x_wconf 85' lang='lat' dir='ltr'><strong>vel</strong></span> <span class='ocrx_word' id='word_1_167' title='bbox 1301 3040 1452 3096; x_wconf 89' lang='lat' dir='ltr'><strong>inviti</strong></span> <span class='ocrx_word' id='word_1_168' title='bbox 1476 3041 1651 3112; x_wconf 80' lang='lat' dir='ltr'><strong>legere</strong></span> <span class='ocrx_word' id='word_1_169' title='bbox 1675 3048 1958 3112; x_wconf 84' lang='lat' dir='ltr'><strong>coguntur,</strong></span> 
     </span>
    </p>
   </div>
   <div class='ocr_carea' id='block_1_26' title="bbox 366 3131 1961 3204">
    <p class='ocr_par' dir='ltr' id='par_1_26' title="bbox 366 3131 1961 3204">
     <span class='ocr_line' id='line_1_26' title="bbox 366 3131 1961 3204; baseline -0.001 -15"><span class='ocrx_word' id='word_1_170' title='bbox 366 3144 421 3189; x_wconf 92' lang='lat' dir='ltr'><strong>et</strong></span> <span class='ocrx_word' id='word_1_171' title='bbox 451 3134 784 3204; x_wconf 84' lang='lat' dir='ltr'><strong>prephetiam</strong></span> <span class='ocrx_word' id='word_1_172' title='bbox 826 3133 1161 3204; x_wconf 88' lang='lat' dir='ltr'><strong>interpretari</strong></span> <span class='ocrx_word' id='word_1_173' title='bbox 1186 3173 1201 3199; x_wconf 93' lang='lat'><strong>,</strong></span> <span class='ocrx_word' id='word_1_174' title='bbox 1230 3131 1439 3188; x_wconf 90' lang='lat' dir='ltr'><strong>etiamsi</strong></span> <span class='ocrx_word' id='word_1_175' title='bbox 1471 3147 1576 3186; x_wconf 89' lang='lat' dir='ltr'><strong>non</strong></span> <span class='ocrx_word' id='word_1_176' title='bbox 1606 3140 1768 3186; x_wconf 88' lang='lat' dir='ltr'><strong>totam</strong></span> <span class='ocrx_word' id='word_1_177' title='bbox 1804 3147 1961 3188; x_wconf 90' lang='lat' dir='ltr'><strong>:cum</strong></span> 
     </span>
    </p>
   </div>
   <div class='ocr_carea' id='block_1_27' title="bbox 368 3222 1962 3291">
    <p class='ocr_par' dir='ltr' id='par_1_27' title="bbox 368 3222 1962 3291">
     <span class='ocr_line' id='line_1_27' title="bbox 368 3222 1962 3291; baseline -0.001 -10"><span class='ocrx_word' id='word_1_178' title='bbox 368 3226 513 3281; x_wconf 91' lang='lat' dir='ltr'><strong>enim</strong></span> <span class='ocrx_word' id='word_1_179' title='bbox 546 3224 855 3281; x_wconf 86' lang='lat' dir='ltr'><strong>Bethlehem</strong></span> <span class='ocrx_word' id='word_1_180' title='bbox 885 3224 1175 3291; x_wconf 82' lang='lat' dir='ltr'><strong>dixissent,</strong></span> <span class='ocrx_word' id='word_1_181' title='bbox 1199 3232 1252 3279; x_wconf 92' lang='lat' dir='ltr'><strong>et</strong></span> <span class='ocrx_word' id='word_1_182' title='bbox 1292 3222 1416 3278; x_wconf 89' lang='lat' dir='ltr'><strong>inde</strong></span> <span class='ocrx_word' id='word_1_183' title='bbox 1473 3223 1801 3277; x_wconf 88' lang='lat' dir='ltr'><strong>exoriturum</strong></span> <span class='ocrx_word' id='word_1_184' title='bbox 1840 3237 1962 3279; x_wconf 88' lang='lat' dir='ltr'><strong>esse</strong></span> 
     </span>
    </p>
   </div>
   <div class='ocr_carea' id='block_1_28' title="bbox 366 3312 1961 3387">
    <p class='ocr_par' dir='ltr' id='par_1_28' title="bbox 366 3312 1961 3387">
     <span class='ocr_line' id='line_1_28' title="bbox 366 3312 1961 3387; baseline -0.002 -16"><span class='ocrx_word' id='word_1_185' title='bbox 366 3331 490 3371; x_wconf 92' lang='lat' dir='ltr'><strong>eum</strong></span> <span class='ocrx_word' id='word_1_186' title='bbox 517 3316 609 3387; x_wconf 86' lang='lat' dir='ltr'><strong>qui</strong></span> <span class='ocrx_word' id='word_1_187' title='bbox 655 3326 862 3386; x_wconf 86' lang='lat' dir='ltr'><strong>regeret</strong></span> <span class='ocrx_word' id='word_1_188' title='bbox 909 3315 1156 3371; x_wconf 89' lang='lat' dir='ltr'><strong>lsraelem</strong></span> <span class='ocrx_word' id='word_1_189' title='bbox 1178 3354 1194 3381; x_wconf 93' lang='lat'><strong>,</strong></span> <span class='ocrx_word' id='word_1_190' title='bbox 1216 3329 1332 3368; x_wconf 84' lang='lat' dir='ltr'><strong>non</strong></span> <span class='ocrx_word' id='word_1_191' title='bbox 1375 3312 1694 3368; x_wconf 87' lang='lat' dir='ltr'><strong>addiderunt</strong></span> <span class='ocrx_word' id='word_1_192' title='bbox 1730 3313 1783 3367; x_wconf 92' lang='lat' dir='ltr'><strong>id</strong></span> <span class='ocrx_word' id='word_1_193' title='bbox 1818 3313 1961 3384; x_wconf 91' lang='lat' dir='ltr'><strong>quod</strong></span> 
     </span>
    </p>
   </div>
   <div class='ocr_carea' id='block_1_29' title="bbox 369 3402 1961 3477">
    <p class='ocr_par' dir='ltr' id='par_1_29' title="bbox 369 3402 1961 3477">
     <span class='ocr_line' id='line_1_29' title="bbox 369 3402 1961 3477; baseline -0.001 -18"><span class='ocrx_word' id='word_1_194' title='bbox 369 3406 713 3477; x_wconf 81' lang='lat' dir='ltr'><strong>sequebatur,</strong></span> <span class='ocrx_word' id='word_1_195' title='bbox 737 3415 794 3461; x_wconf 90' lang='lat' dir='ltr'><strong>ut</strong></span> <span class='ocrx_word' id='word_1_196' title='bbox 814 3406 923 3476; x_wconf 88' lang='lat' dir='ltr'><strong>regi</strong></span> <span class='ocrx_word' id='word_1_197' title='bbox 944 3404 1309 3460; x_wconf 90' lang='lat' dir='ltr'><strong>adularentur.</strong></span> <span class='ocrx_word' id='word_1_198' title='bbox 1333 3402 1468 3471; x_wconf 87' lang='lat' dir='ltr'><strong>Quid</strong></span> <span class='ocrx_word' id='word_1_199' title='bbox 1487 3414 1663 3458; x_wconf 82' lang='lat' dir='ltr'><strong>autem</strong></span> <span class='ocrx_word' id='word_1_200' title='bbox 1685 3411 1768 3459; x_wconf 92' lang='lat' dir='ltr'><strong>est</strong></span> <span class='ocrx_word' id='word_1_201' title='bbox 1790 3402 1961 3457; x_wconf 78' lang='lat' dir='ltr'><strong>illud?</strong></span> 
     </span>
    </p>
   </div>
   <div class='ocr_carea' id='block_1_30' title="bbox 368 3492 1958 3570">
    <p class='ocr_par' dir='ltr' id='par_1_30' title="bbox 368 3492 1958 3570">
     <span class='ocr_line' id='line_1_30' title="bbox 368 3492 1958 3570; baseline -0.002 -19"><span class='ocrx_word' id='word_1_202' title='bbox 368 3497 439 3551; x_wconf 77' lang='lat' dir='ltr'><strong>Et</strong></span> <span class='ocrx_word' id='word_1_203' title='bbox 464 3514 691 3570; x_wconf 85' lang='lat' dir='ltr'><strong>egressus</strong></span> <span class='ocrx_word' id='word_1_204' title='bbox 714 3498 824 3568; x_wconf 86' lang='lat' dir='ltr'><strong>ejus</strong></span> <span class='ocrx_word' id='word_1_205' title='bbox 848 3498 910 3551; x_wconf 87' lang='lat' dir='ltr'><strong>ab</strong></span> <span class='ocrx_word' id='word_1_206' title='bbox 927 3496 1069 3551; x_wconf 86' lang='lat' dir='ltr'><strong>initio</strong></span> <span class='ocrx_word' id='word_1_207' title='bbox 1097 3512 1161 3551; x_wconf 79' lang='lat' dir='ltr'><strong>ea:</strong></span> <span class='ocrx_word' id='word_1_208' title='bbox 1184 3496 1359 3549; x_wconf 84' lang='lat' dir='ltr'><strong>diebus</strong></span> <span class='ocrx_word' id='word_1_209' title='bbox 1378 3494 1551 3550; x_wconf 68' lang='grc' dir='ltr'><strong>δωρηιί</strong></span> <span class='ocrx_word' id='word_1_210' title='bbox 1576 3495 1655 3564; x_wconf 82' lang='grc' dir='ltr'><strong>(Μ</strong></span> <span class='ocrx_word' id='word_1_211' title='bbox 1663 3497 1763 3549; x_wconf 84' lang='lat' dir='ltr'><strong>ich.</strong></span> <span class='ocrx_word' id='word_1_212' title='bbox 1793 3496 1847 3551; x_wconf 82' lang='lat'><strong>5.</strong></span> <span class='ocrx_word' id='word_1_213' title='bbox 1876 3492 1958 3562; x_wconf 73' lang='grc'><strong>2).</strong></span> 
     </span>
    </p>
   </div>
   <div class='ocr_carea' id='block_1_31' title="bbox 370 3596 1953 3669">
    <p class='ocr_par' dir='ltr' id='par_1_31' title="bbox 370 3596 1953 3669">
     <span class='ocr_line' id='line_1_31' title="bbox 370 3596 1953 3669; baseline 0 -18"><span class='ocrx_word' id='word_1_214' title='bbox 370 3596 438 3651; x_wconf 85' lang='lat' dir='ltr'><strong>Et</strong></span> <span class='ocrx_word' id='word_1_215' title='bbox 465 3613 565 3664; x_wconf 89' lang='lat' dir='ltr'><strong>qua</strong></span> <span class='ocrx_word' id='word_1_216' title='bbox 593 3598 658 3651; x_wconf 87' lang='lat' dir='ltr'><strong>de</strong></span> <span class='ocrx_word' id='word_1_217' title='bbox 687 3612 846 3652; x_wconf 85' lang='lat' dir='ltr'><strong>causa</strong></span> <span class='ocrx_word' id='word_1_218' title='bbox 869 3638 882 3661; x_wconf 90' lang='lat'><strong>,</strong></span> <span class='ocrx_word' id='word_1_219' title='bbox 916 3598 1123 3669; x_wconf 80' lang='lat' dir='ltr'><strong>inquies</strong></span> <span class='ocrx_word' id='word_1_220' title='bbox 1142 3636 1157 3660; x_wconf 92' lang='lat'><strong>,</strong></span> <span class='ocrx_word' id='word_1_221' title='bbox 1191 3598 1235 3652; x_wconf 93' lang='lat' dir='ltr'><strong>si</strong></span> <span class='ocrx_word' id='word_1_222' title='bbox 1263 3596 1385 3651; x_wconf 91' lang='lat' dir='ltr'><strong>inde</strong></span> <span class='ocrx_word' id='word_1_223' title='bbox 1409 3596 1641 3651; x_wconf 89' lang='lat' dir='ltr'><strong>oriturus</strong></span> <span class='ocrx_word' id='word_1_224' title='bbox 1667 3605 1801 3660; x_wconf 87' lang='lat' dir='ltr'><strong>erat,</strong></span> <span class='ocrx_word' id='word_1_225' title='bbox 1832 3604 1953 3666; x_wconf 91' lang='lat' dir='ltr'><strong>post</strong></span> 
     </span>
    </p>
   </div>
   <div class='ocr_carea' id='block_1_32' title="bbox 366 3676 1952 3763">
    <p class='ocr_par' dir='ltr' id='par_1_32' title="bbox 366 3676 1952 3763">
     <span class='ocr_line' id='line_1_32' title="bbox 366 3676 1952 3763; baseline 0.001 -20"><span class='ocrx_word' id='word_1_226' title='bbox 366 3700 575 3757; x_wconf 88' lang='lat' dir='ltr'><strong>partum</strong></span> <span class='ocrx_word' id='word_1_227' title='bbox 601 3691 652 3744; x_wconf 91' lang='lat' dir='ltr'><strong>in</strong></span> <span class='ocrx_word' id='word_1_228' title='bbox 681 3690 906 3746; x_wconf 78' lang='lat' dir='ltr'><strong>Nazaret</strong></span> <span class='ocrx_word' id='word_1_229' title='bbox 935 3690 1148 3755; x_wconf 90' lang='lat' dir='ltr'><strong>mansit,</strong></span> <span class='ocrx_word' id='word_1_230' title='bbox 1177 3676 1232 3746; x_wconf 85' lang='lat' dir='ltr'><strong>et</strong></span> <span class='ocrx_word' id='word_1_231' title='bbox 1257 3688 1589 3763; x_wconf 81' lang='lat' dir='ltr'><strong>pmphettam</strong></span> <span class='ocrx_word' id='word_1_232' title='bbox 1615 3688 1952 3745; x_wconf 80' lang='lat' dir='ltr'><strong>ohscuravit?</strong></span> 
     </span>
    </p>
   </div>
   <div class='ocr_carea' id='block_1_33' title="bbox 364 3778 1951 3850">
    <p class='ocr_par' dir='ltr' id='par_1_33' title="bbox 364 3778 1951 3850">
     <span class='ocr_line' id='line_1_33' title="bbox 364 3778 1951 3850; baseline -0.001 -13"><span class='ocrx_word' id='word_1_233' title='bbox 364 3779 476 3837; x_wconf 90' lang='lat' dir='ltr'><strong>Imo</strong></span> <span class='ocrx_word' id='word_1_234' title='bbox 506 3795 610 3835; x_wconf 92' lang='lat' dir='ltr'><strong>non</strong></span> <span class='ocrx_word' id='word_1_235' title='bbox 637 3781 960 3846; x_wconf 86' lang='lat' dir='ltr'><strong>obscuravit,</strong></span> <span class='ocrx_word' id='word_1_236' title='bbox 992 3780 1087 3837; x_wconf 90' lang='lat' dir='ltr'><strong>sed</strong></span> <span class='ocrx_word' id='word_1_237' title='bbox 1117 3780 1398 3836; x_wconf 87' lang='lat' dir='ltr'><strong>clariorem</strong></span> <span class='ocrx_word' id='word_1_238' title='bbox 1428 3780 1623 3836; x_wconf 85' lang='lat' dir='ltr'><strong>ell&#39;ecit.</strong></span> <span class='ocrx_word' id='word_1_239' title='bbox 1654 3779 1787 3835; x_wconf 87' lang='lat' dir='ltr'><strong>Nam</strong></span> <span class='ocrx_word' id='word_1_240' title='bbox 1811 3778 1951 3850; x_wconf 90' lang='lat' dir='ltr'><strong>quod</strong></span> 
     </span>
    </p>
   </div>
   <div class='ocr_carea' id='block_1_34' title="bbox 363 3869 1955 3941">
    <p class='ocr_par' dir='ltr' id='par_1_34' title="bbox 363 3869 1955 3941">
     <span class='ocr_line' id='line_1_34' title="bbox 363 3869 1955 3941; baseline -0.001 -16"><span class='ocrx_word' id='word_1_241' title='bbox 363 3878 536 3925; x_wconf 89' lang='lat' dir='ltr'><strong>mater</strong></span> <span class='ocrx_word' id='word_1_242' title='bbox 561 3870 697 3939; x_wconf 86' lang='lat' dir='ltr'><strong>ejus,</strong></span> <span class='ocrx_word' id='word_1_243' title='bbox 724 3886 843 3941; x_wconf 66' lang='lat' dir='ltr'><strong>quae</strong></span> <span class='ocrx_word' id='word_1_244' title='bbox 873 3870 985 3926; x_wconf 89' lang='lat' dir='ltr'><strong>illic</strong></span> <span class='ocrx_word' id='word_1_245' title='bbox 1014 3870 1306 3936; x_wconf 88' lang='lat' dir='ltr'><strong>habitabat,</strong></span> <span class='ocrx_word' id='word_1_246' title='bbox 1336 3870 1439 3925; x_wconf 88' lang='lat' dir='ltr'><strong>hoc</strong></span> <span class='ocrx_word' id='word_1_247' title='bbox 1460 3869 1511 3926; x_wconf 92' lang='lat' dir='ltr'><strong>in</strong></span> <span class='ocrx_word' id='word_1_248' title='bbox 1532 3870 1650 3925; x_wconf 86' lang='lat' dir='ltr'><strong>loco</strong></span> <span class='ocrx_word' id='word_1_249' title='bbox 1667 3870 1955 3939; x_wconf 87' lang='lat' dir='ltr'><strong>pepererit.</strong></span> 
     </span>
    </p>
   </div>
   <div class='ocr_carea' id='block_1_35' title="bbox 362 3959 1948 4031">
    <p class='ocr_par' dir='ltr' id='par_1_35' title="bbox 362 3959 1948 4031">
     <span class='ocr_line' id='line_1_35' title="bbox 362 3959 1948 4031; baseline 0.001 -16"><span class='ocrx_word' id='word_1_250' title='bbox 362 3959 417 4015; x_wconf 92' lang='lat' dir='ltr'><strong>id</strong></span> <span class='ocrx_word' id='word_1_251' title='bbox 446 3968 593 4016; x_wconf 88' lang='lat' dir='ltr'><strong>certe</strong></span> <span class='ocrx_word' id='word_1_252' title='bbox 618 3960 851 4016; x_wconf 87' lang='lat' dir='ltr'><strong>ostendit</strong></span> <span class='ocrx_word' id='word_1_253' title='bbox 870 3976 983 4016; x_wconf 90' lang='lat' dir='ltr'><strong>rem</strong></span> <span class='ocrx_word' id='word_1_254' title='bbox 1011 3977 1105 4031; x_wconf 88' lang='lat' dir='ltr'><strong>per</strong></span> <span class='ocrx_word' id='word_1_255' title='bbox 1127 3960 1517 4030; x_wconf 86' lang='lat' dir='ltr'><strong>providentiam</strong></span> <span class='ocrx_word' id='word_1_256' title='bbox 1546 3960 1735 4016; x_wconf 86' lang='lat' dir='ltr'><strong>factam</strong></span> <span class='ocrx_word' id='word_1_257' title='bbox 1768 3960 1948 4016; x_wconf 80' lang='lat' dir='ltr'><strong>fuisse.</strong></span> 
     </span>
    </p>
   </div>
   <div class='ocr_carea' id='block_1_36' title="bbox 359 4050 1948 4122">
    <p class='ocr_par' dir='ltr' id='par_1_36' title="bbox 359 4050 1948 4122">
     <span class='ocr_line' id='line_1_36' title="bbox 359 4050 1948 4122; baseline -0.001 -17"><span class='ocrx_word' id='word_1_258' title='bbox 359 4050 701 4122; x_wconf 80' lang='lat' dir='ltr'><strong>Quapropter</strong></span> <span class='ocrx_word' id='word_1_259' title='bbox 742 4068 849 4106; x_wconf 92' lang='lat' dir='ltr'><strong>non</strong></span> <span class='ocrx_word' id='word_1_260' title='bbox 892 4052 1073 4107; x_wconf 87' lang='lat' dir='ltr'><strong>statim</strong></span> <span class='ocrx_word' id='word_1_261' title='bbox 1106 4061 1266 4122; x_wconf 88' lang='lat' dir='ltr'><strong>atque</strong></span> <span class='ocrx_word' id='word_1_262' title='bbox 1301 4061 1456 4107; x_wconf 89' lang='lat' dir='ltr'><strong>natus</strong></span> <span class='ocrx_word' id='word_1_263' title='bbox 1481 4059 1599 4116; x_wconf 88' lang='lat' dir='ltr'><strong>est,</strong></span> <span class='ocrx_word' id='word_1_264' title='bbox 1631 4051 1755 4106; x_wconf 88' lang='lat' dir='ltr'><strong>hinc</strong></span> <span class='ocrx_word' id='word_1_265' title='bbox 1792 4052 1948 4118; x_wconf 80' lang='lat' dir='ltr'><strong>exiit,</strong></span> 
     </span>
    </p>
   </div>
   <div class='ocr_carea' id='block_1_37' title="bbox 353 4141 1953 4216">
    <p class='ocr_par' dir='ltr' id='par_1_37' title="bbox 353 4141 1953 4216">
     <span class='ocr_line' id='line_1_37' title="bbox 353 4141 1953 4216; baseline -0.004 -15"><span class='ocrx_word' id='word_1_266' title='bbox 353 4144 459 4201; x_wconf 73' lang='lat' dir='ltr'><strong>sed</strong></span> <span class='ocrx_word' id='word_1_267' title='bbox 488 4144 557 4198; x_wconf 85' lang='lat' dir='ltr'><strong>ibi</strong></span> <span class='ocrx_word' id='word_1_268' title='bbox 590 4144 781 4198; x_wconf 89' lang='lat' dir='ltr'><strong>mansit</strong></span> <span class='ocrx_word' id='word_1_269' title='bbox 810 4159 905 4216; x_wconf 87' lang='lat' dir='ltr'><strong>per</strong></span> <span class='ocrx_word' id='word_1_270' title='bbox 926 4143 1042 4199; x_wconf 88' lang='lat' dir='ltr'><strong>dies</strong></span> <span class='ocrx_word' id='word_1_271' title='bbox 1064 4142 1411 4213; x_wconf 75' lang='lat' dir='ltr'><strong>quadraginta</strong></span> <span class='ocrx_word' id='word_1_272' title='bbox 1430 4183 1446 4209; x_wconf 92' lang='lat'><strong>,</strong></span> <span class='ocrx_word' id='word_1_273' title='bbox 1491 4142 1664 4197; x_wconf 91' lang='lat' dir='ltr'><strong>locum</strong></span> <span class='ocrx_word' id='word_1_274' title='bbox 1692 4141 1823 4196; x_wconf 87' lang='lat' dir='ltr'><strong>dans</strong></span> <span class='ocrx_word' id='word_1_275' title='bbox 1852 4142 1953 4196; x_wconf 86' lang='lat' dir='ltr'><strong>illis</strong></span> 
     </span>
    </p>
   </div>
   <div class='ocr_carea' id='block_1_38' title="bbox 354 4236 1953 4308">
    <p class='ocr_par' dir='ltr' id='par_1_38' title="bbox 354 4236 1953 4308">
     <span class='ocr_line' id='line_1_38' title="bbox 354 4236 1953 4308; baseline -0.002 -15"><span class='ocrx_word' id='word_1_276' title='bbox 354 4237 455 4308; x_wconf 81' lang='lat' dir='ltr'><strong>qui</strong></span> <span class='ocrx_word' id='word_1_277' title='bbox 486 4238 681 4293; x_wconf 85' lang='lat' dir='ltr'><strong>vellent</strong></span> <span class='ocrx_word' id='word_1_278' title='bbox 709 4237 974 4293; x_wconf 85' lang='lat' dir='ltr'><strong>curiosius</strong></span> <span class='ocrx_word' id='word_1_279' title='bbox 1002 4236 1292 4307; x_wconf 87' lang='lat' dir='ltr'><strong>inquirere,</strong></span> <span class='ocrx_word' id='word_1_280' title='bbox 1325 4246 1379 4290; x_wconf 92' lang='lat' dir='ltr'><strong>ut</strong></span> <span class='ocrx_word' id='word_1_281' title='bbox 1412 4246 1659 4291; x_wconf 87' lang='lat' dir='ltr'><strong>accurate</strong></span> <span class='ocrx_word' id='word_1_282' title='bbox 1686 4237 1953 4291; x_wconf 79' lang='lat' dir='ltr'><strong>examina-</strong></span> 
     </span>
    </p>
   </div>
   <div class='ocr_carea' id='block_1_39' title="bbox 354 4316 1949 4400">
    <p class='ocr_par' dir='ltr' id='par_1_39' title="bbox 354 4316 1949 4400">
     <span class='ocr_line' id='line_1_39' title="bbox 354 4316 1949 4400; baseline -0.001 -17"><span class='ocrx_word' id='word_1_283' title='bbox 354 4339 482 4384; x_wconf 76' lang='lat' dir='ltr'><strong>reut</strong></span> <span class='ocrx_word' id='word_1_284' title='bbox 507 4316 707 4386; x_wconf 88' lang='lat' dir='ltr'><strong>omnia.</strong></span> <span class='ocrx_word' id='word_1_285' title='bbox 736 4329 896 4384; x_wconf 83' lang='lat' dir='ltr'><strong>Multa</strong></span> <span class='ocrx_word' id='word_1_286' title='bbox 924 4329 1119 4400; x_wconf 88' lang='lat' dir='ltr'><strong>quippe</strong></span> <span class='ocrx_word' id='word_1_287' title='bbox 1144 4338 1300 4385; x_wconf 92' lang='lat' dir='ltr'><strong>erant</strong></span> <span class='ocrx_word' id='word_1_288' title='bbox 1326 4344 1446 4399; x_wconf 65' lang='lat' dir='ltr'><strong>quae</strong></span> <span class='ocrx_word' id='word_1_289' title='bbox 1471 4329 1538 4384; x_wconf 89' lang='lat' dir='ltr'><strong>ad</strong></span> <span class='ocrx_word' id='word_1_290' title='bbox 1569 4329 1705 4384; x_wconf 89' lang='lat' dir='ltr'><strong>hanc</strong></span> <span class='ocrx_word' id='word_1_291' title='bbox 1736 4330 1949 4399; x_wconf 86' lang='lat' dir='ltr'><strong>perqui-</strong></span> 
     </span>
    </p>
   </div>
   <div class='ocr_carea' id='block_1_40' title="bbox 358 4422 1951 4493">
    <p class='ocr_par' dir='ltr' id='par_1_40' title="bbox 358 4422 1951 4493">
     <span class='ocr_line' id='line_1_40' title="bbox 358 4422 1951 4493; baseline 0 -15"><span class='ocrx_word' id='word_1_292' title='bbox 358 4424 609 4480; x_wconf 90' lang='lat' dir='ltr'><strong>sitionem</strong></span> <span class='ocrx_word' id='word_1_293' title='bbox 640 4432 937 4488; x_wconf 87' lang='lat' dir='ltr'><strong>moverent,</strong></span> <span class='ocrx_word' id='word_1_294' title='bbox 963 4423 1010 4479; x_wconf 88' lang='lat' dir='ltr'><strong>si</strong></span> <span class='ocrx_word' id='word_1_295' title='bbox 1034 4422 1249 4493; x_wconf 89' lang='lat' dir='ltr'><strong>quidem</strong></span> <span class='ocrx_word' id='word_1_296' title='bbox 1277 4423 1557 4479; x_wconf 90' lang='lat' dir='ltr'><strong>attendere</strong></span> <span class='ocrx_word' id='word_1_297' title='bbox 1584 4423 1800 4478; x_wconf 89' lang='lat' dir='ltr'><strong>vellent.</strong></span> <span class='ocrx_word' id='word_1_298' title='bbox 1830 4423 1951 4478; x_wconf 79' lang='lat' dir='ltr'><strong>Ete-</strong></span> 
     </span>
    </p>
   </div>
   <div class='ocr_carea' id='block_1_41' title="bbox 360 4513 1951 4584">
    <p class='ocr_par' dir='ltr' id='par_1_41' title="bbox 360 4513 1951 4584">
     <span class='ocr_line' id='line_1_41' title="bbox 360 4513 1951 4584; baseline 0 -16"><span class='ocrx_word' id='word_1_299' title='bbox 360 4514 471 4569; x_wconf 91' lang='lat' dir='ltr'><strong>nim</strong></span> <span class='ocrx_word' id='word_1_300' title='bbox 502 4514 839 4569; x_wconf 85' lang='lat' dir='ltr'><strong>venientibus</strong></span> <span class='ocrx_word' id='word_1_301' title='bbox 867 4514 1054 4584; x_wconf 89' lang='lat' dir='ltr'><strong>magis,</strong></span> <span class='ocrx_word' id='word_1_302' title='bbox 1073 4514 1339 4569; x_wconf 83' lang='lat' dir='ltr'><strong>concitata</strong></span> <span class='ocrx_word' id='word_1_303' title='bbox 1365 4523 1450 4569; x_wconf 89' lang='lat' dir='ltr'><strong>est</strong></span> <span class='ocrx_word' id='word_1_304' title='bbox 1480 4513 1725 4569; x_wconf 88' lang='lat' dir='ltr'><strong>universa</strong></span> <span class='ocrx_word' id='word_1_305' title='bbox 1746 4513 1951 4583; x_wconf 90' lang='lat' dir='ltr'><strong>civitas,</strong></span> 
     </span>
    </p>
   </div>
   <div class='ocr_carea' id='block_1_42' title="bbox 362 4605 1952 4676">
    <p class='ocr_par' dir='ltr' id='par_1_42' title="bbox 362 4605 1952 4676">
     <span class='ocr_line' id='line_1_42' title="bbox 362 4605 1952 4676; baseline 0.001 -17"><span class='ocrx_word' id='word_1_306' title='bbox 362 4617 415 4659; x_wconf 88' lang='lat' dir='ltr'><strong>ct</strong></span> <span class='ocrx_word' id='word_1_307' title='bbox 444 4621 568 4661; x_wconf 89' lang='lat' dir='ltr'><strong>cum</strong></span> <span class='ocrx_word' id='word_1_308' title='bbox 595 4606 812 4662; x_wconf 87' lang='lat' dir='ltr'><strong>civitate</strong></span> <span class='ocrx_word' id='word_1_309' title='bbox 836 4621 932 4662; x_wconf 88' lang='lat' dir='ltr'><strong>rex</strong></span> <span class='ocrx_word' id='word_1_310' title='bbox 958 4605 1073 4674; x_wconf 89' lang='lat' dir='ltr'><strong>ipse</strong></span> <span class='ocrx_word' id='word_1_311' title='bbox 1096 4622 1109 4659; x_wconf 89' lang='lat'><strong>:</strong></span> <span class='ocrx_word' id='word_1_312' title='bbox 1131 4605 1392 4676; x_wconf 77' lang='lat' dir='ltr'><strong>prepheta</strong></span> <span class='ocrx_word' id='word_1_313' title='bbox 1422 4605 1474 4661; x_wconf 91' lang='lat' dir='ltr'><strong>in</strong></span> <span class='ocrx_word' id='word_1_314' title='bbox 1516 4605 1752 4662; x_wconf 89' lang='lat' dir='ltr'><strong>medium</strong></span> <span class='ocrx_word' id='word_1_315' title='bbox 1781 4606 1952 4661; x_wconf 87' lang='lat' dir='ltr'><strong>addu-</strong></span> 
     </span>
    </p>
   </div>
   <div class='ocr_carea' id='block_1_43' title="bbox 360 4697 1949 4768">
    <p class='ocr_par' dir='ltr' id='par_1_43' title="bbox 360 4697 1949 4768">
     <span class='ocr_line' id='line_1_43' title="bbox 360 4697 1949 4768; baseline 0.003 -17"><span class='ocrx_word' id='word_1_316' title='bbox 360 4708 482 4754; x_wconf 91' lang='lat' dir='ltr'><strong>ctus</strong></span> <span class='ocrx_word' id='word_1_317' title='bbox 522 4708 638 4762; x_wconf 87' lang='lat' dir='ltr'><strong>est,</strong></span> <span class='ocrx_word' id='word_1_318' title='bbox 687 4698 858 4753; x_wconf 76' lang='lat' dir='ltr'><strong>torum</strong></span> <span class='ocrx_word' id='word_1_319' title='bbox 898 4697 1154 4767; x_wconf 87' lang='lat' dir='ltr'><strong>judiciale</strong></span> <span class='ocrx_word' id='word_1_320' title='bbox 1203 4713 1454 4768; x_wconf 84' lang='lat' dir='ltr'><strong>magnum</strong></span> <span class='ocrx_word' id='word_1_321' title='bbox 1506 4698 1789 4754; x_wconf 88' lang='lat' dir='ltr'><strong>collectum</strong></span> <span class='ocrx_word' id='word_1_322' title='bbox 1834 4708 1949 4765; x_wconf 89' lang='lat' dir='ltr'><strong>est;</strong></span> 
     </span>
    </p>
   </div>
   <div class='ocr_carea' id='block_1_44' title="bbox 361 4788 1949 4860">
    <p class='ocr_par' dir='ltr' id='par_1_44' title="bbox 361 4788 1949 4860">
     <span class='ocr_line' id='line_1_44' title="bbox 361 4788 1949 4860; baseline 0.001 -16"><span class='ocrx_word' id='word_1_323' title='bbox 361 4790 573 4860; x_wconf 86' lang='lat' dir='ltr'><strong>aliaque</strong></span> <span class='ocrx_word' id='word_1_324' title='bbox 602 4790 767 4845; x_wconf 88' lang='lat' dir='ltr'><strong>multa</strong></span> <span class='ocrx_word' id='word_1_325' title='bbox 814 4788 1010 4844; x_wconf 88' lang='lat' dir='ltr'><strong>ibidem</strong></span> <span class='ocrx_word' id='word_1_326' title='bbox 1039 4796 1187 4859; x_wconf 85' lang='lat' dir='ltr'><strong>gesta</strong></span> <span class='ocrx_word' id='word_1_327' title='bbox 1217 4797 1376 4855; x_wconf 89' lang='lat' dir='ltr'><strong>sunt,</strong></span> <span class='ocrx_word' id='word_1_328' title='bbox 1422 4805 1542 4860; x_wconf 64' lang='lat' dir='ltr'><strong>quae</strong></span> <span class='ocrx_word' id='word_1_329' title='bbox 1569 4791 1745 4845; x_wconf 88' lang='lat' dir='ltr'><strong>omnia</strong></span> <span class='ocrx_word' id='word_1_330' title='bbox 1776 4800 1949 4846; x_wconf 91' lang='lat' dir='ltr'><strong>narrat</strong></span> 
     </span>
    </p>
   </div>
   <div class='ocr_carea' id='block_1_45' title="bbox 361 4880 1948 4953">
    <p class='ocr_par' dir='ltr' id='par_1_45' title="bbox 361 4880 1948 4953">
     <span class='ocr_line' id='line_1_45' title="bbox 361 4880 1948 4953; baseline 0.001 -17"><span class='ocrx_word' id='word_1_331' title='bbox 361 4891 609 4937; x_wconf 89' lang='lat' dir='ltr'><strong>accurate</strong></span> <span class='ocrx_word' id='word_1_332' title='bbox 641 4881 844 4947; x_wconf 89' lang='lat' dir='ltr'><strong>Lucas;</strong></span> <span class='ocrx_word' id='word_1_333' title='bbox 874 4880 1021 4937; x_wconf 88' lang='lat' dir='ltr'><strong>verbi</strong></span> <span class='ocrx_word' id='word_1_334' title='bbox 1039 4881 1206 4951; x_wconf 79' lang='lat' dir='ltr'><strong>gratia</strong></span> <span class='ocrx_word' id='word_1_335' title='bbox 1231 4897 1351 4950; x_wconf 79' lang='lat' dir='ltr'><strong>qua:</strong></span> <span class='ocrx_word' id='word_1_336' title='bbox 1370 4881 1435 4935; x_wconf 93' lang='lat' dir='ltr'><strong>ad</strong></span> <span class='ocrx_word' id='word_1_337' title='bbox 1455 4883 1661 4936; x_wconf 82' lang='lat' dir='ltr'><strong>Annam</strong></span> <span class='ocrx_word' id='word_1_338' title='bbox 1684 4893 1948 4953; x_wconf 90' lang='lat' dir='ltr'><strong>spectant,</strong></span> 
     </span>
    </p>
   </div>
   <div class='ocr_carea' id='block_1_46' title="bbox 360 4971 1951 5046">
    <p class='ocr_par' dir='ltr' id='par_1_46' title="bbox 360 4971 1951 5046">
     <span class='ocr_line' id='line_1_46' title="bbox 360 4971 1951 5046; baseline 0.001 -17"><span class='ocrx_word' id='word_1_339' title='bbox 360 4990 481 5044; x_wconf 77' lang='lat' dir='ltr'><strong>quzc</strong></span> <span class='ocrx_word' id='word_1_340' title='bbox 509 4972 575 5028; x_wconf 91' lang='lat' dir='ltr'><strong>ad</strong></span> <span class='ocrx_word' id='word_1_341' title='bbox 616 4973 958 5039; x_wconf 89' lang='lat' dir='ltr'><strong>Simeonem,</strong></span> <span class='ocrx_word' id='word_1_342' title='bbox 1005 4971 1073 5027; x_wconf 85' lang='lat' dir='ltr'><strong>ad</strong></span> <span class='ocrx_word' id='word_1_343' title='bbox 1114 4971 1422 5028; x_wconf 85' lang='lat' dir='ltr'><strong>Zachariam</strong></span> <span class='ocrx_word' id='word_1_344' title='bbox 1446 5014 1464 5039; x_wconf 94' lang='lat'><strong>,</strong></span> <span class='ocrx_word' id='word_1_345' title='bbox 1508 4975 1574 5028; x_wconf 90' lang='lat' dir='ltr'><strong>ad</strong></span> <span class='ocrx_word' id='word_1_346' title='bbox 1605 4974 1858 5046; x_wconf 85' lang='lat' dir='ltr'><strong>angelos,</strong></span> <span class='ocrx_word' id='word_1_347' title='bbox 1887 4976 1951 5031; x_wconf 90' lang='lat' dir='ltr'><strong>ad</strong></span> 
     </span>
    </p>
   </div>
   <div class='ocr_carea' id='block_1_47' title="bbox 362 5061 1951 5134">
    <p class='ocr_par' dir='ltr' id='par_1_47' title="bbox 362 5061 1951 5134">
     <span class='ocr_line' id='line_1_47' title="bbox 362 5061 1951 5134; baseline 0.002 -17"><span class='ocrx_word' id='word_1_348' title='bbox 362 5074 643 5133; x_wconf 83' lang='lat' dir='ltr'><strong>pastores,</strong></span> <span class='ocrx_word' id='word_1_349' title='bbox 682 5078 801 5134; x_wconf 78' lang='lat' dir='ltr'><strong>qua:</strong></span> <span class='ocrx_word' id='word_1_350' title='bbox 836 5061 1017 5119; x_wconf 90' lang='lat' dir='ltr'><strong>omnia</strong></span> <span class='ocrx_word' id='word_1_351' title='bbox 1062 5072 1311 5134; x_wconf 89' lang='lat' dir='ltr'><strong>poterant</strong></span> <span class='ocrx_word' id='word_1_352' title='bbox 1350 5063 1413 5118; x_wconf 90' lang='lat' dir='ltr'><strong>iis</strong></span> <span class='ocrx_word' id='word_1_353' title='bbox 1455 5063 1545 5133; x_wconf 87' lang='lat' dir='ltr'><strong>qui</strong></span> <span class='ocrx_word' id='word_1_354' title='bbox 1589 5065 1824 5120; x_wconf 90' lang='lat' dir='ltr'><strong>animum</strong></span> <span class='ocrx_word' id='word_1_355' title='bbox 1854 5065 1951 5120; x_wconf 90' lang='lat' dir='ltr'><strong>ad-</strong></span> 
     </span>
    </p>
   </div>
   <div class='ocr_carea' id='block_1_48' title="bbox 363 5153 1950 5225">
    <p class='ocr_par' dir='ltr' id='par_1_48' title="bbox 363 5153 1950 5225">
     <span class='ocr_line' id='line_1_48' title="bbox 363 5153 1950 5225; baseline 0.002 -18"><span class='ocrx_word' id='word_1_356' title='bbox 363 5154 551 5208; x_wconf 87' lang='lat' dir='ltr'><strong>hibere</strong></span> <span class='ocrx_word' id='word_1_357' title='bbox 578 5153 776 5209; x_wconf 88' lang='lat' dir='ltr'><strong>vellent</strong></span> <span class='ocrx_word' id='word_1_358' title='bbox 801 5154 1139 5210; x_wconf 89' lang='lat' dir='ltr'><strong>occasionem</strong></span> <span class='ocrx_word' id='word_1_359' title='bbox 1166 5154 1324 5219; x_wconf 90' lang='lat' dir='ltr'><strong>dare,</strong></span> <span class='ocrx_word' id='word_1_360' title='bbox 1365 5164 1422 5208; x_wconf 93' lang='lat' dir='ltr'><strong>ut</strong></span> <span class='ocrx_word' id='word_1_361' title='bbox 1447 5154 1587 5225; x_wconf 90' lang='lat' dir='ltr'><strong>quod</strong></span> <span class='ocrx_word' id='word_1_362' title='bbox 1617 5155 1810 5211; x_wconf 80' lang='lat' dir='ltr'><strong>factum</strong></span> <span class='ocrx_word' id='word_1_363' title='bbox 1842 5168 1950 5212; x_wconf 87' lang='lat' dir='ltr'><strong>erat</strong></span> 
     </span>
    </p>
   </div>
   <div class='ocr_carea' id='block_1_49' title="bbox 361 5243 1954 5315">
    <p class='ocr_par' dir='ltr' id='par_1_49' title="bbox 361 5243 1954 5315">
     <span class='ocr_line' id='line_1_49' title="bbox 361 5243 1954 5315; baseline 0.004 -18"><span class='ocrx_word' id='word_1_364' title='bbox 361 5243 845 5313; x_wconf 86' lang='lat' dir='ltr'><strong>deprehenderent.</strong></span> <span class='ocrx_word' id='word_1_365' title='bbox 891 5244 1024 5300; x_wconf 86' lang='lat' dir='ltr'><strong>Nam</strong></span> <span class='ocrx_word' id='word_1_366' title='bbox 1064 5244 1111 5301; x_wconf 93' lang='lat' dir='ltr'><strong>si</strong></span> <span class='ocrx_word' id='word_1_367' title='bbox 1154 5247 1292 5315; x_wconf 90' lang='lat' dir='ltr'><strong>magi</strong></span> <span class='ocrx_word' id='word_1_368' title='bbox 1336 5261 1401 5300; x_wconf 87' lang='lat' dir='ltr'><strong>ex</strong></span> <span class='ocrx_word' id='word_1_369' title='bbox 1434 5245 1651 5301; x_wconf 87' lang='lat' dir='ltr'><strong>Perside</strong></span> <span class='ocrx_word' id='word_1_370' title='bbox 1680 5248 1954 5304; x_wconf 89' lang='lat' dir='ltr'><strong>venientes</strong></span> 
     </span>
    </p>
   </div>
   <div class='ocr_carea' id='block_1_50' title="bbox 363 5335 1955 5411">
    <p class='ocr_par' dir='ltr' id='par_1_50' title="bbox 363 5335 1955 5411">
     <span class='ocr_line' id='line_1_50' title="bbox 363 5335 1955 5411; baseline 0.004 -21"><span class='ocrx_word' id='word_1_371' title='bbox 363 5335 538 5390; x_wconf 89' lang='lat' dir='ltr'><strong>locum</strong></span> <span class='ocrx_word' id='word_1_372' title='bbox 585 5351 691 5391; x_wconf 88' lang='lat' dir='ltr'><strong>non</strong></span> <span class='ocrx_word' id='word_1_373' title='bbox 734 5336 1143 5406; x_wconf 82' lang='lat' dir='ltr'><strong>ignoraverunt,</strong></span> <span class='ocrx_word' id='word_1_374' title='bbox 1177 5339 1346 5393; x_wconf 91' lang='lat' dir='ltr'><strong>multo</strong></span> <span class='ocrx_word' id='word_1_375' title='bbox 1384 5338 1554 5409; x_wconf 87' lang='lat' dir='ltr'><strong>magis</strong></span> <span class='ocrx_word' id='word_1_376' title='bbox 1601 5340 1673 5406; x_wconf 91' lang='lat' dir='ltr'><strong>ii,</strong></span> <span class='ocrx_word' id='word_1_377' title='bbox 1722 5341 1810 5411; x_wconf 91' lang='lat' dir='ltr'><strong>qui</strong></span> <span class='ocrx_word' id='word_1_378' title='bbox 1839 5342 1955 5397; x_wconf 90' lang='lat' dir='ltr'><strong>istic</strong></span> 
     </span>
    </p>
   </div>
   <div class='ocr_carea' id='block_1_51' title="bbox 363 5425 1954 5502">
    <p class='ocr_par' dir='ltr' id='par_1_51' title="bbox 363 5425 1954 5502">
     <span class='ocr_line' id='line_1_51' title="bbox 363 5425 1954 5502; baseline 0.004 -22"><span class='ocrx_word' id='word_1_379' title='bbox 363 5425 734 5489; x_wconf 83' lang='lat' dir='ltr'><strong>versabantur,</strong></span> <span class='ocrx_word' id='word_1_380' title='bbox 758 5428 873 5481; x_wconf 73' lang='lat' dir='ltr'><strong>tunc</strong></span> <span class='ocrx_word' id='word_1_381' title='bbox 893 5436 1136 5497; x_wconf 91' lang='lat' dir='ltr'><strong>poterant</strong></span> <span class='ocrx_word' id='word_1_382' title='bbox 1163 5430 1421 5485; x_wconf 87' lang='lat' dir='ltr'><strong>ediscere.</strong></span> <span class='ocrx_word' id='word_1_383' title='bbox 1441 5429 1573 5486; x_wconf 88' lang='lat' dir='ltr'><strong>Sese</strong></span> <span class='ocrx_word' id='word_1_384' title='bbox 1596 5431 1753 5502; x_wconf 79' lang='lat' dir='ltr'><strong>igitur</strong></span> <span class='ocrx_word' id='word_1_385' title='bbox 1772 5443 1954 5487; x_wconf 88' lang='lat' dir='ltr'><strong>osten-</strong></span> 
     </span>
    </p>
   </div>
   <div class='ocr_carea' id='block_1_52' title="bbox 362 5517 1954 5589">
    <p class='ocr_par' dir='ltr' id='par_1_52' title="bbox 362 5517 1954 5589">
     <span class='ocr_line' id='line_1_52' title="bbox 362 5517 1954 5589; baseline 0.004 -16"><span class='ocrx_word' id='word_1_386' title='bbox 362 5518 441 5573; x_wconf 89' lang='lat' dir='ltr'><strong>dit</strong></span> <span class='ocrx_word' id='word_1_387' title='bbox 477 5518 545 5574; x_wconf 92' lang='lat' dir='ltr'><strong>ab</strong></span> <span class='ocrx_word' id='word_1_388' title='bbox 574 5517 724 5572; x_wconf 90' lang='lat' dir='ltr'><strong>initio</strong></span> <span class='ocrx_word' id='word_1_389' title='bbox 754 5532 850 5588; x_wconf 89' lang='lat' dir='ltr'><strong>per</strong></span> <span class='ocrx_word' id='word_1_390' title='bbox 886 5519 1052 5573; x_wconf 92' lang='lat' dir='ltr'><strong>multa</strong></span> <span class='ocrx_word' id='word_1_391' title='bbox 1094 5520 1346 5575; x_wconf 88' lang='lat' dir='ltr'><strong>miracula</strong></span> <span class='ocrx_word' id='word_1_392' title='bbox 1377 5524 1533 5589; x_wconf 91' lang='lat' dir='ltr'><strong>:quia</strong></span> <span class='ocrx_word' id='word_1_393' title='bbox 1563 5532 1741 5578; x_wconf 90' lang='lat' dir='ltr'><strong>autem</strong></span> <span class='ocrx_word' id='word_1_394' title='bbox 1775 5522 1954 5580; x_wconf 85' lang='lat' dir='ltr'><strong>videre</strong></span> 
     </span>
    </p>
   </div>
   <div class='ocr_carea' id='block_1_53' title="bbox 364 5609 1950 5685">
    <p class='ocr_par' dir='ltr' id='par_1_53' title="bbox 364 5609 1950 5685">
     <span class='ocr_line' id='line_1_53' title="bbox 364 5609 1950 5685; baseline 0.003 -18"><span class='ocrx_word' id='word_1_395' title='bbox 364 5609 687 5679; x_wconf 85' lang='lat' dir='ltr'><strong>noluerunt,</strong></span> <span class='ocrx_word' id='word_1_396' title='bbox 719 5625 816 5684; x_wconf 90' lang='lat' dir='ltr'><strong>per</strong></span> <span class='ocrx_word' id='word_1_397' title='bbox 843 5610 1173 5685; x_wconf 89' lang='lat' dir='ltr'><strong>aliquantum</strong></span> <span class='ocrx_word' id='word_1_398' title='bbox 1202 5616 1456 5684; x_wconf 86' lang='lat' dir='ltr'><strong>temporis</strong></span> <span class='ocrx_word' id='word_1_399' title='bbox 1483 5630 1603 5673; x_wconf 86' lang='lat' dir='ltr'><strong>sese</strong></span> <span class='ocrx_word' id='word_1_400' title='bbox 1646 5617 1950 5683; x_wconf 86' lang='lat' dir='ltr'><strong>occultans,</strong></span> 
     </span>
    </p>
   </div>
   <div class='ocr_carea' id='block_1_54' title="bbox 2060 1183 3653 1259">
    <p class='ocr_par' dir='ltr' id='par_1_54' title="bbox 2060 1183 3653 1259">
     <span class='ocr_line' id='line_1_54' title="bbox 2060 1183 3653 1259; baseline 0.007 -20"><span class='ocrx_word' id='word_1_401' title='bbox 2060 1183 2250 1239; x_wconf 86' lang='lat' dir='ltr'><strong>iterum</strong></span> <span class='ocrx_word' id='word_1_402' title='bbox 2279 1199 2338 1241; x_wconf 88' lang='lat' dir='ltr'><strong>se</strong></span> <span class='ocrx_word' id='word_1_403' title='bbox 2364 1185 2469 1241; x_wconf 90' lang='lat' dir='ltr'><strong>alio</strong></span> <span class='ocrx_word' id='word_1_404' title='bbox 2495 1186 2652 1259; x_wconf 89' lang='lat' dir='ltr'><strong>longe</strong></span> <span class='ocrx_word' id='word_1_405' title='bbox 2671 1187 2901 1246; x_wconf 88' lang='lat' dir='ltr'><strong>clariore</strong></span> <span class='ocrx_word' id='word_1_406' title='bbox 2915 1192 3151 1248; x_wconf 90' lang='lat' dir='ltr'><strong>ostendit</strong></span> <span class='ocrx_word' id='word_1_407' title='bbox 3172 1193 3350 1251; x_wconf 90' lang='lat' dir='ltr'><strong>modo.</strong></span> <span class='ocrx_word' id='word_1_408' title='bbox 3370 1195 3483 1252; x_wconf 86' lang='lat' dir='ltr'><strong>Non</strong></span> <span class='ocrx_word' id='word_1_409' title='bbox 3505 1198 3653 1252; x_wconf 85' lang='lat' dir='ltr'><strong>enim</strong></span> 
     </span>
    </p>
   </div>
   <div class='ocr_carea' id='block_1_55' title="bbox 2059 1276 3654 1359">
    <p class='ocr_par' dir='ltr' id='par_1_55' title="bbox 2059 1276 3654 1359">
     <span class='ocr_line' id='line_1_55' title="bbox 2059 1276 3654 1359; baseline 0.009 -29"><span class='ocrx_word' id='word_1_410' title='bbox 2059 1277 2199 1347; x_wconf 87' lang='lat' dir='ltr'><strong>magi</strong></span> <span class='ocrx_word' id='word_1_411' title='bbox 2229 1276 2481 1348; x_wconf 89' lang='lat' dir='ltr'><strong>deinceps</strong></span> <span class='ocrx_word' id='word_1_412' title='bbox 2501 1320 2515 1344; x_wconf 92' lang='lat'><strong>,</strong></span> <span class='ocrx_word' id='word_1_413' title='bbox 2545 1295 2651 1334; x_wconf 92' lang='lat' dir='ltr'><strong>non</strong></span> <span class='ocrx_word' id='word_1_414' title='bbox 2679 1280 2829 1335; x_wconf 88' lang='lat' dir='ltr'><strong>stella</strong></span> <span class='ocrx_word' id='word_1_415' title='bbox 2850 1323 2865 1347; x_wconf 94' lang='lat'><strong>,</strong></span> <span class='ocrx_word' id='word_1_416' title='bbox 2894 1282 2990 1338; x_wconf 90' lang='lat' dir='ltr'><strong>sed</strong></span> <span class='ocrx_word' id='word_1_417' title='bbox 3019 1283 3175 1340; x_wconf 84' lang='lat' dir='ltr'><strong>Pater</strong></span> <span class='ocrx_word' id='word_1_418' title='bbox 3198 1301 3429 1355; x_wconf 91' lang='lat' dir='ltr'><strong>superne</strong></span> <span class='ocrx_word' id='word_1_419' title='bbox 3454 1288 3654 1359; x_wconf 49' lang='lat' dir='ltr'><strong>prsidi-</strong></span> 
     </span>
    </p>
   </div>
   <div class='ocr_carea' id='block_1_56' title="bbox 2059 1367 3651 1448">
    <p class='ocr_par' dir='ltr' id='par_1_56' title="bbox 2059 1367 3651 1448">
     <span class='ocr_line' id='line_1_56' title="bbox 2059 1367 3651 1448; baseline 0.008 -25"><span class='ocrx_word' id='word_1_420' title='bbox 2059 1368 2199 1423; x_wconf 90' lang='lat' dir='ltr'><strong>cavit</strong></span> <span class='ocrx_word' id='word_1_421' title='bbox 2243 1367 2294 1421; x_wconf 90' lang='lat' dir='ltr'><strong>iu</strong></span> <span class='ocrx_word' id='word_1_422' title='bbox 2340 1367 2587 1423; x_wconf 72' lang='lat' dir='ltr'><strong>Iordanis</strong></span> <span class='ocrx_word' id='word_1_423' title='bbox 2633 1368 2878 1439; x_wconf 81' lang='lat' dir='ltr'><strong>ﬂuentis,</strong></span> <span class='ocrx_word' id='word_1_424' title='bbox 2928 1383 2983 1428; x_wconf 90' lang='lat' dir='ltr'><strong>et</strong></span> <span class='ocrx_word' id='word_1_425' title='bbox 3029 1376 3258 1443; x_wconf 87' lang='lat' dir='ltr'><strong>Spiritus</strong></span> <span class='ocrx_word' id='word_1_426' title='bbox 3303 1380 3651 1448; x_wconf 87' lang='lat' dir='ltr'><strong>supervenit,</strong></span> 
     </span>
    </p>
   </div>
   <div class='ocr_carea' id='block_1_57' title="bbox 2053 1469 3655 1547">
    <p class='ocr_par' dir='ltr' id='par_1_57' title="bbox 2053 1469 3655 1547">
     <span class='ocr_line' id='line_1_57' title="bbox 2053 1469 3655 1547; baseline 0.006 -24"><span class='ocrx_word' id='word_1_427' title='bbox 2053 1482 2239 1526; x_wconf 86' lang='lat' dir='ltr'><strong>vocem</strong></span> <span class='ocrx_word' id='word_1_428' title='bbox 2273 1469 2417 1525; x_wconf 88' lang='lat' dir='ltr'><strong>illam</strong></span> <span class='ocrx_word' id='word_1_429' title='bbox 2460 1471 2512 1525; x_wconf 92' lang='lat' dir='ltr'><strong>in</strong></span> <span class='ocrx_word' id='word_1_430' title='bbox 2555 1471 2804 1544; x_wconf 87' lang='lat' dir='ltr'><strong>baptizati</strong></span> <span class='ocrx_word' id='word_1_431' title='bbox 2845 1487 3005 1547; x_wconf 88' lang='lat' dir='ltr'><strong>caput</strong></span> <span class='ocrx_word' id='word_1_432' title='bbox 3035 1477 3385 1533; x_wconf 72' lang='lat' dir='ltr'><strong>alferenszet</strong></span> <span class='ocrx_word' id='word_1_433' title='bbox 3409 1477 3655 1533; x_wconf 82' lang='lat' dir='ltr'><strong>Joannes</strong></span> 
     </span>
    </p>
   </div>
   <div class='ocr_carea' id='block_1_58' title="bbox 2055 1561 3659 1635">
    <p class='ocr_par' dir='ltr' id='par_1_58' title="bbox 2055 1561 3659 1635">
     <span class='ocr_line' id='line_1_58' title="bbox 2055 1561 3659 1635; baseline 0.003 -18"><span class='ocrx_word' id='word_1_434' title='bbox 2055 1575 2176 1617; x_wconf 89' lang='lat' dir='ltr'><strong>cum</strong></span> <span class='ocrx_word' id='word_1_435' title='bbox 2208 1561 2451 1617; x_wconf 85' lang='lat' dir='ltr'><strong>libertate</strong></span> <span class='ocrx_word' id='word_1_436' title='bbox 2477 1566 2620 1619; x_wconf 91' lang='lat' dir='ltr'><strong>omni</strong></span> <span class='ocrx_word' id='word_1_437' title='bbox 2662 1580 2755 1635; x_wconf 90' lang='lat' dir='ltr'><strong>per</strong></span> <span class='ocrx_word' id='word_1_438' title='bbox 2782 1574 2944 1621; x_wconf 91' lang='lat' dir='ltr'><strong>totam</strong></span> <span class='ocrx_word' id='word_1_439' title='bbox 2969 1567 3207 1623; x_wconf 73' lang='lat' dir='ltr'><strong>Judmam</strong></span> <span class='ocrx_word' id='word_1_440' title='bbox 3240 1568 3520 1633; x_wconf 88' lang='lat' dir='ltr'><strong>clamabat,</strong></span> <span class='ocrx_word' id='word_1_441' title='bbox 3553 1567 3659 1622; x_wconf 82' lang='lat' dir='ltr'><strong>ha-</strong></span> 
     </span>
    </p>
   </div>
   <div class='ocr_carea' id='block_1_59' title="bbox 2054 1651 3656 1729">
    <p class='ocr_par' dir='ltr' id='par_1_59' title="bbox 2054 1651 3656 1729">
     <span class='ocr_line' id='line_1_59' title="bbox 2054 1651 3656 1729; baseline 0.005 -23"><span class='ocrx_word' id='word_1_442' title='bbox 2054 1651 2369 1717; x_wconf 86' lang='lat' dir='ltr'><strong>bitabilem,</strong></span> <span class='ocrx_word' id='word_1_443' title='bbox 2421 1653 2769 1712; x_wconf 75' lang='lat' dir='ltr'><strong>inhabitatum</strong></span> <span class='ocrx_word' id='word_1_444' title='bbox 2819 1666 3017 1714; x_wconf 90' lang='lat' dir='ltr'><strong>terram</strong></span> <span class='ocrx_word' id='word_1_445' title='bbox 3058 1659 3361 1729; x_wconf 76' lang='lat' dir='ltr'><strong>huiusmodi</strong></span> <span class='ocrx_word' id='word_1_446' title='bbox 3405 1660 3656 1714; x_wconf 87' lang='lat' dir='ltr'><strong>doctrina</strong></span> 
     </span>
    </p>
   </div>
   <div class='ocr_carea' id='block_1_60' title="bbox 2052 1742 3652 1819">
    <p class='ocr_par' dir='ltr' id='par_1_60' title="bbox 2052 1742 3652 1819">
     <span class='ocr_line' id='line_1_60' title="bbox 2052 1742 3652 1819; baseline 0.006 -24"><span class='ocrx_word' id='word_1_447' title='bbox 2052 1742 2269 1811; x_wconf 88' lang='lat' dir='ltr'><strong>replens</strong></span> <span class='ocrx_word' id='word_1_448' title='bbox 2301 1760 2314 1796; x_wconf 91' lang='lat'><strong>:</strong></span> <span class='ocrx_word' id='word_1_449' title='bbox 2346 1743 2721 1801; x_wconf 89' lang='lat' dir='ltr'><strong>miraculorum</strong></span> <span class='ocrx_word' id='word_1_450' title='bbox 2770 1764 2983 1819; x_wconf 90' lang='lat' dir='ltr'><strong>quoque</strong></span> <span class='ocrx_word' id='word_1_451' title='bbox 3026 1749 3418 1815; x_wconf 89' lang='lat' dir='ltr'><strong>testimonium,</strong></span> <span class='ocrx_word' id='word_1_452' title='bbox 3464 1760 3610 1804; x_wconf 88' lang='lat' dir='ltr'><strong>terra</strong></span> <span class='ocrx_word' id='word_1_453' title='bbox 3634 1793 3652 1816; x_wconf 90' lang='lat'><strong>,</strong></span> 
     </span>
    </p>
   </div>
   <div class='ocr_carea' id='block_1_61' title="bbox 2055 1833 3656 1910">
    <p class='ocr_par' dir='ltr' id='par_1_61' title="bbox 2055 1833 3656 1910">
     <span class='ocr_line' id='line_1_61' title="bbox 2055 1833 3656 1910; baseline 0.005 -24"><span class='ocrx_word' id='word_1_454' title='bbox 2055 1848 2204 1887; x_wconf 89' lang='lat' dir='ltr'><strong>mare</strong></span> <span class='ocrx_word' id='word_1_455' title='bbox 2235 1833 2586 1906; x_wconf 88' lang='lat' dir='ltr'><strong>universaque</strong></span> <span class='ocrx_word' id='word_1_456' title='bbox 2611 1848 2854 1893; x_wconf 88' lang='lat' dir='ltr'><strong>creatura</strong></span> <span class='ocrx_word' id='word_1_457' title='bbox 2881 1840 3213 1910; x_wconf 88' lang='lat' dir='ltr'><strong>splendidam</strong></span> <span class='ocrx_word' id='word_1_458' title='bbox 3242 1841 3342 1895; x_wconf 91' lang='lat' dir='ltr'><strong>bac</strong></span> <span class='ocrx_word' id='word_1_459' title='bbox 3369 1840 3436 1896; x_wconf 91' lang='lat' dir='ltr'><strong>de</strong></span> <span class='ocrx_word' id='word_1_460' title='bbox 3464 1858 3524 1896; x_wconf 88' lang='lat' dir='ltr'><strong>re</strong></span> <span class='ocrx_word' id='word_1_461' title='bbox 3550 1858 3656 1894; x_wconf 87' lang='lat' dir='ltr'><strong>vo-</strong></span> 
     </span>
    </p>
   </div>
   <div class='ocr_carea' id='block_1_62' title="bbox 2049 1926 3653 2002">
    <p class='ocr_par' dir='ltr' id='par_1_62' title="bbox 2049 1926 3653 2002">
     <span class='ocr_line' id='line_1_62' title="bbox 2049 1926 3653 2002; baseline 0.006 -24"><span class='ocrx_word' id='word_1_462' title='bbox 2049 1938 2166 1978; x_wconf 86' lang='lat' dir='ltr'><strong>cem</strong></span> <span class='ocrx_word' id='word_1_463' title='bbox 2193 1926 2488 1982; x_wconf 88' lang='lat' dir='ltr'><strong>emittebat.</strong></span> <span class='ocrx_word' id='word_1_464' title='bbox 2521 1928 2638 1997; x_wconf 90' lang='lat' dir='ltr'><strong>lpso</strong></span> <span class='ocrx_word' id='word_1_465' title='bbox 2658 1931 2815 1984; x_wconf 88' lang='lat' dir='ltr'><strong>etiam</strong></span> <span class='ocrx_word' id='word_1_466' title='bbox 2839 1943 3019 2001; x_wconf 89' lang='lat' dir='ltr'><strong>partus</strong></span> <span class='ocrx_word' id='word_1_467' title='bbox 3036 1942 3279 2002; x_wconf 86' lang='lat' dir='ltr'><strong>tempore</strong></span> <span class='ocrx_word' id='word_1_468' title='bbox 3302 1942 3379 1988; x_wconf 93' lang='lat' dir='ltr'><strong>tot</strong></span> <span class='ocrx_word' id='word_1_469' title='bbox 3398 1934 3653 1989; x_wconf 87' lang='lat' dir='ltr'><strong>accidere</strong></span> 
     </span>
    </p>
   </div>
   <div class='ocr_carea' id='block_1_63' title="bbox 2050 2014 3653 2093">
    <p class='ocr_par' dir='ltr' id='par_1_63' title="bbox 2050 2014 3653 2093">
     <span class='ocr_line' id='line_1_63' title="bbox 2050 2014 3653 2093; baseline 0.009 -27"><span class='ocrx_word' id='word_1_470' title='bbox 2050 2014 2231 2085; x_wconf 85' lang='lat' dir='ltr'><strong>signa,</strong></span> <span class='ocrx_word' id='word_1_471' title='bbox 2259 2034 2377 2086; x_wconf 66' lang='lat' dir='ltr'><strong>qua:</strong></span> <span class='ocrx_word' id='word_1_472' title='bbox 2407 2030 2624 2088; x_wconf 89' lang='lat' dir='ltr'><strong>possent</strong></span> <span class='ocrx_word' id='word_1_473' title='bbox 2654 2021 2888 2078; x_wconf 90' lang='lat' dir='ltr'><strong>indicare</strong></span> <span class='ocrx_word' id='word_1_474' title='bbox 2918 2023 3090 2093; x_wconf 90' lang='lat' dir='ltr'><strong>ipsum</strong></span> <span class='ocrx_word' id='word_1_475' title='bbox 3119 2024 3419 2080; x_wconf 84' lang='lat' dir='ltr'><strong>advenisse.</strong></span> <span class='ocrx_word' id='word_1_476' title='bbox 3453 2024 3532 2080; x_wconf 83' lang='lat' dir='ltr'><strong>Ne</strong></span> <span class='ocrx_word' id='word_1_477' title='bbox 3558 2026 3653 2079; x_wconf 88' lang='lat' dir='ltr'><strong>di-</strong></span> 
     </span>
    </p>
   </div>
   <div class='ocr_carea' id='block_1_64' title="bbox 2048 2109 3653 2186">
    <p class='ocr_par' dir='ltr' id='par_1_64' title="bbox 2048 2109 3653 2186">
     <span class='ocr_line' id='line_1_64' title="bbox 2048 2109 3653 2186; baseline 0.006 -25"><span class='ocrx_word' id='word_1_478' title='bbox 2048 2117 2233 2162; x_wconf 87' lang='lat' dir='ltr'><strong>cerent</strong></span> <span class='ocrx_word' id='word_1_479' title='bbox 2258 2109 2401 2163; x_wconf 91' lang='lat' dir='ltr'><strong>enim</strong></span> <span class='ocrx_word' id='word_1_480' title='bbox 2428 2109 2597 2166; x_wconf 73' lang='lat' dir='ltr'><strong>Juda-i</strong></span> <span class='ocrx_word' id='word_1_481' title='bbox 2626 2111 2942 2170; x_wconf 86' lang='lat' dir='ltr'><strong>:Nescimus</strong></span> <span class='ocrx_word' id='word_1_482' title='bbox 2967 2116 3055 2170; x_wconf 90' lang='lat' dir='ltr'><strong>ubi</strong></span> <span class='ocrx_word' id='word_1_483' title='bbox 3082 2116 3164 2171; x_wconf 92' lang='lat' dir='ltr'><strong>vel</strong></span> <span class='ocrx_word' id='word_1_484' title='bbox 3195 2131 3302 2186; x_wconf 92' lang='lat' dir='ltr'><strong>quo</strong></span> <span class='ocrx_word' id='word_1_485' title='bbox 3339 2116 3458 2171; x_wconf 89' lang='lat' dir='ltr'><strong>loco</strong></span> <span class='ocrx_word' id='word_1_486' title='bbox 3486 2127 3653 2172; x_wconf 91' lang='lat' dir='ltr'><strong>natus</strong></span> 
     </span>
    </p>
   </div>
   <div class='ocr_carea' id='block_1_65' title="bbox 2051 2198 3652 2279">
    <p class='ocr_par' dir='ltr' id='par_1_65' title="bbox 2051 2198 3652 2279">
     <span class='ocr_line' id='line_1_65' title="bbox 2051 2198 3652 2279; baseline 0.009 -28"><span class='ocrx_word' id='word_1_487' title='bbox 2051 2198 2155 2265; x_wconf 91' lang='lat' dir='ltr'><strong>sit,</strong></span> <span class='ocrx_word' id='word_1_488' title='bbox 2184 2198 2269 2253; x_wconf 93' lang='lat' dir='ltr'><strong>illa</strong></span> <span class='ocrx_word' id='word_1_489' title='bbox 2296 2214 2416 2270; x_wconf 66' lang='lat' dir='ltr'><strong>qua:</strong></span> <span class='ocrx_word' id='word_1_490' title='bbox 2441 2218 2625 2274; x_wconf 89' lang='lat' dir='ltr'><strong>magos</strong></span> <span class='ocrx_word' id='word_1_491' title='bbox 2650 2215 2893 2275; x_wconf 90' lang='lat' dir='ltr'><strong>spectant</strong></span> <span class='ocrx_word' id='word_1_492' title='bbox 2930 2207 3142 2277; x_wconf 87' lang='lat' dir='ltr'><strong>provisa</strong></span> <span class='ocrx_word' id='word_1_493' title='bbox 3183 2209 3364 2275; x_wconf 82' lang='lat' dir='ltr'><strong>fuere,</strong></span> <span class='ocrx_word' id='word_1_494' title='bbox 3409 2210 3652 2279; x_wconf 89' lang='lat' dir='ltr'><strong>itemque</strong></span> 
     </span>
    </p>
   </div>
   <div class='ocr_carea' id='block_1_66' title="bbox 2050 2291 3651 2362">
    <p class='ocr_par' dir='ltr' id='par_1_66' title="bbox 2050 2291 3651 2362">
     <span class='ocr_line' id='line_1_66' title="bbox 2050 2291 3651 2362; baseline 0.007 -18"><span class='ocrx_word' id='word_1_495' title='bbox 2050 2291 2152 2345; x_wconf 89' lang='lat' dir='ltr'><strong>alia</strong></span> <span class='ocrx_word' id='word_1_496' title='bbox 2182 2307 2301 2361; x_wconf 68' lang='lat' dir='ltr'><strong>quae</strong></span> <span class='ocrx_word' id='word_1_497' title='bbox 2328 2293 2579 2362; x_wconf 79' lang='lat' dir='ltr'><strong>diximus,</strong></span> <span class='ocrx_word' id='word_1_498' title='bbox 2610 2297 2680 2351; x_wconf 88' lang='lat' dir='ltr'><strong>ita</strong></span> <span class='ocrx_word' id='word_1_499' title='bbox 2709 2307 2766 2352; x_wconf 91' lang='lat' dir='ltr'><strong>ut</strong></span> <span class='ocrx_word' id='word_1_500' title='bbox 2796 2299 2995 2353; x_wconf 87' lang='lat' dir='ltr'><strong>nullam</strong></span> <span class='ocrx_word' id='word_1_501' title='bbox 3024 2301 3420 2355; x_wconf 84' lang='lat' dir='ltr'><strong>excusationem</strong></span> <span class='ocrx_word' id='word_1_502' title='bbox 3448 2299 3651 2356; x_wconf 75' lang='lat' dir='ltr'><strong>aﬂerre</strong></span> 
     </span>
    </p>
   </div>
   <div class='ocr_carea' id='block_1_67' title="bbox 2058 2384 3657 2463">
    <p class='ocr_par' dir='ltr' id='par_1_67' title="bbox 2058 2384 3657 2463">
     <span class='ocr_line' id='line_1_67' title="bbox 2058 2384 3657 2463; baseline 0.004 -25"><span class='ocrx_word' id='word_1_503' title='bbox 2058 2384 2295 2454; x_wconf 88' lang='lat' dir='ltr'><strong>possint,</strong></span> <span class='ocrx_word' id='word_1_504' title='bbox 2326 2386 2474 2457; x_wconf 89' lang='lat' dir='ltr'><strong>quod</strong></span> <span class='ocrx_word' id='word_1_505' title='bbox 2512 2387 2569 2443; x_wconf 89' lang='lat' dir='ltr'><strong>id</strong></span> <span class='ocrx_word' id='word_1_506' title='bbox 2605 2388 2754 2460; x_wconf 88' lang='lat' dir='ltr'><strong>quod</strong></span> <span class='ocrx_word' id='word_1_507' title='bbox 2787 2398 3004 2463; x_wconf 85' lang='lat' dir='ltr'><strong>gestum</strong></span> <span class='ocrx_word' id='word_1_508' title='bbox 3046 2399 3168 2444; x_wconf 92' lang='lat' dir='ltr'><strong>erat</strong></span> <span class='ocrx_word' id='word_1_509' title='bbox 3212 2405 3324 2444; x_wconf 89' lang='lat' dir='ltr'><strong>non</strong></span> <span class='ocrx_word' id='word_1_510' title='bbox 3364 2390 3657 2461; x_wconf 88' lang='lat' dir='ltr'><strong>perquisi-</strong></span> 
     </span>
    </p>
   </div>
   <div class='ocr_carea' id='block_1_68' title="bbox 2059 2488 2270 2534">
    <p class='ocr_par' dir='ltr' id='par_1_68' title="bbox 2059 2488 2270 2534">
     <span class='ocr_line' id='line_1_68' title="bbox 2059 2488 2270 2534; baseline 0.005 -1"><span class='ocrx_word' id='word_1_511' title='bbox 2059 2488 2270 2534; x_wconf 81' lang='lat' dir='ltr'><strong>vertnt.</strong></span> 
     </span>
    </p>
   </div>
   <div class='ocr_carea' id='block_1_69' title="bbox 2130 2573 3659 2651">
    <p class='ocr_par' dir='ltr' id='par_1_69' title="bbox 2130 2573 3659 2651">
     <span class='ocr_line' id='line_1_69' title="bbox 2130 2573 3659 2651; baseline 0.009 -25"><span class='ocrx_word' id='word_1_512' title='bbox 2130 2573 2184 2627; x_wconf 71' lang='lat'><strong>2.</strong></span> <span class='ocrx_word' id='word_1_513' title='bbox 2220 2574 2499 2644; x_wconf 89' lang='lat' dir='ltr'><strong>Perpende</strong></span> <span class='ocrx_word' id='word_1_514' title='bbox 2534 2587 2711 2633; x_wconf 89' lang='lat' dir='ltr'><strong>autem</strong></span> <span class='ocrx_word' id='word_1_515' title='bbox 2750 2579 3044 2651; x_wconf 69' lang='lat' dir='ltr'><strong>pr0phetire</strong></span> <span class='ocrx_word' id='word_1_516' title='bbox 3082 2582 3495 2637; x_wconf 87' lang='lat' dir='ltr'><strong>accurationem.</strong></span> <span class='ocrx_word' id='word_1_517' title='bbox 3531 2582 3659 2639; x_wconf 84' lang='lat' dir='ltr'><strong>Non</strong></span> 
     </span>
    </p>
   </div>
   <div class='ocr_carea' id='block_1_70' title="bbox 2056 2664 3664 2747">
    <p class='ocr_par' dir='ltr' id='par_1_70' title="bbox 2056 2664 3664 2747">
     <span class='ocr_line' id='line_1_70' title="bbox 2056 2664 3664 2747; baseline 0.012 -33"><span class='ocrx_word' id='word_1_518' title='bbox 2056 2665 2196 2717; x_wconf 88' lang='lat' dir='ltr'><strong>enim</strong></span> <span class='ocrx_word' id='word_1_519' title='bbox 2228 2664 2387 2732; x_wconf 81' lang='lat' dir='ltr'><strong>dixit,</strong></span> <span class='ocrx_word' id='word_1_520' title='bbox 2414 2667 2470 2721; x_wconf 91' lang='lat' dir='ltr'><strong>In</strong></span> <span class='ocrx_word' id='word_1_521' title='bbox 2493 2668 2804 2726; x_wconf 88' lang='lat' dir='ltr'><strong>Bethlehem</strong></span> <span class='ocrx_word' id='word_1_522' title='bbox 2828 2672 3083 2736; x_wconf 89' lang='lat' dir='ltr'><strong>manebit,</strong></span> <span class='ocrx_word' id='word_1_523' title='bbox 3107 2673 3221 2739; x_wconf 90' lang='lat' dir='ltr'><strong>sed,</strong></span> <span class='ocrx_word' id='word_1_524' title='bbox 3245 2672 3436 2729; x_wconf 74' lang='lat' dir='ltr'><strong>Exibit.</strong></span> <span class='ocrx_word' id='word_1_525' title='bbox 3467 2676 3664 2747; x_wconf 88' lang='lat' dir='ltr'><strong>Itaque</strong></span> 
     </span>
    </p>
   </div>
   <div class='ocr_carea' id='block_1_71' title="bbox 2054 2753 3659 2837">
    <p class='ocr_par' dir='ltr' id='par_1_71' title="bbox 2054 2753 3659 2837">
     <span class='ocr_line' id='line_1_71' title="bbox 2054 2753 3659 2837; baseline 0.01 -30"><span class='ocrx_word' id='word_1_526' title='bbox 2054 2753 2106 2808; x_wconf 90' lang='lat' dir='ltr'><strong>id</strong></span> <span class='ocrx_word' id='word_1_527' title='bbox 2138 2763 2339 2812; x_wconf 87' lang='lat' dir='ltr'><strong>tantum</strong></span> <span class='ocrx_word' id='word_1_528' title='bbox 2372 2761 2646 2831; x_wconf 89' lang='lat' dir='ltr'><strong>pr0phetia</strong></span> <span class='ocrx_word' id='word_1_529' title='bbox 2675 2764 3047 2833; x_wconf 78' lang='lat' dir='ltr'><strong>exprimebat,</strong></span> <span class='ocrx_word' id='word_1_530' title='bbox 3076 2765 3219 2837; x_wconf 90' lang='lat' dir='ltr'><strong>quod</strong></span> <span class='ocrx_word' id='word_1_531' title='bbox 3249 2766 3317 2822; x_wconf 90' lang='lat' dir='ltr'><strong>ibi</strong></span> <span class='ocrx_word' id='word_1_532' title='bbox 3348 2767 3659 2823; x_wconf 89' lang='lat' dir='ltr'><strong>nasciturus</strong></span> 
     </span>
    </p>
   </div>
   <div class='ocr_carea' id='block_1_72' title="bbox 2055 2851 3661 2929">
    <p class='ocr_par' dir='ltr' id='par_1_72' title="bbox 2055 2851 3661 2929">
     <span class='ocr_line' id='line_1_72' title="bbox 2055 2851 3661 2929; baseline 0.008 -28"><span class='ocrx_word' id='word_1_533' title='bbox 2055 2858 2218 2904; x_wconf 83' lang='lat' dir='ltr'><strong>esset.</strong></span> <span class='ocrx_word' id='word_1_534' title='bbox 2248 2851 2471 2919; x_wconf 90' lang='lat' dir='ltr'><strong>Quidam</strong></span> <span class='ocrx_word' id='word_1_535' title='bbox 2500 2866 2679 2912; x_wconf 88' lang='lat' dir='ltr'><strong>autem</strong></span> <span class='ocrx_word' id='word_1_536' title='bbox 2707 2873 2891 2913; x_wconf 90' lang='lat' dir='ltr'><strong>eorum</strong></span> <span class='ocrx_word' id='word_1_537' title='bbox 2925 2858 3261 2929; x_wconf 84' lang='lat' dir='ltr'><strong>impudenter</strong></span> <span class='ocrx_word' id='word_1_538' title='bbox 3284 2860 3498 2925; x_wconf 90' lang='lat' dir='ltr'><strong>dicunt,</strong></span> <span class='ocrx_word' id='word_1_539' title='bbox 3533 2861 3661 2916; x_wconf 75' lang='lat' dir='ltr'><strong>tunc</strong></span> 
     </span>
    </p>
   </div>
   <div class='ocr_carea' id='block_1_73' title="bbox 2055 2938 3662 3022">
    <p class='ocr_par' dir='ltr' id='par_1_73' title="bbox 2055 2938 3662 3022">
     <span class='ocr_line' id='line_1_73' title="bbox 2055 2938 3662 3022; baseline 0.009 -27"><span class='ocrx_word' id='word_1_540' title='bbox 2055 2938 2124 2996; x_wconf 92' lang='lat' dir='ltr'><strong>de</strong></span> <span class='ocrx_word' id='word_1_541' title='bbox 2152 2941 2481 3001; x_wconf 89' lang='lat' dir='ltr'><strong>Zorohabele</strong></span> <span class='ocrx_word' id='word_1_542' title='bbox 2520 2950 2870 3017; x_wconf 64' lang='lat' dir='ltr'><strong>praenuntiata</strong></span> <span class='ocrx_word' id='word_1_543' title='bbox 2922 2949 3083 3006; x_wconf 76' lang='lat' dir='ltr'><strong>fuisse</strong></span> <span class='ocrx_word' id='word_1_544' title='bbox 3114 2970 3128 3007; x_wconf 89' lang='lat'>:</span> <span class='ocrx_word' id='word_1_545' title='bbox 3155 2952 3247 3007; x_wconf 90' lang='lat' dir='ltr'><strong>sed</strong></span> <span class='ocrx_word' id='word_1_546' title='bbox 3274 2951 3547 3022; x_wconf 91' lang='lat' dir='ltr'><strong>quomodo</strong></span> <span class='ocrx_word' id='word_1_547' title='bbox 3572 2954 3662 3009; x_wconf 91' lang='lat' dir='ltr'><strong>sic</strong></span> 
     </span>
    </p>
   </div>
   <div class='ocr_carea' id='block_1_74' title="bbox 2058 3036 3662 3116">
    <p class='ocr_par' dir='ltr' id='par_1_74' title="bbox 2058 3036 3662 3116">
     <span class='ocr_line' id='line_1_74' title="bbox 2058 3036 3662 3116; baseline 0.008 -30"><span class='ocrx_word' id='word_1_548' title='bbox 2058 3044 2282 3103; x_wconf 89' lang='lat' dir='ltr'><strong>possunt</strong></span> <span class='ocrx_word' id='word_1_549' title='bbox 2308 3036 2639 3109; x_wconf 86' lang='lat' dir='ltr'><strong>intelligere?</strong></span> <span class='ocrx_word' id='word_1_550' title='bbox 2663 3040 2776 3095; x_wconf 88' lang='lat' dir='ltr'><strong>Non</strong></span> <span class='ocrx_word' id='word_1_551' title='bbox 2806 3042 2948 3096; x_wconf 90' lang='lat' dir='ltr'><strong>enim</strong></span> <span class='ocrx_word' id='word_1_552' title='bbox 2987 3043 3236 3113; x_wconf 79' lang='lat' dir='ltr'><strong>Egressus</strong></span> <span class='ocrx_word' id='word_1_553' title='bbox 3264 3045 3373 3116; x_wconf 76' lang='lat' dir='ltr'><strong>ejus</strong></span> <span class='ocrx_word' id='word_1_554' title='bbox 3405 3043 3468 3095; x_wconf 91' lang='lat' dir='ltr'><strong>ab</strong></span> <span class='ocrx_word' id='word_1_555' title='bbox 3504 3044 3662 3099; x_wconf 83' lang='lat' dir='ltr'><strong>initio</strong></span> 
     </span>
    </p>
   </div>
   <div class='ocr_carea' id='block_1_75' title="bbox 2052 3126 3649 3203">
    <p class='ocr_par' dir='ltr' id='par_1_75' title="bbox 2052 3126 3649 3203">
     <span class='ocr_line' id='line_1_75' title="bbox 2052 3126 3649 3203; baseline 0.006 -23"><span class='ocrx_word' id='word_1_556' title='bbox 2052 3142 2116 3180; x_wconf 78' lang='lat' dir='ltr'><strong>ea:</strong></span> <span class='ocrx_word' id='word_1_557' title='bbox 2143 3126 2316 3183; x_wconf 84' lang='lat' dir='ltr'><strong>diebus</strong></span> <span class='ocrx_word' id='word_1_558' title='bbox 2341 3132 2513 3185; x_wconf 63' lang='lat' dir='ltr'><strong>saeculi</strong></span> <span class='ocrx_word' id='word_1_559' title='bbox 2556 3131 2740 3203; x_wconf 81' lang='lat' dir='ltr'><strong>(Mich.</strong></span> <span class='ocrx_word' id='word_1_560' title='bbox 2770 3134 2822 3189; x_wconf 86' lang='lat'><strong>5.</strong></span> <span class='ocrx_word' id='word_1_561' title='bbox 2852 3134 2929 3203; x_wconf 73' lang='grc'><strong>2).</strong></span> <span class='ocrx_word' id='word_1_562' title='bbox 2976 3134 3256 3203; x_wconf 87' lang='lat' dir='ltr'><strong>Quomodo</strong></span> <span class='ocrx_word' id='word_1_563' title='bbox 3284 3144 3461 3189; x_wconf 88' lang='lat' dir='ltr'><strong>autem</strong></span> <span class='ocrx_word' id='word_1_564' title='bbox 3507 3135 3649 3191; x_wconf 88' lang='lat' dir='ltr'><strong>illud</strong></span> 
     </span>
    </p>
   </div>
   <div class='ocr_carea' id='block_1_76' title="bbox 2054 3220 3659 3293">
    <p class='ocr_par' dir='ltr' id='par_1_76' title="bbox 2054 3220 3659 3293">
     <span class='ocr_line' id='line_1_76' title="bbox 2054 3220 3659 3293; baseline 0.009 -22"><span class='ocrx_word' id='word_1_565' title='bbox 2054 3220 2195 3289; x_wconf 90' lang='lat' dir='ltr'><strong>quod</strong></span> <span class='ocrx_word' id='word_1_566' title='bbox 2238 3221 2388 3277; x_wconf 90' lang='lat' dir='ltr'><strong>initio</strong></span> <span class='ocrx_word' id='word_1_567' title='bbox 2418 3224 2629 3290; x_wconf 84' lang='lat' dir='ltr'><strong>dicitur,</strong></span> <span class='ocrx_word' id='word_1_568' title='bbox 2663 3224 2747 3280; x_wconf 76' lang='lat' dir='ltr'><strong>Ea:</strong></span> <span class='ocrx_word' id='word_1_569' title='bbox 2787 3237 2835 3279; x_wconf 81' lang='lat' dir='ltr'><strong>te</strong></span> <span class='ocrx_word' id='word_1_570' title='bbox 2873 3227 3054 3293; x_wconf 74' lang='lat' dir='ltr'><strong>exibit,</strong></span> <span class='ocrx_word' id='word_1_571' title='bbox 3099 3228 3153 3282; x_wconf 92' lang='lat' dir='ltr'><strong>in</strong></span> <span class='ocrx_word' id='word_1_572' title='bbox 3182 3228 3328 3282; x_wconf 87' lang='lat' dir='ltr'><strong>illum</strong></span> <span class='ocrx_word' id='word_1_573' title='bbox 3354 3229 3659 3285; x_wconf 87' lang='lat' dir='ltr'><strong>convenire</strong></span> 
     </span>
    </p>
   </div>
   <div class='ocr_carea' id='block_1_77' title="bbox 2054 3310 3657 3393">
    <p class='ocr_par' dir='ltr' id='par_1_77' title="bbox 2054 3310 3657 3393">
     <span class='ocr_line' id='line_1_77' title="bbox 2054 3310 3657 3393; baseline 0.007 -29"><span class='ocrx_word' id='word_1_574' title='bbox 2054 3310 2257 3380; x_wconf 88' lang='lat' dir='ltr'><strong>possit?</strong></span> <span class='ocrx_word' id='word_1_575' title='bbox 2285 3312 2399 3367; x_wconf 82' lang='lat' dir='ltr'><strong>Non</strong></span> <span class='ocrx_word' id='word_1_576' title='bbox 2429 3316 2569 3370; x_wconf 88' lang='lat' dir='ltr'><strong>enim</strong></span> <span class='ocrx_word' id='word_1_577' title='bbox 2603 3317 2655 3372; x_wconf 93' lang='lat' dir='ltr'><strong>in</strong></span> <span class='ocrx_word' id='word_1_578' title='bbox 2699 3318 2881 3374; x_wconf 71' lang='lat' dir='ltr'><strong>Judma</strong></span> <span class='ocrx_word' id='word_1_579' title='bbox 2902 3360 2917 3383; x_wconf 97' lang='lat'><strong>,</strong></span> <span class='ocrx_word' id='word_1_580' title='bbox 2960 3320 3054 3374; x_wconf 91' lang='lat' dir='ltr'><strong>sed</strong></span> <span class='ocrx_word' id='word_1_581' title='bbox 3104 3321 3156 3375; x_wconf 90' lang='lat' dir='ltr'><strong>in</strong></span> <span class='ocrx_word' id='word_1_582' title='bbox 3187 3321 3458 3393; x_wconf 82' lang='lat' dir='ltr'><strong>Babylone</strong></span> <span class='ocrx_word' id='word_1_583' title='bbox 3489 3330 3657 3377; x_wconf 88' lang='lat' dir='ltr'><strong>natus</strong></span> 
     </span>
    </p>
   </div>
   <div class='ocr_carea' id='block_1_78' title="bbox 2052 3407 3654 3485">
    <p class='ocr_par' dir='ltr' id='par_1_78' title="bbox 2052 3407 3654 3485">
     <span class='ocr_line' id='line_1_78' title="bbox 2052 3407 3654 3485; baseline 0.006 -26"><span class='ocrx_word' id='word_1_584' title='bbox 2052 3414 2139 3459; x_wconf 89' lang='lat' dir='ltr'><strong>est</strong></span> <span class='ocrx_word' id='word_1_585' title='bbox 2164 3422 2179 3459; x_wconf 89' lang='lat'><strong>:</strong></span> <span class='ocrx_word' id='word_1_586' title='bbox 2209 3407 2350 3462; x_wconf 91' lang='lat' dir='ltr'><strong>unde</strong></span> <span class='ocrx_word' id='word_1_587' title='bbox 2389 3409 2548 3463; x_wconf 92' lang='lat' dir='ltr'><strong>etiam</strong></span> <span class='ocrx_word' id='word_1_588' title='bbox 2580 3410 2875 3468; x_wconf 86' lang='lat' dir='ltr'><strong>Zorobabel</strong></span> <span class='ocrx_word' id='word_1_589' title='bbox 2906 3414 3202 3485; x_wconf 89' lang='lat' dir='ltr'><strong>appellatus</strong></span> <span class='ocrx_word' id='word_1_590' title='bbox 3238 3414 3368 3478; x_wconf 80' lang='lat' dir='ltr'><strong>fuit,</strong></span> <span class='ocrx_word' id='word_1_591' title='bbox 3400 3414 3522 3485; x_wconf 87' lang='lat' dir='ltr'><strong>quia</strong></span> <span class='ocrx_word' id='word_1_592' title='bbox 3568 3414 3654 3469; x_wconf 87' lang='lat' dir='ltr'><strong>ibi</strong></span> 
     </span>
    </p>
   </div>
   <div class='ocr_carea' id='block_1_79' title="bbox 2049 3496 3651 3576">
    <p class='ocr_par' dir='ltr' id='par_1_79' title="bbox 2049 3496 3651 3576">
     <span class='ocr_line' id='line_1_79' title="bbox 2049 3496 3651 3576; baseline 0.008 -28"><span class='ocrx_word' id='word_1_593' title='bbox 2049 3505 2223 3550; x_wconf 91' lang='lat' dir='ltr'><strong>ortum</strong></span> <span class='ocrx_word' id='word_1_594' title='bbox 2251 3496 2421 3553; x_wconf 86' lang='lat' dir='ltr'><strong>duxit.</strong></span> <span class='ocrx_word' id='word_1_595' title='bbox 2453 3500 2723 3572; x_wconf 89' lang='lat' dir='ltr'><strong>Quotquot</strong></span> <span class='ocrx_word' id='word_1_596' title='bbox 2762 3502 3017 3574; x_wconf 81' lang='lat' dir='ltr'><strong>Syrorum</strong></span> <span class='ocrx_word' id='word_1_597' title='bbox 3065 3504 3294 3576; x_wconf 89' lang='lat' dir='ltr'><strong>linguam</strong></span> <span class='ocrx_word' id='word_1_598' title='bbox 3334 3505 3542 3570; x_wconf 89' lang='lat' dir='ltr'><strong>sciunt,</strong></span> <span class='ocrx_word' id='word_1_599' title='bbox 3585 3505 3651 3561; x_wconf 91' lang='lat' dir='ltr'><strong>id</strong></span> 
     </span>
    </p>
   </div>
   <div class='ocr_carea' id='block_1_80' title="bbox 2048 3589 3651 3667">
    <p class='ocr_par' dir='ltr' id='par_1_80' title="bbox 2048 3589 3651 3667">
     <span class='ocr_line' id='line_1_80' title="bbox 2048 3589 3651 3667; baseline 0.009 -27"><span class='ocrx_word' id='word_1_600' title='bbox 2048 3589 2189 3657; x_wconf 90' lang='lat' dir='ltr'><strong>quod</strong></span> <span class='ocrx_word' id='word_1_601' title='bbox 2239 3589 2466 3647; x_wconf 86' lang='lat' dir='ltr'><strong>dicimus</strong></span> <span class='ocrx_word' id='word_1_602' title='bbox 2512 3609 2617 3647; x_wconf 88' lang='lat' dir='ltr'><strong>non</strong></span> <span class='ocrx_word' id='word_1_603' title='bbox 2671 3594 2932 3665; x_wconf 85' lang='lat' dir='ltr'><strong>ignorant.</strong></span> <span class='ocrx_word' id='word_1_604' title='bbox 2981 3596 3185 3653; x_wconf 71' lang='lat' dir='ltr'><strong>Praeter</strong></span> <span class='ocrx_word' id='word_1_605' title='bbox 3225 3612 3288 3653; x_wconf 91' lang='lat' dir='ltr'><strong>ea</strong></span> <span class='ocrx_word' id='word_1_606' title='bbox 3339 3613 3468 3652; x_wconf 89' lang='lat' dir='ltr'><strong>vero</strong></span> <span class='ocrx_word' id='word_1_607' title='bbox 3516 3612 3651 3667; x_wconf 60' lang='lat' dir='ltr'><strong>quae</strong></span> 
     </span>
    </p>
   </div>
   <div class='ocr_carea' id='block_1_81' title="bbox 2046 3681 3645 3761">
    <p class='ocr_par' dir='ltr' id='par_1_81' title="bbox 2046 3681 3645 3761">
     <span class='ocr_line' id='line_1_81' title="bbox 2046 3681 3645 3761; baseline 0.006 -25"><span class='ocrx_word' id='word_1_608' title='bbox 2046 3681 2315 3750; x_wconf 75' lang='lat' dir='ltr'><strong>diximus,</strong></span> <span class='ocrx_word' id='word_1_609' title='bbox 2344 3696 2550 3756; x_wconf 87' lang='lat' dir='ltr'><strong>tempus</strong></span> <span class='ocrx_word' id='word_1_610' title='bbox 2579 3698 2745 3745; x_wconf 88' lang='lat' dir='ltr'><strong>totutn</strong></span> <span class='ocrx_word' id='word_1_611' title='bbox 2774 3689 3106 3761; x_wconf 80' lang='lat' dir='ltr'><strong>subsequens</strong></span> <span class='ocrx_word' id='word_1_612' title='bbox 3139 3690 3239 3744; x_wconf 89' lang='lat' dir='ltr'><strong>hoc</strong></span> <span class='ocrx_word' id='word_1_613' title='bbox 3270 3690 3645 3745; x_wconf 88' lang='lat' dir='ltr'><strong>testimonium</strong></span> 
     </span>
    </p>
   </div>
   <div class='ocr_carea' id='block_1_82' title="bbox 2044 3769 3645 3843">
    <p class='ocr_par' dir='ltr' id='par_1_82' title="bbox 2044 3769 3645 3843">
     <span class='ocr_line' id='line_1_82' title="bbox 2044 3769 3645 3843; baseline -0.007 -10"><span class='ocrx_word' id='word_1_614' title='bbox 2044 3778 2365 3834; x_wconf 86' lang='lat' dir='ltr'><strong>conﬁrmare</strong></span> <span class='ocrx_word' id='word_1_615' title='bbox 2412 3776 2575 3830; x_wconf 87' lang='lat' dir='ltr'><strong>valet.</strong></span> <span class='ocrx_word' id='word_1_616' title='bbox 2623 3775 2759 3843; x_wconf 88' lang='lat' dir='ltr'><strong>Quid</strong></span> <span class='ocrx_word' id='word_1_617' title='bbox 2808 3774 2949 3829; x_wconf 90' lang='lat' dir='ltr'><strong>enim</strong></span> <span class='ocrx_word' id='word_1_618' title='bbox 2989 3772 3155 3828; x_wconf 81' lang='lat' dir='ltr'><strong>dicit?</strong></span> <span class='ocrx_word' id='word_1_619' title='bbox 3199 3773 3253 3826; x_wconf 81' lang='lat'><strong>6.</strong></span> <span class='ocrx_word' id='word_1_620' title='bbox 3302 3769 3645 3839; x_wconf 82' lang='lat' dir='ltr'><strong>Nequaquam</strong></span> 
     </span>
    </p>
   </div>
   <div class='ocr_carea' id='block_1_83' title="bbox 2040 3860 3643 3938">
    <p class='ocr_par' dir='ltr' id='par_1_83' title="bbox 2040 3860 3643 3938">
     <span class='ocr_line' id='line_1_83' title="bbox 2040 3860 3643 3938; baseline -0.007 -13"><span class='ocrx_word' id='word_1_621' title='bbox 2040 3863 2255 3925; x_wconf 78' lang='lat' dir='ltr'><strong>minima</strong></span> <span class='ocrx_word' id='word_1_622' title='bbox 2285 3885 2336 3923; x_wconf 89' lang='lat' dir='ltr'><strong>es</strong></span> <span class='ocrx_word' id='word_1_623' title='bbox 2364 3869 2415 3921; x_wconf 87' lang='lat' dir='ltr'><strong>in</strong></span> <span class='ocrx_word' id='word_1_624' title='bbox 2446 3867 2756 3938; x_wconf 75' lang='lat' dir='ltr'><strong>principibus</strong></span> <span class='ocrx_word' id='word_1_625' title='bbox 2785 3866 2927 3920; x_wconf 75' lang='lat' dir='ltr'><strong>Iuda</strong></span> <span class='ocrx_word' id='word_1_626' title='bbox 2946 3907 2961 3931; x_wconf 94' lang='lat'><strong>,</strong></span> <span class='ocrx_word' id='word_1_627' title='bbox 2988 3875 3041 3919; x_wconf 87' lang='lat' dir='ltr'><strong>et</strong></span> <span class='ocrx_word' id='word_1_628' title='bbox 3069 3860 3395 3919; x_wconf 90' lang='lat' dir='ltr'><strong>celebritatis</strong></span> <span class='ocrx_word' id='word_1_629' title='bbox 3418 3874 3643 3915; x_wconf 86' lang='lat' dir='ltr'><strong>causam</strong></span> 
     </span>
    </p>
   </div>
   <div class='ocr_carea' id='block_1_84' title="bbox 2045 3952 3643 4031">
    <p class='ocr_par' dir='ltr' id='par_1_84' title="bbox 2045 3952 3643 4031">
     <span class='ocr_line' id='line_1_84' title="bbox 2045 3952 3643 4031; baseline -0.006 -16"><span class='ocrx_word' id='word_1_630' title='bbox 2045 3961 2226 4031; x_wconf 83' lang='lat' dir='ltr'><strong>adjicit</strong></span> <span class='ocrx_word' id='word_1_631' title='bbox 2273 3960 2355 4014; x_wconf 84' lang='lat' dir='ltr'><strong>his</strong></span> <span class='ocrx_word' id='word_1_632' title='bbox 2387 3959 2600 4023; x_wconf 86' lang='lat' dir='ltr'><strong>verbis,</strong></span> <span class='ocrx_word' id='word_1_633' title='bbox 2638 3958 2773 4027; x_wconf 86' lang='lat' dir='ltr'><strong>Quia</strong></span> <span class='ocrx_word' id='word_1_634' title='bbox 2814 3974 2879 4012; x_wconf 76' lang='lat' dir='ltr'><strong>ea:</strong></span> <span class='ocrx_word' id='word_1_635' title='bbox 2921 3967 2968 4011; x_wconf 88' lang='lat' dir='ltr'><strong>te</strong></span> <span class='ocrx_word' id='word_1_636' title='bbox 3008 3956 3179 4012; x_wconf 70' lang='lat' dir='ltr'><strong>exibit.</strong></span> <span class='ocrx_word' id='word_1_637' title='bbox 3224 3952 3413 4009; x_wconf 85' lang='lat' dir='ltr'><strong>Nullus</strong></span> <span class='ocrx_word' id='word_1_638' title='bbox 3453 3960 3643 4006; x_wconf 87' lang='lat' dir='ltr'><strong>autem</strong></span> 
     </span>
    </p>
   </div>
   <div class='ocr_carea' id='block_1_85' title="bbox 2046 4044 3645 4121">
    <p class='ocr_par' dir='ltr' id='par_1_85' title="bbox 2046 4044 3645 4121">
     <span class='ocr_line' id='line_1_85' title="bbox 2046 4044 3645 4121; baseline -0.007 -12"><span class='ocrx_word' id='word_1_639' title='bbox 2046 4056 2184 4110; x_wconf 91' lang='lat' dir='ltr'><strong>alius</strong></span> <span class='ocrx_word' id='word_1_640' title='bbox 2209 4054 2351 4109; x_wconf 91' lang='lat' dir='ltr'><strong>hune</strong></span> <span class='ocrx_word' id='word_1_641' title='bbox 2393 4053 2567 4106; x_wconf 89' lang='lat' dir='ltr'><strong>locum</strong></span> <span class='ocrx_word' id='word_1_642' title='bbox 2596 4052 2801 4106; x_wconf 90' lang='lat' dir='ltr'><strong>clarum</strong></span> <span class='ocrx_word' id='word_1_643' title='bbox 2846 4050 3299 4121; x_wconf 88' lang='lat' dir='ltr'><strong>conspicuumque</strong></span> <span class='ocrx_word' id='word_1_644' title='bbox 3330 4045 3487 4109; x_wconf 77' lang='lat' dir='ltr'><strong>fecit,</strong></span> <span class='ocrx_word' id='word_1_645' title='bbox 3531 4044 3645 4099; x_wconf 87' lang='lat' dir='ltr'><strong>nisi</strong></span> 
     </span>
    </p>
   </div>
   <div class='ocr_carea' id='block_1_86' title="bbox 2047 4134 3643 4216">
    <p class='ocr_par' dir='ltr' id='par_1_86' title="bbox 2047 4134 3643 4216">
     <span class='ocr_line' id='line_1_86' title="bbox 2047 4134 3643 4216; baseline -0.006 -16"><span class='ocrx_word' id='word_1_646' title='bbox 2047 4146 2162 4216; x_wconf 91' lang='lat' dir='ltr'><strong>ipse</strong></span> <span class='ocrx_word' id='word_1_647' title='bbox 2190 4146 2355 4199; x_wconf 86' lang='lat' dir='ltr'><strong>solus.</strong></span> <span class='ocrx_word' id='word_1_648' title='bbox 2392 4144 2519 4199; x_wconf 85' lang='lat' dir='ltr'><strong>Post</strong></span> <span class='ocrx_word' id='word_1_649' title='bbox 2540 4153 2749 4215; x_wconf 89' lang='lat' dir='ltr'><strong>partum</strong></span> <span class='ocrx_word' id='word_1_650' title='bbox 2779 4140 2976 4212; x_wconf 88' lang='lat' dir='ltr'><strong>quippe</strong></span> <span class='ocrx_word' id='word_1_651' title='bbox 3003 4140 3150 4194; x_wconf 90' lang='lat' dir='ltr'><strong>illum</strong></span> <span class='ocrx_word' id='word_1_652' title='bbox 3172 4154 3236 4193; x_wconf 87' lang='lat' dir='ltr'><strong>ex</strong></span> <span class='ocrx_word' id='word_1_653' title='bbox 3268 4136 3460 4191; x_wconf 84' lang='lat' dir='ltr'><strong>ﬁnibus</strong></span> <span class='ocrx_word' id='word_1_654' title='bbox 3486 4134 3643 4190; x_wconf 78' lang='lat' dir='ltr'><strong>orbis</strong></span> 
     </span>
    </p>
   </div>
   <div class='ocr_carea' id='block_1_87' title="bbox 2047 4228 3641 4306">
    <p class='ocr_par' dir='ltr' id='par_1_87' title="bbox 2047 4228 3641 4306">
     <span class='ocr_line' id='line_1_87' title="bbox 2047 4228 3641 4306; baseline -0.004 -13"><span class='ocrx_word' id='word_1_655' title='bbox 2047 4238 2271 4293; x_wconf 89' lang='lat' dir='ltr'><strong>veniunt</strong></span> <span class='ocrx_word' id='word_1_656' title='bbox 2298 4237 2566 4292; x_wconf 89' lang='lat' dir='ltr'><strong>visitatum</strong></span> <span class='ocrx_word' id='word_1_657' title='bbox 2600 4250 2841 4306; x_wconf 72' lang='lat' dir='ltr'><strong>prmsepe</strong></span> <span class='ocrx_word' id='word_1_658' title='bbox 2868 4244 2922 4289; x_wconf 90' lang='lat' dir='ltr'><strong>et</strong></span> <span class='ocrx_word' id='word_1_659' title='bbox 2948 4233 3139 4304; x_wconf 90' lang='lat' dir='ltr'><strong>tugurii</strong></span> <span class='ocrx_word' id='word_1_660' title='bbox 3164 4233 3339 4287; x_wconf 89' lang='lat' dir='ltr'><strong>locum</strong></span> <span class='ocrx_word' id='word_1_661' title='bbox 3369 4248 3382 4284; x_wconf 90' lang='lat'><strong>:</strong></span> <span class='ocrx_word' id='word_1_662' title='bbox 3412 4228 3463 4284; x_wconf 89' lang='lat' dir='ltr'><strong>id</strong></span> <span class='ocrx_word' id='word_1_663' title='bbox 3489 4228 3641 4300; x_wconf 85' lang='lat' dir='ltr'><strong>quod</strong></span> 
     </span>
    </p>
   </div>
   <div class='ocr_carea' id='block_1_88' title="bbox 2044 4322 3646 4401">
    <p class='ocr_par' dir='ltr' id='par_1_88' title="bbox 2044 4322 3646 4401">
     <span class='ocr_line' id='line_1_88' title="bbox 2044 4322 3646 4401; baseline -0.004 -18"><span class='ocrx_word' id='word_1_664' title='bbox 2044 4330 2156 4401; x_wconf 87' lang='lat' dir='ltr'><strong>jam</strong></span> <span class='ocrx_word' id='word_1_665' title='bbox 2183 4330 2310 4385; x_wconf 92' lang='lat' dir='ltr'><strong>olim</strong></span> <span class='ocrx_word' id='word_1_666' title='bbox 2355 4328 2614 4400; x_wconf 90' lang='lat' dir='ltr'><strong>propheta</strong></span> <span class='ocrx_word' id='word_1_667' title='bbox 2650 4327 3023 4398; x_wconf 64' lang='lat' dir='ltr'><strong>praenuntiavit</strong></span> <span class='ocrx_word' id='word_1_668' title='bbox 3056 4325 3278 4381; x_wconf 86' lang='lat' dir='ltr'><strong>dicens:</strong></span> <span class='ocrx_word' id='word_1_669' title='bbox 3303 4322 3646 4396; x_wconf 77' lang='lat' dir='ltr'><strong>Nequaquam</strong></span> 
     </span>
    </p>
   </div>
   <div class='ocr_carea' id='block_1_89' title="bbox 2048 4414 3643 4490">
    <p class='ocr_par' dir='ltr' id='par_1_89' title="bbox 2048 4414 3643 4490">
     <span class='ocr_line' id='line_1_89' title="bbox 2048 4414 3643 4490; baseline -0.005 -14"><span class='ocrx_word' id='word_1_670' title='bbox 2048 4423 2260 4477; x_wconf 85' lang='lat' dir='ltr'><strong>minima</strong></span> <span class='ocrx_word' id='word_1_671' title='bbox 2300 4438 2352 4476; x_wconf 88' lang='lat' dir='ltr'><strong>es</strong></span> <span class='ocrx_word' id='word_1_672' title='bbox 2392 4421 2444 4475; x_wconf 88' lang='lat' dir='ltr'><strong>in</strong></span> <span class='ocrx_word' id='word_1_673' title='bbox 2474 4419 2788 4490; x_wconf 82' lang='lat' dir='ltr'><strong>principibus</strong></span> <span class='ocrx_word' id='word_1_674' title='bbox 2812 4417 2955 4473; x_wconf 71' lang='lat' dir='ltr'><strong>Julia</strong></span> <span class='ocrx_word' id='word_1_675' title='bbox 2985 4417 3175 4487; x_wconf 78' lang='lat' dir='ltr'><strong>(Miclr.</strong></span> <span class='ocrx_word' id='word_1_676' title='bbox 3203 4417 3259 4472; x_wconf 87' lang='grc'><strong>5.</strong></span> <span class='ocrx_word' id='word_1_677' title='bbox 3294 4414 3388 4485; x_wconf 76' lang='grc'><strong>2);</strong></span> <span class='ocrx_word' id='word_1_678' title='bbox 3434 4415 3484 4468; x_wconf 92' lang='lat' dir='ltr'><strong>id</strong></span> <span class='ocrx_word' id='word_1_679' title='bbox 3510 4424 3599 4469; x_wconf 86' lang='lat' dir='ltr'><strong>est</strong></span> <span class='ocrx_word' id='word_1_680' title='bbox 3623 4457 3643 4483; x_wconf 87' lang='lat'><strong>,</strong></span> 
     </span>
    </p>
   </div>
   <div class='ocr_carea' id='block_1_90' title="bbox 2051 4506 3644 4584">
    <p class='ocr_par' dir='ltr' id='par_1_90' title="bbox 2051 4506 3644 4584">
     <span class='ocr_line' id='line_1_90' title="bbox 2051 4506 3644 4584; baseline -0.006 -14"><span class='ocrx_word' id='word_1_681' title='bbox 2051 4515 2192 4571; x_wconf 88' lang='lat' dir='ltr'><strong>inter</strong></span> <span class='ocrx_word' id='word_1_682' title='bbox 2217 4514 2448 4570; x_wconf 90' lang='lat' dir='ltr'><strong>tribuum</strong></span> <span class='ocrx_word' id='word_1_683' title='bbox 2477 4512 2767 4584; x_wconf 90' lang='lat' dir='ltr'><strong>principes.</strong></span> <span class='ocrx_word' id='word_1_684' title='bbox 2797 4510 2999 4579; x_wconf 87' lang='lat' dir='ltr'><strong>Quibus</strong></span> <span class='ocrx_word' id='word_1_685' title='bbox 3029 4509 3208 4565; x_wconf 89' lang='lat' dir='ltr'><strong>verbis</strong></span> <span class='ocrx_word' id='word_1_686' title='bbox 3232 4509 3394 4564; x_wconf 88' lang='lat' dir='ltr'><strong>etiam</strong></span> <span class='ocrx_word' id='word_1_687' title='bbox 3419 4506 3644 4562; x_wconf 83' lang='lat' dir='ltr'><strong>.leroso-</strong></span> 
     </span>
    </p>
   </div>
   <div class='ocr_carea' id='block_1_91' title="bbox 2051 4597 3644 4679">
    <p class='ocr_par' dir='ltr' id='par_1_91' title="bbox 2051 4597 3644 4679">
     <span class='ocr_line' id='line_1_91' title="bbox 2051 4597 3644 4679; baseline -0.008 -16"><span class='ocrx_word' id='word_1_688' title='bbox 2051 4607 2252 4679; x_wconf 81' lang='lat' dir='ltr'><strong>lymam</strong></span> <span class='ocrx_word' id='word_1_689' title='bbox 2281 4603 2672 4675; x_wconf 87' lang='lat' dir='ltr'><strong>complectitur.</strong></span> <span class='ocrx_word' id='word_1_690' title='bbox 2700 4601 2806 4658; x_wconf 89' lang='lat' dir='ltr'><strong>Sed</strong></span> <span class='ocrx_word' id='word_1_691' title='bbox 2834 4617 2900 4656; x_wconf 89' lang='lat' dir='ltr'><strong>ne</strong></span> <span class='ocrx_word' id='word_1_692' title='bbox 2929 4602 3005 4655; x_wconf 91' lang='lat' dir='ltr'><strong>sic</strong></span> <span class='ocrx_word' id='word_1_693' title='bbox 3030 4600 3243 4670; x_wconf 85' lang='lat' dir='ltr'><strong>quidem</strong></span> <span class='ocrx_word' id='word_1_694' title='bbox 3273 4598 3509 4652; x_wconf 88' lang='lat' dir='ltr'><strong>animum</strong></span> <span class='ocrx_word' id='word_1_695' title='bbox 3537 4597 3644 4651; x_wconf 88' lang='lat' dir='ltr'><strong>ad-</strong></span> 
     </span>
    </p>
   </div>
   <div class='ocr_carea' id='block_1_92' title="bbox 2052 4688 3647 4763">
    <p class='ocr_par' dir='ltr' id='par_1_92' title="bbox 2052 4688 3647 4763">
     <span class='ocr_line' id='line_1_92' title="bbox 2052 4688 3647 4763; baseline -0.008 -7"><span class='ocrx_word' id='word_1_696' title='bbox 2052 4702 2340 4757; x_wconf 87' lang='lat' dir='ltr'><strong>hibuerunt</strong></span> <span class='ocrx_word' id='word_1_697' title='bbox 2361 4740 2376 4763; x_wconf 91' lang='lat'><strong>,</strong></span> <span class='ocrx_word' id='word_1_698' title='bbox 2406 4698 2616 4755; x_wconf 88' lang='lat' dir='ltr'><strong>etiamsi</strong></span> <span class='ocrx_word' id='word_1_699' title='bbox 2647 4696 2845 4753; x_wconf 88' lang='lat' dir='ltr'><strong>utilitas</strong></span> <span class='ocrx_word' id='word_1_700' title='bbox 2886 4693 2951 4749; x_wconf 90' lang='lat' dir='ltr'><strong>ad</strong></span> <span class='ocrx_word' id='word_1_701' title='bbox 2993 4694 3137 4763; x_wconf 90' lang='lat' dir='ltr'><strong>ipsos</strong></span> <span class='ocrx_word' id='word_1_702' title='bbox 3163 4692 3478 4747; x_wconf 87' lang='lat' dir='ltr'><strong>dimanaret.</strong></span> <span class='ocrx_word' id='word_1_703' title='bbox 3511 4688 3647 4743; x_wconf 88' lang='lat' dir='ltr'><strong>Ideo</strong></span> 
     </span>
    </p>
   </div>
   <div class='ocr_carea' id='block_1_93' title="bbox 2048 4781 3644 4862">
    <p class='ocr_par' dir='ltr' id='par_1_93' title="bbox 2048 4781 3644 4862">
     <span class='ocr_line' id='line_1_93' title="bbox 2048 4781 3644 4862; baseline -0.009 -13"><span class='ocrx_word' id='word_1_704' title='bbox 2048 4794 2192 4850; x_wconf 90' lang='lat' dir='ltr'><strong>enim</strong></span> <span class='ocrx_word' id='word_1_705' title='bbox 2220 4806 2481 4862; x_wconf 89' lang='lat' dir='ltr'><strong>nusquam</strong></span> <span class='ocrx_word' id='word_1_706' title='bbox 2504 4789 2779 4859; x_wconf 76' lang='lat' dir='ltr'><strong>propheta:</strong></span> <span class='ocrx_word' id='word_1_707' title='bbox 2798 4787 2867 4842; x_wconf 90' lang='lat' dir='ltr'><strong>de</strong></span> <span class='ocrx_word' id='word_1_708' title='bbox 2885 4786 3140 4857; x_wconf 79' lang='lat' dir='ltr'><strong>dignitate</strong></span> <span class='ocrx_word' id='word_1_709' title='bbox 3160 4785 3274 4854; x_wconf 89' lang='lat' dir='ltr'><strong>ejus</strong></span> <span class='ocrx_word' id='word_1_710' title='bbox 3297 4783 3349 4838; x_wconf 91' lang='lat' dir='ltr'><strong>in</strong></span> <span class='ocrx_word' id='word_1_711' title='bbox 3373 4781 3644 4853; x_wconf 87' lang='lat' dir='ltr'><strong>principio</strong></span> 
     </span>
    </p>
   </div>
   <div class='ocr_carea' id='block_1_94' title="bbox 2050 4874 3645 4955">
    <p class='ocr_par' dir='ltr' id='par_1_94' title="bbox 2050 4874 3645 4955">
     <span class='ocr_line' id='line_1_94' title="bbox 2050 4874 3645 4955; baseline -0.007 -14"><span class='ocrx_word' id='word_1_712' title='bbox 2050 4894 2254 4941; x_wconf 87' lang='lat' dir='ltr'><strong>tantum</strong></span> <span class='ocrx_word' id='word_1_713' title='bbox 2301 4888 2587 4955; x_wconf 88' lang='lat' dir='ltr'><strong>loquuntur</strong></span> <span class='ocrx_word' id='word_1_714' title='bbox 2610 4923 2626 4949; x_wconf 91' lang='lat'><strong>,</strong></span> <span class='ocrx_word' id='word_1_715' title='bbox 2674 4889 2928 4952; x_wconf 90' lang='lat' dir='ltr'><strong>quantum</strong></span> <span class='ocrx_word' id='word_1_716' title='bbox 2957 4879 3025 4934; x_wconf 90' lang='lat' dir='ltr'><strong>de</strong></span> <span class='ocrx_word' id='word_1_717' title='bbox 3052 4877 3312 4933; x_wconf 79' lang='lat' dir='ltr'><strong>beneﬂcio</strong></span> <span class='ocrx_word' id='word_1_718' title='bbox 3338 4874 3478 4947; x_wconf 89' lang='lat' dir='ltr'><strong>quod</strong></span> <span class='ocrx_word' id='word_1_719' title='bbox 3506 4875 3645 4944; x_wconf 87' lang='lat' dir='ltr'><strong>ipsis</strong></span> 
     </span>
    </p>
   </div>
   <div class='ocr_carea' id='block_1_95' title="bbox 2049 4966 3645 5050">
    <p class='ocr_par' dir='ltr' id='par_1_95' title="bbox 2049 4966 3645 5050">
     <span class='ocr_line' id='line_1_95' title="bbox 2049 4966 3645 5050; baseline -0.01 -15"><span class='ocrx_word' id='word_1_720' title='bbox 2049 4978 2316 5050; x_wconf 72' lang='lat' dir='ltr'><strong>prmstitit.</strong></span> <span class='ocrx_word' id='word_1_721' title='bbox 2358 4975 2569 5031; x_wconf 85' lang='lat' dir='ltr'><strong>Etenim</strong></span> <span class='ocrx_word' id='word_1_722' title='bbox 2611 4988 2732 5028; x_wconf 89' lang='lat' dir='ltr'><strong>cum</strong></span> <span class='ocrx_word' id='word_1_723' title='bbox 2774 4971 3006 5042; x_wconf 78' lang='lat' dir='ltr'><strong>Virginis</strong></span> <span class='ocrx_word' id='word_1_724' title='bbox 3043 4979 3225 5041; x_wconf 87' lang='lat' dir='ltr'><strong>partus</strong></span> <span class='ocrx_word' id='word_1_725' title='bbox 3254 4967 3474 5023; x_wconf 89' lang='lat' dir='ltr'><strong>instaret</strong></span> <span class='ocrx_word' id='word_1_726' title='bbox 3515 4966 3645 5030; x_wconf 89' lang='lat' dir='ltr'><strong>ait,</strong></span> 
     </span>
    </p>
   </div>
   <div class='ocr_carea' id='block_1_96' title="bbox 2060 5057 3643 5138">
    <p class='ocr_par' dir='ltr' id='par_1_96' title="bbox 2060 5057 3643 5138">
     <span class='ocr_line' id='line_1_96' title="bbox 2060 5057 3643 5138; baseline -0.009 -12"><span class='ocrx_word' id='word_1_727' title='bbox 2060 5070 2271 5126; x_wconf 85' lang='lat' dir='ltr'><strong>Vocabis</strong></span> <span class='ocrx_word' id='word_1_728' title='bbox 2296 5085 2477 5124; x_wconf 86' lang='lat' dir='ltr'><strong>nomen</strong></span> <span class='ocrx_word' id='word_1_729' title='bbox 2501 5067 2613 5138; x_wconf 87' lang='lat' dir='ltr'><strong>ejus</strong></span> <span class='ocrx_word' id='word_1_730' title='bbox 2639 5064 2852 5128; x_wconf 75' lang='lat' dir='ltr'><strong>Iesum;</strong></span> <span class='ocrx_word' id='word_1_731' title='bbox 2883 5072 2938 5118; x_wconf 93' lang='lat' dir='ltr'><strong>et</strong></span> <span class='ocrx_word' id='word_1_732' title='bbox 2963 5062 3144 5130; x_wconf 88' lang='lat' dir='ltr'><strong>adjicit</strong></span> <span class='ocrx_word' id='word_1_733' title='bbox 3167 5078 3182 5116; x_wconf 87' lang='lat'><strong>:</strong></span> <span class='ocrx_word' id='word_1_734' title='bbox 3205 5057 3326 5131; x_wconf 87' lang='lat' dir='ltr'><strong>Ipse</strong></span> <span class='ocrx_word' id='word_1_735' title='bbox 3368 5060 3497 5113; x_wconf 88' lang='lat' dir='ltr'><strong>enim</strong></span> <span class='ocrx_word' id='word_1_736' title='bbox 3530 5059 3643 5112; x_wconf 80' lang='lat' dir='ltr'><strong>sal-</strong></span> 
     </span>
    </p>
   </div>
   <div class='ocr_carea' id='block_1_97' title="bbox 2051 5150 3643 5236">
    <p class='ocr_par' dir='ltr' id='par_1_97' title="bbox 2051 5150 3643 5236">
     <span class='ocr_line' id='line_1_97' title="bbox 2051 5150 3643 5236; baseline -0.01 -17"><span class='ocrx_word' id='word_1_737' title='bbox 2051 5180 2168 5219; x_wconf 84' lang='lat' dir='ltr'><strong>vum</strong></span> <span class='ocrx_word' id='word_1_738' title='bbox 2194 5163 2344 5236; x_wconf 78' lang='lat' dir='ltr'><strong>faciet</strong></span> <span class='ocrx_word' id='word_1_739' title='bbox 2369 5151 2617 5233; x_wconf 80' lang='lat' dir='ltr'><strong>populum</strong></span> <span class='ocrx_word' id='word_1_740' title='bbox 2641 5173 2789 5212; x_wconf 87' lang='lat' dir='ltr'><strong>suum</strong></span> <span class='ocrx_word' id='word_1_741' title='bbox 2817 5172 2848 5207; x_wconf 95' lang='lat' dir='ltr'><strong>a</strong></span> <span class='ocrx_word' id='word_1_742' title='bbox 2878 5154 3092 5226; x_wconf 79' lang='lat' dir='ltr'><strong>peccatis</strong></span> <span class='ocrx_word' id='word_1_743' title='bbox 3120 5168 3312 5207; x_wconf 87' lang='lat' dir='ltr'><strong>eorum.</strong></span> <span class='ocrx_word' id='word_1_744' title='bbox 3344 5150 3477 5220; x_wconf 78' lang='lat' dir='ltr'><strong>Magi</strong></span> <span class='ocrx_word' id='word_1_745' title='bbox 3508 5165 3643 5206; x_wconf 85' lang='lat' dir='ltr'><strong>vero</strong></span> 
     </span>
    </p>
   </div>
   <div class='ocr_carea' id='block_1_98' title="bbox 2053 5241 3644 5317">
    <p class='ocr_par' dir='ltr' id='par_1_98' title="bbox 2053 5241 3644 5317">
     <span class='ocr_line' id='line_1_98' title="bbox 2053 5241 3644 5317; baseline -0.01 -7"><span class='ocrx_word' id='word_1_746' title='bbox 2053 5270 2159 5310; x_wconf 92' lang='lat' dir='ltr'><strong>non</strong></span> <span class='ocrx_word' id='word_1_747' title='bbox 2189 5251 2459 5317; x_wconf 88' lang='lat' dir='ltr'><strong>dicebant,</strong></span> <span class='ocrx_word' id='word_1_748' title='bbox 2500 5247 2602 5304; x_wconf 87' lang='lat' dir='ltr'><strong>Ubi</strong></span> <span class='ocrx_word' id='word_1_749' title='bbox 2648 5254 2731 5301; x_wconf 79' lang='lat' dir='ltr'><strong>est</strong></span> <span class='ocrx_word' id='word_1_750' title='bbox 2772 5244 2937 5299; x_wconf 91' lang='lat' dir='ltr'><strong>Filius</strong></span> <span class='ocrx_word' id='word_1_751' title='bbox 2974 5243 3089 5309; x_wconf 91' lang='lat' dir='ltr'><strong>Dei,</strong></span> <span class='ocrx_word' id='word_1_752' title='bbox 3120 5241 3236 5309; x_wconf 82' lang='lat' dir='ltr'><strong>sed,</strong></span> <span class='ocrx_word' id='word_1_753' title='bbox 3271 5241 3366 5306; x_wconf 80' lang='lat' dir='ltr'><strong>Qui</strong></span> <span class='ocrx_word' id='word_1_754' title='bbox 3394 5250 3539 5292; x_wconf 88' lang='lat' dir='ltr'><strong>natus</strong></span> <span class='ocrx_word' id='word_1_755' title='bbox 3566 5251 3644 5295; x_wconf 83' lang='lat' dir='ltr'><strong>est</strong></span> 
     </span>
    </p>
   </div>
   <div class='ocr_carea' id='block_1_99' title="bbox 2051 5331 3641 5409">
    <p class='ocr_par' dir='ltr' id='par_1_99' title="bbox 2051 5331 3641 5409">
     <span class='ocr_line' id='line_1_99' title="bbox 2051 5331 3641 5409; baseline -0.009 -8"><span class='ocrx_word' id='word_1_756' title='bbox 2051 5364 2144 5402; x_wconf 82' lang='lat' dir='ltr'><strong>rea:</strong></span> <span class='ocrx_word' id='word_1_757' title='bbox 2165 5344 2488 5399; x_wconf 75' lang='lat' dir='ltr'><strong>Judworum.</strong></span> <span class='ocrx_word' id='word_1_758' title='bbox 2520 5340 2615 5394; x_wconf 91' lang='lat' dir='ltr'><strong>llic</strong></span> <span class='ocrx_word' id='word_1_759' title='bbox 2640 5352 2852 5409; x_wconf 88' lang='lat' dir='ltr'><strong>quoque</strong></span> <span class='ocrx_word' id='word_1_760' title='bbox 2895 5352 3001 5390; x_wconf 91' lang='lat' dir='ltr'><strong>non</strong></span> <span class='ocrx_word' id='word_1_761' title='bbox 3044 5335 3207 5399; x_wconf 89' lang='lat' dir='ltr'><strong>dixit,</strong></span> <span class='ocrx_word' id='word_1_762' title='bbox 3242 5333 3321 5388; x_wconf 80' lang='lat' dir='ltr'><strong>Ex</strong></span> <span class='ocrx_word' id='word_1_763' title='bbox 3372 5342 3424 5387; x_wconf 91' lang='lat' dir='ltr'><strong>te</strong></span> <span class='ocrx_word' id='word_1_764' title='bbox 3465 5331 3641 5387; x_wconf 88' lang='lat' dir='ltr'><strong>exibit</strong></span> 
     </span>
    </p>
   </div>
   <div class='ocr_carea' id='block_1_100' title="bbox 2053 5420 3637 5499">
    <p class='ocr_par' dir='ltr' id='par_1_100' title="bbox 2053 5420 3637 5499">
     <span class='ocr_line' id='line_1_100' title="bbox 2053 5420 3637 5499; baseline -0.011 -5"><span class='ocrx_word' id='word_1_765' title='bbox 2053 5438 2219 5494; x_wconf 89' lang='lat' dir='ltr'><strong>Filius</strong></span> <span class='ocrx_word' id='word_1_766' title='bbox 2250 5435 2378 5499; x_wconf 87' lang='lat' dir='ltr'><strong>Dei;</strong></span> <span class='ocrx_word' id='word_1_767' title='bbox 2407 5432 2526 5497; x_wconf 87' lang='lat' dir='ltr'><strong>sed,</strong></span> <span class='ocrx_word' id='word_1_768' title='bbox 2555 5431 2693 5497; x_wconf 75' lang='lat' dir='ltr'><strong>Dux,</strong></span> <span class='ocrx_word' id='word_1_769' title='bbox 2716 5429 2802 5498; x_wconf 88' lang='lat' dir='ltr'><strong>qui</strong></span> <span class='ocrx_word' id='word_1_770' title='bbox 2822 5436 2961 5498; x_wconf 85' lang='lat' dir='ltr'><strong>regat</strong></span> <span class='ocrx_word' id='word_1_771' title='bbox 2982 5425 3229 5497; x_wconf 76' lang='lat' dir='ltr'><strong>pupulum</strong></span> <span class='ocrx_word' id='word_1_772' title='bbox 3249 5439 3413 5478; x_wconf 87' lang='lat' dir='ltr'><strong>meum</strong></span> <span class='ocrx_word' id='word_1_773' title='bbox 3445 5420 3637 5476; x_wconf 73' lang='lat' dir='ltr'><strong>Israel.</strong></span> 
     </span>
    </p>
   </div>
   <div class='ocr_carea' id='block_1_101' title="bbox 2055 5512 3637 5600">
    <p class='ocr_par' dir='ltr' id='par_1_101' title="bbox 2055 5512 3637 5600">
     <span class='ocr_line' id='line_1_101' title="bbox 2055 5512 3637 5600; baseline -0.011 -14"><span class='ocrx_word' id='word_1_774' title='bbox 2055 5528 2347 5600; x_wconf 87' lang='lat' dir='ltr'><strong>Oportebat</strong></span> <span class='ocrx_word' id='word_1_775' title='bbox 2370 5525 2569 5595; x_wconf 89' lang='lat' dir='ltr'><strong>quippe</strong></span> <span class='ocrx_word' id='word_1_776' title='bbox 2590 5522 2741 5576; x_wconf 87' lang='lat' dir='ltr'><strong>initio</strong></span> <span class='ocrx_word' id='word_1_777' title='bbox 2764 5519 3046 5574; x_wconf 90' lang='lat' dir='ltr'><strong>humiliore</strong></span> <span class='ocrx_word' id='word_1_778' title='bbox 3075 5515 3325 5586; x_wconf 90' lang='lat' dir='ltr'><strong>loquendi</strong></span> <span class='ocrx_word' id='word_1_779' title='bbox 3349 5512 3509 5569; x_wconf 88' lang='lat' dir='ltr'><strong>modo</strong></span> <span class='ocrx_word' id='word_1_780' title='bbox 3534 5515 3637 5577; x_wconf 89' lang='lat' dir='ltr'><strong>uti,</strong></span> 
     </span>
    </p>
   </div>
   <div class='ocr_carea' id='block_1_102' title="bbox 2056 5606 3637 5695">
    <p class='ocr_par' dir='ltr' id='par_1_102' title="bbox 2056 5606 3637 5695">
     <span class='ocr_line' id='line_1_102' title="bbox 2056 5606 3637 5695; baseline -0.012 -17"><span class='ocrx_word' id='word_1_781' title='bbox 2056 5638 2122 5677; x_wconf 91' lang='lat' dir='ltr'><strong>ne</strong></span> <span class='ocrx_word' id='word_1_782' title='bbox 2150 5619 2263 5674; x_wconf 75' lang='lat' dir='ltr'><strong>lucc</strong></span> <span class='ocrx_word' id='word_1_783' title='bbox 2293 5617 2418 5695; x_wconf 81' lang='lat' dir='ltr'><strong>ipsis</strong></span> <span class='ocrx_word' id='word_1_784' title='bbox 2448 5611 2769 5672; x_wconf 78' lang='lat' dir='ltr'><strong>oll‘cudiculo</strong></span> <span class='ocrx_word' id='word_1_785' title='bbox 2794 5618 2975 5666; x_wconf 90' lang='lat' dir='ltr'><strong>essent</strong></span> <span class='ocrx_word' id='word_1_786' title='bbox 2994 5651 3007 5678; x_wconf 91' lang='lat'><strong>,</strong></span> <span class='ocrx_word' id='word_1_787' title='bbox 3049 5616 3103 5665; x_wconf 92' lang='lat' dir='ltr'><strong>ct</strong></span> <span class='ocrx_word' id='word_1_788' title='bbox 3130 5623 3193 5664; x_wconf 87' lang='lat' dir='ltr'><strong>ea</strong></span> <span class='ocrx_word' id='word_1_789' title='bbox 3221 5607 3398 5663; x_wconf 86' lang='lat' dir='ltr'><strong>dicere</strong></span> <span class='ocrx_word' id='word_1_790' title='bbox 3422 5620 3538 5677; x_wconf 78' lang='lat' dir='ltr'><strong>qua:</strong></span> <span class='ocrx_word' id='word_1_791' title='bbox 3568 5606 3637 5659; x_wconf 88' lang='lat' dir='ltr'><strong>ad</strong></span> 
     </span>
    </p>
   </div>
  </div>
