3858 6334
274 335 301 368 ι)
1101 331 1140 344 ’⁸

248 494 3090 528 W

1347 319 1411 374 IN
1453 321 1870 382 MAT'I‘IIA'SUM
1914 325 2146 386 IIOMIL.
2187 331 2297 387 VII.
3372 331 3440 390 75

1678 645 1924 701 υΜῙΛΙΔ
1957 651 2030 705 Z'.

223 763 314 819 Kal
345 766 693 839 avg-a111be
720 767 952 839 πάντας
969 767 1111 835 τοὺς
1133 769 1426 839 ἀρχιερεῖς
1449 769 1549 823 καὶ
1575 785 1760 839 τραμτ

276 835 461 906 ματεῐς
482 836 588 908 τοῦ
622 837 810 908 λαοῦ,
839 835 1383 908 ἐπυνθάνεέοίπᾶβ
1403 835 1628 904 ἀύτῶὺ,
1642 835 1761 892 ποῦ

280 912 308 959 ό
355 906 596 976 Χριστὸς
632 906 934 976 γεννᾶται.
968 910 1033 961 Ol
1077 907 1148 962 δὲ
1195 905 1371 964 εἰπών·
1397 909 1600 976 αὐτῷ’
1659 908 1762 962 Ἐν

280 975 527 1045 Βηθλεέμ
564 975 675 1044 τῆς
715 977 1017 1044 Ἰουδαίας.

279 1140 337 1185 α’.
369 1129 511 1194 Εἶδες
545 1131 866 1194 amna-ei;
899 1131 1118 1201 ἔλεγχον
1144 1133 1401 1203 γινόμενα
1441 1133 1760 1201 Ἰουδαῖκόνς

245 1225 344 1287 Eur;
375 1224 467 1294 μὲν
494 1223 602 1294 7&9
633 1221 797 1275 αὐτὸν
835 1222 937 1276 οὐκ
987 1221 1289 1292 ἐθεώρουν,
1341 1223 1462 1277 οὒδέ
1514 1224 1619 1277 ὑπὸ
1665 1226 1767 1297 τῆς

223 1315 490 1384 βασκανίας
539 1313 828 1384 ήλίσκοντο
859 1351 877 1378 ,
939 1315 1077 1384 μετά
1134 1314 1393 1384 ἀληθείας
1439 1316 1540 1379 τὰς
1624 1335 1764 1388 μαρ-

219 1405 383 1475 τυρίας
435 1403 746 1474 διηγόρευον
765 1419 781 1434 ⁸
835 1402 1020 1474 ἐπειδὴ
1064 1403 1122 1456 δέ
1171 1399 1314 1458 εἶδον
1358 1404 1459 1478 τὴν
1505 1405 1615 1460 ἀπὸ
1658 1406 1766 1459 τῶν

218 1495 480 1565 θαυμάτων
539 1492 899 1564 ἐγγινομένην
925 1492 973 1523 ⁸⁸
999 1491 1159 1556 δόξαν
1184 1531 1201 1557 ,
1261 1493 1366 1546 ὑπὸ
1416 1492 1512 1547 τοῦ
1572 1493 1766 1562 φθόνου
1839 1506 1849 1515 ·

216 1585 614 1658 κατασχεθέντες
675 1584 862 1638 λοιπὸν
942 1582 1265 1654 προῦδωκαν
1320 1583 1418 1656 τὴν
1488 1583 1765 1654 ἀλήθειαν.

228 1676 346 1730 Ἀλλ’
400 1678 433 1748 ή
503 1676 738 1747 ἀλήθεια
807 1675 896 1729 διὰ
961 1674 1180 1728 πάντων
1221 1669 1447 1746 Ἵῇρετο,
1515 1675 1609 1728 καὶ
1664 1675 1770 1728 ὑπὸ

217 1768 308 1821 div
350 1767 552 1840 ἐχθρῶν
590 1768 851 1839 μειζόνως
896 1768 1290 1838 συνεκροτεῖτο.
1327 1767 1471 1837 Ὅρα
1507 1765 1636 1835 γοῦν
1674 1766 1770 1820 καὶ

219 1856 422 1910 ἐνταῦθα
462 1856 582 1920 πῶς
620 1856 913 1927 θαυμαστά
958 1857 1049 1909 καὶ
1082 1855 1361 1926 παράδοξα
1408 1858 1769 1927 οἰκονομεῖται

218 1945 509 2016 πράγματα.
544 1944 714 2015 Ὁμοῦ
757 1961 816 1997 τε
857 1944 967 2015 γὰρ
1000 1944 1095 1998 καὶ
1127 1945 1454 2015 μανθάνουσι
1503 1961 1558 1998 τι
1607 1945 1770 1999 πλέον

218 2039 325 2107 παρ’
359 2035 626 2106 ἀλλήλων,
645 2036 741 2088 καὶ
778 2035 1124 2089 διδάσκουσιν
1151 2035 1432 2108 ἀλλήλους,
1451 2036 1506 2090 οἵ
1540 2053 1600 2090 τε
1635 2037 1770 2108 βάρι

218 2129 354 2199 ϐαροι
393 2127 484 2181 καὶ
531 2129 582 2182 οί
635 2127 900 2182 Ἰουδαῖοι.
937 2129 1001 2181 Οί
1051 2128 1152 2199 μέν
1191 2129 1301 2200 γὰρ
1342 2129 1581 2182 Ἰουδαῖοι
1619 2130 1774 2201 παρὰ

220 2219 346 2293 [103]
372 2219 476 2273 τῶν
516 2220 712 2291 μάγων
751 2220 972 2290 ἤκουον,
998 2219 1080 2272 ὅτι
1131 2219 1226 2273 καὶ
1256 2219 1434 2292 ἀστὴρ
1478 2221 1640 2274 αὑτὸν
1683 2221 1774 2274 ἐπὶ

216 2312 300 2382 τῆς
322 2314 535 2384 Περσῶν
573 2310 810 2383 ἐκήρυξε
840 2311 1024 2383 χώρας
1046 2327 1061 2343 ο
1093 2312 1143 2364 οί
1175 2311 1232 2364 δέ
1276 2311 1441 2382 μάγοι
1484 2311 1637 2384 παρά
1660 2311 1772 2365 τῶν

228 2405 470 2460 Ἰουδαίων
496 2406 828 2476 ἐμάνθανον,
865 2403 949 2456 ὅτι
974 2401 1186 2466 τοῦτον,
1219 2401 1279 2456 δν
1303 2403 1333 2456 6
1357 2403 1532 2475 ἀστὴρ
1570 2405 1774 2475 ἐκήρυ-

219 2494 343 2560 Es”,
373 2497 463 2551 καὶ
508 2495 796 2567 προφῆται
829 2493 935 2563 πρὸ
971 2491 1180 2546 πολλῶν
1214 2490 1421 2545 ἄνωθεν
1459 2492 1774 2563 διηγόρευον

217 2591 430 2659 χρόνων·
458 2591 555 2643 καὶ
590 2590 690 2658 τῆς
727 2585 1103 2658 ἐρωτήσεωςή
1136 2583 1394 2646 ὑπόθεσις
1429 2581 1774 2648 διδασκαλίας

219 2682 530 2753 σαφεστέρας
566 2697 630 2733 τε
666 2680 763 2733 καὶ
795 2676 1194 2749 ἀκριϐεστέρας
1240 2676 1520 2747 ἑκατέροις
1545 2675 1594 2708 ⁸⁸
1635 2676 1774 2730 ἀπό-

216 2771 360 2838 δειξις
389 2771 582 2840 γέγονε
603 2787 618 2800 ·
654 2769 748 2823 καὶ
777 2769 828 2821 οί
871 2768 972 2838 τῆς
1007 2765 1267 2837 ἀληθείας
1299 2766 1484 2837 ἐχθροὶ
1522 2766 1594 2820 τά
1634 2765 1774 2836 ὑπὲρ

216 2861 297 2930 τῆς
311 2861 559 2934 ἀληθείας
585 2859 682 2913 καὶ
702 2859 925 2921 ἄκοντες
952 2855 1353 2925 ἀναγκάζονται
1381 2853 1777 2925 ἀναγινώσκειν

216 2953 514 3024 γράμματα,
545 2952 646 3006 καὶ
682 2952 782 3021 τὴν
828 2949 1167 3022 προφητείαν
1209 2947 1563 3019 ἑρμηνεύειν,
1597 2948 1646 3000 εἰ
1681 2947 1777 3002 καὶ⁵

214 3054 275 3123 μὴ
311 3060 503 3114 πᾶσαν.
550 3059 816 3123 Εἰπόντες
847 3058 956 3131 7&9
996 3058 1095 3129 τὴν
1142 3058 1411 3129 Βηθλεέμ,
1446 3059 1541 3112 καὶ
1578 3053 1660 3112 ὅτι
1705 3055 1768 3125 ἐξ

210 3145 354 3216 αὐτῆς
383 3149 731 3215 ἐξελεύσεται
760 3151 790 3203 6
827 3149 1132 3220 ποιμαίνων
1173 3149 1263 3203 τὸν
1301 3151 1550 3222 Ἰσραὴλ,
1577 3149 1767 3206 λοιπὸν

211 3235 367 3291 οὐκέτι
395 3241 750 3314 προσέθηκαν
777 3243 837 3295 τὸ
877 3243 1024 3313 ἑξῆς,
1057 3240 1442 3306 κολακεύοντες
1476 3244 1568 3296 τὸν
1613 3243 1768 3313 βασι-

211 3325 309 3382 λέα.
336 3331 396 3383 Τί
417 3332 472 3386 δέ
505 3333 674 3386 τοῦτο
695 3329 798 3404 ἦν;
828 3334 951 3387 Ὅτι
983 3335 1054 3388 Δί
1085 3333 1282 3398 ἔξοδοι
1308 3333 1492 3387 αὐτοῦ
1529 3334 1629 3388 ἀπ’
1659 3335 1766 3403 ἀρ·-

211 3419 309 3489 χῆς
348 3424 413 3488 ἐξ
459 3425 706 3494 ἡμερῶν
731 3423 968 3492 αἰῶνος.
1013 3425 1125 3479 Kal
1155 3426 1299 3490 τίνος
1342 3425 1546 3488 ἕνεκεν,
1579 3427 1765 3497 φησὶν,

211 3515 250 3566 εί
274 3517 468 3570 ἐκεῖθεν
498 3517 698 3590 ἔμελλε
730 3516 1127 3589 παραγίνεσθαι
1155 3517 1222 3580 ⁸⁸,
1257 3519 1314 3570 ἐν
1343 3516 1599 3588 Ναζαρὲτ
1631 3517 1769 3588 μετά

210 3604 286 3658 τὸν
323 3609 475 3662 τόκον
513 3610 698 3680 διῆγε,
749 3609 843 3663 καὶ
892 3608 1210 3672 συνεσκίαζε
1256 3610 1356 3678 τὴν
1395 3609 1765 3680 προφητείαν;

212 3697 303 3750 Kal
327 3699 426 3770 μὴν
448 3702 510 3754 ού
536 3700 918 3764 συνεσκίασεν,
947 3698 1082 3754 ἀλλά
1102 3701 1195 3753 καὶ
1223 3700 1424 3770 μᾶλλον
1447 3699 1765 3769 ἐξεκάλυψε.

209 3789 271 3842 Τὸ
292 3791 412 3862 γάρ,
430 3793 550 3845 ἐκεῖ
569 3791 675 3861 τῆς
700 3791 906 3863 μητρὸς
930 3791 1184 3861 οίκούσης
1208 3790 1515 3854 διαπαντὸς,
1538 3790 1770 3844 ἐνταῦθα

210 3881 503 3954 γεννηθῆναι
540 3882 818 3936 δείκνυσιν
859 3882 918 3947 ἐξ
947 3881 1257 3952 οἰκονομίας
1280 3881 1344 3936 τὸ
1373 3883 1604 3953 πρᾶγμα
1626 3878 1774 3951 γινό-

212 3986 364 4038 μενον.
384 3975 484 4027 Διά
509 3992 598 4028 τοι
622 3973 780 4028 τοῦτο
800 3975 917 4029 οὐδὲ
939 3975 1139 4038 εὐθέως
1156 3973 1366 4044 τεχθεὶς
1382 3973 1605 4044 ἐξῆλθεν
1626 3974 1769 4038 ἐκεῖ·

210 4059 286 4114 θεν
295 4064 358 4127 ’⁸,
375 4065 487 4119 ἀλλ’
507 4066 770 4135 ἐποίησεν
786 4066 996 4136 ἡμέρας
1018 4065 1441 4138 τεσσαράκοντα,
1457 4067 1567 4130 τοῖς
1586 4065 1771 4136 βουλο-

211 4152 365 4220 μένοις
378 4157 842 4229 περιεργάζεσθαι
859 4157 1030 4220 διδοῦς
1049 4156 1187 4228 μετά
1201 4156 1484 4226 ἀκριϐείας
1499 4155 1770 4223 ἐξετάζειν

207 4244 416 4302 ἅπαντα.
452 4250 569 4303 Kal
619 4247 730 4320 7&9
762 4247 933 4302 πολλά
977 4245 1044 4319 ἦν
1087 4247 1155 4301 τά
1183 4247 1436 4301 κινοῦντα
1483 4248 1618 4320 πρὸς
1662 4247 1766 4320 τὴν

206 4339 438 4410 τοιαύτην
483 4341 743 4412 ζήτησιν,
786 4341 840 4393 εί
875 4357 937 4410 γε
985 4338 1274 4411 προσέχειν
1323 4339 1624 4394 ἐϐούλοντο.
1658 4340 1770 4393 Kal

207 4426 298 4500 γὰρ
328 4430 594 4487 ἐλθόντων
617 4431 732 4485 τῶν
754 4431 961 4503 μάγων,
991 4429 1342 4502 ἀνεπτερώθη
1366 4431 1513 4485 πᾶσα
1537 4431 1573 4502 ἡ
1594 4431 1766 4498 πόλις,

205 4520 286 4572 καὶ
323 4524 456 4590 μετὰ
485 4524 597 4593 τῆς
644 4521 854 4586 πόλεως
886 4523 914 4575 6
959 4521 1206 4591 βασιλεὺς
1230 4563 1243 4588 ,
1279 4522 1372 4575 καὶ
1412 4521 1441 4574 6
1484 4522 1769 4594 προφήτης

207 4608 274 4671 είς
303 4611 462 4678 μέσον
496 4612 806 4682 παρήγετο,
850 4609 944 4664 καὶ
973 4609 1320 4682 δικαστήριον
1356 4609 1611 4681 μέγιστον
1647 4623 1776 4664 συνί-

206 4705 476 4771 εκροτεῖτο,
503 4705 605 4758 καὶ
633 4703 800 4774 ἕτερα
821 4702 879 4756 δὲ
907 4701 1127 4756 πλείονα
1153 4701 1372 4770 γέγονεν
1397 4701 1606 4767 αὐτόθι,
1626 4702 1772 4772 άπερ

205 4791 230 4842 6
251 4793 455 4858 Λουκᾶς
488 4794 636 4866 μετά
661 4793 948 4865 ἀκριϐείας
984 4793 1250 4864 διηγεῖται
1282 4792 1496 4848 ἅπαντα
1514 4809 1527 4823 ·
1557 4787 1668 4848 οἷον
1699 4791 1770 4848 τά

205 4886 326 4939 κατά
348 4887 446 4957 τὴν
469 4890 696 4952 Ἀνναν,
721 4886 816 4940 καὶ
841 4886 934 4939 τδν
966 4883 1209 4956 Συμεὼν,
1241 4884 1337 4938 καὶ
1360 4886 1450 4941 τὸν
1473 4885 1766 4956 Ζαχαρίαν,

205 4977 284 5028 καὶ
317 4979 438 5040 τοὺς
465 4977 762 5046 ἀγγέλους,
792 4978 885 5031 καὶ
911 4976 1037 5038 τοὺς
1065 4974 1346 5046 ποιμένας,
1383 4975 1525 5048 άπερ
1551 4976 1771 5030 ἅπαντα

205 5069 300 5131 τοῖς
347 5070 717 5140 προσέχουσιν
765 5067 924 5122 ἰκανά
962 5063 1029 5139 ἦν
1076 5069 1378 5140 παρασχεῖν
1415 5067 1668 5137 ἀφορμὰς
1708 5067 1770 5121 τὸ

203 5153 339 5229 μοι]
385 5159 760 5229 γεγενημένον
809 5158 1003 5231 εὑρεῖν.
1070 5159 1133 5213 Εἰ
1179 5159 1288 5231 γάρ
1342 5157 1450 5212 ἀπὸ
1509 5157 1770 5231 Περσίδος

207 5245 431 5314 ἐῶντες
469 5249 520 5304 οί
573 5249 739 5320 μάγοι
779 5251 880 5303 οὐκ
918 5250 1192 5321 ἠγνόησαν
1237 5251 1328 5305 τὸν
1354 5251 1554 5319 τόπον,
1590 5249 1770 5322 πολλῷ

211 5345 387 5408 μᾶλλον
411 5351 460 5401 οἱ
494 5351 618 5402 ἐκεῖ
643 5350 1010 5421 διατρίϐοντες
1038 5353 1211 5409 ταῦτα
1251 5355 1444 5428 μαθεῖν
1481 5356 1762 5426 ἠδύναντο.

212 5433 399 5503 Ἕδειξε
424 5440 529 5510 μὲν
561 5437 657 5495 οὖν
684 5442 745 5509 ἐξ
773 5443 950 5515 ἀρχῆς
977 5446 1170 5501 ἐαυτὸν
1199 5448 1289 5502 διά
1313 5449 1524 5504 πολλῶν
1551 5449 1765 5522 θαυμά-

207 5539 323 5581 mw
356 5531 546 5604 ἐπειδὴ
575 5532 632 5588 δέ
669 5534 772 5589 οὐκ
800 5534 1072 5608 ἠθέλησαν
1105 5539 1255 5605 ἰδεῖν,
1294 5539 1509 5612 κρύψας
1542 5541 1632 5595 τὸν
1663 5559 1763 5614 με·
1789 5590 1802 5600 .

1870 774 2003 840 ταξὺ
2052 773 2238 846 χρόνον
2297 777 2523 838 ἐαυτὸν.
2565 779 2728 833 πάλιν
2773 780 2832 844 ἐξ
2884 783 3076 850 ἐτέρας
3123 783 3442 855 ἀπεκάλυψε

1870 866 2253 938 λαμπροτέρας
2277 869 2470 940 ἀρχῆς.
2497 870 2631 924 Οὑδέ
2663 870 2772 943 γάρ
2803 873 2853 924 οί
2892 873 3056 942 μάγοι
3086 873 3292 939 λοιπὸν,
3323 877 3444 930 οὐδὲ

1870 957 1900 1011 6
1919 957 2115 1028 ἀστὴρ,
2137 957 2253 1010 ἀλλ’
2283 959 2312 1010 6
2347 959 2537 1031 Πατὴρ
2572 961 2781 1015 ἄνωθεν
2811 965 3107 1034 ἐκήρυττεν
3127 965 3172 996 ⁹¹
3205 966 3298 1018 ἐπὶ
3333 967 3448 1020 τῶν

1884 1048 2221 1120 Ἰορδανείων
2254 1049 2484 1122 ῥείθρων
2505 1067 2521 1082 ο
2551 1051 2646 1104 καὶ
2670 1052 2731 1105 τὸ
2751 1053 2977 1124 Πνεῦμα
3009 1055 3066 1107 δέ
3088 1057 3135 1088 ’³
3159 1057 3442 1125 ἐπεφοίτα,

1869 1138 1970 1209 τὴν
1999 1138 2181 1211 φωνὴν
2207 1141 2422 1210 ἐκείνην
2445 1142 2601 1195 ’έλκον
2629 1143 2720 1196 ἐπὶ
2738 1144 2836 1214 τὴν
2857 1145 3096 1215 κεφαλὴν
3128 1146 3222 1201 τοῦ
3246 1146 3447 1219 βαπτι-

1871 1229 2098 1301 ζομένου
2123 1249 2138 1263 ο
2169 1232 2262 1285 καί¹
2295 1233 2547 1304 Ἰωάννης
2573 1234 2709 1305 μετά
2739 1237 3049 1307 παρρησίας
3067 1239 3285 1310 ἀπάσης
3308 1258 3447 1295 παν-

1870 1322 2037 1393 ταχοῦ
2077 1324 2177 1394 τῆς
2209 1324 2468 1389 Ἰουδαίας
2497 1325 2646 1389 ἐϐόα,
2682 1327 2782 1398 τὴν
2813 1329 3157 1398 οἰκουμένην,
3191 1329 3290 1402 τὴν
3330 1331 3450 1384 ἀοίο

1871 1430 2036 1485 κητον
2071 1415 2172 1486 τῆς
2201 1415 2454 1485 τοιαύτης
2486 1415 2829 1481 διδασκαλίας
2858 1418 3103 1489 πληρῶν·
3144 1421 3240 1474 καὶ
3272 1423 3304 1488 ὴ
3337 1421 3448 1474 τῶν

1871 1503 2164 1575 θαυμάτων
2191 1505 2248 1558 δέ
2283 1507 2577 1577 μαρτυρία,
2612 1507 2708 1560 καὶ
2737 1509 2830 1578 γῆ,
2863 1509 2957 1562 καὶ
2997 1509 3255 1575 θάλαττα,
3287 1513 3379 1565 xal
3409 1512 3445 1582 ή

1872 1596 2049 1661 κτίσις
2085 1597 2273 1652 ἅπασα
2313 1597 2573 1670 λαμπρὰν
2619 1600 2759 1668 ὑπὲρ
2810 1600 2974 1654 αὐτοῦ
3029 1603 3181 1672 ἠφίει
3237 1606 3442 1676 φωνήν.

1872 1687 2032 1759 Παρά
2078 1689 2136 1742 δέ
2177 1688 2268 1743 τδν
2304 1689 2492 1760 καιρὸν
2540 1689 2646 1744 τῶν
2687 1689 2891 1745 ὠδίνων
2929 1693 3168 1748 τοσαῦτα
3199 1694 3442 1763 ἐγίνετο,

1872 1775 1972 1830 ὅσα
1996 1777 2144 1841 εἰκὸς
2173 1778 2356 1850 ἠρέμα
2390 1779 2561 1845 δεῖξαι
2587 1778 2678 1831 τὸν
2719 1781 3154 1850 παραγεγονότα.
3182 1783 3299 1836 Ἵνα
3334 1784 3446 1856 γάρ

1877 1867 1952 1939 μή
1973 1867 2202 1938 λέγωσιν
2221 1871 2271 1922 οί
2304 1870 2545 1924 Ἰουδαῖοι
2560 1872 2629 1937 ⁸⁸,
2649 1872 2732 1925 ὄτι
2758 1874 2858 1927 οὐκ
2883 1875 3044 1945 ίσμεν
3065 1876 3194 1928 πότε
3225 1874 3444 1946 ἐτέχθη,

1872 1959 1992 2013 ούδέ
2015 1960 2074 2012 ἐν
2105 1961 2244 2033 ποίῳ
2266 1962 2474 2033 χωρίῳ,
2506 1963 2577 2016 τά
2606 1981 2665 2017 τε
2698 1964 2839 2018 κατὰ
2872 1967 2996 2030 τοὺς
3030 1966 3238 2036 μάγους
3270 1967 3447 2022 πάντα

1872 2053 2219 2126 ᾤκονομήθη.
2261 2056 2356 2109 καὶ
2384 2056 2452 2109 τὰ
2481 2055 2614 2110 ἀλλα
2644 2057 2787 2129 ἅπερ
2819 2059 3120 2131 εἰρήκαμεν
3139 2076 3154 2091 ⁶
3187 2059 3326 2114 ῶστε
3350 2061 3446 2114 ού-

1874 2145 2063 2216 δεμίαν
2107 2146 2286 2201 αἰτίαν
2339 2147 2405 2201 ἂν
2451 2147 2622 2219 ἔχοιεν
2653 2150 2859 2216 εἰπεῖν,
2909 2152 2982 2223 μὴ
3024 2151 3355 2224 ζητήσαντες
3384 2154 3447 2206 τὸ

1873 2253 2068 2308 γεγενη
2079 2238 2256 2308 μένον.

1950 2334 2010 2404 β’.
2031 2333 2232 2387 Σκόπει
2253 2333 2309 2387 δέ
2332 2335 2541 2404 καὶτῆς
2561 2335 2893 2407 προφητείας
2920 2335 3020 2406 τὴν
3043 2335 3344 2407 ἀκρίϐειαν.
3368 2336 3448 2389 Οὐ

1875 2422 1984 2494 7&9
2015 2415 2187 2485 εἶπεν,
2224 2421 2304 2475 ὅτι
2335 2423 2394 2474 ἐν
2429 2421 2675 2494 Βηθλεέμ
2706 2427 2877 2495 μενεῖ,
2912 2423 3052 2488 ἀλλ’,
3080 2423 3447 2490 ἐξελεύσεται.

1879 2515 2039 2566 Ὥστε
2077 2512 2350 2566 καὶτοῦτο
2389 2514 2724 2585 προφητείας
2748 2510 2836 2585 ἦν,
2873 2515 2932 2567 τὸ
2969 2513 3295 2585 γεννηθῆναι
3332 2515 3453 2568 ἐκεῖ

1881 2605 2058 2675 μόνον.
2087 2604 2242 2666 Τινὲς
2265 2603 2320 2657 δέ
2348 2603 2528 2658 αὐτῶν
2552 2603 3032 2675 ἀναισχυντοῦντές
3057 2605 3106 2636 ⁵⁸
3136 2622 3288 2674 φασι,
3319 2604 3449 2677 περὶ

1876 2696 1970 2750 τοῦ
2006 2695 2308 2767 Ζοροϐάϐελ
2335 2693 2506 2749 ταῦτα
2549 2695 2833 2767 εἰρῆσθαιο
2878 2696 2974 2750 καὶ
3007 2696 3122 2760 πῶς
3162 2697 3228 2750 ἂν
3274 2695 3452 2767 ἔχοιεν

1877 2788 2068 2857 λόγον;
2097 2788 2168 2841 Ού
2194 2787 2302 2859 γάρ
2341 2787 2428 2858 δὴ.
2465 2790 2521 2841 al
2558 2787 2756 2852 ἔξοδοι
2793 2788 2982 2842 αὐτοῦ
3018 2787 3119 2842 ἀπ’
3147 2787 3342 2856 ἀρχῆς
3379 2785 3451 2851 ἐξ

1876 2879 2112 2949 ἡμερῶν
2140 2878 2375 2946 αἰῶνος.
2404 2879 2528 2943 Πῶς
2555 2879 2611 2933 δέ
2635 2879 2695 2932 τὸ
2732 2881 2791 2955 ἐν
2820 2881 2960 2952 ἀρχῇ
2986 2879 3196 2950 λεχθὲν,
3225 2881 3306 2932 δτι
3347 2880 3450 2933 Ἐκ

1877 2970 1994 3026 σοῦ
2021 2969 2421 3036 ἐξελεύσεται,
2457 2970 2746 3042 ἀρμόσειεν
2780 2970 2846 3024 ἂν
2890 2970 3109 3042 ἐκείνως
3141 2971 3214 3023 Οὐ
3244 2970 3352 3041 7&9
3390 2969 3451 3022 ἐν

1877 3065 1944 3133 τῇ
1981 3061 2228 3133 Ἰουδαία,
2275 3061 2388 3115 ἀλλ’
2419 3063 2477 3115 ἐν
2509 3063 2574 3134 τῇ
2623 3061 2902 3116 Βαϐυλῶνι
2941 3061 3168 3133 ἐτέχθη·
3199 3061 3321 3116 ὅθεν
3358 3061 3453 3114 καὶ

1879 3157 2180 3228 Ζοροϐάϐελ
2202 3155 2353 3229 [105]
2393 3155 2622 3228 ἐκλήθη.
2649 3155 2739 3209 διὰ
2763 3155 2823 3210 τὸ
2851 3156 2969 3208 ἐκεῖ
3005 3155 3301 3227 σπαρῆναι.
3341 3151 3454 3206 Kal

1879 3247 1993 3301 ὅσοι
2026 3246 2123 3319 τὴν
2154 3247 2342 3319 Σύρων
2376 3248 2524 3300 ίσασι
2565 3246 2834 3315 γλῶτταν,
2869 3246 3016 3300 ἴσασι
3050 3245 3112 3298 τὸ
3138 3244 3453 3315 λεγόμενον.

1878 3336 2036 3392 Μετά
2076 3336 2132 3391 δέ
2173 3335 2281 3390 τῶν
2320 3335 2644 3409 εἰρημένων,
2677 3337 2770 3391 καὶ
2801 3339 2829 3390 6
2861 3337 2997 3409 μετά
3044 3335 3215 3389 ταῦτα
3264 3336 3455 3405 χρόνος

1880 3433 2024 3497 ἄπας
2054 3431 2237 3495 ἰκανὸς
2273 3431 2540 3502 συστῆσαι
2565 3431 2663 3502 τὴν
2697 3428 3016 3500 μαρτυρίαν.
3039 3427 3106 3480 Τί
3126 3426 3235 3498 γάρ
3259 3442 3452 3496 φησιν;

1883 3521 2164 3592 Οὐδαμῶς
2193 3521 2485 3590 ἐλαχίστη
2523 3516 2580 3574 εἷ
2619 3521 2690 3573 ἑν
2729 3518 2853 3584 τοῖς
2900 3518 3191 3587 ἡγεμόσιν
3225 3515 3453 3571 Ἰούδα·

1879 3613 1975 3664 καὶ
2008 3613 2108 3682 τὴν
2149 3610 2325 3664 αἰτίαν
2359 3610 2684 3680 προστίθησι
2719 3609 2818 3678 τῆς
2851 3605 3229 3678 περιφανείας,
3259 3603 3452 3673 λέγων,

1879 3705 1984 3765 ὅτι,
2019 3702 2087 3755 ἐκ
2118 3701 2232 3755 σοῦ
2257 3701 2660 3765 ἐξελεύσεται.
2682 3698 2875 3762 Οὐδεὶς
2899 3698 2955 3752 δὲ
2983 3699 3168 3769 ἐτερος
3199 3697 3456 3768 λαμπρὸν

1881 3794 1974 3849 καλ⁸
1995 3793 2288 3865 περιφανὲς
2317 3795 2491 3845 ἐκεῖνο
2513 3791 2573 3844 τὸ
2601 3789 2798 3862 χωρίον
2839 3789 3113 3860 ἐποίησεν,
3141 3787 3255 3842 ἀλλ’
3292 3789 3326 3861 ἢ
3367 3790 3458 3859 μό-

1881 3903 1969 3949 νος
2023 3884 2204 3947 αύτός.
2246 3883 2400 3937 Μετὰ
2430 3880 2560 3950 γοῦν
2597 3880 2688 3934 τὸν
2736 3879 2894 3933 τόκον
2927 3881 3156 3942 ἐκεῖνον,
3192 3878 3314 3932 ἀπὸ.
3346 3879 3459 3930 τῶν

1884 3976 2136 4048 περάτων
2185 3974 2286 4045 τῆς
2335 3973 2661 4044 οἰκουμένης
2728 3971 2978 4045 ἔρχονται
3034 3970 3290 4042 ὀψόμενοι
3358 3969 3460 4039 τὴν

1883 4068 2086 4138 φάτνην
2119 4066 2211 4121 καὶ
2241 4065 2342 4136 τῆς
2370 4064 2610 4136 καλύϐης
2640 4063 2729 4117 τὸν
2767 4064 2933 4116 τόπον
2953 4078 2967 4092 °
3005 4063 3144 4132 ὅπερ
3179 4060 3382 4116 ἄνωθεν
3427 4060 3460 4112 6

1885 4160 2170 4230 προφήτης
2220 4157 2673 4228 προανεφώνησε,
2713 4154 2885 4223 λέγων
2909 4170 2922 4183 ⁸
2977 4151 3258 4222 Οὐδαμῶς
3317 4152 3456 4205 ἐλα-

1883 4253 2061 4320 χίστη
2099 4246 2157 4304 εἴ
2197 4249 2267 4302 ἐν
2292 4248 2412 4312 τοῖς
2459 4248 2750 4317 ἡγεμόσιν
2803 4244 3026 4299 Ἰούδα·
3071 4243 3366 4304 τουτέστιν,
3398 4244 3458 4295 ἐν

1881 4345 1992 4405 τοῖς
2017 4341 2331 4412 φυλάρχοις.
2369 4338 2540 4391 Τοῦτο
2563 4337 2620 4389 δὲ
2653 4335 2823 4389 εἰπὼν
2847 4336 2940 4388 καὶ
2972 4335 3072 4404 τὴν
3101 4330 3455 4403 Ἰερουσαλὴμ

1885 4432 2227 4504 περιέλαϐεν.
2281 4429 2420 4483 Ἀλλ’
2451 4427 2572 4482 οὐδὲ
2615 4426 2757 4479 οὕτω
2797 4427 3105 4497 προσεῖχον,
3137 4424 3314 4477 καίτοι
3354 4422 3453 4492 τῆς

1883 4524 2146 4594 ὠφελείας
2167 4523 2247 4585 εἰς
2267 4520 2465 4582 αὐτοὺς
2490 4516 2889 4593 διαϐαινούσης.
2923 4517 3032 4570 Kal
3055 4514 3164 4586 7&9
3185 4513 3272 4567 διὰ
3297 4511 3457 4566 τοῦτο

1884 4613 2120 4686 οὐδαμοῦ
2159 4613 2288 4685 περὶ
2329 4613 2429 4682 τῆς
2477 4610 2630 4675 ἀξίας
2669 4607 2833 4662 αὑτοῦ
2866 4606 3198 4674 διαλέγονται
3230 4607 3278 4657 οῖ
3317 4620 3454 4676 προς

1884 4711 2052 4779 φῆται
2092 4708 2150 4760 ἐν
2179 4706 2321 4777 ἀρχῇ
2351 4701 2626 4766 τοσοῦτον,
2669 4703 2792 4754 ὅσον
2833 4699 2962 4772 περὶ
2996 4699 3097 4769 τῆς
3137 4695 3456 4766 εὐεργεσίας

1869 4799 1983 4869 ,τῆς
2010 4797 2142 4870 παρ’
2169 4795 2332 4850 αὑτοῦ
2358 4793 2654 4865 γενομένης
2685 4793 2764 4855 εἰς
2791 4789 3002 4854 αὐτούς.
3023 4790 3134 4843 Kal
3163 4789 3270 4859 7&9
3292 4787 3454 4858 ήνίκα

1883 4889 2092 4943 ἔτικτεν
2121 4889 2154 4960 ή
2178 4885 2468 4958 παρθένος·
2497 4885 2813 4949 Καλέσεις,
2839 4881 2993 4953 φησὶ,
3018 4881 3085 4935 τὸ
3126 4880 3310 4949 ὄνομα
3344 4880 3451 4931 αὐ-

1883 4981 1989 5036 τοῦ
2021 4978 2282 5048 Ἰησοῦνο
2307 4976 2400 5031 καὶ
2438 4975 2635 5044 ἐπάγει
2669 4973 2842 5042 λέγων
2861 4989 2875 5001 ο
2904 4968 3097 5035 Αὐτὸς
3123 4967 3234 5038 γὰρ
3272 4966 3455 5020 σώσει

1871 5072 1988 5128 τὸν
2009 5072 2164 5126 λαὸν
2197 5070 2383 5125 αὐτοῦ
2413 5067 2533 5124 ἀπὸ
2560 5067 2678 5121 τῶν
2697 5062 2995 5137 ἁμαρτιῶν
3019 5060 3234 5116 αὐτῶν.
3272 5058 3381 5112 Kal
3404 5059 3453 5111 οἰ

1887 5165 2051 5236 μάγοι
2069 5163 2126 5217 δέ
2153 5164 2254 5216 ούκ
2280 5161 2485 5230 ἐλεγον,
2510 5159 2614 5215 ποῦ
2636 5151 2781 5213 ἐστιν
2812 5159 2840 5211 6
2869 5156 2998 5219 Υἰδς
3029 5152 3124 5207 τοῦ
3157 5151 3314 5216 Θεοῦ,
3338 5149 3454 5205 ἀλλ’

1895 5255 1959 5309 '0
1985 5255 2216 5324 τεχθεὶς
2241 5252 2541 5320 βασιλεὺς
2577 5250 2696 5305 τῶν
2723 5245 3043 5303 Ἰουδαίων.
3083 5245 3195 5298 Καὶ
3224 5241 3456 5298 ἐνταῦθα

1885 5349 2048 5403 πάλιν
2075 5349 2174 5402 οὐκ
2205 5342 2376 5408 εἶπεν,
2408 5346 2491 5399 ὄτι
2529 5344 2592 5396 ἐκ
2625 5340 2717 5394 σοῦ
2759 5336 3102 5406 ἐξελεύσεται
3143 5337 3170 5389 6
3197 5334 3328 5397 Υίὸς
3358 5332 3454 5385 τοῦ

1885 5441 2050 5498 Θεοῦ·
2099 5440 2212 5496 ἀλλ’
2244 5437 2614 5507 Ἠγούμενος,
2650 5433 2820 5498 ὅστις
2859 5427 3138 5500 ποιμανεῖ
3171 5427 3276 5482 τὸν
3303 5424 3458 5480 λαόν

1882 5552 2002 5607 μου
2030 5535 2137 5588 τὸν
2167 5527 2425 5599 Ἰσραήλ.
2461 5526 2609 5580 Ἔδει
2638 5523 2747 5595 γὰρ
2786 5521 2881 5576 καὶ
2911 5514 3456 5591 συγκαταϐατικώτσο

205 5801 735 5902 ’.,⁸⁶.ιπεῑινρμέγιιν
772 5817 848 5902 9;,
871 5816 930 5872 ιτ·
964 5816 1094 5902 ἓν·
1143 5813 1718 5902 κ’ῐδενεκίινξξὲίὲεξ·
1764 5883 1769 5890 .

1879 5811 2272 5902 ιλεατέρ-οιςθυι-
2390 5809 2552 5902 Μ-.
2569 5794 3441 5902 fixaeﬁx‘Vim‘S-n11.5.51?

218 5881 297 5965 ςξν
318 5879 581 5965 ἐκεῖθεν]
598 5879 890 5965 ἦλθεν-Ἐς,
903 5888 1006 5965 cui_
1035 5886 1241 5965 Iavgnl’
1264 5887 1371 5965 An1
1535 5883 1769 5965 ἐξῇὶθεν

1879 5886 1979 5965 .Ojv
2137 5881 2195 5938 [ὶ.

2300 5863 2352 5913 "7
2385 5863 2755 5950 ἀνεκήρυττεν
2790 5863 2851 5928 ι).
2880 5873 2958 5926 Ε.
3059 5873 3105 5903 ⁸⁸
3143 5870 3201 5924 δὲ
3230 5883 3342 5932 om,
3377 5863 3441 5922 F.

223 5950 262 5982 ”
288 5957 332 6006 οί
364 5950 606 6011 Ἰουδαῖοι
621 5950 740 6014 ὀιιε.
765 5957 828 6014 F.
855 5959 952 6026 Ep.
981 5958 1086 6013 An.
1124 5959 1276 6013 Anu.
1351 5959 1398 5989 θ’
1425 5950 1769 6017 ἀναιονθὴτοῦπ

1903 5954 1962 6010 F.
1997 5950 2092 6023 Ep.
