3858 6314
341 259 410 315 Ἱ5
1026 259 1084 316 S.
1118 255 1403 316 JOANNIS
1433 217 1925 312 CHRYSOSTOMI
1961 247 2278 307 ARCIIIEP.
2319 247 2866 311 CONSTANTINOP.
3516 242 3586 296 76

345 385 434 438 90v
462 365 805 434 διαλέγεσθαι
843 363 902 418 ἐν
931 364 1258 436 προοιμίοις,
1296 364 1384 418 ἵνα
1417 363 1490 434 μὴ
1522 361 1910 426 σκανδαλίζων-

338 477 448 522 ται,
482 459 580 511 καὶ
606 457 674 511 τά
698 455 829 527 περὶ
859 455 956 526 τῆς
991 454 1265 525 σωτηρίας
1283 453 1461 508 αὐτῶν
1491 453 1798 523 κηρύττειν,
1828 451 1915 504 ἵνα

338 550 514 619 τούτῳ
548 549 747 619 μᾶλλον
775 547 1095 615 ἐνάγωνται.
1122 547 1282 599 Ὅσαι
1304 543 1435 614 γοῦν
1468 542 1683 615 πρῶται
1725 543 1915 614 φέρον-

338 657 429 693 ται
455 641 500 672 ⁸⁸
532 637 846 710 μαρτυρίαι,
885 637 982 689 καὶ
1019 628 1095 689 ὧν
1125 634 1327 698 εὐθέως
1360 635 1511 705 παρά
1537 633 1635 705 τὴν
1664 633 1913 702 γέννησιν

342 731 530 803 καιρὸς
549 727 636 802 ἦν,
659 729 808 782 οὐδὲν
843 728 1004 800 μέγα,
1026 727 1146 782 οὐδέ
1170 725 1369 797 ὑψηλὸν
1396 725 1524 797 περί
1547 725 1710 779 αὐτοῦ
1736 723 1915 792 λέγουο

344 842 448 889 σιν,
489 823 610 876 ούδέ
640 818 751 876 οἷον
786 823 841 876 αἱ
878 821 1015 893 μετά
1054 820 1152 891 τὴν
1193 819 1300 873 τῶν
1340 819 1578 891 σημείων
1618 817 1913 884 ἐπίδειξιν·

341 916 544 968 ἐκεῖναι
570 914 616 944 ⁹⁶
645 913 753 984 γὰρ
786 913 1105 983 τρανότερον
1131 910 1260 980 περὶ
1291 909 1389 980 τῆς
1420 907 1584 963 αὐτοῦ
1615 908 1771 974 ἀξίας
1794 908 1912 961 δια-

341 1006 608 1074 λέγονται.
655 1006 782 1057 Ὅτε
825 1002 954 1072 γοῦν
997 1003 1133 1074 μετά
1165 1000 1336 1056 πολλά
1362 1003 1405 1036 ⁵⁷
1436 1001 1690 1071 θαύματα
1727 999 1913 1053 παιδία

343 1095 542 1167 ὕμνους
570 1099 649 1160 εἰς
690 1097 850 1151 αὐτὸν
897 1095 1043 1169 ᾖδον,
1077 1096 1308 1151 ἄκουσον
1343 1096 1396 1150 τί
1440 1112 1605 1168 φησιν
1637 1097 1665 1148 6
1699 1095 1920 1166 Προφή-

347 1204 474 1256 της·
515 1189 618 1242 Ἐκ
659 1189 956 1257 στόματος
982 1187 1133 1260 [106]
1163 1188 1396 1256 νηπίων
1424 1188 1520 1241 καὶ
1551 1185 1925 1254 θηλαζόντων

345 1279 678 1348 κατηρτίσω
730 1275 934 1332 αἶνον·
981 1280 1075 1332 καὶ
1103 1279 1285 1332 πάλιν·
1335 1279 1463 1332 Ὅτι
1512 1278 1733 1347 ὄψομαι
1781 1273 1926 1339 τοὺς

345 1368 639 1436 οὐρανοὺς
673 1370 815 1437 ἔργα
840 1368 959 1423 τῶν
979 1369 1293 1423 δακτύλων
1321 1384 1436 1423 σου
1452 1385 1466 1399 ·
1493 1370 1630 1440 ὅπερ
1655 1368 1920 1437 δημιουρ-

345 1465 442 1530 γὸν
466 1462 628 1514 αὑτὸν
655 1460 894 1513 δείκνυσι
927 1459 1018 1513 τοῦ
1049 1459 1250 1522 παντὸς
1280 1459 1429 1514 ὄντα.
1451 1459 1560 1512 Kal
1595 1459 1627 1530 ἡ
1667 1457 1803 1528 μετὰ
1827 1455 1930 1528 τὴν

347 1552 611 1624 ἀνάληψιν
646 1551 701 1604 δὲ
729 1551 1070 1621 παραχθεῖσα
1105 1551 1378 1621 μαρτυρία
1408 1552 1468 1603 τὸ
1511 1551 1648 1622 προς
1681 1550 1774 1604 τὸν
1815 1552 1929 1603 Πα-

348 1643 478 1714 τέρα
526 1642 787 1712 ὁμότιμον
830 1641 1014 1712 δηλοῖ·
1048 1638 1197 1696 Εἷπε
1229 1642 1368 1712 γάρ,
1401 1642 1598 1712 φησὶν,
1646 1644 1680 1695 d
1712 1640 1929 1710 Κύριος

349 1733 429 1798 τῷ
448 1733 644 1799 Κυρίῳ
665 1749 806 1800 μου·
828 1729 1024 1786 Κάθου
1048 1732 1114 1784 ὲκ
1140 1731 1354 1796 δεξιῶν
1371 1749 1512 1800 μου.
1531 1731 1638 1784 Kal
1661 1733 1689 1784 6
1704 1731 1931 1794 Ἡσαΐας

345 1823 403 1876 δέ
449 1840 633 1893 φησιν,
665 1824 765 1876 ὅτι·
798 1823 859 1875 Ὀ
906 1821 1305 1892 ἀνιστάμενος
1342 1823 1549 1892 ἄρχειν
1591 1822 1802 1890 ἐθνῶν,
1837 1822 1930 1876 ἐπ’

345 1911 506 1979 αὺτῷ
540 1913 682 1981 ἔθνη
727 1912 1028 1967 ἐλπιοῦσι.
1055 1911 1180 1976 Πῶς
1224 1913 1280 1966 δέ
1312 1930 1444 1984 φησι
1475 1915 1573 1984 τὴν
1604 1914 1849 1986 Βηθλεέμ
1873 1916 1932 1966 ἐν

347 2005 459 2065 τοῖς
505 2002 771 2073 ἡγεμόσιν
805 2001 973 2056 Ἰούδα
1003 2002 1103 2056 οὐκ
1149 1997 1288 2055 εἷναι
1321 2001 1646 2073 ἐλαχίστηνς
1673 2005 1795 2059 ούδέ
1824 2004 1931 2076 γάρ

350 2096 410 2148 ἐν
445 2093 776 2168 Παλαιστίνῃ
804 2095 983 2166 μόνον,
1007 2094 1141 2147 ἁλλά
1166 2096 1260 2148 καὶ
1282 2096 1339 2148 ἐν
1367 2098 1432 2169 τῇ
1461 2095 1755 2168 οἰκουμένῃ
1785 2095 1933 2162 πάσῃ

354 2185 712 2256 περίϐλεπτος
765 2184 988 2254 γέγονεν
1015 2185 1061 2217 9⁸
1105 2187 1138 2255 ἡ
1189 2183 1374 2256 κώμη.
1433 2185 1593 2239 Ἀλλά
1629 2186 1765 2250 τέως
1799 2187 1940 2258 πρὸς

364 2277 649 2340 Ἰουδαίους
683 2277 711 2329 ὁ
735 2275 890 2343 λόγος
910 2293 923 2306 ·
953 2275 1034 2329 διὸ
1070 2277 1164 2330 καὶ
1197 2277 1473 2347 ἐπήγαγε·
1516 2277 1801 2347 Ποιμανεῖ
1831 2277 1936 2334 τὸν

352 2368 506 2425 λαόν
550 2385 669 2437 μου
713 2366 819 2420 τὸν
865 2367 1128 2436 Ἰσραήλ·
1178 2367 1420 2437 καίτοιγε
1465 2368 1563 2440 τὴν
1605 2367 1928 2440 οἰκουμένην

353 2457 645 2528 ἐποίμανεν
667 2473 680 2488 ·
707 2456 842 2521 ἀλλ’,
873 2458 1012 2530 ὅπερ
1055 2457 1212 2529 ἔφην,
1253 2459 1314 2512 06
1351 2458 1600 2530 βούλεται
1645 2458 1929 2512 σκανδαλί-

356 2567 446 2603 σαι
487 2549 623 2612 τέως
658 2549 750 2603 τὸν
779 2551 906 2618 περί
941 2550 1047 2604 τῶν
1076 2549 1248 2604 ἐθνῶν
1297 2551 1655 2606 ἐκκαλύπτων
1676 2551 1724 2584 θ’
1747 2551 1925 2620 λόγον.

356 2641 465 2696 Kal
495 2641 611 2705 πῶς
631 2641 728 2695 οῦκ
751 2642 1034 2713 ἐποίμανε,
1055 2643 1206 2712 φησὶ,
1228 2643 1318 2697 τὸν
1345 2643 1471 2698 λαὸν
1497 2643 1588 2698 τὸν
1611 2643 1924 2703 Ἰουδαῖκόνς

356 2731 607 2787 Μάλιστα
643 2731 739 2802 μὲν
781 2733 875 2785 καὶ
909 2734 1038 2785 αὐτὸ
1072 2733 1294 2802 γέγονε·
1324 2734 1416 2786 τὸν
1455 2735 1563 2804 γάρ
1591 2732 1807 2804 Ἰσραὴλ
1846 2736 1936 2787 ἐν·

355 2821 529 2876 ταῦθα
552 2821 743 2886 εἰπὼν,
779 2825 906 2886 τοὺς
941 2823 1088 2894 αύτῴ
1118 2823 1551 2889 πεπιστευκότας
1576 2824 1635 2889 ἐξ
1665 2823 1934 2876 Ἰουδαίων

355 2911 593 2982 ᾐνίξατο.
620 2911 731 2966 Kal
762 2912 919 2965 τοῦτο
945 2912 1259 2985 ἑρμηνεύων
1299 2914 1326 2965 6
1355 2912 1563 2976 Παῦλος
1597 2912 1779 2981 ἐλεγεν
1801 2928 1815 2943 ·
1851 2913 1932 2965 Οὐ

357 3004 468 3072 γὰρ
513 3003 734 3069 πάντες
771 3008 826 3058 οὶ
867 3006 934 3070 ἐξ
991 3004 1247 3075 Ἰσραὴλ,
1279 3000 1444 3060 οὗτοι
1485 3003 1752 3072 Ἰσραὴλ,
1792 3003 1933 3058 ἀλλ’

358 3094 493 3148 ὅσοι
521 3094 616 3149 διὰ
663 3097 920 3162 πίστεως
959 3097 1057 3149 καὶ
1104 3096 1462 3166 ἐπαγγελίας
1492 3095 1930 3166 ἐγεννήθησαν.

359 3187 423 3238 Εἰ
447 3186 502 3239 δὲ
528 3185 604 3256 μὴ
632 3185 839 3249 πάντας
869 3187 1153 3256 ἐποίμανε,
1175 3187 1331 3240 τοῦτο
1358 3185 1536 3239 αὐτῶν
1563 3186 1812 3257 ἔγκλημα
1839 3186 1932 3238 καὶ

335 3268 683 3349 κατηγορία.
717 3277 844 3343 Δέρν
872 3278 980 3350 γὰρ
1006 3278 1200 3342 αὐτοὺς
1237 3277 1609 3348 προσκυνῆσαι
1651 3276 1788 3348 μετά
1826 3275 1935 3329 τῶν

363 3368 574 3437 μάγων,
591 3369 684 3421 καὶ
702 3368 918 3435 δοξάσαι
944 3369 1032 3422 τὸν
1046 3369 1198 3431 Θεὸν,
1213 3370 1294 3422 ὅτι
1326 3369 1526 3437 ἐπέστη
1549 3366 1738 3438 καιρὸς
1757 3365 1934 3420 τοιοῦ-

359 3486 472 3532 τος,
510 3469 689 3523 πάντα
734 3468 875 3521 λύων
903 3467 1080 3520 αὐτῶν
1129 3465 1198 3519 τά
1250 3464 1650 3536 ἁμαρτήματα·
1691 3462 1786 3517 καὶ
1824 3462 1934 3535 γὰρ

358 3560 511 3614 οὐδὲν
538 3562 664 3632 περί
694 3559 1054 3630 δικαστηρίων
1081 3557 1340 3628 ἥκουσαν,
1376 3555 1493 3609 οὐδὲ
1521 3555 1779 3619 εὐθυνῶν,
1801 3554 1934 3609 ἀλλά

361 3651 490 3720 περὶ
519 3649 724 3722 ἡμέρου
755 3649 850 3701 καὶ
886 3648 1061 3719 πράου
1104 3647 1388 3716 ποιμένος·
1417 3648 1466 3700 οἰ
1503 3646 1560 3700 δὲ
1585 3647 1600 3678 ¹
1629 3645 1934 3700 τούναντίον

361 3738 596 3803 ποιοῦσι,
620 3738 713 3791 καὶ
740 3737 1117 3807 ταράττονται,
1140 3737 1232 3788 καὶ
1256 3735 1595 3806 θορυϐοῦσι¹,
1613 3737 1707 3788 καὶ
1735 3735 1932 3806 μυρίας

363 3828 502 3898 μετά
531 3827 704 3881 ταῦτα
733 3826 1227 3889 κατασκευάζουσιν
1256 3826 1565 3888 ἐπιϐουλάς.
1597 3827 1730 3880 Τότε
1766 3825 1935 3894 Ἠρώο

359 3921 472 3987 δης
501 3918 766 3984 καλέσας
788 3916 976 3985 λάθρα
1018 3917 1160 3981 τοὺς
1187 3916 1438 3986 μάγους,
1469 3915 1763 3984 ἡκρίὸωσε
1797 3916 1932 3984 παρ’

358 4009 558 4064 αὐτῶν
586 4009 692 4063 τὸν
722 4010 945 4078 χρόνον
973 4009 1079 4062 τοῦ
1108 4009 1473 4076 φαινομένου
1496 4007 1748 4074 ἀστέρος
1767 4023 1778 4038 ·
1815 4008 1936 4060 ἐπι-

361 4100 562 4172 χειρῶν
590 4099 798 4153 ἀνελεῖν
840 4098 902 4151 τδ
934 4098 1144 4168 τεχθὲν,
1187 4098 1322 4168 ὅπερ
1357 4098 1589 4169 ἐσχάτης
1618 4097 1804 4160 ἀνοίας
1842 4091 1930 4166 ἧν,

360 4193 481 4263 ούχὶ
529 4191 725 4262 μανίας
773 4190 955 4260 μόνον.
999 4190 1111 4242 Kal
1157 4190 1263 4260 7&9
1307 4188 1374 4242 τά
1412 4189 1677 4259 εἰρημένα
1725 4187 1821 4241 καὶ
1862 4186 1935 4240 τά

360 4281 702 4354 γεγενημένα
735 4279 894 4334 ἰκανά
933 4275 1004 4351 ἦν
1049 4281 1352 4351 ἀποστῆσαι
1382 4278 1532 4351 [107]
1563 4279 1723 4332 αὑτὸν
1754 4278 1935 4349 πάσης

363 4375 462 4444 τῆς
485 4374 736 4442 τοιαύτης
763 4375 1175 4445 ἐπιχειρήσεως.
1191 4373 1324 4427 Οὐδὲ
1345 4372 1452 4444 γὰρ
1483 4371 1622 4426 κατά
1650 4370 1935 4442 ἄνθρωπον

361 4460 430 4534 ἦν
463 4463 530 4516 τὰ
575 4463 876 4533 συμϐάντα.
908 4465 981 4518 T6
1014 4466 1121 4537 7&9
1151 4465 1354 4535 ἀστέρα
1399 4462 1624 4517 καλέσαι
1653 4462 1786 4528 τοὺς
1826 4461 1933 4531 μά-

361 4571 492 4622 γους
518 4554 746 4623 ἇνωθεν,
765 4558 859 4610 καὶ
884 4555 944 4608 τὸ
971 4556 1280 4627 βαρϐάρους
1300 4555 1496 4624 ἄνδρας
1513 4553 1780 4624 τοσαύτην
1799 4554 1934 4607 ἀπο-

360 4644 561 4715 δημίαν
591 4645 922 4709 στείλασθαι,
952 4645 1094 4699 ὥστε
1136 4644 1510 4716 προσκυνῆσαι
1540 4643 1631 4696 τὸν
1663 4645 1720 4696 ἐν
1755 4659 1931 4712 σπαρ-

361 4736 545 4805 γάνοις
576 4737 670 4789 καὶ
693 4736 868 4808 φάτνῃ
890 4737 1160 4807 κείμενον,
1185 4737 1280 4789 καὶ
1310 4734 1372 4788 τὸ
1403 4736 1685 4806 προφήτας
1709 4734 1765 4786 δὲ
1795 4733 1934 4786 ἀνω-

359 4827 452 4881 θεν
473 4827 644 4882 ταῦτα
671 4827 847 4881 πάντα
868 4827 888 4858 ³
914 4829 1343 4899 προαναφωνεῖν,
1365 4827 1457 4880 καὶ
1480 4827 1548 4880 τὰ
1575 4826 1708 4881 ἄλλα
1734 4825 1932 4890 πάντα,

359 4917 582 4988 μείζονα
615 4917 649 4988 ἡ
684 4916 826 4971 κατά
865 4917 1152 4989 ἄνθρωπον
1193 4914 1261 4992 ῆν
1282 4935 1296 4950 ·
1337 4917 1451 4972 ἀλλ’
1479 4919 1628 4988 ὅμως
1658 4917 1808 4971 οὐδὲν
1837 4916 1933 4970 a6-

354 5009 448 5061 τὸν
475 5008 679 5063 τούτων
709 5009 948 5078 κατεῖχε.

425 5106 496 5166 γ’.
517 5100 767 5154 Τοιοῦτον
790 5098 900 5170 7&9
933 5098 968 5170 ἡ
999 5095 1253 5169 πονηρία·
1281 5099 1446 5168 ἐαυτῇ
1477 5098 1815 5170 περιπίπτει,
1839 5097 1934 5152 καὶ

353 5187 641 5258 ἀνηνύτοις
686 5193 773 5246 ἀεὶ
816 5190 1140 5263 πράγμασιν
1186 5191 1468 5270 ἐπιχειρεῖς.
1502 5189 1701 5245 Σκόπει
1737 5189 1794 5243 δὲ
1835 5187 1933 5260 τὴν

2016 359 2219 415 ἄνοιαν.
2255 362 2316 414 Εἰ
2355 363 2453 433 μὲν
2484 365 2734 418 ἐπίστευε
2763 368 2830 436 τῇ
2859 364 3183 437 προφητείᾳ,
3210 365 3306 418 καὶ
3334 363 3590 435 ἀκίνητον

2014 450 2184 520 αὐτὴν
2211 446 2348 503 εἶναι
2377 452 2644 524 ἐνόμιζεν,
2674 453 2893 523 εὔδηλον
2921 454 3002 507 ὄτι
3034 453 3316 517 ἀδυνάτοις
3338 454 3357 484 ⁸
3379 454 3590 524 ἐπεχεί-

2016 559 2098 612 ρει
2138 542 2492 614 πράγμασιν·
2522 546 2571 598 εί
2609 544 2664 599 δὲ
2705 545 2926 616 ἠπίστει
2969 545 3152 611 πάλιν,
3195 546 3378 600 καὶού
3418 563 3590 617 προσ-

2010 633 2170 688 εδόκα
2213 635 2542 707 ἐκϐήσεσθαι
2578 636 2648 690 τά
2697 637 2995 710 λεγόμενα,
3022 637 3317 691 δεδοικέναι
3354 637 3449 691 καὶ
3487 654 3590 706 φο-

2013 723 2226 778 ϐεῖσθαι
2246 725 2345 779 ούκ
2366 727 2555 798 ἐχρῆν,
2579 727 2700 781 οὐδὲ
2726 727 2816 782 διὰ
2840 727 2998 782 τοῦτο
3025 728 3394 782 ἐπιϐουλεύειν
3409 744 3422 758 ·
3445 727 3590 780 ὥστε

2014 815 2352 886 ἑκατέρωθεν
2381 818 2633 888 περιττὸς
2657 819 2687 872 6
2713 819 2863 884 δόλος
2890 815 2979 891 ἦν.
3007 819 3117 874 Kal
3143 818 3300 872 τοῦτο
3323 818 3379 872 δὲ
3401 818 3589 882 ἀνοίας

2017 906 2278 998 ἐσχάτης,
2313 907 2374 961 τὸ
2406 909 2622 980 νομίσαι
2653 913 2780 998 τοὺς
2811 913 3018 985 μάγους
3038 914 3200 969 αὑτὸν
3233 917 3601 988 προτιμήσειν

2012 996 2108 1051 τοῦ
2142 998 2442 1070 τεχθέντος,
2475 1001 2618 1072 ὑπὲρ
2656 996 2717 1057 οὗ
2763 996 3033 1077 τοσαύτην
3070 1001 3232 1076 ἦλθον
3264 1005 3599 1077 ἀποδημίαν.

2015 1091 2079 1144 Εἰ
2108 1091 2215 1162 γάρ
2239 1091 2368 1164 πρὶν
2402 1093 2529 1146 ίδεῖν
2559 1094 2732 1158 οὕτως
2752 1091 2892 1168 ἦσαν
2914 1097 3308 1169 ἐπικεκαυμένοι
3325 1097 3404 1169 τῷ
3423 1096 3599 1168 πόθῳ,

2020 1184 2158 1255 μετὰ
2179 1183 2237 1237 τὸ
2263 1184 2559 1240 θεάσασθαι
2592 1187 2687 1240 καὶ
2709 1187 3045 1258 πιστωθῆναι
3075 1187 3222 1258 παρὰ
3251 1193 3350 1261 τῆς
3380 1205 3602 1259 προφη-

2016 1275 2181 1342 τείας,
2210 1275 2326 1339 πῶς
2366 1274 2594 1346 ἤλπιζεν
2627 1278 2826 1342 αὐτοὺς
2849 1281 3038 1332 πεῖσαι
3071 1278 3356 1350 προδοῦναι
3383 1279 3444 1333 τὸ
3466 1295 3600 1332 παι-

2015 1369 2123 1422 δίον
2153 1368 2336 1439 αύτῷ;
2385 1369 2526 1422 Ἀλλ’
2565 1369 2716 1440 ὅμως
2748 1369 2843 1424 καὶ
2865 1371 3133 1425 τοσούτων
3159 1367 3468 1425 ὄντων“τῶν
3488 1371 3602 1425 ἀπ-

2016 1458 2260 1527 αγὸντων
2286 1459 2467 1524 αὑτὸν,
2505 1459 2796 1530 ἐπεχείρει,
2813 1459 2922 1515 Καὶ
2946 1460 3211 1526 καλέσας
3230 1459 3421 1528 λάθρα
3445 1458 3593 1526 τοὺς

2011 1549 2265 1619 μάγους,
2293 1549 2660 1604 ἐπυνθάνετο
2684 1550 2821 1618 παρ’
2841 1548 3057 1604 αὐτῶν.
3086 1552 3196 1605 Καὶ
3215 1550 3324 1622 γάρ
3348 1549 3600 1621 ἐνόμιζεν

2030 1640 2317 1704 Ἰουδαίους
2349 1640 2610 1712 κήδεσθαι
2653 1640 2748 1694 τοῦ
2789 1640 3000 1694 παιδίου
3025 1658 3040 1673 ·
3075 1643 3166 1696 καὶ
3205 1642 3305 1695 οὐκ
3335 1641 3402 1696 ἀν
3427 1659 3600 1714 προσ-

2018 1729 2274 1799 εδόκησεν
2307 1731 2328 1762 ⁸
2355 1732 2437 1793 εἰς
2482 1728 2639 1782 τοῦτο
2677 1731 2873 1800 μανίας
2933 1729 3314 1796 ἐξολισθαίνειν
3363 1732 3596 1796 αὐτοὺς,

2019 1821 2096 1885 ὡς
2119 1821 2139 1852 ⁸
2171 1821 2262 1876 τὸν
2298 1824 2605 1894 προστάτην
2639 1824 2734 1877 καὶ
2766 1822 3024 1894 Σωτῆρα,
3059 1824 3154 1876 καὶ
3195 1823 3281 1878 ἐπ’
3314 1823 3599 1897 ἐλευθερίᾳ

2019 1911 2114 1965 τοῦ
2148 1911 2333 1975 ἔθνους
2376 1913 2816 1984 παραγενόμενον
2861 1912 3144 1983 βούλεσθαι
3183 1913 3446 1968 ἐκδιδόναι
3478 1919 3597 1980 τοῖς

2021 1999 2251 2071 ἐχθροῖς.
2280 1999 2379 2053 Διά
2419 2001 2580 2056 τοῦτο
2607 2002 2702 2056 καὶ
2725 2003 2746 2034 '
2773 2002 2946 2070 λάθρα
2981 2004 3153 2071 καλεῖ,
3184 2006 3277 2058 καὶ
3319 2005 3471 2077 ζητεῖ
3497 2005 3595 2061 τὸν

2021 2089 2232 2162 χρόνον,
2263 2091 2324 2144 ού
2345 2091 2440 2144 τοῦ
2463 2091 2697 2160 παιδίου,
2729 2091 2863 2147 ἀλλά
2890 2093 2984 2147 τοῦ
3010 2093 3259 2165 ἀστέρος,
3289 2095 3356 2149 ἐκ
3389 2096 3593 2167 πολλῆς

2019 2180 2122 2250 τῆς
2149 2181 2464 2252 περιουσίας
2499 2183 2670 2248 τιθεὶς
2696 2184 2756 2238 τὸ
2788 2185 3030 2257 θήραμα.
3059 2187 3168 2239 Καὶ
3194 2185 3301 2259 γάρ
3326 2187 3432 2258 πρὸ
3457 2187 3590 2240 πολ-

2021 2269 2114 2325 λοῦ
2137 2273 2327 2343 χρόνου
2353 2273 2504 2346 [108]
2530 2274 2677 2328 δοκεῖ
2710 2293 2799 2346 μοι
2827 2277 2856 2329 6
2881 2276 3055 2348 ἀστὴρ
3085 2275 3336 2347 φανῆναι.
3373 2278 3595 2348 Ἐπειδὴ

2021 2361 2132 2434 7&9
2161 2362 2329 2416 πολὺν
2363 2363 2504 2418 κατά
2531 2363 2630 2434 τὴν
2672 2363 2980 2437 ὁδοιπορίαν
3023 2365 3244 2437 ἔμελλον
3283 2365 3596 2419 ἀναλίσκειν

2022 2455 2073 2508 οῑ
2106 2453 2271 2525 μάγοι
2305 2454 2517 2525 χρόνον,
2564 2454 2652 2508 ἵνα
2690 2454 2893 2520 εὐθέως
2921 2454 3179 2509 ἐπιστῶσι
3205 2454 3285 2526 τῷ
3313 2453 3592 2525 τεχθέντι·

2023 2543 2130 2598 ιδει
2167 2544 2277 2616 γάρ
2318 2547 2376 2599 ἐν
2425 2545 2608 2609 αὐτοῖς
2648 2545 3087 2618 προσκυνηθῆναι
3125 2549 3236 2610 τοῖς
3264 2545 3600 2616 σπαργάνοις

2025 2635 2218 2700 αὐτὸν,
2261 2636 2401 2690 ὥστε
2441 2635 2502 2690 τὸ
2547 2635 2857 2707 θαυμαστὸν
2900 2639 2994 2692 καὶ
3040 2637 3338 2709 παράδοξον
3367 2637 3603 2706 φανῆναι

2027 2726 2121 2782 τοῦ
2173 2727 2527 2799 πράγματος,
2560 2727 2667 2798 πρὸ
2717 2725 2911 2781 πολλοῦ
2957 2725 3051 2780 τοῦ
3109 2727 3300 2798 χρόνου
3331 2727 3604 2780 δείκνυσιν

2028 2816 2219 2871 ἐαυτὸν
2240 2817 2270 2869 ὁ
2297 2817 2492 2888 ἀστήρ.
2526 2817 2590 2871 Εἰ
2617 2817 2724 2889 γὰρ
2752 2817 2915 2888 ἡνίκα
2941 2817 3136 2888 ἐτέχθη
3161 2818 3219 2870 ἐν
3248 2817 3602 2889 Παλαιστίνῃ,

2026 2908 2151 2962 τότε
2197 2909 2380 2972 αὐτοῖς
2423 2909 2580 2980 ὤφθη
2620 2911 2677 2964 ἐν
2711 2913 2778 2982 τῇ
2819 2911 3052 2982 ἀνατολῇ
3073 2953 3087 2977 ,
3129 2910 3296 2964 πολὺν
3335 2909 3471 2963 κατά
3503 2909 3606 2980 τὴν

2027 2997 2334 3072 ὁδοιπορίαν
2371 2999 2737 3072 διατρίϐοντες
2779 3001 2988 3074 χρόνον,
3021 3003 3123 3055 οὐκ
3157 3001 3221 3056 ἂν
3251 3003 3309 3054 ἐν
3352 3003 3608 3070 σπαργά-

2031 3113 2143 3161 νοις
2184 3095 2322 3151 είδον
2354 3096 2518 3152 αὑτὸν
2561 3099 3015 3167 παραγενόμενοι.
3053 3099 3115 3151 Εἰ
3163 3097 3216 3149 δὲ
3248 3096 3356 3149 ἀπὸ
3394 3095 3602 3160 διετοῦς

2028 3190 2242 3261 ἀναιρεῖ
2263 3189 2358 3244 καὶ
2394 3188 2717 3259 κατωτέρω,
2744 3190 2818 3260 μὴ
2859 3189 3261 3260 θαυμάσωμεν·
3293 3188 3354 3240 ⁸ό
3376 3186 3482 3257 γὰρ
3506 3186 3604 3240 06-

2030 3281 2130 3352 μδς
2157 3282 2250 3335 καὶ
2272 3279 2333 3334 τὸ
2359 3279 2478 3344 δέος
2499 3277 2638 3350 ὑπὲρ
2666 3277 2907 3342 πλείονος
2934 3279 3230 3348 ἀσφαλείας
3253 3278 3346 3331 καὶ
3378 3277 3604 3331 πλείονα

2027 3373 2339 3442 προσετίθει
2371 3375 2582 3446 χρόνον,
2614 3373 2754 3427 ὥστε
2790 3371 2993 3443 μηδένα
3018 3371 3320 3440 διαφυγεῖν.
3350 3368 3603 3430 Καλέσας

2026 3459 2118 3518 οὖν
2143 3465 2361 3528 αὐτοὺς,
2386 3465 2518 3536 φησί
2542 3481 2554 3494 ·
2578 3465 2977 3534 Πορευθέντες
3001 3460 3250 3532 ἀκριϐῶς
3281 3459 3604 3524 ἐξετάσατε

2028 3553 2160 3623 περί
2191 3554 2297 3609 τοῦ
2329 3554 2606 3609 παιδίου·
2648 3555 2801 3609 ἐπὰν
2838 3553 2906 3607 δὲ
2936 3553 3165 3622 εὕρητε,
3203 3551 3604 3620 ἀπαγγείλατέ

2020 3664 2143 3718 μοι,
2181 3646 2341 3713 ὅπως
2373 3645 2534 3716 κάγὼ
2567 3647 2762 3701 ἐλθὼν
2797 3644 3204 3714 προσκυνήσω
3241 3643 3418 3707 αὐτῷ.
3453 3637 3604 3705 Εἶδες

2025 3738 2123 3808 τὴν
2152 3738 2373 3804 άνοιαν;
2403 3739 2465 3791 Εἰ
2517 3738 2616 3808 μὲν
2649 3741 2758 3809 7&9
2799 3737 2860 3802 ἐξ
2900 3737 3156 3804 ἀληθείας
3189 3736 3357 3789 ταῦτα
3401 3735 3600 3802 λέγεις,

2024 3826 2164 3890 τίνος
2212 3827 2396 3882 ἐνεκεν
2447 3828 2622 3900 λάθρα
2673 3831 2912 3900 ἐρωτᾷς;
2953 3830 3001 3883 εἰ
3050 3829 3109 3882 δέ
3156 3827 3539 3882 ἐπιϐουλεῦσαι
3581 3828 3604 3858 ³

2026 3917 2367 3988 βουλόμενος,
2418 3919 2535 3983 πῶς
2565 3920 2624 3972 06
2673 3921 2946 3984 συνεῖδες,
2982 3920 3056 3984 ὡς
3102 3919 3144 3951 ¹⁰
3186 3920 3251 3973 ἐκ
3294 3919 3386 3972 τοῦ
3429 3918 3604 3987 λάθρα

2023 4007 2332 4080 ἐρωτᾶσθαι
2363 4008 2685 4082 δυνήσονται
2734 4012 2966 4065 συνιδεῖν
3009 4012 3060 4064 οἰ
3098 4010 3262 4081 μάγοι
3291 4010 3382 4063 τὸν
3412 4009 3601 4073 δόλον;

2036 4099 2198 4165 Ἀλλ’,
2225 4101 2363 4172 ὅπερ
2397 4099 2556 4170 ἔφην,
2598 4099 2744 4172 ψυχὴ
2784 4103 2890 4154 ὑπὸ
2924 4100 3184 4172 πονηρίας
3215 4099 3437 4162 ἀλοῦσα,
3468 4100 3606 4153 πάν-

2020 4207 2132 4244 των
2156 4191 2491 4262 ἀνοητοτέρα
2527 4191 2756 4260 γίνεται.
2800 4192 2910 4246 Kal
2937 4192 3038 4244 οῦκ
3073 4185 3249 4255 εἶπεν,
3276 4190 3607 4255 ἀπελθόντες

2025 4279 2227 4351 μάθετε
2258 4281 2386 4351 περὶ
2421 4279 2515 4334 τοῦ
2547 4280 2830 4351 βασιλέως,
2863 4282 2998 4336 ἀλλά
3024 4280 3165 4350 Περὶ
3192 4281 3298 4337 τοῦ
3327 4280 3569 4335 παιδίου
3590 4297 3606 4312 ·

2025 4373 2147 4426 οὐδὲ
2196 4371 2306 4444 γὰρ
2350 4372 2412 4426 τὸ
2463 4371 2638 4444 ὄνομα
2667 4372 2768 4444 τῆς
2817 4373 2994 4445 ἀρχῆς
3047 4373 3274 4428 καλέσαι
3324 4373 3605 4443 ἠνέσχετο.

2038 4459 2179 4515 Ἀλλ’
2211 4463 2259 4515 οἰ
2295 4462 2459 4532 μάγοι
2480 4461 2686 4517 τούτων
2702 4462 2852 4516 οὐδὲν
2889 4463 3188 4528 συνιδόντες
3212 4464 3316 4518 ὑπὸ
3337 4464 3377 4495 ¹¹
3403 4463 3609 4533 πολλῆς

2029 4551 2333 4617 εὐλαϐείας·
2365 4553 2427 4606 06
2459 4553 2566 4624 γὰρ
2594 4552 2660 4606 ἂν
2680 4554 2722 4584 ⁸⁸
2741 4553 3170 4626 προσεδόκησαν,
3195 4555 3276 4609 ὅτι
3309 4556 3388 4619 εἰς
3415 4553 3612 4608 τοσοῦ-

2029 4661 2120 4698 τον
2166 4643 2433 4716 πονηρίας
2465 4643 2688 4715 ἐξῆλθεν
2717 4644 2783 4698 ἂν
2816 4644 2859 4676 ³³
2901 4646 3135 4712 ἐκεῖνος,
3177 4646 3272 4700 καὶ
3300 4645 3441 4700 οὕτω
3476 4644 3614 4698 θαυ-

2040 4735 2220 4804 μαστῇ
2258 4733 2540 4805 οἰκονομίᾳ
2581 4732 2964 4788 ἐπιϐουλεῦσαι
2999 4734 3370 4808 ἐπεχείρησεν·
3415 4735 3616 4806 Ἀπέρο

2037 4841 2223 4894 χονται
2250 4823 2459 4878 τούτων
2505 4824 2659 4879 οὐδὲν
2699 4825 3069 4898 ὑφορώμενοι,
3099 4825 3215 4880 ἀλλ’
3241 4827 3306 4879 ἐκ
3344 4825 3452 4879 τῶν
3485 4824 3611 4878 καθ’

2036 4915 2264 4978 ἐαυτοὺς
2311 4915 2406 4968 καὶ
2442 4914 2510 4968 τὰ
2566 4914 2675 4968 τῶν
2720 4914 2896 4969 ἄλλων
2947 4915 3328 4986 στοχαζόμενοι
3373 4914 3609 4969 ᾶπαντα.

2039 5004 2148 5058 Καὶ
2194 5003 2323 5058 ιδοὺ
2351 5007 2385 5059 ό
2420 5003 2638 5072 ἀστὴρ,
2667 5003 2741 5057 ὃν
2758 4999 2924 5059 εἶδον
2950 5005 3021 5059 ἐν
3050 5004 3122 5073 τῇ
3148 5002 3436 5072 ἀνατολῇ,
3469 5018 3612 5071 προ-

2038 5095 2189 5167 ἦγεν
2235 5096 2476 5162 αὐτούς.
2501 5097 2601 5150 Διά
2642 5099 2750 5171 γὰρ
2781 5097 2936 5152 τοῦτο
2973 5096 3068 5150 καὶ
3099 5095 3328 5169 ἐκρύϐη,
3356 5096 3444 5148 ἵνα
3473 5094 3616 5148 ἀπο·

2037 5186 2294 5250 λέσαντες
2316 5186 2407 5241 τὸν
2431 5187 2894 5259 χειραγωγοῦντα,
2919 5189 2997 5252 εἰς
3030 5188 3272 5259 ἀνάγκην
3301 5185 3619 5256 ἐμπέσωσιν

429 5424 478 5456 ’⁸
513 5421 970 5509 πρρεξέρονταειρο
1045 5423 1092 5456 ’⁸
1125 5419 1543 5509 ἐκεῖνοξειεῦταξ
1567 5425 1632 5505 Ατ
1654 5423 1716 5505 B:
1749 5495 1761 5509 .
1793 5424 1837 5456 "
1868 5439 1928 5508 τε·

2024 5422 2065 5495 lt]
2095 5422 2164 5476 τὰ
2191 5421 2479 5509 πολλάβ..
2521 5421 2848 5509 μ’ξγέγονεν]
2878 5406 3187 5509 ἐγένετοῖΑ.
3225 5425 3303 5509 8:.
3361 5422 3406 5458 ⁸⁸
3434 5423 3608 5509 ἐκκατ

362 5488 612 5561 λύπτων]
637 5488 733 5545 Sic
765 5493 928 5546 codd.
971 5499 1165 5561 prwter
1190 5491 1249 5547 F.
1289 5488 1444 5548 MSS.

361 5562 578 5617 Boisius
621 5561 911 5615 καλύπτων
950 5563 1006 5615 Ι·’.
1050 5563 1186 5616 Mur.
1216 5563 1347 5617 Βλιι.
1391 5561 1748 5631 ἐγκαλύπτων
1780 5562 1907 5616 Snv.

365 5632 678 5685 τούναντίον
722 5633 777 5685 δὲ
810 5631 868 5686 F.

363 5703 429 5757 C.
475 5705 534 5756 D.
645 5703 665 5734 ⁸
695 5719 868 5757 ποοσει

645 5703 665 5734 ⁸
695 5703 1093 5772 προσεδόκησεν
1125 5715 1249 5773 post
1295 5705 1491 5765 αὐτοὺς
1526 5703 1795 5758 collocant
1831 5703 1893 5757 Δ.
1933 5703 1990 5757 Β.
2023 5704 2086 5759 C.

1486 5495 1709 5563 plurimi
1745 5494 1928 5564 ἐκκαλι

2024 5493 2128 5564 των.
2159 5497 2302 5547 male
2335 5493 2557 5564 Mronlef.
2585 5493 2700 5548 lmo
2729 5493 2935 5564 oplinie
2960 5509 2976 5560 ;
3005 5504 3065 5548 ιιι
3099 5494 3212 5564 jam
3234 5495 3362 5550 olim
3397 5496 3612 5550 viderat

2011 5563 2162 5635 '_Sic
2200 5565 2262 5618 A.
2297 5566 2346 5616 οἰ
2376 5563 2431 5616 δέ
2477 5561 2639 5635 νυιεο
2671 5561 2846 5635 οὒεει.
2875 5561 2998 5635 για.
3028 5561 3220 5635 οηιιοι.
3252 5565 3320 5620 ad
3354 5581 3407 5635 p.
3439 5565 3509 5619 93
3546 5565 3606 5619 C.

947 5635 966 5663 ¹
1006 5634 1359 5704 θορυϐοῦνται
1395 5635 1458 5687 Α.
1496 5635 1559 5688 Β.
1597 5635 1653 5705 α³
1683 5635 1862 5705 πάντα
1893 5649 1924 5688 ο

2037 5633 2100 5705 D.
2129 5641 2185 5688 cl
2211 5650 2307 5705 per
2323 5632 2589 5705 prroreni
2610 5633 2745 5705 Bon.
2817 5632 2838 5664 ⁸
2872 5633 3156 5705 ἀᾼνηνύτως
3181 5635 3316 5690 Edd.
3343 5632 3613 5705 ἐπιχειρεῖ

2191 5701 2339 5774 ⁸ὡς]
2372 5705 2497 5760 add.
2530 5703 2620 5756 διά
2657 5702 2844 5774 τοῦτον
2889 5702 2950 5757 D.
2986 5701 3044 5756 Ε.
3085 5701 3145 5758 F.
3179 5705 3303 5758 add.
3335 5701 3613 5758 δήτοῦτο

370 5771 511 5845 god.
543 5771 798 5845 neutrum
831 5771 1139 5843 agiaoscuni
1159 5777 1236 5845 7A.
1265 5774 1325 5828 Β.
1359 5773 1421 5828 C.
1442 5775 1556 5845 An.
1579 5775 1741 5845 Ανιιι.⁸
1794 5772 1828 5845 ⁸-⁷
1860 5791 1928 5826 κα

2024 5789 2095 5828 [ιι.
2127 5771 2188 5826 F.
2219 5771 2338 5845 An.
2400 5775 2422 5805 ⁸
2447 5774 2736 5845 θαυμάσῃς
2762 5772 2827 5845 Β.
2851 5774 2953 5845 A'Ii.
2990 5842 3002 5845 _
3035 5777 3054 5806 ⁹
3079 5774 3492 5845 ἐπιϐυυλεῦσαι]
3515 5776 3610 5828 Sic

365 5839 426 5895 F.
463 5847 570 5912 ᾼιι.
605 5843 754 5896 Arni.
787 5839 969 5897 can-imi
996 5861 1120 5897 cum
1156 5844 1315 5898 Ειιιιι.
1343 5843 1571 5896 ἀνελεῖν.
1651 5844 1694 5873 ¹⁰
1712 5840 1812 5912 ὡςῙ
1841 5845 1924 5895 ὅτι
1951 5841 2012 5896 F.

362 5914 432 5969 Δ.
465 5911 524 5967 Β.
606 5914 647 5944 33

2091 5846 2130 5926 ’.ι
2164 5843 2292 5920 ὑπό]
2322 5845 2430 5926 ἀπό
2463 5849 2523 5899 Α.
2548 5833 2570 5926 ι’
2609 5833 2881 5926 ’ξςὸύὋγάρ
2915 5842 3004 5914 ἂν]
3038 5843 3098 5897 06
3129 5848 3234 5915 γὰρ
3258 5845 3319 5900 (.1.
3351 5833 3610 5918 ούόὲ’γάρ

681 5914 900 5984 ἐξῆλθεν
935 5915 996 5967 ὃν
1026 5915 1072 5966 Α
1125 5913 1177 5967 Β.
1213 5914 1272 5967 C.
1311 5912 1531 5984 ἐξῆλθεν
1561 5915 1691 5982 (om.
1720 5914 1805 5983 ἂν)
1844 5913 1904 5968 υ.

2024 5929 2066 5967 >x
2099 5912 2506 5987 ἐπιχειρήσειεν
2533 5914 2595 5968 Δ.
2637 5915 2697 5970 Β.
2731 5915 2792 5970 C.
