3832 6178
185 270 248 327 75
1324 261 1387 317 IN
1426 257 1834 317 MATTIIEUM
1866 257 2093 317 IIOMIL.
2140 262 2246 319 VII.
3348 275 3417 333 76

166 370 374 422 salutent
406 368 641 437 ipsorum
673 368 985 439 spectabant
1007 412 1021 437 ,
1064 379 1119 425 ut
1146 370 1224 426 sic
1255 372 1460 429 faelius
1489 374 1724 429 attralte~

163 467 353 512 rentur.
388 457 662 528 Quotquot
693 461 870 528 itaque
900 459 1067 529 prima
1096 460 1440 530 proferuntur
1459 505 1472 525 ,
1505 481 1727 534 quorum

158 557 354 615 tempus
382 558 556 602 ortum
585 550 702 618 ejus
723 561 947 620 spectat.
977 551 1104 605 nihil
1128 568 1374 622 magnum
1396 555 1478 609 vel
1501 554 1728 611 sublimo

146 642 205 695 de
233 641 322 695 illo
349 642 561 707 dicunt,
592 660 692 699 nec
719 647 939 714 perinde
983 656 1141 717 atque
1166 666 1227 703 ea
1255 666 1372 720 qum
1399 651 1463 704 ad
1491 652 1639 722 signa
1652 657 1724 707 ’et

146 735 389 788 miracula
418 736 559 788 edita
589 748 836 804 spectant
861 756 874 791 :
900 739 985 792 illa
1017 742 1213 810 quippe
1241 743 1436 797 clarius
1461 744 1528 798 de
1559 745 1724 814 ipsius

144 823 393 892 dignitate
419 826 727 894 loqutmtur.
748 828 899 896 Quod
926 830 1104 900 itaque
1133 843 1251 900 post
1278 835 1438 887 multa
1467 835 1723 890 miracula

142 915 364 983 hymnos
397 916 447 968 in
477 916 625 970 illum
654 920 805 987 pueri
834 930 1106 984 canerent,
1142 922 1263 977 audi
1291 924 1557 993 quomodo
1580 925 1725 980 dicat

134 1006 387 1073 propheta
409 1020 421 1058 :
446 1006 529 1061 Ea:
546 1024 633 1062 ore
656 1009 931 1079 infantium
950 1022 995 1065 et
1018 1012 1307 1067 lactentium
1328 1016 1580 1086 perfeciin
1606 1018 1721 1071 lau-

136 1098 242 1149 dem
269 1096 445 1167 (Psal.
480 1099 533 1154 8.
565 1101 655 1171 5);
688 1117 752 1156 ac
793 1119 1005 1159 rursum
1032 1122 1045 1159 :
1073 1106 1325 1173 Quoniam
1365 1110 1540 1164 videbo
1570 1112 1721 1166 ctelos

128 1195 232 1238 tuos
256 1203 415 1257 opera
436 1188 710 1260 digitorum
731 1200 930 1246 tuorum
953 1192 1114 1266 (Ibid.
1138 1212 1184 1248 υ.
1210 1195 1287 1265 4),
1313 1197 1364 1250 id
1382 1199 1522 1267 quod
1547 1200 1719 1270 ipsum

131 1276 362 1331 universi
394 1277 706 1333 Creatorem
732 1280 987 1337 declarat.
1017 1283 1146 1338 Illud
1172 1301 1300 1340 vero
1329 1288 1716 1357 testimonium,
1786 1302 1791 1303 ’

123 1368 257 1435 quod
291 1378 566 1437 peractam
589 1386 769 1427 assum
777 1373 1008 1442 ptionem
1026 1376 1263 1445 respicit,
1280 1378 1396 1447 ejus
1414 1395 1537 1434 cum
1560 1381 1719 1438 Patre

134 1460 501 1527 aequalitatem
530 1463 762 1517 ostendit
792 1464 874 1518 his
898 1466 1074 1519 verbis
1100 1484 1112 1520 :
1140 1467 1279 1521 Dixit
1315 1468 1567 1525 Dominus
1608 1470 1719 1527 Do-

125 1550 255 1601 mino
288 1568 405 1603 meo
430 1591 445 1615 ,
481 1551 615 1606 Sede
642 1568 674 1604 a
715 1553 904 1608 dextris
936 1556 1058 1609 meis
1089 1555 1258 1627 (Psal.
1294 1558 1414 1613 I09.
1451 1560 1526 1619 I).
1555 1560 1719 1618 Isaias

124 1657 241 1693 vero
267 1643 365 1704 ait,
392 1642 494 1707 Qui
518 1645 773 1714 consurgit
797 1645 1045 1715 imperare
1064 1648 1316 1717 gentibus,
1338 1649 1392 1703 in
1413 1650 1523 1720 ipso
1546 1661 1717 1722 gentes

119 1734 395 1798 sperabunt
419 1732 572 1804 (Isai.
606 1736 693 1790 Il.
734 1737 844 1807 IO).
875 1738 983 1792 Cur
1006 1747 1185 1793 autem
1217 1742 1293 1794 ait
1320 1741 1631 1799 Betltlehem
1659 1745 1713 1800 in

120 1827 455 1894 principibus
479 1827 616 1882 Juda
645 1845 748 1883 non
776 1844 897 1884 esse
926 1830 1199 1885 minimam
1223 1832 1245 1885 ?
1271 1833 1454 1903 Neque
1485 1836 1626 1890 enim
1659 1836 1714 1892 in

117 1915 398 1971 Palmstina
449 1928 679 1985 tantum,
724 1921 820 1975 sed
870 1922 1030 1977 etiam
1072 1924 1123 1977 in
1165 1932 1276 1978 toto
1319 1924 1450 1981 orbe
1492 1927 1713 1985 illustris

114 2010 260 2062 vicus
289 2009 520 2065 effectus
545 2021 648 2066 est.
675 2013 780 2067 Sed
801 2014 866 2069 ad
889 2013 1101 2068 Iudaeos
1122 2031 1263 2071 nunc
1283 2032 1461 2073 sermo
1482 2029 1709 2089 spectat,

114 2099 338 2168 ideoque
368 2100 668 2169 subjunxit,
692 2101 850 2173 Roget
871 2104 1115 2173 papulum
1143 2120 1306 2158 meum
1337 2106 1541 2162 Israel:
1565 2110 1711 2179 atqui

116 2191 299 2244 urbem
330 2193 498 2245 etiam
530 2194 685 2247 rexit.
719 2194 819 2255 At,
852 2204 907 2248 ut
933 2194 1038 2249 dixi
1062 2236 1078 2261 ,
1109 2211 1213 2250 non
1248 2198 1360 2251 vult
1385 2198 1708 2255 oll'endiculo

112 2296 224 2335 esse
244 2324 261 2347 ,
308 2283 545 2352 ideoque
574 2284 640 2338 de
678 2285 924 2355 gentibus
957 2286 1116 2341 verba
1164 2303 1269 2342 non
1301 2287 1445 2343 facit.
1474 2289 1541 2344 Et
1569 2305 1706 2361 quo-

112 2372 301 2436 modo,
347 2375 598 2444 inquies,
643 2393 746 2430 non
780 2378 919 2431 rexit
949 2378 1198 2447 p0pulum
1230 2379 1548 2436 Iudaicum?
1594 2383 1706 2438 Imo

111 2466 228 2519 illud
259 2482 486 2536 quoque
516 2467 711 2522 factum
743 2477 864 2533 est;
912 2483 1031 2524 cum
1071 2471 1213 2525 enim
1254 2470 1502 2528 Israeletn
1533 2474 1700 2542 dicit,

109 2556 321 2611 Iudaeos
348 2558 445 2626 qui
478 2560 530 2611 in
564 2558 732 2627 ipsum
768 2558 1111 2615 crediderunt
1150 2561 1468 2618 subindicat.
1505 2565 1571 2619 Et
1601 2565 1703 2623 hoc

110 2648 474 2718 interpretans
518 2648 711 2703 Paulus
753 2650 869 2704 ait:
906 2649 1027 2705 Non
1069 2653 1203 2706 enim
1251 2670 1457 2722 onmes,
1507 2659 1592 2725 qui
1637 2674 1700 2712 ea:

110 2738 265 2792 Israel
288 2782 305 2803 ,
347 2750 473 2793 sunt
506 2739 786 2807 Israelitaz;
815 2741 902 2795 sed
930 2744 1227 2813 quicumque
1254 2761 1343 2814 per
1365 2745 1517 2813 [idem
1543 2758 1588 2800 et
1615 2765 1698 2801 re-

108 2831 492 2896 promissione»:
516 2832 623 2884 nati
641 2831 946 2900 summam.
970 2832 1022 2887 9.
1049 2832 1125 2903 6).
1146 2834 1295 2901 Quod
1317 2835 1359 2888 si
1384 2850 1488 2890 non
1512 2854 1699 2895 omnes

108 2921 251 2985 terit,
285 2920 338 2973 id
368 2930 687 2975 vocatorum
714 2922 915 2975 crimen
940 2931 992 2976 et
1012 2923 1165 2991 culpa
1195 2934 1297 2977 est.
1324 2924 1454 2978 Cum
1485 2926 1696 2983 debuis-

102 3018 209 3061 sent
232 3010 382 3063 enim
414 3011 540 3066 illos
558 3015 782 3069 adorare
802 3030 922 3070 cum
948 3017 1135 3088 magis,
1160 3027 1214 3073 et
1234 3019 1343 3075 Deo
1360 3021 1582 3093 gloriam
1604 3040 1695 3081 re-

102 3097 247 3159 ferre,
275 3099 427 3168 quod
463 3109 673 3171 tempus
699 3104 998 3163 advenisset
1030 3108 1082 3162 in
1105 3124 1209 3179 quo
1236 3112 1413 3167 omnia
1458 3114 1692 3183 ipsorum

102 3200 310 3255 peccata
340 3193 686 3248 solverentur
726 3196 880 3267 (nihil
901 3199 1040 3252 enim
1067 3199 1135 3254 de
1155 3201 1403 3257 tribunali
1430 3214 1483 3259 et
1510 3205 1577 3261 de
1604 3221 1682 3260 rc-

102 3279 333 3344 petendis
361 3282 544 3350 pugnis
572 3282 884 3351 audierant,
936 3286 1031 3342 sed
1078 3288 1145 3344 de
1182 3292 1376 3346 mittet
1414 3305 1692 3351 mansueto

100 3370 349 3437 pastore),
376 3370 460 3424 illi
491 3383 675 3426 contra
706 3374 984 3431 turbantur
1012 3386 1066 3432 et
1095 3379 1328 3446 turbant,
1360 3391 1414 3437 et
1441 3384 1689 3441 innume-

102 3473 174 3510 ras
217 3469 407 3527 postea
462 3472 675 3517 struunt
721 3464 957 3521 insidias.
1006 3469 1060 3523 7.
1105 3468 1250 3525 Tunc
1290 3471 1520 3529 Herodes
1559 3478 1691 3531 ciant

102 3552 270 3602 secutis
315 3552 519 3623 magis,
570 3554 836 3625 diligenter
877 3559 1053 3613 didicit
1090 3562 1152 3614 ab
1195 3563 1266 3615 eis
1311 3574 1505 3635 tempus
1533 3569 1692 3622 stella

101 3658 193 3707 esse
218 3648 471 3714 apparuit
511 3648 585 3700 eis
607 3664 625 3700 :
649 3665 870 3718 puerum
918 3652 1225 3710 interﬁcere
1267 3658 1689 3728 cupiens:un

101 3747 188 3785 non
216 3735 420 3789 luroris
446 3745 674 3803 tantum,
698 3740 793 3795 sed
810 3742 969 3796 etiam
988 3754 1241 3800 extremae
1261 3746 1545 3803 dementia:
1569 3748 1687 3805 fuit.

102 3822 294 3879 Etenim
344 3843 411 3881 ea
464 3846 585 3898 quae
621 3830 762 3885 dicta
806 3842 859 3889 et
887 3843 1034 3902 gesta
1066 3834 1276 3891 fuerant
1312 3852 1340 3890 a
1374 3840 1463 3893 tali
1493 3852 1688 3897 conatu

102 3914 229 3969 illum
262 3917 552 3974 deterrere
587 3931 849 3989 poterant.
880 3922 1060 3994 Neque
1094 3928 1234 3981 enim
1276 3927 1506 3985 lnnnana
1536 3942 1688 3988 erant

100 4021 147 4059 ea
172 4024 286 4076 qua:
318 4010 657 4065 acciderant.
697 4012 832 4068 Nam
864 4015 1004 4085 quod
1034 4032 1219 4089 magos
1256 4021 1409 4075 stella
1453 4036 1688 4092 superne

100 4111 347 4161 vocasset.
372 4101 629 4171 quodque
653 4104 863 4159 barbari
886 4116 1080 4160 tantam
1098 4110 1431 4180 susciperent
1449 4114 1687 4183 peregri-

100 4189 391 4255 nationem,
440 4199 501 4243 ut
542 4192 595 4244 iu
640 4193 921 4250 cunabulis
964 4204 1018 4251 et
1061 4197 1113 4252 in
1158 4214 1398 4270 pra-sepe
1418 4202 1685 4272 jacentem

101 4278 395 4347 adorarent,
428 4281 575 4349 quod
607 4282 879 4353 prophetae
903 4284 1011 4355 jam
1040 4288 1167 4343 olim
1200 4289 1314 4345 haec
1341 4294 1519 4348 omnia
1549 4310 1685 4363 prae-

98 4370 357 4433 dicerent,
398 4371 616 4440 aliaque
658 4373 837 4428 omnia
878 4376 1080 4449 majora
1130 4389 1318 4448 erant,
1364 4399 1523 4452 quam
1567 4401 1683 4456 quae

101 4460 353 4515 hominem
381 4473 729 4532 spectarent:
754 4475 986 4523 attamen
1013 4470 1143 4526 nihil
1171 4488 1355 4528 eorum
1386 4476 1558 4545 ipsum
1585 4493 1682 4534 co-

102 4552 267 4606 lubuit.

148 4785 197 4838 5.
234 4779 564 4852 "ejusmodi
592 4794 825 4850 namque
852 4789 935 4835 est
959 4780 1282 4851 malignitas,
1317 4782 1369 4836 in
1399 4796 1520 4839 sese
1564 4784 1679 4854 ipsa

100 4878 336 4945 impingit,
372 4884 427 4927 et
454 4888 545 4928 res
560 4888 681 4942 quae
700 4873 879 4941 perlici
903 4887 1171 4944 nequeunt
1188 4889 1403 4945 semper
1429 4877 1679 4947 aggredi:

102 4980 184 5022 tur.
206 4966 497 5038 Perpende
511 4964 811 5020 stultitiam.
833 4964 888 5021 Si
915 4966 1208 5036 prophetiae
1223 4968 1494 5036 credebat,
1517 4969 1679 5024 illam-

102 5077 182 5125 me
206 5063 492 5115 immotam
513 5060 835 5129 ﬁrmamque
861 5059 1100 5128 putabat,
1131 5060 1302 5130 palam
1327 5072 1409 5116 est
1436 5077 1557 5116 eum
1591 5063 1680 5116 im-

104 5154 350 5218 manlia
378 5160 637 5206 conatum
666 5164 830 5216 esse;
876 5151 1016 5221 quod
1043 5153 1088 5206 si
1131 5166 1235 5207 non
1266 5153 1537 5219 credebat,
1581 5169 1680 5209 nec

108 5244 294 5307 [rotabat
335 5258 403 5297 ea
430 5257 557 5310 qua:
593 5239 928 5307 dicebantur,
979 5251 1230 5296 eventura
1275 5258 1414 5309 esse,
1444 5253 1681 5301 metuere

107 5336 167 5385 rei
198 5336 386 5388 timere
418 5348 529 5386 non
557 5331 819 5401 oportuit,
849 5346 947 5387 nec
972 5346 1033 5387 ca
1063 5333 1131 5387 de
1165 5348 1324 5388 causa
1357 5349 1521 5405 puero
1550 5336 1679 5389 iusi-

108 5427 214 5479 diari
245 5443 258 5478 :
289 5442 360 5480 ex
395 5434 623 5494 utraque
650 5424 810 5493 igitur
840 5431 988 5493 parte
1016 5424 1317 5493 superﬂuus
1353 5434 1470 5481 erat
1503 5426 1680 5481 dolus.

108 5524 211 5577 tam!
238 5543 455 5595 quoque
500 5538 757 5582 extrema:
778 5529 1059 5586 dementia:
1079 5544 1211 5598 erat,
1238 5536 1377 5605 quod
1408 5541 1672 5609 putaverit

108 5632 260 5673 rasos
288 5624 462 5687 ipsum
488 5620 817 5678 antelaturos
844 5638 963 5679 esse
1000 5640 1185 5696 puero,
1213 5643 1306 5697 pro
1333 5644 1437 5699 quo
1466 5637 1668 5688 tantam

1847 388 2193 450 susceperant
2221 379 2719 451 peregrinationem.
2770 383 2901 439 Nam
2946 388 2989 443 si
3022 390 3104 445 vel
3145 402 3429 464 antequam

1847 473 1994 526 illum
2027 472 2303 541 vidissent,
2333 475 2403 528 ita
2432 475 2689 529 ardebant
2719 477 2987 533 desiderio
3018 501 3029 534 :
3059 494 3333 555 postquam
3352 490 3431 543 vi-

1842 563 2027 619 derant
2058 573 2112 619 et
2132 580 2227 635 per
2247 566 2578 636 prOphetiam
2596 569 2891 625 continuati
2916 572 3140 642 fuerant,
3160 581 3428 647 quomodo

1840 658 2091 725 Sperabat
2110 674 2168 712 se
2192 658 2418 714 suadere
2439 659 2543 715 illis
2562 676 2746 730 posse,
2777 673 2833 717 ut
2862 680 3077 733 puerum
3104 669 3201 722 sibi
3231 672 3428 739 prode-

1840 750 1999 803 rent?
2020 752 2267 806 Attamen
2298 752 2438 821 quod
2472 762 2548 807 tot
2589 762 2841 826 tantaque
2870 767 3052 812 essent
3102 776 3221 830 quae
3250 762 3423 832 ipsum

1836 856 1867 895 a
1914 843 2186 910 proposito
2206 842 2553 911 abducerent,
2582 844 2633 899 id
2659 858 2880 903 conatus
2901 858 3001 914 est,
3031 860 3084 905 et
3109 852 3243 907 clam
3266 868 3424 908 voca-

1837 931 1903 985 tis
1926 931 2114 1001 magis,
2144 933 2514 989 sciscitabatur
2535 936 2602 991 ab
2628 938 2706 991 eis
2734 955 2747 991 :
2778 938 2996 1008 putabat
3032 942 3173 997 enim
3208 943 3421 1001 Judaeos

1833 1022 1900 1077 de
1927 1024 2074 1092 pueri
2120 1024 2290 1078 salute
2318 1026 2574 1081 sollicitos
2600 1042 2754 1083 esse:
2790 1045 2962 1099 neque
3004 1033 3257 1089 credebat
3301 1037 3419 1093 illos

1831 1113 1882 1167 in
1904 1122 2105 1168 tantum
2126 1114 2343 1169 insania:
2362 1115 2661 1181 devenisse,
2690 1127 2748 1173 ut
2776 1119 2896 1174 ideo
2914 1122 3113 1176 vellent
3138 1133 3417 1193 patronutn

1829 1212 1883 1258 et
1909 1202 2245 1260 Servatorem
2267 1246 2281 1271 ,
2311 1206 2401 1275 qui
2429 1207 2494 1260 ad
2530 1207 2826 1263 libertatem
2854 1212 2996 1280 genti
3025 1214 3415 1281 procurandam

1828 1307 2066 1361 venerat,
2091 1296 2318 1352 inimicis
2342 1299 2587 1367 prodere.
2617 1298 2740 1355 Ideo
2761 1301 2896 1356 clam
2926 1313 3099 1371 vocat,
3128 1314 3181 1359 et
3206 1314 3414 1376 tempus

1826 1388 2077 1458 inquirit,
2108 1405 2212 1445 non
2236 1392 2405 1461 pueri,
2435 1391 2527 1447 sed
2553 1386 2741 1460 stellie,
2767 1404 3013 1450 venatum
3041 1398 3187 1453 illum
3219 1415 3409 1471 magna

1823 1496 1942 1536 cum
1984 1482 2251 1552 diligentia
2298 1493 2533 1553 captans.
2568 1485 2701 1541 Nam
2745 1487 2954 1543 videtur
2979 1489 3107 1545 mihi
3138 1493 3291 1547 stella
3316 1494 3410 1549 diu

1822 1582 1944 1628 ante
1971 1574 2301 1644 apparuisse.
2337 1576 2470 1644 Quia
2512 1578 2655 1631 enim
2706 1580 2930 1634 multum
2965 1584 3220 1652 temporis
3246 1585 3298 1641 in
3322 1586 3407 1640 iti-

1822 1666 2285 1737 nereinsumpturi
2315 1678 2468 1725 erant
2491 1672 2652 1743 magi,
2707 1682 2763 1727 ut
2795 1682 2918 1729 nato
2952 1677 3128 1731 statim
3155 1677 3406 1734 adessent

1818 1755 2131 1826 (oportebat
2151 1759 2348 1829 quippe
2378 1761 2430 1817 in
2451 1763 2726 1817 cunabulis
2753 1765 2922 1834 ipsum
2950 1766 3191 1835 adorare,
3220 1778 3277 1825 ut
3304 1774 3404 1826 mi-

1815 1848 2033 1903 rabilior
2074 1865 2161 1905 res
2186 1851 2538 1926 appareret);
2587 1856 2739 1910 stella
2788 1858 3010 1912 multum
3063 1870 3219 1916 antea
3278 1877 3401 1919 sese

1813 1940 2066 1994 ostendit.
2092 1940 2222 1996 Nam
2251 1943 2297 1999 si
2346 1958 2412 1999 eo
2462 1945 2578 2014 ipso
2610 1955 2847 2018 tempore
2885 1964 2992 2019 quo
3018 1960 3172 2008 natus
3214 1964 3297 2010 est
3342 1955 3397 2011 in

1805 2232 1928 2274 eum
1966 2220 2016 2274 in
2043 2222 2340 2278 cunabulis.
2372 2223 2523 2292 Quod
2552 2236 2729 2282 autem
2760 2244 2791 2283 a
2819 2228 3019 2286 bimatu
3047 2241 3101 2286 et
3132 2232 3266 2289 infra
3296 2250 3389 2290 oe-

1802 2310 2011 2379 ciderit,
2042 2330 2109 2370 ne
2136 2315 2418 2384 miremur;
2449 2318 2595 2373 furor
2618 2320 2758 2374 enim
2777 2329 2830 2374 et
2851 2322 3008 2376 timor
3035 2323 3101 2377 ad
3133 2326 3390 2395 majorem

1801 2404 2139 2461 securitatem
2160 2408 2277 2476 plus
2301 2410 2553 2479 temporis
2578 2410 2792 2480 adjecit,
2825 2421 2881 2466 ut
2910 2414 3084 2469 nullus
3112 2416 3390 2487 eli‘ugeret.

1802 2499 2013 2555 Vocatis
2042 2502 2339 2572 igiturillis,
2366 2505 2441 2560 ait
2468 2521 2484 2560 :
2509 2507 2561 2561 8.
2588 2506 2779 2563 Euntes
2800 2509 3100 2579 interrogate
3120 2510 3385 2579 diligenter

1797 2589 1861 2643 de
1878 2608 2055 2661 puero,
2101 2605 2147 2647 et
2188 2611 2302 2648 cum
2326 2596 2611 2651 inveneritis
2647 2600 2931 2652 renuntiate
2956 2599 3098 2664 mihi,
3123 2610 3179 2653 ut
3206 2610 3254 2653 et
3290 2617 3381 2670 ego

1796 2684 1994 2737 veniens
2019 2684 2223 2740 adorem
2261 2702 2395 2741 eum.
2443 2687 2688 2743 Vidistin’
2726 2689 3121 2759 insipientiam?
3152 2690 3206 2745 Si
3234 2692 3379 2747 enim

1794 2790 1859 2829 ex
1889 2776 2123 2832 veritatis
2152 2778 2341 2833 all'ectu
2373 2778 2626 2850 loqueris,
2650 2796 2747 2835 cur
2774 2782 2910 2836 clam
2941 2782 3268 2852 interrogas?
3293 2785 3378 2838 sin

1793 2864 2014 2923 insidias
2044 2882 2217 2937 paras,
2249 2884 2344 2923 cur
2369 2886 2473 2925 non
2494 2872 2715 2941 cogitas,
2739 2887 2921 2941 magos
2940 2888 3062 2927 cum
3085 2880 3136 2927 te
3166 2873 3378 2928 videant

1792 2958 1927 3012 clam
1958 2959 2313 3031 interrogare,
2353 2961 2531 3017 dolum
2562 2964 2924 3033 suspicaturos
2948 2965 3103 3020 esse?
3146 2963 3273 3032 Sed,
3320 2976 3376 3019 ut

1791 3048 1920 3115 dixi,
1948 3051 2122 3105 anima
2147 3053 2312 3107 semel
2342 3054 2667 3124 malignitate
2696 3066 2960 3125 correpta,
2988 3055 3222 3111 omnium
3250 3056 3375 3111 iusi-

1791 3142 2119 3210 pieutissima
2147 3144 2344 3199 evadit.
2377 3145 2490 3199 Non
2521 3146 2675 3211 dixit,
2729 3147 2929 3203 Euntes
2961 3149 3281 3229 interrogate
3306 3150 3374 3204 de

1764 3248 1932 3302 rege,
1975 3233 2093 3300 sed,
2134 3234 2207 3287 De
2248 3252 2401 3304 puero
2431 3252 2450 3289 :
2482 3251 2584 3290 non
2613 3236 2753 3291 enim
2791 3238 2999 3308 imperii
3027 3254 3219 3294 nomen
3246 3254 3372 3308 pro-

1789 3324 1931 3379 ferre
1959 3328 2228 3381 sustinuit.
2260 3327 2392 3397 Magi
2425 3343 2572 3394 vero,
2602 3328 2688 3398 qui
2722 3343 2829 3398 prae
2860 3331 3025 3384 multa
3068 3332 3263 3401 pietate
3295 3334 3373 3385 tti-

1789 3418 1862 3471 hil
1893 3418 2079 3472 horum
2111 3429 2365 3474 noverant
2414 3421 2625 3491 (neque
2653 3425 2793 3475 enim
2824 3423 3079 3491 putabant
3116 3423 3262 3477 illum
3316 3424 3370 3479 in

1788 3517 1991 3565 tantum
2018 3512 2268 3580 nequitiae
2297 3511 2621 3581 prorupisse,
2653 3523 2708 3566 ut
2739 3523 2847 3567 tam
2894 3513 3121 3568 mirabili
3154 3528 3372 3569 meone-

1786 3603 1907 3655 mite
1936 3602 2170 3657 insidiari
2204 3604 2507 3674 tentaret),
2540 3604 2671 3658 nihil
2704 3604 3005 3674 hujusmodi
3036 3606 3369 3675 suspicantes

1783 3694 2002 3759 abeunt,
2027 3695 2120 3751 sed
2146 3712 2209 3749 ex
2239 3695 2431 3751 aﬂ‘ectu
2471 3711 2569 3752 suo
2597 3698 2730 3751 alios
2770 3698 3056 3752 aestimant.
3088 3698 3140 3753 9.
3166 3696 3233 3751 Et
3257 3715 3369 3752 ecce

1780 3787 1929 3840 stella
1946 3829 1960 3847 .
1996 3804 2147 3855 quant
2176 3787 2405 3841 viderant
2440 3787 2495 3841 in
2520 3789 2729 3854 oriente,
2757 3789 3076 3843 antecedebat
3104 3806 3209 3843 eos.
3243 3790 3368 3846 Ideo

1781 3878 1922 3933 enim
1953 3878 2210 3934 occultata
2233 3878 2425 3947 fuerat,
2457 3889 2513 3933 ut
2538 3880 2735 3935 amisso
2764 3879 2919 3945 duce,
2950 3880 3164 3936 Judzeos
3195 3882 3366 3937 inter-

1756 3984 1972 4040 rogare
2019 3980 2371 4041 cogerentur,
2402 3980 2456 4026 et
2483 3971 2559 4026 sic
2588 3988 2674 4026 res
2701 3973 2947 4027 omnibus
2979 3975 3148 4043 palam
3194 3973 3363 4030 ﬁeret.

1779 4060 2068 4132 Postquam
2094 4063 2238 4118 enim
2270 4062 2724 4134 interrogaverant
2746 4106 2761 4131 ,
2787 4074 2839 4118 et
2878 4063 3090 4120 Iudaeos
3117 4065 3363 4121 doctores

1779 4152 2093 4219 habuerant,
2125 4170 2334 4210 rursum
2384 4155 2490 4210 illis
2519 4166 2757 4225 apparet.
2786 4156 2852 4211 Et
2872 4158 3178 4213 consideres
3205 4159 3361 4217 velint

1777 4249 2035 4319 optimum
2063 4264 2242 4304 rerum
2264 4249 2528 4305 ordinem.
2556 4250 2684 4305 Post
2704 4249 2909 4305 stellam
2936 4253 3127 4320 excipit
3151 4267 3243 4307 eos
3267 4251 3360 4307 ,ἰυ-

1776 4341 1961 4396 daicus
1986 4342 2233 4411 populus,
2275 4357 2474 4412 rexque
2497 4344 2630 4411 ipse,
2654 4343 3072 4413 prophetamque
3108 4344 3359 4400 inducunt

1776 4433 2223 4503 praenuntiantem
2267 4432 2319 4487 id
2349 4432 2489 4502 quod
2517 4442 2854 4503 apparuerat.
2889 4434 3013 4489 Post
3044 4437 3356 4505 prophetam

1776 4545 2000 4585 rursum
2049 4532 2278 4600 angelus
2329 4529 2477 4599 ipsos
2521 4531 2755 4601 excipit,
2808 4533 3104 4603 omniaque
3149 4534 3361 4593 docet:

1778 4622 2003 4678 interim
2053 4635 2187 4676 vero
2235 4621 2594 4693 Jerosolymis
2645 4622 2700 4677 in
2749 4623 3074 4681 Bethlehem
3125 4643 3155 4681 a
3207 4631 3364 4686 stella

1775 4714 2099 4770 ducuntur:
2135 4714 2292 4770 stella
2322 4713 2469 4769 enim
2506 4714 2575 4769 ab
2621 4714 2789 4771 istinc
2832 4716 2931 4773 viae
2971 4717 3082 4773 dux
3123 4719 3265 4775 fuit:
3304 4731 3365 4777 ut

1778 4807 1911 4863 hinc
1950 4822 2170 4877 quoque
2213 4807 2414 4873 discas,
2450 4821 2560 4861 non
2595 4806 2765 4864 fuisse
2811 4809 2962 4864 illam
3008 4826 3076 4865 ex
3129 4827 3363 4867 numero

1779 4908 2105 4955 caeterarum
2159 4900 2492 4955 stellarum:
2529 4902 2681 4957 nulla
2738 4903 2943 4974 quippe
3004 4905 3163 4959 stella
3219 4905 3363 4961 hanc

1782 4992 1951 5048 habet
1976 5001 2253 5047 naturam.
2289 4991 2480 5062 Neque
2506 4994 2684 5048 solum
2716 4994 2850 5060 ibat,
2885 4994 2983 5050 sed
3010 4995 3175 5050 etiam
3204 5006 3363 5053 ante-

1781 5083 2013 5138 cedebat
2041 5082 2252 5138 ducens
2279 5093 2336 5139 et
2364 5084 2521 5154 quasi
2551 5100 2716 5141 manu
2752 5085 2979 5141 trahens
3007 5085 3132 5141 illos
3159 5086 3214 5140 in
3242 5101 3363 5143 me-

1781 5174 1874 5229 dio
1906 5173 2020 5229 die.

1850 5432 1904 5489 4.
1937 5432 2003 5489 Et
2023 5432 2148 5504 quid
2170 5446 2304 5504 opus
2328 5440 2443 5488 erat
2470 5431 2643 5497 stella,
2676 5429 2904 5501 inquies,
2933 5443 3053 5484 cum
3080 5428 3188 5499 jam
3214 5436 3370 5484 notus

1779 5527 1931 5580 locus
1956 5525 2140 5580 esset?
2169 5524 2238 5581 Ut
2268 5539 2401 5595 puer
2427 5523 2596 5579 videri
2624 5532 2823 5594 posset.
2856 5521 2999 5577 Nihil
3023 5523 3219 5592 quippe
3254 5530 3373 5577 erat

1778 5616 1921 5689 quod
1951 5616 2121 5688 ipsum
2150 5615 2476 5673 ostenderet.
2519 5615 2649 5671 Nam
2678 5630 2851 5687 neque
2880 5613 3069 5671 domus
3092 5621 3206 5672 erat
3235 5627 3368 5669 con-
