3832 6178
451 216 520 272 ’Π

440 327 645 396 spicus,
677 337 851 395 neque
898 328 1071 378 mater
1117 319 1233 391 ejus
1273 318 1532 373 illustrem
1575 317 1861 387 quamdam
1904 323 2030 381 spe-

438 420 576 472 ciem
608 433 716 487 pra:
744 431 803 471 se
831 415 1055 472 ferebat.
1095 413 1242 484 Opus
1261 414 1440 480 itaque
1461 417 1577 465 erat
1604 405 1756 463 stella
1786 419 1905 476 qua:
1929 417 2026 458 eos

443 508 499 564 in
526 509 644 580 ipso
688 509 806 564 loco
838 508 1073 563 sisteret.
1118 504 1478 575 Quamobrem
1516 499 1848 570 Jerosolyma
1880 508 2035 566 egre-

440 598 711 655 dientibus
750 607 1004 669 apparet,
1054 611 1155 651 nec
1203 604 1308 650 stat
1335 594 1481 663 prius
1507 606 1665 662 quam
1695 588 1762 644 ad
1790 599 2032 658 prmsepe

445 691 772 762 pervenerit,
818 700 874 744 et
916 687 1231 743 miraculum
1283 683 1540 741 miraculo
1571 679 1875 737 addiderit:
1908 691 2032 732 nam

443 792 726 851 utrumque
752 779 997 835 mirabile
1035 788 1170 844 erat,
1216 785 1271 833 et
1298 773 1437 847 quod
1469 773 1605 843 magi
1636 771 1950 832 adorarent,
1980 774 2035 823 et

445 873 588 944 quod
627 873 779 927 stella
810 872 953 941 ipsos
980 871 1196 925 sisteret
1228 887 1241 923 :
1274 884 1394 938 qua:
1426 881 1556 921 sane
1602 872 1821 936 possent
1846 862 1930 917 vel
1960 860 2037 915 la-

445 964 633 1036 pideos
658 964 867 1019 animos
895 959 1184 1016 attrahere.
1218 958 1273 1013 Si
1300 958 1443 1014 enim
1475 957 1736 1011 dixissent
1768 952 1905 1022 magi
1930 993 1944 1016 ,
1974 965 2036 1005 se

449 1056 736 1127 prophetas
765 1054 1032 1108 audivisse
1059 1051 1175 1106 haec
1212 1050 1476 1113 dicentes,
1508 1048 1592 1102 vel
1623 1047 1737 1101 haec
1774 1044 1875 1100 sibi
1925 1041 2037 1112 pri-

451 1149 616 1203 vatim
641 1149 710 1202 ab
729 1147 930 1217 angelis
955 1145 1096 1200 dicta
1120 1144 1303 1207 fuisse,
1323 1142 1456 1197 ﬁdes
1478 1140 1583 1196 illis
1599 1154 1705 1194 non
1733 1138 1919 1193 fuisset
1938 1136 2039 1190 ba-

451 1241 560 1296 bita
590 1257 603 1295 :
634 1241 743 1309 jam
770 1253 896 1294 vero
925 1239 1074 1294 stella
1124 1251 1355 1306 superne
1384 1234 1617 1299 lucente,
1650 1231 1736 1287 vel
1762 1229 2043 1302 impuden-

453 1336 583 1390 tium
609 1349 702 1388 ora
724 1332 1156 1388 obstruebantur.
1178 1328 1380 1384 Deinde
1408 1342 1527 1382 cum
1548 1340 1713 1396 puero
1735 1324 2041 1379 immineret

455 1425 632 1489 stella,
660 1425 808 1480 stetit
846 1441 859 1477 :
890 1422 941 1478 id
966 1420 1108 1493 quod
1151 1418 1371 1491 majoris
1393 1426 1509 1473 erat
1534 1415 1833 1487 potestatis,
1882 1427 2044 1485 quam

456 1524 516 1570 ut
561 1515 732 1571 stellae
758 1522 1045 1580 competat,
1077 1510 1216 1583 quod
1263 1509 1467 1566 scilicet
1516 1506 1677 1562 modo
1716 1505 2043 1568 occultetur.

456 1606 618 1661 modo
643 1613 918 1676 appareat,
942 1613 1135 1659 etcum
1163 1609 1403 1673 apparet,
1432 1614 1650 1655 cursum
1688 1598 1861 1652 sistat.
1912 1594 2049 1650 Hinc

455 1698 534 1752 illi
562 1699 949 1753 incrementum
995 1694 1117 1749 ﬁdei
1161 1701 1419 1763 ceperunt
1452 1708 1464 1743 :
1497 1691 1617 1745 ideo
1666 1688 1829 1743 laetati
1879 1693 2046 1749 sunt,

460 1791 583 1859 quia
610 1787 750 1859 quod
775 1788 1085 1858 qumrehant
1111 1787 1449 1849 invenerunt,
1473 1784 1591 1853 quia
1617 1781 1785 1836 nuntii
1810 1778 2051 1836 veritatis

456 1882 629 1936 ell‘ecti
660 1885 805 1942 sunt,
829 1875 950 1946 quia
972 1886 1074 1926 non
1096 1871 1287 1923 frustra
1307 1876 1509 1920 tantum
1540 1870 1889 1931 susceperunt
1909 1861 2042 1916 iter:

459 1974 538 2026 sic
561 1968 768 2025 ardenti
790 1963 987 2022 Christi
1007 1960 1274 2016 desiderio
1292 1955 1604 2026 ﬂagrabant.
1628 1953 1760 2008 Nam
1786 1952 2048 2009 accedens

461 2061 635 2127 stella,
667 2072 830 2128 super
874 2056 1046 2125 ipsum
1080 2050 1227 2121 pueri
1257 2056 1416 2118 caput
1444 2045 1613 2111 stetit,
1645 2042 1936 2098 ostendens
1968 2042 2051 2098 di-

463 2151 641 2205 vinam
667 2163 787 2205 esse
811 2145 1013 2217 prolem
1041 2160 1053 2197 :
1082 2156 1309 2209 cumque
1334 2138 1591 2200 stetisset,
1621 2134 1685 2188 ad
1717 2130 2047 2187 adorandum

465 2242 703 2307 adducit,
736 2254 841 2294 non
871 2233 1185 2305 simpliciter
1211 2231 1489 2296 barbaros,
1517 2227 1609 2282 sed
1635 2226 1724 2298 qui
1766 2227 1907 2280 inter
1936 2224 2054 2280 illos

466 2331 845 2404 sapientissimi
877 2338 1050 2385 erant.
1087 2325 1248 2381 Vides
1284 2324 1421 2378 hanc
1451 2321 1660 2376 stellam
1694 2319 1816 2390 jure
1864 2318 2056 2373 merito

467 2424 818 2497 apparuisse?
848 2420 1120 2491 Siquidem
1144 2427 1198 2472 et
1224 2426 1341 2486 post
1366 2413 1722 2486 prophetiam,
1752 2419 1808 2465 et
1833 2420 1953 2481 post
1975 2424 2060 2464 sa—

468 2520 747 2576 cerdotum
778 2516 1181 2583 scribarnmque
1208 2508 1725 2579 interpretationem,
1760 2503 1933 2558 adhuc
1970 2502 2058 2557 illa

469 2612 757 2667 utebantur
780 2609 936 2663 duce.

538 2755 765 2809 Μαντίου
792 2766 837 2809 et
864 2754 1064 2809 Paulus
1092 2754 1452 2811 Samosatenus
1473 2772 1534 2809 ea:
1552 2756 1699 2810 stella
1714 2756 2056 2825 confutati—

462 2849 758 2904 Erubescat
787 2847 1019 2901 Marcion
1045 2889 1059 2913 ,
1090 2847 1374 2902 erubescat
1412 2846 1609 2901 Paulus
1650 2846 2052 2915 Samosatenus,

461 2942 551 3011 qui
582 2940 865 2994 noluerunt
895 2954 959 2994 ea
985 2938 1188 2999 videre,
1221 2954 1342 3008 qua:
1390 2939 1527 3008 magi
1552 2939 1823 3005 viderunt,
1855 2939 2052 2995 Eccle-

463 3034 559 3088 sia:
584 3031 953 3102 progenitores
979 3029 1055 3103 (a)
1084 3047 1097 3083 :
1131 3044 1305 3096 neque
1332 3030 1474 3083 enim
1503 3030 1667 3100 pudet
1700 3045 1787 3085 me
1824 3030 1903 3086 sic
1933 3030 2054 3086 illos

461 3140 674 3181 vocare.
717 3123 1010 3178 Erubescat
1054 3122 1309 3187 Marcion,
1363 3123 1529 3176 Deum
1572 3122 1759 3178 videns
1808 3123 1861 3178 in
1891 3138 2054 3179 carne

462 3216 763 3273 adoratum.
792 3215 1087 3269 Erubescat
1114 3215 1330 3277 Paulus,
1384 3213 1569 3268 videns
1596 3215 1743 3269 illum
1788 3230 1893 3269 non
1922 3216 2054 3270 sim-

464 3309 674 3380 pliciter
693 3318 752 3362 ut
781 3306 1055 3361 hominem
1080 3305 1314 3361 adorari.
1344 3304 1474 3359 Nam
1497 3305 1636 3375 quod
1665 3305 1717 3360 in
1739 3319 1901 3361 carne
1920 3306 2053 3361 ado-

463 3410 614 3457 ratus
641 3402 731 3466 sit,
764 3400 815 3453 id
838 3407 891 3453 et
916 3398 1075 3469 panni
1094 3397 1378 3451 ostendunt
1406 3406 1458 3452 et
1488 3412 1725 3465 przrsepe
1752 3412 1765 3448 :
1795 3397 1933 3466 quod
1962 3412 2056 3451 au-

466 3505 571 3549 tem
597 3509 699 3547 non
726 3492 876 3563 quasi
896 3490 1163 3545 hominem
1184 3504 1373 3558 purum
1403 3488 1762 3553 adoraverint,
1781 3488 2056 3545 declarant

466 3586 593 3640 dum
628 3585 927 3639 immaturm
972 3581 1113 3635 artati
1142 3580 1263 3635 talia
1309 3578 1585 3649 proferunt
1608 3578 1769 3646 dona,
1796 3594 1916 3649 quae
1947 3580 2055 3633 Deo

467 3676 647 3732 oﬁ‘erri
679 3690 774 3743 par
799 3681 936 3729 erat.
965 3672 1298 3727 Erubescant
1324 3686 1445 3726 cum
1470 3670 1573 3725 illis
1601 3680 1656 3724 et
1704 3670 1897 3735 Judaei,
1926 3671 2051 3725 dum

470 3772 723 3826 barbaros
747 3778 798 3824 et
825 3782 1009 3839 magos
1029 3765 1232 3832 vident,
1264 3766 1353 3835 qui
1379 3765 1524 3834 ipsos
1544 3762 1897 3833 praeveniunt,
1954 3774 2055 3817 nec

469 3869 590 3931 post
615 3860 735 3914 illos
760 3857 1015 3915 accedere
1047 3858 1249 3911 volunt.
1280 3855 1410 3910 Nam
1438 3870 1556 3925 qua:
1586 3862 1695 3908 tum
1724 3854 1860 3908 facta
1888 3861 2051 3918 sunt,

468 3951 764 4006 futurorum
787 3959 941 4005 erant
971 3948 1137 4018 ﬁgura
1174 3965 1187 4001 :
1217 3954 1376 4015 atque
1406 3948 1457 3999 in
1484 3944 1707 3999 exordio
1732 3944 1847 4013 ipso
1870 3940 2055 3997 decla-

466 4056 643 4100 ratum
672 4054 785 4109 est,
814 4052 1001 4112 gentes
1042 4040 1297 4111 populum
1327 4039 1472 4093 illum
1510 4044 1874 4108 prreventuras
1908 4048 2051 4090 esse.

469 4136 537 4191 Et
573 4151 671 4191 cur
697 4176 711 4199 ,
747 4134 975 4204 inquies,
1007 4148 1113 4187 non
1153 4132 1220 4186 ab
1265 4130 1451 4196 initio,
1486 4128 1582 4184 sed
1608 4137 1790 4200 postea
1815 4127 2051 4193 dicebat,

467 4229 660 4284 Euntes
681 4228 855 4283 docete
873 4243 1044 4282 omnes
1065 4236 1236 4297 gentes
1264 4224 1480 4293 (Matth.
1511 4222 1603 4278 28.
1629 4222 1758 4291 i9)?
1784 4222 1916 4288 Quia
1933 4260 1948 4286 ,
1994 4228 2056 4275 ut

464 4323 571 4394 iam
593 4322 701 4379 dixi
721 4364 737 4389 ,
770 4320 909 4391 quod
941 4330 1066 4375 tunc
1096 4318 1291 4374 factum
1318 4326 1418 4383 est,
1450 4318 1742 4372 futurorum
1784 4316 1972 4385 figura,
1996 4322 2055 4370 et

466 4415 617 4485 quasi
643 4413 918 4482 pratdictio
949 4421 1085 4467 erat.
1114 4412 1544 4468 Consentaneum
1574 4408 1774 4479 quippe
1799 4415 1946 4473 erat,
1993 4414 2054 4461 ut

466 4507 634 4562 Judzni
658 4516 881 4560 czrteros
908 4504 1271 4573 prmcederent
1294 4519 1308 4566 ;
1340 4502 1463 4571 quia
1488 4515 1614 4555 vero
1638 4500 1934 4569 prmstitum
1952 4498 2052 4552 sibi

470 4598 786 4655 beneficium
816 4604 1006 4666 sponte
1047 4603 1385 4665 respuerant,
1428 4608 1516 4647 res
1549 4602 1874 4662 prteposwre
1898 4604 2052 4645 versa

467 4701 550 4744 est
583 4708 597 4745 :
625 4688 890 4758 siquidem
917 4700 1091 4756 neque
1133 4686 1221 4740 hic
1243 4701 1338 4756 par
1362 4692 1498 4751 erat,
1536 4692 1593 4737 ut
1636 4684 1772 4754 magi
1812 4690 1935 4737 ante
1962 4681 2054 4737 Ju-

468 4782 616 4835 daros
659 4781 935 4843 venirent;
986 4794 1160 4850 neque
1205 4786 1259 4832 ut
1299 4778 1334 4832 ii
1376 4777 1465 4847 qui
1502 4786 1651 4830 tanto
1679 4776 1852 4845 spatio
1878 4775 2048 4830 dista-

468 4874 628 4935 bant,
659 4886 755 4927 eos
782 4872 871 4941 qui
901 4870 1039 4925 circa
1091 4868 1276 4924 urbem
1332 4868 1500 4936 ipsam
1550 4866 1859 4921 habitabant
1897 4873 2053 4920 ante-

470 4963 766 5027 cederent,
806 4976 978 5033 neque
1006 4971 1064 5016 ut
1090 4961 1146 5026 ii,
1178 4961 1267 5030 qui
1309 4958 1566 5013 nihildum
1611 4958 1889 5013 audierant
1916 4972 2010 5012 eos
2033 4996 2049 5022 ,

467 5057 557 5124 qui
603 5057 743 5110 inter
770 5064 846 5110 tot
872 5054 1186 5125 prophetias
1233 5052 1472 5107 innutriti
1520 5050 1760 5113 fuerant,
1794 5048 2054 5120 praeveni-

469 5155 621 5211 rent;
653 5162 837 5202 verum
867 5147 992 5217 quia
1021 5146 1073 5201 in
1104 5159 1312 5201 summa
1356 5143 1615 5198 bonorum
1647 5156 1866 5197 suorum
1897 5141 2053 5211 igno-

535 5419 612 5493 ta).
638 5418 729 5493 eis
746 5416 879 5493 Pes}
902 5415 1123 5493 diem!"
1155 5416 1381 5493 εοςὲθείαῖ
1417 5418 1794 5493 Progenieer
1811 5422 1926 5485 quia
1949 5424 2058 5493 ipsi

473 5482 617 5545 primi
638 5482 688 5529 in
709 5482 917 5545 regione
935 5491 1038 5536 sua,
1064 5482 1333 5545 imoietiam
1366 5484 1415 5531 in
1437 5482 1618 5540 .tadaea,
1645 5482 1884 5545 Christum
1905 5482 2054 5535 adve-

475 5541 611 5595 nisse
633 5541 965 5604 praedicarunt.
979 5549 1076 5598 Qua
1094 5544 1280 5593 ratione
1303 5550 1527 5594 auctores
1550 5551 1603 5595 et
1625 5544 1902 5598 laudatores
1922 5545 2053 5601 Chri-

480 5602 715 5656 stianiSmi
737 5602 832 5652 dici
854 5610 1072 5665 possunt.

1188 211 1248 269 S.
1281 206 1568 268 JOANNIS
1602 208 2088 269 CHRYSOSTOMI
2126 205 2447 264 ARCillEP.
2494 202 3040 261 CONSTANTINOP.
3604 200 3670 260 '28

2140 313 2309 369 rantia
2334 311 2714 376 versabantur,
2742 311 2831 381 qui
2876 311 2926 364 in
2956 308 3195 375 Perside,
3241 322 3337 365 eos
3379 308 3469 379 qui
3507 307 3704 365 Jeroso-

2140 406 2295 476 lymis
2320 414 2447 460 sunt
2495 411 2860 475 praevertunt;
2889 403 2940 456 id
2977 402 3120 473 quod
3146 401 3305 457 etiam
3330 401 3458 457 dicit
3488 402 3702 459 Paulus:

2148 497 2302 552 Vobis
2348 496 2605 567 Oportebat
2650 495 2953 550 annuntiare
3021 496 3241 562 primum
3308 510 3519 565 regnum
3570 494 3703 553 Dei:

2139 592 2228 647 sed
2270 591 2390 662 quia
2437 606 2523 644 vos
2574 589 2807 660 indignos
2857 586 3164 659 judtcastis,
3211 600 3325 641 ecce
3389 587 3709 642 convertimur

2139 684 2208 739 ad
2236 693 2407 756 gentes
2438 683 2575 754 (Act.
2594 684 2682 738 15.
2701 680 2817 753 46).
2847 681 3065 736 Etiamsi
3094 680 3237 735 enim
3270 688 3425 735 antea
3467 680 3709 739 increduli

2139 783 2315 841 erant,
2343 789 2373 828 a
2399 773 2566 845 magis
2592 773 2779 828 saltem
2801 771 3078 827 audientes
3103 785 3384 826 accurrere
3412 771 3709 839 oportebat;

2140 866 2233 921 sed
2257 866 2542 921 noluerunt
2572 881 2585 918 :
2614 863 2858 935 ideoque,
2891 862 2996 919 illis
3033 860 3420 916 dormientibus
3441 902 3455 925 ,
3488 859 3539 915 hi
3582 876 3711 930 pra:-

2139 964 2381 1012 currunt.

2202 1181 2256 1236 5.
2298 1178 2600 1234 Exhortatio
2620 1179 2845 1233 moralis.
2881 1177 2981 1244 Qui
3008 1176 3213 1249 indigne
3233 1177 3467 1246 mysteria
3493 1189 3708 1247 sumunt,

2137 1272 2330 1327 Herodi
2348 1272 2555 1326 similes.
2586 1271 2920 1325 Theatrorum
2949 1270 3261 1324 obscwnitas.
3303 1299 3373 1309 —
3418 1269 3595 1341 Magos
3617 1272 3711 1327 ita-

2134 1380 2237 1435 que
2261 1377 2568 1434 sequamur,
2595 1372 2650 1417 et
2673 1377 2701 1414 a
2726 1361 3073 1416 barbarorum
3097 1369 3273 1415 tamen
3295 1360 3533 1416 moribus
3554 1362 3711 1419 multa

2133 1456 2527 1527 intercapedine
2562 1469 2659 1509 nos
2698 1468 3065 1509 removeamus
3090 1494 3103 1519 ,
3142 1462 3197 1507 ut
3234 1452 3500 1508 Christum
3539 1454 3712 1510 videa-
3754 1450 3765 1457 ’

2132 1564 2251 1604 mus
2282 1565 2295 1601 :
2325 1547 2751 1619 quandoquidem
2778 1554 2830 1601 et
2858 1545 2956 1615 ipsi
2984 1545 3086 1600 nisi
3116 1545 3299 1615 procul
3324 1561 3353 1599 a
3377 1560 3472 1600 sua
3497 1546 3713 1617 regione

2126 1644 2513 1707 recessissent,
2555 1658 2660 1697 non
2705 1643 2851 1696 illum
2895 1642 3059 1696 visuri
3109 1647 3283 1696 erant.
3332 1640 3713 1696 Recedamusa

2129 1734 2356 1791 terrenis
2382 1735 2626 1805 negotiis.
2676 1732 2883 1786 Etenim
2913 1732 3051 1802 magi
3078 1772 3095 1797 ,
3127 1730 3254 1784 dum
3298 1730 3348 1782 in
3382 1729 3601 1785 Perside
3629 1746 3710 1784 es-

2127 1836 2264 1893 sent,
2289 1826 2493 1882 stellam
2520 1824 2768 1880 videbant
2793 1842 2806 1878 :
2830 1840 2949 1878 cum
2976 1835 3153 1878 autem
3179 1838 3209 1877 a
3238 1821 3456 1878 Perside
3480 1836 3717 1878 recesse-

2128 1928 2288 1984 runt,
2333 1919 2511 1975 Solem
2551 1917 2772 1987 iustitia:
2813 1932 3182 1986 conspexere;
3232 1915 3340 1969 imo
3381 1930 3477 1970 nec
3505 1915 3717 1971 stellam

2129 2010 2265 2064 ultra
2298 2008 2460 2062 visuri
2496 2016 2649 2063 erant
2669 2049 2685 2074 ,
2718 2007 2819 2061 nisi
2862 2015 3109 2076 prompto
3138 2006 3317 2060 animo
3347 2004 3469 2059 inde
3495 2004 3720 2075 profecti

2128 2110 2328 2155 essent.
2393 2098 2686 2169 Surgamus
2750 2098 2907 2168 igitur
2962 2106 3018 2152 et
3076 2111 3215 2162 nos;
3278 2096 3483 2151 etiamsi
3538 2110 3725 2151 omnes

2130 2192 2528 2263 perturbentur,
2561 2190 2627 2246 ad
2654 2190 2869 2245 domum
2903 2189 3050 2259 pueri
3080 2202 3357 2244 curramus
3381 2205 3396 2242 :
3417 2190 3516 2243 etsi
3546 2202 3723 2258 reges,

2130 2284 2231 2339 etsi
2264 2283 2477 2354 populi.
2510 2283 2610 2338 etsi
2656 2282 2865 2354 tyranni
2898 2280 3032 2335 hanc
3061 2281 3200 2334 viam
3230 2279 3551 2349 intercipere
3585 2287 3728 2334 sata-

2130 2384 2259 2445 gant
2281 2415 2296 2439 ,
2328 2390 2396 2429 ne
2437 2373 2760 2428 desiderium
2800 2372 3089 2463 solvamus.
3133 2369 3224 2427 Sic
3257 2370 3398 2425 enim
3428 2374 3610 2425 omnia
3641 2370 3727 2424 in-

2130 2465 2374 2544 gruentia
2416 2465 2554 2519 mala
2592 2461 2941 2535 depellamus.
2990 2461 3263 2533 Siquidem
3304 2470 3358 2517 et
3392 2461 3444 2515 hi
3473 2477 3690 2533 quoque
3713 2502 3731 2529 ,

2133 2559 2234 2613 nisi
2276 2574 2497 2630 puerum
2527 2557 2824 2620 vidissent,
2863 2555 3156 2627 periculum
3182 2595 3198 2621 ,
3231 2554 3381 2624 quod
3402 2569 3431 2608 a
3458 2570 3587 2625 rege
3620 2570 3735 2610 me-

2135 2653 2394 2716 tuebant,
2439 2667 2544 2705 non
2589 2649 2918 2727 effugissent.
2968 2649 3265 2717 Antequam
3312 2661 3539 2716 puerum
3587 2645 3737 2700 vide-

2135 2755 2277 2809 rent,
2308 2743 2550 2807 timores,
2577 2741 2834 2811 pericula,
2861 2737 3283 2809 perturbationes
3299 2736 3537 2806 undique
3565 2737 3739 2791 insta-

2135 2838 2302 2901 bant;
2361 2844 2483 2907 post
2532 2833 2898 2888 adorationem
2941 2844 3107 2895 vero,
3160 2828 3525 2900 tranquillitas
3575 2837 3743 2897 atque

2136 2929 2426 2994 securitas;
2452 2916 2647 2996 ’neque
2690 2924 2914 2979 ulterius
2958 2922 3109 2978 stella
3134 2963 3150 2988 ,
3188 2919 3281 2976 sed
3320 2919 3550 2993 angelus
3589 2919 3742 2989 ipsos

2136 3019 2329 3089 exeipit
2355 3059 2370 3085 ,
2411 3017 2480 3073 ab
2524 3015 2834 3071 adoratione
2876 3011 3183 3093 sacerdotes
3228 3010 3492 3068 effectos:
3525 3011 3737 3068 etenim

2138 3125 2357 3169 munera
2386 3109 2710 3165 obtulerunt.
2758 3105 3005 3163 Dimissis
3036 3105 3213 3173 itaque
3241 3102 3463 3159 Judaico
3492 3103 3703 3174 populo
3728 3142 3744 3165 ,

2140 3203 2447 3277 perturbata
2486 3201 2698 3256 civitate
2723 3241 2739 3266 ,
2788 3198 3130 3268 sanguinario
3175 3205 3439 3268 tyranno,
3485 3196 3746 3251 saeculari

2140 3310 2367 3366 pompa,
2402 3295 2453 3348 in
2495 3290 2804 3347 Bethlehem
2845 3290 2954 3345 cito
2994 3302 3188 3359 perge,
3216 3287 3308 3342 ubi
3349 3286 3543 3341 domus
3586 3287 3751 3357 panis

2139 3384 2453 3457 Spirilualis.
2487 3383 2596 3437 Etsi
2623 3381 2762 3436 enim
2793 3389 2973 3450 pastor
2997 3378 3178 3443 fueris,
3211 3392 3383 3447 eoque
3407 3377 3710 3431 adveneris
3731 3419 3748 3441 ,

2142 3492 2362 3549 puerum
2409 3477 2461 3530 in
2507 3473 2800 3528 diversorio
2843 3469 3066 3525 videbis.
3114 3469 3333 3522 Etiamsi
3376 3483 3471 3522 rex
3527 3466 3751 3533 fueris,

2143 3586 2243 3626 nec
2287 3579 2462 3624 tamen
2509 3564 2827 3629 adveneris,
2870 3561 3001 3617 nihil
3043 3560 3136 3616 tibi
3178 3574 3409 3629 purpura
3454 3558 3752 3629 proderit;

2144 3664 2349 3719 etiamsi
2380 3673 2562 3729 magus
2589 3656 2771 3721 fueris,
2801 3654 2930 3709 nihil
2960 3661 3010 3709 te
3039 3652 3143 3708 hoc
3167 3650 3454 3721 impediet,
3486 3650 3533 3704 si
3570 3649 3748 3703 modo

2148 3757 2503 3811 honoraturus
2531 3750 2950 3819 adoraturusque
2973 3745 3265 3802 accesseris
3283 3784 3297 3807 ,
3328 3758 3426 3799 nec
3452 3744 3761 3797 conculca-

2147 3859 2295 3903 turus
2324 3845 2515 3901 Filium
2557 3841 2651 3897 Dei
2682 3859 2696 3895 :
2728 3840 2773 3895 si
2813 3854 2934 3894 cum
2980 3845 3214 3893 tremore
3254 3834 3414 3891 simul
3453 3842 3508 3889 et
3548 3833 3765 3904 gaudio

2150 3941 2251 3995 hoc
2279 3939 2486 4010 egeris;
2519 3937 2633 3990 lucc
2656 3935 2799 3991 enim
2832 3934 2989 3986 ambo
3015 3939 3238 4001 possunt
3261 3943 3614 3985 concurrere.
3648 3927 3767 3989 Sed

2148 4048 2277 4089 cave
2306 4046 2374 4086 ne
2401 4029 2595 4084 llerodi
2624 4026 2813 4081 similis
2840 4024 2913 4078 sis
2941 4032 2997 4078 et
3016 4023 3181 4086 dicas,
3215 4020 3282 4076 Ut
3308 4023 3504 4075 veniens
3530 4020 3777 4083 adorem,

2149 4141 2262 4179 eum
2287 4165 2302 4188 ,
2329 4121 2656 4189 veniensque
2701 4116 2946 4173 occidere
2988 4116 3181 4169 tentes.
3233 4112 3308 4167 Illi
3349 4112 3490 4167 enim
3540 4111 3776 4165 similes

2153 4226 2311 4282 sunt,
2336 4211 2428 4284 qui
2457 4211 2671 4281 indigne
2696 4207 3074 4281 mysteriorum
3105 4205 3389 4277 participes
3419 4213 3570 4257 sunt.
3622 4203 3774 4258 Nam

2152 4310 2244 4383 qui
2267 4309 2567 4381 hujusmodi
2591 4316 2693 4374 est,
2720 4306 2852 4360 Reus
2871 4305 2984 4369 erit,
3010 4304 3199 4373 inquit,
3223 4302 3447 4371 corporis
3469 4310 3517 4354 et
3540 4296 3781 4369 sanguio

2155 4405 2233 4457 nis
2259 4401 2465 4457 Domini
2490 4400 2567 4472 (1.
2593 4399 2711 4455 Cor.
2738 4400 2823 4452 li.
2845 4397 2958 4465 ‘27).
2992 4394 3122 4449 Nam
3151 4394 3239 4463 qui
3266 4390 3580 4459 hujusmodi
3614 4398 3783 4453 sunt,

2158 4495 2357 4550 habent
2405 4494 2457 4547 in
2503 4507 2562 4546 se
2607 4502 2887 4562 tyrannum
2934 4487 3257 4541 invidentem
3302 4480 3741 4553 regnoACltristi
3770 4522 3790 4545 ,

2159 4600 2460 4642 mamonam
2489 4598 2680 4652 nempe
2706 4580 2916 4636 llerode
2943 4579 3276 4647 iniquiorem.
3306 4574 3404 4629 llic
3429 4573 3649 4643 quippe
3680 4573 3791 4627 im—

2159 4691 2350 4748 perare
2390 4675 2540 4741 vult,
2582 4674 2845 4742 mittitque
2884 4670 3119 4725 cultores
3160 4681 3286 4722 suos
3311 4707 3326 4731 ,
3366 4666 3455 4736 qui
3499 4665 3799 4721 simulate

2158 4767 2375 4839 quidem
2406 4766 2664 4829 adorent,
2694 4766 2790 4819 sed
2818 4760 3091 4815 adoranda
3127 4757 3389 4829 jugulent.
3438 4755 3800 4811 Timeamus

2159 4860 2371 4929 itaque,
2400 4870 2468 4912 ne
2491 4856 2725 4926 speciem
2756 4853 3052 4923 Supplicum
3100 4860 3152 4904 et
3177 4849 3518 4902 adoratorum
3557 4847 3801 4903 habea-

2161 4965 2281 5004 mus
2306 4990 2321 5013 ,
2368 4961 2530 5017 opere
2572 4954 2749 5000 autem
2790 4942 3056 4998 contraria
3086 4940 3453 4997 exhibeamus.
3503 4937 3739 4993 Omnia
3770 4956 3806 4995 c

2159 5042 2401 5098 manibus
2425 5039 2765 5110 projiciamus
2792 5035 3082 5091 adoraturi.
3115 5032 3170 5089 Si
3195 5047 3385 5087 aurum
3416 5030 3756 5087 habeamus
3788 5074 3806 5098 ,

2161 5135 2335 5202 ipsum
2371 5128 2697 5195 offeramus,
2730 5142 2830 5183 nec
2870 5125 3225 5181 defodiamus.
3266 5122 3324 5178 Si
3351 5121 3495 5177 enim
3542 5122 3811 5177 barbari

2159 5225 2233 5280 illi
2260 5224 2326 5279 ad
2354 5222 2613 5277 honorem
2638 5234 2860 5275 munera
2890 5227 3017 5274 tunc
3040 5216 3371 5277 obtulerunt,
3414 5213 3537 5283 quis
3571 5221 3644 5268 tu
3680 5215 3814 5270 eris

2161 5316 2262 5372 nisi
2304 5314 2507 5370 tribuas
2534 5310 2823 5383 indigenti?
2851 5310 2895 5365 si
2924 5309 2997 5363 illi
3028 5316 3228 5363 tantam
3260 5320 3551 5376 suscepere
3582 5309 3762 5363 viam
3794 5351 3817 5375 ,

2161 5413 2221 5462 ut
2258 5416 2440 5462 natum
2470 5405 2749 5470 viderent,
2777 5417 2933 5473 quam
2970 5400 3368 5455 excusationem
3406 5397 3659 5454 habebis
3695 5410 3763 5455 tu
3794 5443 3817 5470 ,

2163 5499 2249 5569 qui
2275 5514 2345 5554 ne
2367 5498 2435 5553 ad
2463 5498 2634 5553 vicum
2655 5494 2869 5567 quidem
2895 5508 3057 5548 unum
3082 5505 3355 5562 properas,
3380 5498 3435 5544 ut
3460 5488 3553 5543 inii
3564 5506 3818 5560 mrum,

2162 5600 2219 5646 et
2246 5591 2297 5646 in
2316 5588 2543 5645 vinculis
2564 5588 2838 5645 detentum
2859 5584 3081 5642 visites?
3109 5582 3266 5654 Atqui
3290 5596 3388 5638 nos
3413 5588 3466 5637 et
3488 5579 3818 5650 inﬁrmos,
