3856 6180
179 298 242 353 79
1360 294 1424 359 lN
1467 299 1830 363 lllATll/EUM
1870 300 2098 361 uotum.
2145 299 2254 361 \‘ll.
3353 334 3419 394 so

174 436 218 476 ιιι
246 425 435 476 ι-ἰιιριιιε
458 462 474 487 ,
508 424 611 474 imo
643 430 697 474 et
747 418 986 474 inimicos
1029 418 1381 477 miseramttr;
1425 427 1477 469 ιιι
1512 428 1636 470 vero
1667 432 1733 470 ne

171 514 446 570 beneficum
496 514 710 583 quidem
755 522 809 567 et
854 511 1133 566 Dominum
1181 510 1372 564 tuum?
1421 508 1495 562 llli
1544 524 1730 563 aurum

167 608 489 670 obtulerunt;
521 618 576 660 tu
605 622 796 676 panem
826 606 910 659 vix
938 604 1192 660 dederis?
1237 604 1310 657 Illi
1342 604 1549 658 stellam
1580 602 1730 658 vide-

168 707 306 760 runt,
348 708 401 751 et
424 698 589 767 gavisi
618 705 777 762 sunt;
810 708 861 750 tu
892 712 1018 751 vero
1046 695 1316 750 Christum
1343 694 1526 749 videns
1550 695 1734 765 hospi-

166 798 257 844 tem
288 798 342 842 et
369 789 568 842 nudum
591 830 605 849 ,
640 804 744 843 non
775 786 1042 842 ﬂecteris?
1076 786 1205 852 Quis
1231 785 1372 841 enim
1406 797 1638 840 vestrum
1669 800 1735 840 ex

166 883 219 937 iis
241 882 327 950 qui
361 882 507 935 mille
535 882 791 935 beneficia
819 887 1157 949 acceperunt,
1185 888 1380 932 tantam
1410 894 1504 947 pro
1524 878 1737 932 Christo

164 974 384 1040 suscepit
412 973 894 1044 peregrinationem
918 1014 931 1036 ,
966 978 1214 1042 quantam
1245 971 1318 1025 illi
1350 968 1594 1034 barbari,
1630 971 1735 1024 imo

162 1065 222 1117 illt
265 1063 602 1133 philosOphis
647 1064 1035 1133 sapientiores?
1085 1065 1149 1118 Et
1198 1063 1323 1133 quid
1367 1064 1486 1118 dico
1536 1072 1735 1118 tantam

163 1159 285 1209 \‘iflm
307 1158 332 1207 ?
383 1157 558 1211 Mulae
588 1158 727 1227 apud
760 1172 857 1211 nos
885 1157 1135 1211 mulieres
1172 1156 1242 1211 ita
1273 1155 1462 1211 molles
1487 1166 1609 1213 sunt
1634 1197 1647 1220 ,
1682 1165 1739 1210 ιιι

160 1264 216 1303 ne
253 1249 431 1300 vicum
482 1266 645 1302 ttnum
696 1262 1021 1302 transmeare
1065 1248 1266 1313 velint,
1306 1256 1363 1301 ut
1391 1247 1441 1300 itt
1474 1246 1734 1318 spirituali

162 1347 411 1415 pnesepio
457 1347 628 1416 ipsum
672 1346 925 1412 videant,
978 1347 1076 1399 nisi
1115 1347 1269 1400 mulis
1308 1346 1588 1401 vehantur.
1632 1345 1732 1404 Alii

160 1439 337 1508 quibus
372 1439 516 1493 inest
547 1437 851 1492 ambulandi
878 1437 1100 1492 facultas
1124 1479 1140 1501 ,
1168 1438 1249 1492 vel
1276 1436 1607 1492 smcularium
1639 1451 1734 1490 ne-

160 1528 414 1596 gotiorum
457 1528 667 1582 turbam
695 1570 710 1593 ,
758 1528 840 1582 vel
890 1528 1213 1583 theatrorum
1260 1526 1735 1597 frequentationem

160 1620 269 1672 huic
305 1621 473 1674 coetui
504 1631 857 1688 anteponunt.
909 1620 971 1673 Et
1003 1620 1208 1674 barbari
1239 1619 1453 1689 quidem
1486 1619 1555 1672 illi
1584 1628 1717 1673 ante-

159 1726 301 1779 quam
331 1711 483 1763 illum
515 1710 773 1777 viderent,
806 1718 1003 1764 tantum
1032 1710 1236 1766 itineris
1254 1711 1466 1777 emensi
1495 1722 1618 1764 sunt
1640 1753 1653 1773 ,
1686 1721 1736 1764 tu

159 1820 271 1858 vero
306 1818 411 1857 nec
454 1812 735 1873 postquam
776 1803 947 1857 vidisti
992 1802 1214 1856 imitaris
1257 1803 1404 1869 illos;
1450 1802 1543 1857 sed
1585 1812 1729 1871 post-

160 1909 303 1957 quam
334 1894 516 1947 vidisti
545 1936 560 1955 ,
592 1894 680 1947 illo
705 1893 924 1947 dimisso
946 1934 960 1954 .
988 1893 1054 1947 ad
1089 1895 1306 1947 mimum
1334 1893 1619 1948 videndum
1647 1906 1733 1945 ac.

158 1988 318 2041 curris
346 1986 367 2057 (
399 1987 596 2042 iisdem
626 1987 768 2041 enim
810 1986 1045 2041 insistam
1076 1987 1267 2054 quibus
1298 2001 1465 2056 nuper
1493 1987 1510 2054 )
1540 2003 1552 2038 :
1583 1986 1706 2039 (lhri

157 2089 286 2133 stum
316 2079 367 2131 iu
408 2079 675 2148 pra>sepio
708 2078 970 2146 jacentcm
1004 2077 1256 2147 relinquis
1277 2120 1293 2145 ,
1323 2089 1379 2132 ut
1405 2078 1651 2131 mulieres
1686 2078 1733 2132 in

159 2184 305 2223 scena
343 2169 554 2224 videas.
598 2169 800 2237 Quibus
839 2169 951 2223 ιιωο
977 2168 1280 2223 fulminibus
1305 2169 1459 2239 digna
1490 2186 1592 2222 non
1628 2167 1735 2222 fue-

161 2260 295 2313 rint?

210 2429 261 2483 6.
292 2427 345 2482 Si
375 2428 524 2497 quis,
556 2442 756 2497 qmcso,
787 2428 1144 2496 polliceretur,
1179 2438 1228 2482 te
1260 2428 1310 2481 in
1341 2428 1534 2498 regiam
1566 2428 1728 2481 intro-

152 2517 353 2585 ducere.
390 2521 882 2591 lmperatoremque
906 2522 1178 2576 sedentem
1207 2522 1295 2576 tibi
1324 2529 1629 2584 ostendere,
1662 2536 1726 2574 an

156 2614 447 2683 bujusmodi
469 2615 774 2685 spectaculo
798 2615 1058 2670 theatrum
1084 2616 1400 2679 anteferres,
1424 2614 1628 2669 etiamsi
1654 2614 1732 2667 ni-

157 2706 217 2760 l.il
245 2710 369 2762 hinc
401 2709 539 2762 lucri
569 2706 769 2762 referre
796 2710 1016 2777 posses?
1044 2707 1139 2763 llic
1164 2723 1288 2762 vero
1321 2706 1437 2761 fons
1464 2707 1598 2777 ignis
1623 2708 1728 2775 Spl-

159 2800 349 2853 ritualis
374 2815 443 2854 ex
474 2800 576 2853 bac
600 2814 783 2853 mensa
809 2800 1025 2853 scaturit
1052 2816 1064 2852 :
1092 2808 1143 2852 tu
1175 2814 1301 2853 vero
1331 2798 1429 2852 hac
1458 2798 1640 2853 relicta
1666 2796 1730 2851 ad

158 2890 405 2945 theatrum
437 2886 678 2945 accnrris
707 2899 951 2945 natantes
982 2891 1233 2946 mulieres
1263 2900 1594 2960 spectaturus
1618 2931 1633 2956 ,
1671 2906 1734 2945 ac

158 2996 326 3037 Sexum
379 2982 536 3037 illum
585 2982 1024 3045 dehonestatum,
1063 2982 1437 3052 Christumque
1482 2981 1734 3052 relinquis

158 3074 272 3128 fonti
300 3073 679 3129 assidentem?
710 3073 918 3128 Etenim
950 3089 1089 3128 nunc
1118 3089 1328 3144 quoque
1352 3073 1499 3143 juxta
1532 3071 1732 3127 fontem

160 3168 291 3222 πόει
311 3209 327 3231 ,
357 3182 467 3219 non
493 3164 880 3221 Samaritanam
906 3165 1210 3233 alloquens,
1238 3164 1331 3220 sed
1363 3174 1525 3219 totam
1551 3164 1736 3219 civita-

160 3270 247 3312 tem
284 3277 297 3313 :
330 3258 564 3312 fortasse
592 3271 718 3312 vero
746 3273 885 3311 nunc
914 3272 1121 3327 quoque
1145 3257 1532 3312 Samaritanam
1563 3254 1731 3310 solam

160 3351 460 3421 alloquitur.
506 3348 677 3405 Nemo
707 3349 848 3403 enim
881 3349 974 3418 ipsi
1006 3363 1143 3403 nunc
1172 3347 1323 3403 adest
1348 3389 1363 3412 ,
1394 3348 1494 3402 nisi
1521 3347 1733 3418 quidam

160 3458 371 3512 corpore
393 3450 627 3506 tantum,
658 3440 744 3494 alii
772 3449 951 3494 autem
981 3456 1045 3495 ne
1072 3454 1295 3509 corpore
1319 3440 1556 3510 quidem.
1587 3440 1735 3493 Atta-

162 3550 267 3587 men
296 3534 414 3602 ipse
445 3547 559 3586 non
591 3530 828 3595 recedit;
856 3530 950 3585 sed
992 3542 1169 3585 manet
1198 3539 1377 3599 potum
1402 3545 1432 3583 a
1462 3530 1617 3584 nobis
1645 3544 1736 3599 po-

164 3626 370 3688 stulam,
404 3639 516 3677 non
548 3638 736 3691 aquam
758 3664 772 3685 ,
802 3623 895 3676 sed
926 3622 1257 3678 sanctitatem
1289 3640 1303 3676 ε
1335 3630 1518 3677 sancta
1544 3622 1737 3689 quippe

164 3717 341 3770 unctis
372 3718 580 3770 trtlntit.
615 3716 793 3787 Neque
819 3717 959 3772 enim
985 3731 1176 3786 aquam
1203 3730 1268 3769 ex
1297 3714 1397 3768 hoc
1424 3713 1569 3768 fonte
1601 3726 1737 3782 pra»

164 3808 252 3869 bet,
272 3808 367 3862 sed
394 3809 713 3878 sanguinem
737 3809 1021 3869 viventem,
1043 3809 1131 3878 qui
1157 3806 1456 3878 symbolum
1479 3816 1561 3861 est
1588 3820 1733 3860 mor-

164 3904 234 3961 tis,
260 3902 356 3955 sed
378 3905 507 3955 vitae
529 3917 687 3956 causa
714 3911 816 3957 est.
840 3900 918 3956 Tu
941 3911 1116 3956 autem
1143 3900 1327 3955 relicto
1346 3898 1492 3954 fonte
1517 3898 1733 3968 sangui-

164 3996 247 4057 nis,
262 3994 461 4064 poculo
479 3994 572 4047 illo
592 3993 887 4057 tremendo,
904 3992 970 4046 atl
990 3992 1186 4046 fontem
1204 3991 1379 4061 pergis
1392 3990 1732 4054 diabolicum,

160 4093 210 4137 ut
248 4095 528 4141 natantem
574 4087 908 4141 meretricem
950 4084 1277 4154 conspicias,
1318 4090 1373 4139 et
1405 4081 1733 4152 naufragimn

160 4179 335 4233 anim
363 4178 610 4248 patiaris.
639 4180 788 4249 Aqua
816 4178 959 4233 enim
985 4178 1072 4232 illa
1102 4176 1319 4247 pelagus
1346 4184 1429 4229 est
1456 4173 1691 4229 libidinis
1715 4215 1730 4238 ,

164 4284 252 4323 non
289 4284 525 4339 corpora
568 4268 953 4339 submergens,
995 4267 1091 4322 sed
1129 4267 1422 4321 animarum
1463 4263 1734 4333 naufragia

167 4362 379 4425 pariens.
418 4360 530 4416 Sed
576 4358 661 4414 illa
694 4367 838 4413 natat
868 4360 1004 4413 nuda
1031 4400 1046 4424 ,
1081 4368 1133 4413 tu
1162 4372 1288 4413 vero
1313 4356 1497 4412 videns
1524 4356 1735 4412 demer-

166 4454 281 4518 geris
309 4455 365 4508 in
399 4451 729 4523 profundum
760 4452 1007 4507 libidinis.
1040 4451 1182 4506 Talis
1210 4451 1403 4521 quippe
1429 4459 1512 4506 est
1537 4449 1731 4504 diaboli

168 4559 335 4615 ngena
371 4564 386 4599 :
421 4562 534 4599 non
566 4559 659 4600 eos
682 4544 773 4615 qui
805 4545 856 4598 in
882 4560 1072 4614 aquam
1099 4542 1428 4598 descendunt
1449 4583 1463 4606 ,
1491 4542 1582 4596 sed
1616 4542 1735 4595 illus

165 4643 314 4707 potius
344 4642 437 4710 qui
470 4654 685 4694 sursum
712 4639 938 4702 sedent,
970 4654 1127 4708 quam
1158 4653 1251 4691 eos
1279 4636 1369 4707 qui
1399 4636 1451 4690 in
1479 4644 1611 4705 aqua
1644 4651 1736 4688 vo-

166 4732 381 4788 lutantur
403 4775 418 4795 ,
448 4732 799 4802 submergere
827 4732 994 4797 solet,
1026 4730 1322 4799 saeviusque
1352 4727 1573 4783 suﬂ'ocat
1597 4742 1690 4782 eos
1714 4767 1732 4793 ,

164 4840 293 4891 Ipsam
339 4825 687 4880 Pharaonem
713 4865 729 4889 ,
769 4823 857 4894 qui
896 4838 1016 4877 cum
1058 4823 1211 4891 equis
1243 4830 1297 4876 et
1338 4820 1580 4875 curribus
1610 4828 1734 4874 tunc

164 4916 422 4971 demersus
447 4924 559 4971 est.
592 4914 664 4969 Et
686 4915 731 4969 si
758 4913 968 4984 quidem
994 4914 1198 4967 animas
1226 4912 1411 4968 videre
1432 4925 1731 4983 possemus,

166 5008 402 5074 plurimas
432 5007 591 5062 vobis
619 5005 954 5061 ostenderem
989 5005 1069 5059 his
1097 5006 1249 5076 aquis
1286 5013 1689 5075 supernatantes
1717 5046 1730 5065 ,

166 5102 273 5156 sicut
314 5112 449 5156 tunc
493 5098 871 5171 [Egyptiorum
909 5113 1152 5168 corpora.
1201 5098 1307 5154 Sed
1347 5097 1487 5168 quod
1523 5099 1733 5169 gravius

166 5204 253 5256 ea,
282 5195 445 5249 talem
473 5192 769 5263 perniciem
798 5190 1120 5260 voluptatem
1149 5190 1451 5261 appellant,
1478 5199 1532 5246 et
1560 5191 1734 5261 perdi-

168 5285 295 5339 ιξτιιιίς
340 5289 572 5357 pelagus
615 5284 988 5340 delectationis
1029 5284 1268 5354 euripum
1311 5292 1518 5339 vocant.
1575 5286 1731 5353 Atqui

168 5374 334 5431 facilius
358 5387 446 5432 est
469 5375 723 5446 Egteum
753 5384 809 5429 et
837 5374 1220 5446 Tyrrhenicum
1250 5390 1419 5442 mare,
1448 5392 1604 5445 quam
1640 5376 1734 5430 lut-

169 5466 357 5531 iusnodi
403 5466 781 5539 spectaculum
818 5473 932 5520 tuto
974 5466 1239 5535 trajicere.
1281 5466 1410 5521 Nam
1442 5470 1611 5537 primo
1641 5484 1734 5537 per

170 5564 296 5612 mni
354 5571 569 5615 noctem
633 5557 883 5613 diabolus
943 5557 1019 5612 rei
1080 5560 1476 5629 exsttectatione
1528 5560 1735 5613 animos

170 5660 462 5722 meamet
490 5670 502 5707 :
526 5650 732 5710 deinde
764 5658 1044 5720 postquam
1076 5650 1126 5705 id
1153 5651 1291 5720 quod
1327 5651 1734 5720 exspCCtahatur

1854 419 2100 484 ostendit,
2123 425 2297 475 statim
2320 422 2495 492 alligat
2520 429 2569 475 ct
2591 424 2828 491 captivos
2847 424 3025 479 efficit.
3050 426 3122 480 Ne
3150 428 3286 480 enim
3310 442 3430 495 qnta

1850 528 1966 568 cum
1998 518 2277 570 meretrice
2304 531 2406 568 non
2434 515 2662 575 coivisti.
2690 524 2740 567 te
2770 526 2918 582 putes
2944 532 2969 565 a
2998 525 3214 585 peccato
3240 518 3429 571 immn-

1849 622 1967 662 nem
1996 624 2114 662 esse
2141 626 2152 661 :
2176 624 2237 661 ex
2272 607 2696 675 concupisCentia
2728 608 2922 677 quippe
2950 618 3113 661 totum
3138 610 3426 676 perfecisti.

1848 696 1977 751 Nam
2015 702 2059 751 si
2095 698 2518 766 concupiscentia
2560 696 2832 762 tletitteris,
2873 697 3126 766 majorem
3159 698 3425 754 flammam

1842 792 2126 847 accendis”
2153 809 2166 853 ;
2199 792 2279 846 sin
2309 800 2483 845 autem
2516 791 2627 843 hare
2653 789 2956 860 aspiciendo
2986 786 3115 840 nihil
3147 784 3374 839 moveris
3396 820 3413 847 ,

1841 886 2027 956 majori
2059 885 2227 953 culpa:
2266 883 2524 937 obnoxius
2549 896 2607 936 es
2633 925 2646 946 ,
2690 881 2829 951 quod
2862 880 3066 934 czuteris
3101 875 3420 931 offendicula

1841 970 1915 1031 sis
1946 1020 1960 1043 ,
1992 986 2046 1031 et
2087 974 2227 1045 quod
2276 974 2592 1045 spectaculis
2636 973 2845 1027 illectus
2866 1012 2880 1035 ,
2914 981 2966 1024 et
3009 971 3192 1023 oculos
3224 978 3340 1020 tuus
3367 977 3417 1020 et

1840 1080 1961 1121 cum
1992 1067 2161 1121 oculis
2193 1066 2357 1135 ipsam
2386 1065 2615 1119 animam
2644 1064 2915 1131 detnrpes.
2945 1058 3138 1113 Verum
3163 1073 3228 1113 ne
3254 1059 3421 1111 simus

1842 1159 2201 1228 increpatione
2244 1159 2357 1212 sola
2397 1157 2672 1220 contenti,
2735 1170 2832 1225 age
2875 1154 2984 1223 jam
3033 1150 3421 1206 emendationis

1839 1253 2057 1306 modum
2090 1253 2474 1323 perquiramus.
2518 1250 2645 1319 Quis
2675 1262 2802 1319 ergo
2833 1248 3019 1301 motlus
3048 1246 3187 1301 erit?
3223 1243 3419 1300 Uxori-

1844 1345 1941 1399 ltus
1968 1349 2156 1401 vestris
2183 1362 2275 1399 vos
2317 1345 2525 1400 tradere
2558 1344 2676 1397 volo
2700 1386 2715 1409 ,
2748 1353 2801 1396 ut
2847 1344 2973 1412 ips:e
3016 1356 3110 1394 vos
3155 1340 3419 1393 erudiant.

1840 1436 2129 1505 Oportebat
2166 1437 2378 1507 quidem
2402 1478 2415 1501 ,
2448 1436 2738 1491 secundum
2782 1434 2931 1488 Pauli
2959 1434 3127 1503 legem
3154 1473 3169 1496 ,
3204 1448 3297 1511 vos
3321 1431 3419 1483 do-
3466 1470 3473 1477 .

1840 1540 2016 1583 ctot'es
2056 1545 2174 1584 esse
2198 1547 2212 1585 :
2240 1531 2358 1601 quia
2401 1545 2528 1583 vero
2568 1545 2662 1599 per
2702 1538 2972 1596 peccatum
3015 1528 3255 1580 inversus
3290 1524 3423 1576 ordo

1844 1620 1959 1687 fuit,
1991 1631 2045 1677 et
2070 1638 2264 1692 corpus
2292 1623 2534 1691 superius
2554 1665 2567 1687 ,
2600 1629 2756 1690 caput
2786 1635 2912 1673 vero
2944 1618 3163 1673 inferius
3192 1617 3418 1686 positum

1841 1726 1941 1780 est,
1966 1715 2104 1770 hanc
2125 1716 2309 1770 saltem
2334 1718 2470 1769 viam
2494 1714 2808 1784 deligamus.
2827 1713 2976 1779 Quod
2998 1713 3041 1765 si
3064 1711 3419 1780 magisterium

1844 1809 2081 1864 mulieris
2112 1810 2383 1864 erubescis
2408 1851 2420 1869 .
2452 1810 2570 1878 fuge
2598 1815 2870 1879 peccatum
2891 1849 2905 1870 .
2935 1816 2987 1861 et
3013 1806 3117 1859 cito
3144 1805 3341 1873 poteris
3369 1804 3419 1856 in

1840 1902 2035 1955 solium
2076 1917 2103 1955 a
2149 1902 2256 1956 Deo
2296 1901 2386 1954 tibi
2425 1900 2603 1954 datum
2639 1898 2945 1954 ascendere.
2985 1896 3242 1963 Quatndiu
3279 1904 3423 1950 certe

1844 1994 2166 2060 peccaveris,
2187 2007 2290 2046 non
2313 1992 2375 2046 ad
2402 1992 2650 2045 mulieres
2676 2000 2897 2052 tantum,
2916 1987 3010 2045 sed
3032 1989 3189 2044 etiam
3207 1988 3271 2040 ad
3296 1988 3422 2041 hrne-

1845 2096 2015 2140 torutn
2040 2087 2345 2141 animalium
2368 2085 2619 2139 vilissima
2652 2093 2703 2138 te
2730 2082 2890 2137 mittit
2916 2082 3187 2150 Scriptura
3215 2099 3227 2134 :
3252 2096 3423 2150 neque

1842 2180 2107 2234 erubescit
2146 2178 2351 2233 ratione
2389 2176 2663 2246 praeditum
2696 2175 2762 2229 ad
2800 2175 3071 2229 formicam
3106 2174 3422 2244 discipulum

1845 2274 2075 2326 mittere.
2098 2271 2276 2340 Neque
2298 2270 2436 2324 enim
2458 2269 2507 2323 id
2529 2268 2814 2339 Scriptura:
2831 2267 2983 2336 culpa
3001 2276 3101 2330 est,
3125 2258 3219 2321 sed
3240 2280 3422 2320 eorum

1843 2365 1932 2433 qui
1981 2364 2059 2419 sic
2100 2362 2428 2416 nobilitatem
2471 2360 2752 2429 prodidere
2790 2374 2963 2425 suam.
3014 2358 3124 2413 lloc
3153 2369 3295 2414 certe
3331 2372 3423 2413 nos

1844 2472 2056 2528 quoque
2094 2457 2346 2510 faciemus
2379 2474 2391 2507 :
2420 2468 2482 2509 ac
2514 2466 2651 2509 nunc
2677 2453 2890 2524 quidem
2924 2463 2974 2507 te
3000 2452 3205 2506 mulieri
3249 2452 3422 2505 trade-

1846 2550 2067 2606 mus:si
2106 2558 2282 2603 autem
2318 2546 2453 2601 hanc
2500 2546 2837 2616 despexeris,
2887 2544 2953 2598 ad
2984 2542 3418 2598 irrationabiliunt

1846 2654 1897 2698 te
1924 2640 2281 2709 magisterium
2310 2639 2582 2694 mittemus
2604 2679 2619 2703 ,
2649 2647 2701 2692 et
2734 2636 3078 2692 ostendemus
3107 2645 3234 2705 quot
3262 2650 3387 2690 aves
3408 2678 3421 2699 ,

1806 2736 1809 2739 ’
1844 2742 1973 2804 quot
2003 2732 2193 2802 pisces,
2221 2739 2351 2800 quot
2378 2729 2772 2800 quadrupedes,
2794 2737 2925 2798 quot
2952 2727 3156 2796 reptilia
3182 2727 3425 2783 animalia

1848 2836 1899 2880 te
1930 2824 2231 2879 honeStiora
2261 2831 2314 2877 et
2342 2820 2752 2890 temperantiora
2788 2817 3083 2873 videantur.
3112 2817 3262 2885 Quod
3289 2818 3335 2872 si
3360 2817 3427 2872 da

1846 2915 2241 2986 comparatione
2270 2913 2556 2969 erubescas
2576 2953 2591 2979 ,
2618 2911 2846 2967 aScende
2875 2910 2939 2965 ad
2972 2911 3245 2981 pristinam
3276 2910 3425 2965 ηιςιιί·

1841 3021 2066 3079 litatem,
2093 3026 2154 3068 ac
2167 3011 2426 3084 gehennae
2441 3008 2662 3079 pelagus
2677 3005 3007 3073 fluviumque
3027 3003 3244 3075 igneum
3273 3001 3420 3071 fuge.

1848 3104 1994 3163 illam
2026 3107 2148 3161 dico
2178 3103 2442 3174 piscinam
2472 3096 2977 3156 theatralem.'lltec
3019 3094 3164 3151 enim
3214 3092 3421 3166 piscina

1852 3201 2076 3268 pelagus
2108 3194 2238 3249 illud
2280 3193 2377 3248 tibi
2412 3190 2687 3249 conciliat.
2719 3196 2776 3243 et
2808 3188 2954 3242 illam
2982 3186 3213 3242 flamma:
3256 3185 3423 3253 abys-

1851 3306 1971 3344 sum
2010 3284 2308 3342 succendit
2364 3284 2367 3287 ’

1921 3478 1971 3531 7.
1995 3475 2125 3529 Nam
2168 3474 2235 3536 si,
2268 3474 2367 3542 Qui
2407 3474 2608 3544 respicit
2657 3473 2913 3525 mulierem
2962 3470 3029 3522 ad
3069 3468 3427 3536 concupiscen-

1848 3572 1989 3634 dum,
2027 3571 2143 3639 jam
2186 3570 2457 3621 moechatus
2483 3577 2554 3620 est
2589 3568 2606 3633 (
2634 3566 2816 3619 Matth.
2841 3560 2894 3620 ὅ.
2923 3564 2994 3619 28
3019 3564 3071 3632 ):
3118 3564 3204 3632 qtti
3236 3563 3431 3615 nudam

1845 3660 2065 3717 omnino
2096 3659 2362 3728 reSpicere
2388 3673 2490 3711 non
2521 3656 2743 3718 dubitat,
2774 3653 3041 3724 quomodo
3067 3669 3170 3707 non
3198 3666 3430 3707 sexcen-

1850 3753 1947 3805 ties
1989 3750 2227 3821 captivus
2271 3748 2561 3804 efficietur?
2608 3746 2721 3801 Non
2773 3746 2841 3800 ita
2888 3745 3145 3799 diluvium
3194 3755 3435 3813 tempore

1849 3842 1974 3896 Non:
2006 3842 2280 3896 hominum
2325 3855 2497 3911 genus
2543 3838 2790 3907 perdidit.
2826 3846 2883 3892 ιιι
2913 3837 3015 3891 illte
3047 3845 3287 3891 natantes
3311 3850 3432 3889 cum

1849 3936 2010 3988 multa
2061 3932 2387 4002 turpitudine
2434 3940 2761 4000 spectatores
2790 3942 2975 3983 omnes
3015 3928 3295 3982 suffocant.
3341 3926 3432 3981 llla

1848 4029 2039 4095 quippe
2067 4024 2245 4095 pluvia
2275 4022 2485 4079 etiamsi
2513 4032 2737 4076 mortem
2765 4034 3047 4089 corporum
3070 4017 3309 4085 inferret,
3342 4034 3432 4072 ne.

1848 4116 2064 4186 quitiam
2110 4125 2284 4171 tamen
2327 4115 2518 4168 anima:
2560 4111 2873 4167 auferebat:
2904 4110 3017 4165 htec
3062 4119 3270 4172 contra,
3318 4126 3433 4162 tua-

1850 4220 2010 4265 nente
2048 4224 2273 4279 corpore
2315 4208 2546 4263 animam
2594 4205 2867 4261 interimit.
2901 4204 3009 4259 Vos
3045 4215 3190 4259 certe
3218 4219 3338 4256 cum
3370 4204 3433 4258 de

1857 4304 2026 4370 primo
2073 4315 2325 4356 consessu
2370 4299 2565 4370 agitur,
2597 4311 2693 4352 vos
2723 4305 2891 4350 totum
2919 4294 3103 4350 orbem
3134 4294 3432 4363 prtecedere

1848 4392 2186 4458 contenditis,
2219 4390 2470 4459 quoniam
2501 4389 2688 4444 civitas
2714 4397 2890 4443 vestra
2918 4386 3086 4456 prima
3107 4383 3429 4440 Christiano-

1850 4502 1963 4539 rtun
1992 4500 2183 4540 nomen
2220 4481 2549 4555 adhibuit(a)
2572 4482 2705 4550 (Act.
2740 4482 2823 4535 ll.
2850 4478 2979 4548 26);
3010 4494 3132 4533 cum
3158 4488 3332 4532 autem
3368 4475 3435 4531 de

1849 4578 2091 4632 castitate
2118 4579 2309 4647 agitur,
2364 4590 2430 4629 ne
2471 4574 2538 4627 ah
2578 4571 2956 4644 agrestioribus
2993 4570 3205 4640 quidem
3250 4566 3429 4624 civita-

1852 4672 1989 4725 tibus
2017 4669 2256 4740 supcrari
2287 4668 2617 4723 erubescitis.
2649 4666 2806 4721 Certe
2834 4663 3042 4733 inquies
3075 4681 3087 4715 :
3118 4661 3243 4731 quid
3280 4661 3437 4729 igitur

1850 4780 1944 4817 nos
1970 4762 2124 4833 juhes
2148 4760 2362 4816 facere?
2389 4775 2454 4813 an
2484 4767 2694 4813 montes
2722 4756 3035 4818 ascendere,
3069 4764 3124 4808 et
3149 4751 3436 4807 monachos

1848 4855 2004 4910 esse?
2031 4854 2233 4908 Idcirco
2257 4854 2487 4922 ingemo,
2516 4850 2657 4921 quod
2686 4849 2788 4903 illis
2815 4856 3017 4901 tantum
3044 4845 3355 4901 modestiam
3380 4855 3437 4901 et

1848 4948 2143 5002 castitatem
2181 4953 2489 5016 competere
2526 4942 2742 5013 putetis,
2773 4940 2896 4995 licet
2920 4938 3164 4993 Christus
3188 4951 3431 4989 commu-

1849 5055 1943 5094 nes
1970 5039 2113 5107 lcges
2143 5038 2398 5109 posuerit.
2428 5035 2559 5090 Nam
2585 5050 2705 5088 cum
2737 5032 2885 5096 dicit,
2920 5031 2979 5084 Si
3007 5029 3119 5100 quis
3162 5029 3433 5097 respexerit

1849 5134 2106 5188 mulierem
2148 5131 2215 5183 ad
2258 5125 2707 5198 catwupiscendum
2732 5139 2842 5177 eam
2871 5121 2890 5193 (
2919 5120 3101 5174 Matth.
3130 5121 3183 5175 5.
3215 5119 3285 5174 28
3306 5120 3347 5189 ),
3374 5117 3433 5173 itl

1849 5242 1953 5280 non
1996 5223 2256 5278 monacho
2284 5221 2431 5282 dicit,
2480 5217 2574 5273 sed
2614 5215 2940 5285 conjugato:
2987 5228 3108 5267 nam
3148 5228 3302 5267 tnons
3346 5210 3430 5265 ille.

1851 5328 1973 5373 tunc
2031 5313 2332 5385 hujusmodi
2381 5310 2512 5364 viris
2560 5306 2795 5379 repletus
2843 5315 2979 5361 erat.
3030 5303 3214 5372 Cogita
3256 5303 3430 5372 itaque

1842 5597 2274 5721 ειᾏᾶιὲἶὲιιὲιὶερ
2292 5602 2493 5664 primum
2528 5616 2575 5654 ιιι
2609 5602 2849 5655 Christum
2872 5608 3139 5663 credentes
3164 5610 3420 5667 Christiani
