3856 6180
360 304 438 358 .31
1097 284 1149 340 S.
1184 282 1470 341 JOANNIS
1505 283 1995 341 CHRYSOSTOMI
2029 280 2354 339 ABCHIEP.
2397 269 2946 338 CONSTANTINOP.
3545 280 3619 337 8?.

385 419 658 472 theatrum
694 416 854 483 illud,
880 426 936 472 et
960 416 1066 472 hoc
1089 418 1424 474 diabolicum
1463 416 1740 471 theatrum
1781 424 1941 466 aver-

384 536 529 583 sare,
557 535 621 576 ac
647 521 760 575 noli
804 524 960 592 quasi
995 539 1294 579 onerosum
1336 525 1561 593 culpare
1609 533 1941 576 sermonem.

389 624 575 696 Neque
622 626 771 681 enim
818 628 1092 697 prohibeo
1144 627 1400 698 nuptias,
1450 641 1556 681 nec
1607 624 1946 693 voluptatem

389 747 614 799 prorsus
643 732 949 799 interdico;
1001 734 1095 789 sed
1121 749 1245 789 cum
1282 732 1534 789 castitate
1569 732 1623 787 id
1667 730 1787 786 ﬁeri
1820 745 1948 799 per-

391 852 538 912 opto,
572 857 682 897 non
712 857 836 897 cum
866 843 1094 913 probro,
1114 842 1274 915 culpa
1302 850 1359 898 et
1382 842 1655 898 sexcentis
1684 838 1947 895 reatibus.

394 947 509 1003 Non
540 950 800 1019 praecipio
825 960 1041 1005 montes
1068 960 1126 1007 et
1158 950 1490 1006 solitudines
1521 949 1675 1004 adire
1696 988 1710 1013 ,
1733 946 1827 1002 sed
1857 945 1955 1000 be-

396 1054 619 1126 nignum
648 1071 792 1123 esse,
822 1058 1134 1114 modestum
1162 1068 1218 1117 et
1240 1068 1455 1115 castum
1479 1072 1632 1123 eum,
1656 1054 1751 1126 qui
1773 1054 1955 1109 media

397 1176 449 1215 in
500 1163 638 1218 urbe
674 1163 908 1219 habitat.
949 1163 1154 1219 Omnes
1199 1163 1404 1234 quippe
1441 1163 1593 1234 leges
1638 1175 1957 1216 communes

400 1276 526 1322 sunt
550 1269 712 1325 nobis
738 1286 863 1326 cum
903 1271 1208 1338 monachis,
1254 1285 1367 1326 uno
1407 1278 1637 1339 excepto
1660 1267 1915 1339 conjugio
1941 1283 1957 1331 ;

402 1388 513 1428 imo
546 1374 713 1429 etiam
758 1375 864 1430 hac
895 1375 951 1430 in
984 1391 1044 1431 re
1089 1377 1412 1447 conjugatos
1445 1375 1555 1430 illis
1584 1373 1795 1430 similes
1838 1386 1960 1427 esse

356 1496 359 1499 ·
403 1478 780 1545 iubetl’aulus
819 1499 831 1535 :
875 1480 1124 1537 Praeterit
1158 1482 1300 1537 enim
1320 1480 1498 1552 ﬁgura
1548 1482 1707 1550 hujus
1754 1479 1960 1543 mundi,

404 1591 458 1637 ut
514 1593 565 1638 et
620 1586 710 1656 qui
759 1587 956 1643 habent
1010 1604 1199 1642 uxores
1252 1597 1510 1659 tanquam
1569 1603 1673 1641 non
1716 1587 1964 1641 habentes

407 1692 512 1746 sint
541 1694 559 1763 (
592 1693 618 1747 1
655 1692 775 1751 Cor.
824 1695 878 1750 7.
910 1695 1025 1768 29).
1058 1695 1250 1767 Itaque
1283 1736 1297 1762 ,
1331 1696 1429 1762 ait,
1483 1709 1593 1750 non
1644 1693 1816 1766 jubeo
1870 1705 1971 1745 vos

407 1797 675 1852 montium
708 1800 993 1855 cacumina
1025 1815 1301 1872 occupare
1336 1821 1349 1858 :
1380 1801 1435 1856 id
1482 1801 1683 1855 vellem
1720 1797 1967 1869 quidem,

412 1901 546 1971 quia
579 1903 747 1960 urbes
797 1905 1205 1963 Sodomitarum
1237 1907 1470 1963 crimina
1514 1906 1836 1971 imitantur;
1890 1912 1977 1957 at-

413 2014 595 2063 tamen
622 2011 690 2065 ad
724 2011 777 2066 id
812 2028 925 2069 non
960 2030 1116 2087 cogo.
1144 2016 1413 2071 Permane
1455 2014 1509 2069 in
1537 2012 1703 2068 domo
1728 2021 1820 2068 tua
1851 2026 1976 2066 cum

413 2113 601 2170 liberis
630 2124 688 2171 et
716 2132 916 2185 uxore;
956 2120 1055 2175 sed
1108 2135 1179 2176 ne
1225 2120 1557 2176 contumelia
1587 2133 1816 2174 uxorem
1860 2116 1981 2172 afﬁ—

415 2219 563 2286 cias,
612 2237 792 2293 neque
830 2223 975 2281 tllios
1014 2226 1308 2291 traducas,
1354 2241 1537 2297 neque
1588 2226 1793 2282 theatri
1831 2225 1979 2281 luem

416 2323 639 2381 domum
670 2328 929 2386 inducas.
984 2331 1105 2387 Non
1171 2332 1334 2388 audis
1386 2333 1619 2389 Paulum
1652 2331 1928 2387 dicentem
1960 2368 1978 2397 ,

422 2430 509 2487 Vir
542 2435 627 2489 sui
666 2439 902 2508 corporis
948 2446 1260 2509 potestatem
1304 2455 1409 2494 non
1460 2440 1634 2507 habet,
1666 2438 1767 2493 sed'
1789 2436 1983 2492 mulier

419 2540 439 2611 (
469 2541 521 2596 1.
552 2539 676 2599 Cor.
714 2546 770 2599 7.
793 2544 873 2616 4),
911 2559 976 2599 ac
1008 2560 1331 2603 communes
1373 2547 1597 2618 utrique
1638 2546 1788 2618 leges
1814 2545 1982 2602 indu-

421 2648 683 2703 sentem?
729 2648 813 2704 Tu
859 2667 1014 2719 vero,
1058 2652 1103 2708 si
1138 2653 1429 2709 ecclesiam
1463 2668 1604 2709 uxor
1644 2652 1981 2724 frequentet,

421 2754 598 2825 gravis
635 2764 927 2813 accusator
953 2773 1047 2823 es;
1093 2765 1151 2814 tu
1185 2759 1231 2814 si
1268 2759 1322 2814 in
1357 2759 1592 2816 theatris
1619 2759 1741 2815 dies
1774 2759 1982 2830 exigas,

424 2874 533 2915 non
564 2869 619 2915 te
657 2862 994 2934 culpandum
1027 2863 1221 2955 putas?
1255 2864 1363 2922 Sed
1404 2867 1472 2923 de
1509 2867 1700 2922 uxoris
1732 2866 1986 2922 castitate

425 2965 713 3033 sollicitus,
754 2968 857 3025 hac
887 2969 941 3024 in
980 2985 1040 3026 re
1078 2969 1412 3041 superﬂuam
1456 2971 1988 3043 immoderatamque

428 3086 613 3126 curam
647 3072 900 3141 adhibes,
938 3075 1015 3131 ita
1047 3085 1108 3133 ut
1135 3091 1205 3133 ne
1235 3076 1460 3138 quidem
1501 3077 1847 3134 necessarios
1873 3077 1991 3133 exi-

2048 413 2138 460 tus
2164 405 2216 461 ei
2248 400 2539 476 permittas
2571 421 2586 458 :
2620 403 2721 458 tibi
2752 416 2887 458 vero
2921 398 3107 455 omnia
3133 397 3302 453 licere
3329 403 3512 467 putas.
3539 396 3620 453 At

2050 511 2153 567 tibi
2203 513 2310 567 hoc
2356 525 2469 566 non
2513 509 2787 580 permittit
2829 506 3055 568 Paulus,
3099 504 3193 573 qui
3239 501 3488 558 eamdem
3521 502 3623 557 dat

2052 618 2210 672 uxori
2257 624 2586 686 potestatem
2642 613 2732 668 his
2781 611 2968 666 verbis
3015 625 3029 662 :
3066 608 3226 663 υτον-ἱ
3264 608 3346 660 uir
3388 604 3625 659 debitum

2054 725 2304 777 honorem
2340 722 2527 775 reddat
2562 720 2636 791 (l.
2672 718 2794 775 Cor.
2825 718 2879 771 7.
2908 714 2986 784 5).
3036 712 3244 782 Ecquis
3286 711 3378 765 ille
3418 709 3629 772 honor,

2057 830 2188 885 dum
2213 829 2362 882 illam
2395 827 2450 882 in
2483 841 2543 880 re
2572 825 2850 897 praecipua
2878 821 3233 884 dehonestas,
3255 817 3388 871 dum
3418 827 3633 885 corpus

2058 937 2179 1007 ejus
2209 933 2601 989 meretricibus
2625 929 2838 986 tradis?
2868 928 3016 1000 (nam
3050 940 3250 995 corpus
3273 933 3429 978 tuum
3449 920 3634 993 ipsius

2060 1040 2222 1114 est;)
2256 1040 2387 1096 dum
2424 1040 2620 1095 turbas
2655 1036 2864 1093 etlites
2907 1035 3133 1089 domum
3182 1028 3437 1085 inducis?
3489 1025 3634 1081 dum

2063 1150 2192 1203 talia
2221 1147 2338 1218 agis
2365 1147 2423 1200 in
2453 1147 2597 1208 foro,
2623 1159 2745 1214 quas
2771 1157 2897 1197 cum
2943 1138 3094 1194 domi
3135 1150 3347 1198 narras,
3393 1132 3461 1187 ad
3491 1145 3636 1187 eru-

2063 1254 2403 1310 bescendum
2456 1251 2607 1321 cogis
2635 1262 2862 1303 uxorem
2912 1243 3230 1299 audientem
3262 1280 3277 1305 ,
3319 1246 3377 1293 et
3418 1235 3639 1307 pudore

2067 1359 2343 1417 suffundis
2384 1357 2552 1413 ﬁliam
2582 1362 2913 1427 praesentem
2944 1392 2959 1417 ,
3014 1359 3178 1419 atque
3229 1355 3356 1401 ante
3394 1345 3512 1398 illas
3552 1352 3645 1397 te-

2069 1468 2285 1541 ipsum?
2321 1467 2554 1521 Necesse
2574 1462 2721 1518 enim
2742 1470 2828 1515 est
2857 1467 2953 1513 aut
2985 1466 3187 1520 tacere,
3218 1462 3314 1507 aut
3338 1453 3443 1506 hoc
3469 1447 3645 1504 modo

2070 1571 2449 1635 dehonestari,
2483 1586 2584 1642 pro
2600 1569 2803 1639 quibus
2833 1565 3004 1621 rebus
3032 1564 3120 1618 vel
3149 1560 3481 1616 domesticos
3504 1570 3647 1609 ver-

2074 1685 2304 1742 beribus
2326 1682 2506 1751 excipi
2542 1694 2643 1751 par
2687 1686 2794 1733 est.
2834 1674 3008 1742 Quam
3048 1671 3248 1742 igitur,
3299 1679 3505 1735 quaaso,
3538 1677 3649 1717 ex-

2075 1789 2421 1845 cusationem
2446 1783 2699 1848 habebis,
2747 1781 2878 1836 dum
2908 1792 2973 1834 ea
3009 1783 3162 1831 tanto
3209 1770 3395 1827 studio
3423 1766 3653 1837 conspi-

2075 1897 2175 1962 cis,
2207 1910 2331 1966 quat
2354 1908 2425 1948 ne
2447 1905 2675 1946 narrare
2706 1885 2933 1958 quidem
2962 1883 3045 1938 fas
3076 1880 3207 1936 est?
3253 1877 3385 1944 Quae
3425 1890 3495 1929 ne
3526 1887 3656 1927 me-

2075 2015 2294 2057 morare
2328 1997 2550 2069 quidem
2582 1995 2734 2057 licet,
2753 2008 2820 2049 ea
2851 1989 3109 2045 omnibus
3134 1981 3467 2053 anteponis?
3493 1979 3656 2034 Inte-

2076 2109 2183 2164 rim
2216 2107 2386 2178 igitur
2416 2145 2431 2170 ,
2470 2118 2543 2158 ne
2581 2101 2684 2157 sim
2716 2096 3027 2159 onerosior,
3070 2093 3162 2147 hic
3188 2092 3353 2145 linem
3383 2084 3658 2156 loquendi

2076 2216 2297 2272 faciam.
2328 2210 2385 2267 Si
2414 2216 2599 2265 autem
2626 2205 2823 2261 iisdem
2856 2194 3190 2272 persistatis,
3226 2192 3474 2248 acutiore
3499 2188 3665 2243 ferro

2077 2320 2410 2397 profundius
2441 2317 2644 2371 vulnus
2664 2310 2906 2381 inﬂigam
2936 2323 2952 2360 :
2979 2318 3160 2374 neque
3194 2296 3447 2362 cessabo,
3471 2295 3662 2350 donec

2079 2427 2346 2498 dissipato
2398 2423 2493 2479 illo
2523 2417 2797 2476 diabolico
2845 2414 3064 2467 theatro
3088 2450 3106 2475 ,
3162 2418 3363 2478 purum
3391 2398 3665 2458 Ecclesia

2080 2544 2283 2593 emtum
2313 2531 2576 2587 eli‘ecero.
2622 2526 2704 2580 Ita
2749 2520 2901 2579 enim
2939 2534 2971 2574 a
3006 2512 3265 2588 praesenti
3309 2504 3667 2580 turpitudine

2080 2640 2467 2703 liberabimur,
2499 2643 2557 2692 et
2584 2633 2827 2689 futuram
2866 2633 3272 2694 consequemur
3308 2616 3500 2677 vitam,
3524 2626 3669 2681 ενα-ο

2083 2753 2161 2808 tia
2221 2757 2279 2805 et
2338 2740 2722 2819 misericordia
2801 2731 3020 2791 Domini
3061 2725 3237 2784 nostri
3298 2722 3427 2778 Iesu
3489 2716 3672 2772 Chri-

2085 2857 2177 2923 sti,
2218 2854 2307 2910 cui
2334 2850 2509 2926 gloria
2548 2856 2605 2905 ct
2643 2841 2935 2916 imperium
2986 2837 3043 2893 in
3081 2830 3278 2890 saecula
3307 2825 3668 2883 srculorum.

2090 2964 2288 3020 Amen.

1789 4600 2136 4664 HOMILIA
2188 4595 2352 4657 Vlll.

452 4889 579 4945 CAP.
610 4887 676 4943 ll.
714 4900 768 4938 v.
797 4884 886 4939 ll.
936 4880 1007 4937 Et
1048 4880 1310 4933 intrantes
1339 4874 1578 4937 domum,
1614 4868 1856 4925 uiderunt
1893 4879 2023 4935 pueo

527 5012 643 5049 rum
673 5010 791 5047 cum
812 4988 989 5046 Maria
1024 4994 1195 5042 matre
1217 4984 1362 5054 ejus;
1388 4988 1437 5035 et
1462 4977 1789 5051 procidentes
1826 4973 2026 5026 adora-

531 5110 721 5157 uerunt
771 5114 938 5153 eum:
994 5104 1042 5148 et
1086 5091 1285 5164 apertis
1328 5087 1589 5143 thesauris
1630 5078 1932 5137 obtulerunt
1981 5077 2030 5131 ei
2131 5063 2403 5140 prtesepio
2452 5060 2668 5133 positus
2720 5064 2867 5112 esset
2927 5051 3076 5124 (Luc.

533 5223 780 5270 munera,
820 5220 1037 5267 aurum,
1077 5201 1195 5273 thus
1229 5205 1280 5252 et
1304 5196 1581 5268 myrrham
1617 5191 1696 5263 (a)

534 5331 578 5385 1.
616 5329 785 5400 Magis
814 5326 942 5396 quid
989 5323 1178 5388 suasit,
1212 5328 1272 5375 ut
1304 5317 1571 5374 Christum
1613 5314 1927 5376 adorarent,
1974 5308 2031 5361 in

534 5509 605 5573 (a)
627 5505 923 5573 Longiores:
957 5500 1038 5549 hic
1061 5496 1267 5573 titululmi
1286 5494 1438 5573 habet
1470 5484 2035 5573 gorel.__quamh§aflla

470 5544 1439 5629 et‘i’ea‘é"°¢iiiia;m"i'dia'sednon
1478 5544 1776 5617 repetuntur
1817 5548 1941 5598 infra
1984 5544 2037 5595 in

470 5633 623 5683 serie.

2133 4861 2286 4910 tanta
2330 4850 2510 4921 inopia
2565 4851 2775 4901 natum.
2830 4840 2941 4911 Ipsi
2992 4837 3252 4893 Christum
3284 4840 3343 4887 ut
3392 4828 3560 4884 Deum
3608 4826 3727 4883 ιω-

2132 4963 2475 5016 buerunt.-—
2514 4949 2803 5020 Quomodo
2854 4960 2985 5017 ergo
3042 4943 3122 4997 ait
3174 4938 3391 5003 Lucas,
3446 4932 3595 5005 quod
3651 4930 3724 4987 in

3128 5049 3182 5103 ε.
3228 5045 3352 5116 7.)?
3395 5041 3535 5109 Quia
3597 5049 3731 5095 sta-

2137 5176 2233 5231 tim
2274 5180 2438 5241 atque
2473 5172 2767 5238 pepererat
2794 5175 2921 5216 eum
2973 5156 3046 5213 ibi
3073 5150 3379 5210 reclinavit.
3413 5144 3731 5203 Conﬂuen-

2137 5282 2289 5338 tihus
2345 5275 2494 5331 enim
2544 5271 2614 5327 ad
2681 5280 2907 5324 censum
2970 5260 3212 5325 ludatis,
3290 5253 3445 5311 nulla
3491 5258 3733 5322 poterat

2142 5380 2377 5455 reperiri
2436 5378 2635 5433 domus
2662 5390 2678 5428 :
2722 5369 2871 5443 quod
2890 5366 3056 5425 etiam
3082 5363 3262 5420 Lucas
3289 5354 3563 5429 signiﬁcat
3584 5369 3735 5412 cum

2145 5489 2245 5552 ait,
2289 5484 2429 5551 Quia
2467 5498 2573 5537 non
2624 5487 2742 5533 erat
2788 5476 2959 5538 locus,
3000 5466 3278 5524 reclinauit
3318 5461 3491 5517 illum.
3533 5457 3704 5527 (Ibid.

2148 5593 2345 5647 Postea
2391 5602 2526 5642 vero
2582 5581 2810 5639 sustulit
2850 5585 2908 5633 et
2962 5587 3127 5643 supra
3174 5581 3352 5642 genua
3406 5560 3715 5620 collocavit
