3872 6344
377 346 448 396 87»
1081 351 1140 407 S.
1178 351 1988 413 .IOANNIS'CHRYSOSTOMI
2027 356 2346 416 ARCHIEP.
2377 358 2921 419 CONSTANTINOP.
3207 385 3212 390 ι
3515 353 3586 416 εἰ

370 457 706 532 προφητείας
750 457 1070 526 ἀκολουθίαν
1115 456 1287 511 ταῦτα
1321 457 1367 488 ⁸⁸
1409 458 1582 512 πάντα
1612 455 1929 528 ἐπληροῦτο.

383 551 545 604 ’Λλλά
574 551 627 603 τί
653 550 714 604 τὸ
737 553 932 604 πεῖσαν
957 550 1151 614 αὐτοὺς
1169 551 1540 621 προσκυνῆσαι
1560 567 1575 616 ;
1599 549 1734 603 Οὔτε
1759 549 1866 621 γάρ
1895 551 1930 621 ἡ

372 643 646 715 Παρθένος
698 643 963 714 ἐπίσημος
1016 639 1105 713 ἦν,
1153 642 1276 696 οὔτε
1321 644 1355 714 ἡ
1413 643 1558 696 οἰκία
1607 643 1932 715 περιφανὴς,

370 735 496 790 οὐτε
517 735 644 790 ἀλλο
674 753 726 788 τι
748 736 856 788 τῶν
882 737 1171 807 ὁρωμένων
1201 735 1381 790 ἰκανὸν
1409 734 1672 805 ἐκπλῆξαι
1698 735 1792 788 καὶ
1825 738 1938 788 ἐπι-

373 829 702 886 σπάσασθαι.
729 830 792 884 Οί
820 828 875 883 δὲ
904 830 965 884 οὐ
998 828 1155 898 μόνον
1198 827 1608 899 προσκυνοῦσιν,
1662 828 1797 882 ἀλλά
1845 830 1939 883 καί⁵

375 920 682 988 ἀνοίξαντες
703 923 828 985 τοὺς
852 921 1154 992 θησαυροὺς
1176 919 1373 983 αὐτῶν,
1399 920 1547 990 δῶρα
1585 919 1938 990 προσάγουσι,

375 1015 471 1066 καὶ
511 1011 678 1082 δῶρα,
721 1012 819 1080 οὐχ
865 1011 940 1074 ὡς
971 1009 1261 1082 ἀνθρώπῳ,
1295 1009 1412 1063 ἀλλ’
1449 1010 1524 1073 ώς
1565 1008 1700 1080 Θεῷ.
1738 1010 1796 1064 '0
1832 1010 1941 1082 γὰρ

376 1101 668 1164 λιϐανωτὸς
695 1098 843 1172 [119]
873 1102 965 1154 καὶ
1005 1102 1038 1172 ἡ
1082 1100 1295 1170 σμύρνα
1327 1099 1515 1153 τούτου
1561 1098 1824 1170 σύμϐολον
1850 1096 1940 1172 ἦν.

379 1193 444 1245 Τί
470 1189 560 1247 οὖν
592 1193 654 1246 τὸ
681 1195 874 1247 πεῖσαν
898 1192 1129 1256 αὐτούς;
1161 1192 1234 1245 Τὸ
1272 1193 1696 1264 παρασκευάσαν
1737 1193 1943 1247 οίκοθεν

380 1286 673 1356 ἀναστῆναι
704 1286 796 1338 καὶ
821 1284 1084 1355 τοσαύτην
1111 1284 1283 1337 ἐλθεῖν
1314 1284 1449 1338 ὁδόνο
1475 1284 1633 1338 τοῦτο
1655 1283 1710 1337 δὲ
1735 1280 1804 1355 ῆν
1833 1285 1860 1337 ὅ
1884 1301 1945 1337 τε

379 1379 576 1448 ἀστὴρ,
624 1378 717 1430 καὶ
761 1379 794 1448 ἡ
842 1377 991 1448 παρά
1032 1377 1125 1430 τοῦ
1158 1376 1293 1430 Θεοῦ
1333 1376 1592 1448 γενομένη
1639 1377 1704 1446 τῇ
1743 1375 1947 1445 διανοίᾳ

388 1471 566 1527 αὐτῶν
603 1468 883 1538 ἔλλαμψις,
931 1469 1069 1521 κατά
1110 1467 1300 1538 μικρὸν
1338 1468 1535 1530 αὐτοὺς
1579 1468 1714 1539 πρὸς
1741 1469 1838 1541 τὴν
1862 1487 1954 1523 τε.

387 1563 662 1632 λειοτέραν
687 1560 951 1630 ὁδηγοῦσα
976 1560 1194 1628 γνῶσιν,
1225 1561 1358 1614 Οὐδὲ
1381 1561 1489 1632 γάρ
1510 1560 1596 1620 ἂν,
1625 1562 1673 1613 εἱ
1699 1561 1773 1631 μὴ
1795 1559 1953 1614 τοῦτο

387 1651 478 1725 ἦν,
516 1652 625 1706 τῶν
656 1650 995 1721 φαινομένων
1015 1651 1245 1706 εὐτελῶν
1273 1652 1438 1705 ὅντων
1467 1652 1737 1719 ἀπάντων,
1768 1651 1956 1705 τοσαύ-

389 1763 489 1813 την
523 1741 861 1808 ἐπεδείξαντο
892 1743 1075 1812 τιμήν.
1116 1743 1214 1796 Διά
1258 1741 1414 1795 τοῦτο
1445 1745 1594 1798 οὐδὲν
1621 1742 1729 1796 τῶν
1761 1742 1952 1814 αἰσθη-

390 1838 497 1888 τῶν
529 1835 668 1906 μέγα
701 1836 834 1899 ἐκεῖ,
870 1834 1003 1888 ἀλλά
1039 1834 1233 1904 φάτνη,
1263 1836 1356 1887 καὶ
1388 1835 1614 1906 καλύϐη,
1644 1836 1738 1888 καὶ
1773 1835 1954 1906 μήτηρ

394 1927 600 1998 πτωχή·
631 1926 719 1980 ἵνα
743 1925 954 1996 γυμνὴν
989 1923 1096 1981 τῶν
1131 1924 1320 1994 μάγων
1347 1925 1460 2000 ίδῃς
1494 1926 1592 1996 τὴν
1617 1925 1952 1994 φιλοσοφίαν,

392 2019 484 2071 καὶ
513 2017 689 2088 μάθῃς
726 2017 806 2068 ὅτι
844 2016 941 2085 οὐχ
981 2015 1056 2078 ὡς
1095 2015 1365 2086 ἀνθρώπῳ
1397 2015 1555 2085 ψιλῷ,
1587 2016 1701 2069 ἀλλ’
1731 2016 1806 2079 ὡς
1836 2014 1956 2086 Θεῷ

394 2107 702 2178 προσῄεσαν
739 2107 831 2159 καὶ
859 2107 1140 2180 εὐεργέτῃ.
1172 2106 1372 2176 Διόπερ
1402 2106 1575 2160 οὐδενὶ
1613 2105 1720 2160 τῶν
1747 2105 1956 2177 ὁρωμέ-

395 2215 498 2250 νων
541 2195 736 2260 ἐξωθεν
777 2194 1233 2261 ἐσκανδαλίζοντο,
1279 2195 1412 2252 ἀλλά
1455 2198 1547 2250 καὶ
1594 2196 1957 2266 προσεκύνουν

393 2290 487 2342 καὶ
519 2287 664 2358 δῶρα
701 2286 996 2359 προσῆγον,
1022 2287 1122 2356 τῆς
1154 2287 1251 2356 μὲν
1283 2287 1577 2356 Ἰουδαϊκῆς
1604 2285 1958 2356 ἀπηλλαγμέ-

392 2401 462 2436 να
506 2383 827 2452 παχύτητος⁹
864 2380 982 2434 οὐδέ
1020 2382 1128 2453 γάρ
1159 2381 1404 2452 πρόϐατα
1437 2382 1529 2435 καὶ
1570 2380 1801 2451 μόσχους
1840 2379 1960 2432 ἐθυ-

396 2491 513 2528 σανο
551 2478 650 2544 τῆς
680 2474 736 2528 δὲ
763 2473 1218 2544 ἐκκλησιαστικῆς
1251 2474 1414 2542 ἐγγύς
1451 2473 1582 2527 ὄντα
1625 2471 1955 2542 φιλοσοφίας·

395 2566 687 2634 ἐπίγνωσιν
710 2566 820 2637 γὰρ
847 2566 942 2619 καὶ
968 2565 1214 2636 ὑπακοὴν
1243 2566 1335 2620 καὶ
1367 2566 1586 2636 ἀγάπην
1613 2562 1761 2634 αὐτῷ
1794 2579 1959 2634 προσ⁸

392 2661 544 2732 ἦγον.
576 2657 1084 2727 Χρηματισθέντες
1127 2656 1196 2710 δὲ
1235 2658 1358 2710 κατ’
1389 2656 1552 2724 ὄναρ,
1581 2655 1666 2726 μὴ
1699 2653 1961 2723 ἁιιακάμο

392 2755 504 2819 gms
541 2751 689 2819 πρὸς
730 2749 1006 2818 Ἡρώδην,
1047 2749 1121 2802 δι’
1160 2747 1354 2815 ἄλλης
1391 2748 1533 2802 ὀδοῦ
1571 2747 1963 2816 ἀνεχώρησαν

392 2845 480 2908 εις
520 2841 635 2909 τὴν
665 2840 862 2910 χώραν
909 2839 1126 2894 αὐτῶν.
1171 2839 1279 2892 Θέα
1322 2838 1610 2893 κάντεῦθεν
1643 2839 1741 2910 τὴν
1784 2839 1964 2891 πίστιν

393 2935 594 2995 αὐτῶν,
635 2935 752 2996 πῶς
789 2934 888 2986 οὐκ
921 2930 1435 3001 ἐσκανδαλίσθησαν,
1461 2931 1574 2983 ἀλλ’
1598 2931 1733 2983 εἰσὶν
1760 2930 1963 2998 εὐήνιοι

394 3028 489 3080 καὶ
529 3025 889 3096 εὐγνώμονες,
925 3024 1019 3078 καὶ
1061 3025 1122 3077 οὐ
1157 3021 1538 3094 θορυϐοῦνται,
1577 3021 1697 3074 οὐδὲ
1734 3022 1965 3089 διαλογί-

395 3118 577 3182 ζονται
627 3117 764 3188 πρὸς
800 3117 1023 3179 ἑαυτοὺς
1045 3115 1312 3183 λέγοντεςο
1357 3114 1465 3167 Καὶ
1500 3113 1605 3184 μὴν
1646 3115 1695 3166 εί
1731 3113 1871 3184 μέγα
1905 3113 1965 3166 τὸ

397 3209 606 3262 παιδίον
639 3209 754 3260 ἐστὶ
785 3205 962 3272 τοῦτο,
991 3207 1084 3259 καὶ
1109 3206 1218 3277 ἔχει
1245 3205 1364 3259 τινὰ
1392 3206 1562 3275 ἰσχὺν,
1583 3203 1665 3267 τίς
1687 3204 1838 3275 χρεία
1868 3221 1964 3272 φυ-

393 3301 500 3370 γῆς
545 3302 638 3353 καὶ
668 3299 930 3370 λαθραίας
965 3301 1391 3370 ἀναχωρήσεωςς
1423 3297 1515 3350 καὶ
1540 3296 1592 3349 τί
1627 3297 1825 3365 δήποτε
1861 3313 1962 3364 φα-

393 3395 568 3466 νερῶς
607 3393 858 3456 ἐλθόντας
893 3394 1041 3462 ἡμᾶς
1070 3393 1162 3444 καὶ
1197 3389 1333 3460 μετὰ
1359 3386 1689 3461 παρρησίας,
1711 3389 1803 3441 καὶ
1830 3388 1965 3458 πρὸς

393 3489 565 3559 δῆμον
600 3485 854 3539 τοσοῦτον
893 3485 986 3538 καὶ
1027 3485 1162 3554 πρὸς
1194 3483 1453 3554 βασιλέως
1492 3481 1684 3552 μανίαν
1711 3481 1962 3544 στάντας,

392 3579 469 3644 ὡς
517 3579 790 3650 δραπέτας
815 3580 906 3632 καὶ
959 3577 1200 3647 φυγάδας
1231 3575 1505 3644 ἐκπέμπει
1541 3576 1569 3628 ὁ
1601 3573 1829 3642 ἀγγελος
1867 3573 1965 3642 τῆς

393 3671 630 3735 πόλεως;
667 3671 806 3724 Ἀλλ’
825 3669 976 3724 οὐδὲν
997 3668 1198 3722 τούτων
1238 3665 1360 3720 οὔτε
1397 3661 1569 3728 εἷπον,
1599 3664 1721 3718 οὔτε
1750 3665 1963 3733 ἐνενόη-

396 3781 515 3818 σαν.
539 3763 708 3815 Τοῦτο
740 3761 848 3833 γὰρ
879 3761 1109 3831 μάλιστα
1151 3761 1406 3823 πίστεως,
1443 3759 1505 3812 τὸ
1543 3758 1616 3829 μὴ
1663 3759 1842 3828 ζητεῖν
1877 3757 1965 3809 εὐ-

396 3853 562 3916 θύνας
598 3853 708 3905 τῶν
754 3852 1237 3924 προστεταγμένων
1264 3853 1332 3914 ⁶²,
1371 3849 1506 3904 ἀλλά
1545 3849 1823 3902 πείθεσθαι
1853 3851 1966 3912 τοῖς

394 3941 837 4014 ἐπιταττομένοις
870 3944 1048 4012 μόνον.
1093 3939 1632 4010 Ἀναχωρησάντων
1651 3939 1718 3992 δὲ
1747 3937 1959 3998 αὐτῶν,

397 4032 528 4085 ἰδοὺ
582 4034 833 4104 ἅγγελος
877 4037 1096 4102 Κυρίου
1135 4036 1404 4103 φαίνεται
1455 4031 1534 4096 τῷ
1582 4031 1793 4101 Ἰωσὴφ
1834 4033 1958 4085 κατ’

396 4125 570 4192 ὄναρ,
600 4128 808 4196 λέγων·
857 4127 1137 4195 Ἐγερθεὶς
1167 4124 1470 4195 παράλαϐε
1497 4123 1564 4176 τὸ
1593 4122 1830 4177 παιδίον
1862 4122 1960 4178 καί

394 4215 510 4281 τὴν
550 4219 774 4285 μητέρα
823 4220 1040 4283 αὑτοῦ,
1094 4218 1192 4272 καί
1247 4217 1428 4286 φεῦγε
1492 4219 1580 4282 εἰς
1637 4216 1955 4284 Αιγυπτον.

402 4307 584 4372 Ἀξιον
614 4308 761 4381 [1:20]
791 4311 1022 4364 ἐνταῦθα
1055 4309 1376 4380 διαπορῆσαι
1417 4309 1511 4361 καὶ
1540 4308 1679 4378 ὑπὲρ
1719 4305 1824 4359 τῶν
1857 4304 1960 4374 μά·-

397 4415 530 4466 γων,
573 4401 665 4452 καὶ
705 4402 842 4472 ὑπὲρ
882 4402 976 4455 τοῦ
1018 4403 1247 4456 παιδίου.
1295 4401 1354 4454 ΕΞ
1391 4399 1500 4471 γάρ
1532 4398 1625 4450 καὶ
1657 4398 1852 4450 ἐκείνοι
1885 4394 1960 4466 μὴ

395 4489 820 4561 ἐθορυϐήθησαν,
849 4493 985 4550 ἀλλά
1019 4493 1158 4562 μετά
1199 4492 1433 4553 πίστεως
1480 4491 1656 4543 πάντα
1696 4487 1960 4552 ἐδέξαντο,

396 4584 542 4652 ἡμᾶς
591 4581 738 4646 ἀξιον
783 4583 1035 4652 ζητῆσαι,
1087 4584 1226 4637 διατί
1282 4583 1355 4653 μὴ
1393 4584 1655 4650 παρόντες
1702 4579 1962 4643 σώζονται

395 4674 591 4726 ἐκεῖνοι
625 4673 721 4726 καὶ
764 4673 825 4726 τὸ
857 4673 1086 4739 παιδίον,
1123 4674 1236 4727 ἀλλ’
1273 4675 1322 4725 οί
1367 4673 1464 4744 μὲν
1502 4674 1582 4736 εἰς
1609 4671 1865 4747 Περσίδα,
1903 4669 1964 4721 τὸ

395 4763 452 4816 δέ
503 4765 582 4826 εἰς
626 4765 896 4832 Αἴγυπτον
956 4766 1312 4834 φυγαδεύεται
1375 4763 1510 4834 μετά
1566 4763 1661 4834 τῆς
1718 4761 1961 4831 μητρός;

408 4854 565 4908 ’Λλλά
596 4856 686 4922 τί,
736 4856 840 4910 ἔδει
881 4859 1042 4912 αὐτὸν
1092 4860 1352 4928 ἐμπεσεῖν
1393 4861 1470 4922 εἰς
1510 4856 1606 4918 τὰς
1637 4857 1822 4925 χεῖρας
1869 4852 1963 4931 τῼῧ

407 4947 666 5020 Ἡρώδου,
705 4951 798 5003 καὶ
825 4951 1132 5021 ἐμπεσόντα
1185 4951 1261 5023 μὴ
1304 4949 1776 5008 κατακόπτεσθαι;
1825 4943 1964 4997 Ἀλλ’

395 5040 497 5092 οὐκ
529 5041 594 5093 ἂν
618 5041 873 5112 ἐνομίσθη
902 5042 1078 5112 σάρκα
1102 5041 1468 5112 ἀνειληφέναιο
1497 5042 1595 5094 οὐκ
1624 5040 1688 5093 ἂν
1721 5035 1966 5092 ἐπιστεύ-

400 5131 466 5201 θη
497 5133 593 5202 τῆς
625 5133 931 5203 οἰκονομίας
973 5133 1033 5186 τὸ
1068 5132 1316 5202 μέγεθος.
1359 5135 1420 5186 Εἰ
1451 5133 1559 5204 γάρ
1591 5131 1794 5186 τούτων
1819 5147 1965 5200 γινο-

403 5223 575 5291 μένων
601 5225 662 5284 ⁸³,
697 5227 789 5278 καὶ
840 5224 1046 5277 πολλῶν
1089 5224 1438 5296 ἀνθρωπίνως
1481 5221 1961 5296 οἰκονομουμένων,

399 5309 702 5380 ἐτόλμησάν
732 5330 874 5376 τινες
910 5316 1082 5366 εἰπεῖν
1113 5315 1192 5366 ὅτι
1225 5313 1389 5384 μῦθος
1415 5315 1446 5384 ἡ
1473 5317 1572 5385 τῆς
1605 5314 1807 5385 σαρκὸς
1832 5313 1964 5367 ἀνά-

399 5398 582 5469 ληψις,
607 5400 708 5452 ποῦ
737 5403 836 5453 οὐκ
866 5401 931 5453 ἂν
958 5402 1216 5468 ἐξέπεσον
1241 5402 1514 5466 ἀσεϐείας,
1543 5406 1590 5456 εἰ
1632 5405 1804 5478 πάντα
1845 5403 1964 5456 θεο-

399 5489 624 5562 πρεπῶς
662 5491 757 5543 καὶ
795 5491 936 5544 κατά
961 5491 1059 5562 τὴν
1081 5492 1246 5546 αὐτοῦ
1272 5493 1498 5564 δύναμιν
1525 5493 1757 5564 ἔπραττε
1783 5510 1798 5558 ;
1828 5494 1966 5556 Τοὺς

399 5582 454 5636 δὲ
495 5584 702 5654 μάγους
741 5583 1014 5654 ἐκπέμπει
1058 5585 1286 5656 ταχέως,
1323 5584 1455 5657 ὁμοῦ
1491 5586 1589 5658 μὲν
1620 5586 1967 5648 διδασκάλους

464 5787 506 5818 ⁸³
541 5785 714 5837 ταῦτα
739 5798 849 5836 om.
886 5783 947 5836 Α.
981 5781 1042 5836 Β.
1076 5782 1180 5837 Αηο

1290 5785 1334 5856 δῖ’
1366 5784 1801 5853 προσταγμάτων
1826 5789 1897 5856 γΑ.
1929 5785 1988 5838 Β.
2031 5785 2514 5856 προσταττομένων
2539 5784 2599 5838 F.
2703 5787 2749 5816 ”

2034 468 2376 524 ἀποστέλλων
2406 469 2471 538 τῇ
2501 466 2726 536 Περσῶν
2750 470 2923 535 χώρᾳ,
2947 459 3081 532 ὁμοῦ
3110 459 3165 517 δὲ
3195 457 3476 515 ἐκκόπτων
3500 451 3600 513 τοῦ

2035 563 2295 634 τυράννου
2337 559 2433 631 τὴν
2478 558 2692 629 μανίαν,
2726 557 2813 609 ἴνα
2854 555 2997 626 μάθῃ
3035 554 3116 606 ὃτι
3155 550 3436 622 ἀνηνύτοις
3473 548 3601 602 ἐπιο

2036 653 2208 724 χειρεί
2257 651 2564 721 πράγμασι,
2614 646 2709 701 καὶ
2755 644 2846 698 τὸν
2899 642 3070 714 θυμὸν
3125 641 3310 714 σϐέσῃ,
3361 639 3452 693 καὶ
3501 637 3604 706 τῆς

2042 743 2427 816 ματαιοπονίας
2453 740 2642 794 ἑαυτὸν
2679 739 2724 770 ⁸⁸
2759 736 3021 808 ἀπαγάγῃ
3048 733 3268 804 ταύτης.
3295 731 3368 785 Οὐ
3397 729 3506 800 γὰρ
3535 727 3605 799 δὴ

2036 839 2098 892 τὸ
2139 836 2279 909 μετά
2315 831 2624 906 παρρησίας
2647 830 2692 862 ⁸³
2717 825 3090 900 περιγίνεσθαι
3114 823 3226 876 τῶν
3260 820 3467 892 ἐχθρῶν
3503 818 3608 888 μό-

2039 948 2148 992 νον,
2189 927 2323 982 ἀλλά
2356 927 2449 980 καὶ
2489 924 2549 976 τὸ
2579 923 2696 993 μετ’
2726 918 2974 982 εὐκολίας
3012 916 3210 978 αὐτοὺς
3238 913 3472 983 ἀπατᾷν,
3501 910 3610 980 τῆς

2040 1018 2203 1076 αὐτοῦ
2227 1018 2504 1088 δυνάμεως
2520 1014 2689 1081 ἀξιον.
2702 1011 2854 1066 Οῦτω
2872 1009 3000 1078 γοῦν
3021 1007 3254 1069 καὶτοὺς
3277 1001 3609 1072 Αἰγυπτίους

2041 1111 2264 1167 ἐπὶτῶν
2303 1109 2568 1165 Ἰουδαίων
2608 1106 2877 1177 ἠπάτησε,
2916 1102 3010 1156 καὶ
3038 1099 3327 1168 δυνάμενος
3357 1089 3612 1165 φανερῶς

2041 1207 2132 1260 τὸν
2175 1205 2396 1258 ἐκείνων
2441 1200 2666 1255 πλοῦτον
2708 1199 2786 1260 είς
2831 1195 2928 1259 τὰς
2961 1192 3068 1246 τῶν
3125 1189 3389 1260 Ἐϐραίων
3444 1200 3614 1256 μετα-

2049 1298 2243 1367 στῆσαι
2272 1298 2478 1365 γεῖοας,
2505 1291 2680 1362 λάθρα
2702 1289 2796 1342 καὶ
2825 1286 2963 1358 μετά
2986 1284 3198 1356 ἀπάτης
3221 1278 3378 1334 τοῦτο
3397 1275 3613 1332 κελεύει

2049 1389 2218 1442 ποιεῖν
2267 1386 2402 1454 ὅπερ
2422 1381 2520 1434 οὐκ
2547 1379 2763 1431 ἔλαττον
2784 1377 2892 1434 τῶν
2914 1378 3088 1432 ἄλλων
3114 1378 3354 1448 σημείων
3384 1380 3616 1454 φοϐερὸν

2048 1478 2206 1536 αὐτὸν
2241 1474 2390 1546 παρά
2423 1475 2532 1534 τοῖς
2562 1470 2820 1532 ἐναντίοις
2845 1469 3117 1541 ἐποίησεν.

2121 1570 2186 1641 β’.
2207 1569 2270 1622 Οί
2290 1565 2419 1636 γοῦν
2444 1563 2830 1616 ’Δσκαλωνῖται
2851 1562 2943 1616 καὶ
2959 1564 3007 1614 οἰ
3023 1561 3196 1616 λοιποὶ
3219 1562 3433 1627 πάντες,
3451 1563 3622 1634 ἡνίκα

2047 1661 2145 1735 τὴν
2175 1657 2402 1714 κιϐωτὸν
2432 1654 2640 1720 ἔλαϐον,
2673 1653 2765 1707 καὶ
2790 1653 3086 1724 πληγέντες
3118 1655 3304 1709 λοιπὸν
3337 1655 3621 1727 παρῄνουν

2049 1756 2158 1817 τοῖς
2179 1751 2399 1812 οἰκείοις
2433 1749 2505 1820 μὴ
2536 1747 2807 1817 πολεμεῖν,
2841 1745 2974 1817 μηδὲ
2999 1746 3058 1810 ἐξ
3076 1746 3318 1810 ἐναντίας
3343 1747 3618 1812 ⁸ίστασθαι,

2055 1844 2191 1918 μετά
2226 1841 2333 1895 τῶν
2361 1840 2532 1894 ἀλλων
2564 1837 2853 1906 θαυμάτων
2876 1838 2968 1890 καὶ
2993 1836 3150 1890 τοῦτο
3178 1839 3257 1900 είς
3287 1837 3451 1908 μέσον
3479 1833 3623 1909 ἦγον

2050 1935 2448 2004 λέγοντεςοἽνα
2474 1932 2531 1985 τι
2551 1931 2846 1998 βαρύνετε
2867 1927 3017 2000 [121]
3041 1929 3147 1996 τὰς
3164 1929 3405 1997 καρδίας
3425 1928 3620 1999 ὑμῶν,

2053 2025 2245 2094 καθὼς
2283 2022 2570 2092 ὲϐἀρυνεν
2604 2021 2902 2090 Αἴγυπτος
2942 2020 3039 2074 καὶ
3088 2020 3328 2089 Φαραώ;
3357 2025 3470 2090 οὐχ
3517 2021 3626 2079 ὅτε»

2051 2117 2366 2182 ἐνέπαιξεν
2414 2113 2638 2180 αὐτοῖς,
2686 2115 2818 2166 τότε
2868 2111 3255 2177 ἐξαπέστειλε
3311 2113 3416 2168 τὸν
3464 2115 3626 2169 λαὸν

2053 2205 2238 2262 αὑτοῦ
2266 2203 2366 2258 καὶ
2398 2202 2677 2272 ἀπῆλθον
2697 2201 2776 2268 “;
2803 2200 2987 2254 Ταῦτα⁵
3006 2201 3061 2254 δέ
3087 2200 3288 2270 ελεγον,
3311 2202 3418 2256 τῶν
3443 2202 3624 2258 ἀλλων

2056 2298 2296 2370 σημείων
2332 2296 2440 2351 τῶν
2465 2293 2713 2367 φανερῶς
2740 2293 3043 2364 γενομένων
3067 2294 3110 2325 ⁵⁷
3139 2295 3240 2348 οὐκ
3272 2294 3489 2349 ἔλαττον
3525 2298 3627 2352 καὶ.

2053 2390 2208 2450 τοῦτο
2233 2387 2540 2458 νομίζοντες
2571 2381 2731 2446 εἶναι,
2773 2386 2854 2447 είς
2890 2384 2988 2454 τὴν
3025 2387 3124 2456 τῆς
3147 2385 3425 2457 δυνάμεως
3453 2387 3621 2442 αὐτοῦ

2055 2483 2150 2538 καὶ
2179 2481 2276 2551 τῆς
2308 2476 2691 2550 μεγαλωσύνης
2732 2469 3020 2540 ἀπόδειξιν.
3056 2477 3122 2529 Ὃ
3153 2475 3216 2547 δὴ
3258 2477 3349 2530 καὶ
3389 2477 3625 2534 ἐνταῦθα

2054 2575 2297 2646 γέγονεν,
2323 2570 2505 2625 ἱκανὸν
2534 2567 2796 2638 ἐκπλῆξαι
2835 2566 2926 2623 τὸν
2952 2568 3212 2638 τύραννον
3235 2569 3299 2622 ⁸⁸.
3342 2569 3625 2642 Ἐννόησον

2055 2670 2164 2738 γὰρ
2187 2660 2276 2720 οἶα
2300 2663 2526 2734 πάσχειν
2553 2660 2699 2723 εἰκὸς
2718 2655 2784 2730 ἦν
2811 2657 2900 2711 τὸν
2935 2657 3201 2730 Ἡρώδην,
3233 2660 3323 2712 καὶ
3350 2660 3467 2724 πῶς
3486 2660 3628 2715 tim-

2057 2757 2360 2827 πνίγεσθαι,
2404 2753 2749 2824 ἀπατηθέντα
2783 2751 2934 2824 παρὰ
2977 2750 3085 2806 τῶν
3137 2751 3326 2822 μάγων
3359 2753 3453 2805 καὶ
3481 2752 3630 2807 οῦτω

2057 2845 2544 2917 καταγελασθέντα.
2581 2843 2646 2896 Τί
2679 2842 2808 2914 γάρ,
2838 2843 2888 2894 εί
2929 2841 3003 2913 μὴ
3033 2841 3222 2911 γέγονε
3252 2841 3505 2912 βελτίων;
3547 2842 3626 2896 Οὐ

2055 2941 2148 2996 τοῦ
2169 2938 2340 2994 ταῦτα
2365 2935 2814 3006 οίκονομήσαντος
2844 2932 3113 3003 ἔγκλημα,
3137 2933 3271 2988 ἀλλὰ
3296 2933 3391 3004 τῆς
3413 2933 3627 2987 ἐκείνου

2061 3032 2255 3102 μανίας
2317 3032 2350 3101 ὴ
2407 3025 2700 3096 ὑπερϐολὴ,
2757 3023 2892 3095 μηδὲ
2949 3027 3062 3088 τοῖς
3113 3023 3427 3095 δυναμένοις
3463 3025 3630 3079 αὐτὸν

2060 3121 2549 3196 παραμυθήσασθαι
2584 3118 2677 3173 καὶ
2703 3117 3006 3188 ἀποστῆσαι
3042 3116 3138 3187 τῆς
3168 3117 3427 3188 πονηρίας
3454 3116 3634 3172 εἶκον-

2055 3235 2167 3282 τος,
2201 3215 2314 3270 ἀλλ’
2344 3212 2648 3278 ἐπεξιόντος
2674 3208 2997 3281 περαιτέρω,
3023 3208 3108 3261 ἵνα
3131 3207 3225 3264 καὶ
3245 3207 3633 3280 χαλεπωτέραν

2055 3309 2272 3379 δέξηται
2301 3307 2453 3377 δίκην
2484 3305 2581 3374 τῆς
2610 3301 2862 3372 τοιαύτης
2891 3300 2934 3332 ⁸⁸
2959 3300 3162 3365 ἀνοίας.
3198 3301 3306 3356 Καὶ
3337 3301 3481 3364 τίνος
3507 3299 3631 3353 ἐνε-

2057 3400 2152 3452 κέν
2199 3414 2362 3467 φησιν
2387 3436 2402 3460 ,
2440 3396 2484 3448 Ε
2492 3396 2544 3460 ἐς
2587 3393 2889 3462 Αιγυπτον
2918 3389 2985 3444 τὸ
3021 3389 3260 3446 παιδίον
3296 3389 3631 3460 πέμπεται;

2056 3489 2306 3544 Μάλιστα
2330 3486 2426 3558 μὲν
2475 3484 2570 3538 καὶ
2598 3485 2626 3536 ὁ
2647 3481 3032 3552 εὐαγγελιστὴς
3057 3479 3154 3551 τὴν
3183 3479 3359 3535 αἰτίαν
3386 3481 3626 3552 εἴρηκεν·

2060 3581 2180 3640 ’Ὶνα
2195 3575 2476 3649 πληρωθῇ,
2492 3573 2601 3645 γὰρ
2621 3573 2802 3644 φησὶν,
2822 3572 2942 3624 Ὅτι
2961 3571 3030 3636 ἐξ
3046 3571 3346 3642 Αἰγύπτου
3366 3568 3635 3628 ἐκάλεσα

2057 3671 2165 3725 τὸν
2197 3671 2329 3724 υἱόν
2361 3683 2498 3736 μου·
2533 3666 2647 3735 ἀμα
2675 3664 2730 3717 δέ
2757 3664 2850 3717 καὶ
2880 3662 3129 3734 χρηστῶν
3157 3662 3416 3733 προοίμια
3447 3661 3635 3715 λοιπὸν

2059 3761 2287 3818 ἐλπίδων
2331 3761 2397 3830 τῇ
2438 3756 2726 3826 οἰκουμένῃ
2785 3756 3232 3825 προανεφωνείτο.
3279 3752 3492 3824 Ἐπειδὴ
3521 3753 3633 3825 γὰρ

2061 3850 2317 3905 Βαϐυλὼν
2348 3850 2441 3907 καὶ
2470 3849 2743 3916 Αἴγυπτος
2779 3846 3013 3917 μάλιστα
3045 3846 3142 3917 τῆς
3171 3845 3276 3916 γῆς
3317 3845 3535 3916 ἀπάσης
3560 3849 3631 3917 τῇ

2061 3942 2217 4011 φλογὶ
2237 3942 2334 4011 τῆς
2354 3940 2604 4001 ἀσεϐείας
2627 3933 2766 4012 ἦσαν
2791 3935 3210 4007 ἐκκεκαυμέναι,
3241 3937 3306 3990 ἐκ
3329 3936 3627 4006 προοιμίων

2059 4034 2272 4097 δεικνὺς
2334 4035 2414 4088 ὅτι
2469 4030 2779 4102 ἀμφοτέρας
2829 4028 3179 4101 διορθώσεται
3232 4029 3326 4083 καὶ
3387 4027 3630 4097 βελτίους
3665 4098 3676 4108 .

2062 4126 2296 4194 ποιήσει.
2341 4123 2434 4176 καὶ
2480 4123 2674 4175 πείθων
2721 4121 2809 4175 διὰ
2839 4120 3043 4174 τούτων
3077 4120 3167 4172 καὶ
3209 4121 3333 4189 περὶ
3369 4119 3466 4188 τῆς
3495 4119 3625 4190 ὅλης

2061 4215 2382 4285 οἰκουμένης
2413 4216 2480 4267 τά
2512 4215 2721 4290 χρηστά
2760 4214 3081 4284 προσδοκᾷν,
3117 4214 3182 4283 τῇ
3227 4212 3325 4280 μὲν
3359 4213 3482 4274 τοὺς
3517 4212 3626 4282 μά..

2061 4325 2189 4376 γους
2221 4305 2525 4368 ἀπέστειλε,
2565 4310 2631 4377 τῇ
2657 4307 2714 4361 δὲ
2745 4307 2791 4336 ⁷ο
2819 4305 2981 4368 αὐτὸς
3011 4303 3180 4372 ἐπέϐη
3223 4301 3359 4373 μετά
3386 4302 3486 4373 τῆς
3520 4321 3624 4374 μηρ

2061 4399 2206 4467 τρός.
2244 4398 2385 4469 Πρὸς
2430 4397 2485 4450 δέ
2523 4400 2631 4460 τοῖς
2666 4397 2972 4468 εἰρημένοις
3017 4395 3110 4447 καὶ
3154 4394 3338 4464 ἕτερον
3375 4393 3628 4448 ἐντεῦθεν

2063 4489 2448 4560 παιδευόμεθα,
2486 4489 2547 4543 οὐ
2580 4489 2770 4561 μικρὸν
2803 4491 2882 4552 εἰς
2909 4487 3222 4558 φιλοσοφίαν
3255 4489 3384 4559 ἡμῖν
3415 4488 3624 4540 συντεῖ-

2064 4598 2171 4634 νον.
2202 4582 2358 4634 Ποῖον
2400 4581 2464 4653 δὴ
2493 4579 2688 4646 τοῦτο;
2732 4581 2806 4634 Τὸ
2851 4582 2915 4633 ἐκ
2955 4586 3252 4652 προοιμίων
3292 4577 3627 4650 πειρασμούς

2065 4672 2366 4743 προσδοκᾷν
2418 4674 2511 4731 καὶ
2562 4672 2868 4736 ἐπιϐουλάς.
2909 4673 3049 4744 Ὅρα
3106 4671 3235 4740 γοῦν
3283 4671 3389 4726 ἀπὸ
3432 4671 3538 4724 τῶν
3577 4671 3624 4702 ’³

2067 4764 2393 4836 σπαργάνων
2422 4763 2621 4828 εὐθέως
2641 4763 2796 4818 τοῦτο
2815 4764 3113 4833 γινόμενον.
3139 4764 3248 4817 Καὶ
3277 4763 3384 4835 γὰρ
3411 4762 3627 4834 τεχθέν-

2063 4878 2155 4924 τος
2205 4859 2391 4925 αὐτοῦ,
2448 4860 2544 4914 καὶ
2595 4858 2854 4931 τύραννος
2898 4859 3168 4928 μαίνεται,
3210 4858 3305 4912 καὶ
3343 4856 3486 4928 φυγὴ
3533 4858 3629 4914 καὶ

2068 4951 2397 5023 μετάστασις
2433 4952 2640 5020 γίνεται
2683 4951 2818 5022 πρὸς
2862 4949 2958 5020 τὴν
2987 4951 3302 5021 ὑπερορίαν,
3351 4949 3444 5003 καὶ
3477 4949 3630 5002 οὐδὲν

2064 5043 2365 5112 ἀδικήσασα
2389 5044 2422 5113 ἡ
2451 5043 2633 5113 μήτηρ
2667 5045 2746 5106 εἰς
2772 5043 2867 5114 τὴν
2891 5041 2998 5096 τῶν
3027 5042 3313 5114 βαρϐάρων
3337 5041 3631 5110 φυγαδεύεη

2064 5153 2153 5189 ται
2184 5134 2384 5206 χώραν⁹
2422 5136 2508 5189 ἵνα
2541 5136 2605 5191 σὺ
2648 5134 2821 5188 ταῦτα
2855 5135 3086 5197 ἀκούων,
3120 5135 3250 5188 ὅταν
3290 5133 3632 5205 καταξιωθῇςι

2066 5226 2485 5296 διακονήσασθαι
2546 5244 2651 5280 τινι
2705 5225 2854 5298 [19.9.]
2909 5225 3260 5298 πνευματικῴ
3326 5227 3629 5298 πράγματι,

2067 5316 2184 5371 εἶτα
2233 5318 2344 5392 ῐδῃς
2383 5319 2430 5350 ’⁸
2468 5319 2658 5371 σαυτὸν
2710 5319 2983 5388 πάσχοντα
3032 5320 3100 5372 τά
3142 5319 3186 5350 ⁷³
3231 5319 3503 5390 ἀνήκεστα
3542 5319 3634 5372 καὶ

2071 5408 2295 5479 μυρίους
2355 5410 2696 5478 ὑπομένοντα
2744 5411 3039 5475 κινδύνους,
3105 5411 3180 5484 μὴ
3245 5411 3630 5482 διαταραχθῇς,

2071 5496 2204 5567 μηδέ
2234 5499 2412 5570 εἴπῃς·
2448 5499 2511 5552 Τί
2540 5517 2667 5552 ποτε
2696 5499 2852 5554 τοῦτό
2875 5502 3020 5568 ἐστι;
3053 5501 3146 5554 καὶ
3194 5502 3302 5573 μὴν
3340 5501 3633 5570 στεφανοῦ-

2070 5586 2194 5641 σθαί
2233 5605 2302 5659 με
2330 5587 2437 5641 ἔδει
2465 5589 2558 5644 καὶ
2582 5589 3073 5663 ἀνακηρύττεσθαι,
3102 5591 3194 5646 καὶ
3221 5593 3468 5664 λαμπρὸν
3497 5586 3634 5648 εἶναι

2782 5787 3088 5856 γενομένων
3125 5788 3258 5842 Edd.
3313 5861 3324 5868 _
3355 5792 3400 5868 ‘f
3428 5793 3638 5868 ἑαυτὸν]

395 5857 482 5910 Sic
515 5856 616 5909 An.
641 5857 702 5909 A.
730 5854 868 5928 F._cl
894 5869 976 5928 pr.
1003 5853 1234 5928 lfjvulgo
1257 5855 1448 5928 αὐτόν.
1475 5925 1484 5928 _
1512 5857 1558 5928 f"
1591 5855 1922 5928 πᾳρῤητίας]

2056 5853 2167 5928 Arn.
2201 5853 2521 5928 περιουσίας
2555 5857 2618 5910 Α.
2645 5855 2705 5911 Β.
2735 5855 2886 5910 Arn).
2914 5853 3037 5928 ιιιοχ
3066 5861 3456 5928 περιγενέσθαι
3493 5863 3551 5917 ι).
3581 5853 3638 5921 ΡΣ

393 5928 438 5958 ⁶⁶
463 5928 669 5994 ἀπῆλθε
695 5928 756 5980 Α.
798 5925 940 5978 [3.11.
1016 5924 1060 5956 ⁸⁷
1081 5925 1378 5993 γινομένων
1413 5925 1545 5979 ΕιΙιΙ.
1623 5924 1970 5997 ⁸⁸’τύραννόνῙ

395 5996 445 6020 Il
483 5997 518 6020 Ι)
581 5997 714 6020 I.‘-.nl_
781 5999 831 6020 ..ιι
885 6013 912 6020 --
973 5995 1033 6020 PII
1068 5997 1107 6020 Δ*
1210 5998 1246 6020 7|
1284 5995 1408 6020 ι...λῖ
1437 5996 1526 6020 ..-⁸.
1564 5996 1660 6020 .‘__!
1691 5995 1801 6020 I-‘_I_l
1902 5999 1945 6020 τι

2056 5927 2124 5980 Id.
2156 5924 2359 5979 ἐκεῖνον
2395 5925 2452 5979 F.
2491 5927 2617 5980 δην.
2694 5928 2738 5958 ‘9
2768 5927 3035 5998 τοσαύτης
3062 5924 3222 5983 Ειίι1.’
3269 5932 3316 5963 ⁷⁰
3345 5936 3410 6001 τῆ
3445 5933 3523 6002 δέ]
3548 5935 3642 6010 τῆς

2056 6013 2067 6020 .
2106 5999 2127 6020 ι
2201 5998 2236 6020 n
2289 5998 2328 6020 ρ
2395 5995 2467 6020 17--
2536 5998 2692 6020 ....I....
2724 5991 2832 6020 -!'.__
2868 5997 2928 6020 σε..
2960 5999 3074 6020 ιιθμε
3177 6002 3219 6020 -ς
3256 6019 3263 6020 ,
3291 6002 3301 6015 ε
3387 5993 3395 6002 '
3504 6009 3519 6020 .
3582 6007 3615 6020 ,ι

392 5996 448 6061 δέ
483 5997 538 6052 Β.
580 5997 740 6056 Eulh.
774 5999 844 6056 cf.
885 6013 936 6055 υ.
971 5995 1038 6052 54
1068 5997 1129 6052 (3.
1210 5998 1246 6028 ⁷³
1281 5995 1408 6051 άπόλ
1437 5996 1532 6050 καὶ
1557 5996 1662 6050 ἀπὸ
1691 5995 1826 6052 Ειίιί.

1902 5991 2068 6054 "'Sic
2095 5999 2160 6055 Δ.
2201 5998 2256 6054 Β.
2289 5998 2350 6054 C.
2393 5995 2488 6058 Ep.
2536 5998 2694 6062 vulgo
2720 5991 2837 6051 εἶτα
2865 5997 2929 6052 ἂν
2960 5991 3094 6062 ἵδης.

3179 6002 3219 6032 ῖ³
3247 6002 3313 6056 τὰ
3342 6021 3451 6061 ιιιιι.
3491 6009 3555 6064 Α.
3580 6002 3638 6063 ϐξ
