3856 6180
155 235 226 290 85
640 260 656 289 ι

148 356 280 409 Nam
298 351 492 406 statim
505 360 667 423 atque
687 351 735 404 in
756 349 1062 403 llethlchem
1080 347 1339 418 pervenit,
1360 347 1519 401 ﬁlium
1534 347 1764 418 peperit,

148 457 200 499 ul
228 445 369 498 hinc
392 453 569 498 totam
602 442 807 497 ediscas
827 441 1199 503 oeconomiam,
1230 450 1410 494 etnon
1431 453 1556 493 casu
1579 449 1631 493 et
1648 440 1766 493 sine

147 538 383 591 consilio
409 545 594 607 gesta,
623 536 717 590 sed
747 551 845 605 per
876 533 1258 604 providentiam
1297 531 1583 603 quamdam
1624 532 1764 587 divi-

146 645 271 682 nam
309 642 373 681 ac
403 626 713 681 secundum
745 624 1034 694 prophetia:
1058 625 1249 678 seriem
1280 624 1493 693 impleta
1517 622 1765 677 haecum-

146 722 232 772 uia
264 719 469 771 fuisse.
504 717 707 771 Verum
752 715 877 785 quid
927 715 1045 769 illos
1075 715 1141 768 ad
1173 729 1392 784 puerum
1437 713 1764 769 adorandum

148 811 403 864 induxit?
432 809 627 878 Neque
648 809 793 861 enim
819 807 979 877 Virgo
1019 807 1223 875 insigne
1252 806 1521 877 quidpiam
1566 820 1680 874 pra:
1708 821 1769 860 se

148 904 385 963 terebat,
419 918 603 971 neque
634 901 824 954 domus
852 901 1125 970 magniﬁca
1159 908 1292 964 erat,
1328 914 1498 968 neque
1529 899 1645 953 istic
1670 899 1779 952 alio

150 994 278 1063 quid
312 991 475 1046 aliud
508 1002 646 1055 erat,
685 991 827 1062 quod
859 999 1039 1060 posset
1079 990 1199 1044 illos
1240 990 1324 1043 vel
1367 989 1661 1059 percellere
1689 989 1772 1043 vel

152 1086 405 1139 allicere.
444 1082 526 1138 Illi
560 1100 690 1137 vero
719 1098 822 1136 non
850 1082 1009 1137 modo
1035 1081 1279 1143 adorant,
1310 1080 1404 1136 sed
1434 1080 1637 1150 apertis
1655 1082 1772 1134 the—

154 1178 336 1233 sauris
377 1178 500 1231 suis
534 1192 758 1231 munera
801 1176 1051 1239 oll‘erunt,
1103 1190 1321 1229 munera
1370 1174 1610 1245 inquam,
1663 1189 1780 1228 non.

156 1269 311 1340 quasi
343 1269 589 1331 homini,
620 1268 714 1322 sed
742 1268 895 1338 qjtasi
928 1267 1054 1321 Deo.
1097 1266 1240 1320 Thus
1280 1266 1422 1320 enim
1464 1275 1520 1320 et
1550 1268 1766 1337 myrrha

162 1361 253 1415 Dei
287 1360 539 1413 maxime
561 1359 863 1429 symbolum
892 1367 1026 1412 erat.
1056 1356 1192 1424 Quid
1221 1357 1379 1426 igitur
1399 1357 1500 1410 hoc
1527 1356 1631 1412 illis
1646 1372 1781 1412 sua-7

160 1452 263 1507 sit?
296 1450 552 1520 ldipsum
580 1449 721 1517 quod
746 1449 996 1503 excitavit
1023 1448 1160 1513 illos,
1188 1456 1245 1500 ut
1270 1448 1453 1502 relicta
1483 1447 1642 1502 domo
1660 1457 1783 1501 tan»

164 1555 278 1599 tum
327 1542 444 1597 iter
493 1542 867 1611 susciperent:
901 1531 1150 1593 nimirum
1193 1538 1346 1592 stella
1395 1547 1449 1592 et
1489 1539 1777 1594 illustratio

165 1640 367 1692 mentis
394 1654 428 1692 a
468 1639 583 1694 Deo
611 1640 741 1710 ipsis
772 1640 972 1706 indita;
998 1657 1113 1711 quae
1145 1643 1398 1712 paulatim
1426 1642 1546 1698 illos
1564 1644 1630 1699 ad
1654 1661 1774 1716 per-

166 1732 454 1785 laetiorem
485 1734 731 1787 notitiam
759 1733 1002 1788 deduxit.
1049 1733 1161 1788 Nisi
1187 1735 1332 1789 enim
1369 1750 1455 1790 res
1485 1735 1556 1791 ita
1585 1752 1644 1793 se
1674 1740 1773 1794 ha-

166 1825 340 1888 beret,
379 1840 511 1878 cum
542 1826 721 1879 omnia
753 1842 872 1895 qua:
901 1826 1017 1880 istic
1054 1826 1369 1882 videbantur
1414 1828 1538 1883 vilia
1568 1840 1769 1897 essent,

165 1931 269 1968 non
296 1918 349 1969 ei
401 1925 617 1971 tantum
663 1918 1031 1973 exhibuisseut
1080 1920 1362 1976 honorem.
1415 1921 1541 1977 ldeo
1592 1932 1770 1979 autem

167 2011 295 2063 nihil
316 2026 516 2065 eorum
541 2026 663 2081 quae
692 2012 792 2066 sub
818 2027 1032 2067 sensum
1050 2014 1244 2068 cadunt
1270 2014 1339 2068 ibi
1367 2030 1616 2084 magnum
1633 2027 1768 2082 erat,

165 2100 256 2154 sed
288 2116 570 2169 praesepe,
604 2102 892 2169 tugurium,
923 2114 1092 2159 mater
1135 2106 1311 2175 inops,
1337 2116 1393 2160 ut
1418 2107 1621 2187 nudam»
1651 2124 1770 2163 ma-

165 2208 353 2261 gorum
386 2194 789 2265 philosophiam
807 2198 1117 2267 perspicias,
1149 2208 1308 2269 atque
1334 2200 1530 2269 discas,
1550 2216 1644 2257 eos
1662 2217 1767 2257 non

168 2298 219 2339 ut
248 2286 538 2341 hominem
570 2304 782 2356 purum,
810 2288 904 2343 sed
930 2298 987 2344 ut
1005 2289 1170 2344 Deum
1195 2300 1249 2345 et
1274 2292 1573 2349 beneﬁcum
1596 2294 1766 2363 ipsum

168 2379 384 2434 adiisse.
413 2380 763 2451 Quapropter
787 2384 934 2437 nullo
957 2399 1142 2439 eorum
1171 2402 1289 2455 qua:
1319 2388 1653 2444 extrinsecus
1683 2390 1765 2444 vi-

168 2471 437 2527 debantur
464 2475 660 2531 oﬂ'ensi
707 2490 849 2544 sunt,
878 2481 971 2535 sed
1000 2482 1287 2537 adorarunt
1313 2491 1367 2539 et
1393 2484 1527 2538 dona
1555 2485 1775 2541 obtule-'

168 2574 303 2624 runt,
334 2581 465 2633 quae
493 2568 635 2621 dona
666 2572 889 2625 multum
928 2588 958 2626 a
1000 2573 1219 2630 Judaica
1264 2578 1506 2634 crassitie
1547 2579 1764 2636 dili'ere-

174 2654 311 2708 bant.
342 2654 541 2725 Neque
572 2660 714 2713 enim
761 2677 888 2717 oves
939 2673 991 2718 et
1038 2666 1231 2720 vitulos
1277 2667 1640 2738 immolarunt,
1670 2671 1763 2727 sed

170 2760 281 2813 qua:
306 2746 700 2805 ecclesiastica:
725 2751 1073 2825 philOSOpltifB
1094 2757 1264 2812 vicina
1294 2768 1478 2814 erant:
1502 2761 1761 2830 siquidem

172 2838 479 2905 scientiam,
498 2840 860 2899 obedientiam
888 2858 942 2901 et
963 2848 1300 2905 dilectionem
1323 2852 1423 2921 ipsi
1442 2852 1759 2910 offerebant.

176 2929 255 2981 19..
279 2928 350 2983 Et
381 2949 635 3002 responso
662 2950 866 3009 accepto
895 2941 947 2993 in
974 2943 1182 3004 somnis,
1216 2961 1278 2998 ne
1308 2944 1527 2999 redirent
1553 2947 1621 3000 ad
1649 2947 1760 3003 He-

175 3024 361 3087 rodem,
400 3041 497 3092 per
523 3027 681 3081 aliam
701 3030 835 3082 ciam
864 3033 1048 3086 reversi
1084 3044 1202 3088 sunt
1234 3035 1287 3088 in
1312 3038 1565 3107 regionem
1593 3055 1759 3094 suam.

177 3113 262 3169 Hic
282 3116 419 3170 mihi
448 3118 572 3171 vide
603 3119 761 3175 ﬁdem
787 3123 1040 3192 ipsorum,
1065 3127 1332 3194 quomodo
1355 3145 1459 3183 non
1485 3130 1762 3186 offendan-

175 3216 269 3269 tur,
296 3209 392 3262 sed
424 3209 537 3263 sint
565 3212 731 3279 quieti
759 3221 814 3268 et
841 3215 1290 3286 obtemperantes,
1321 3236 1495 3291 neque
1538 3224 1759 3279 turben-

174 3309 266 3361 tur,
300 3316 480 3370 neque
512 3303 640 3356 talia
684 3314 871 3360 mutuo
918 3308 1234 3379 loquantur:
1260 3311 1401 3367 Sane
1444 3316 1489 3368 si
1538 3330 1760 3385 magnus

176 3390 251 3445 hic
278 3409 415 3463 puer
441 3405 547 3459 ρει,
578 3397 702 3450 etsi
740 3414 899 3467 quam
932 3400 1092 3456 habet
1131 3405 1440 3471 potentiam,
1473 3406 1598 3474 quid
1625 3421 1759 3475 opus

176 3486 279 3554 luga
306 3498 358 3541 et
391 3488 607 3543 occulto
636 3490 910 3546 discessuri
937 3510 1032 3548 cur
1081 3510 1207 3550 vero
1251 3511 1348 3550 nos
1382 3498 1470 3566 qui
1503 3498 1673 3568 palam
1702 3509 1757 3555 et

174 3590 279 3629 cum
302 3577 501 3631 ﬁducia
526 3581 850 3637 accessimus
877 3584 940 3637 ad
968 3587 1220 3656 pupulum
1250 3595 1473 3655 tantum,
1499 3599 1552 3644 et
1574 3604 1754 3645 coram

175 3666 369 3723 furente
396 3684 528 3738 rege
557 3672 828 3737 stetimus,
863 3676 1013 3744 quasi
1053 3675 1302 3748 fugitivos
1342 3696 1407 3734 ex
1433 3680 1645 3736 civitate
1673 3681 1756 3736 di-

179 3760 321 3812 mittit
346 3760 611 3828 angelus?
637 3763 706 3815 At
735 3763 867 3817 nihil
901 3765 1005 3819 tale
1034 3767 1116 3821 vel
1146 3768 1394 3822 dixerunt
1420 3770 1503 3824 vel
1546 3772 1750 3840 cogita-

177 3861 300 3903 runt.
332 3851 466 3905 lllud
496 3853 644 3907 enim
684 3856 922 3913 maxime
950 3858 1016 3913 ad
1043 3858 1198 3915 ﬁdem
1244 3861 1495 3931 pertinet,
1520 3854 1585 3916 ut
1610 3864 1750 3919 nulla

175 3946 529 3998 mandatorum
564 3950 697 4000 ratio
728 3951 1053 4018 exquiratur,
1081 3956 1172 4006 sed
1195 3955 1359 4024 jussis
1390 3968 1591 4014 tantum
1621 3961 1741 4019 obe-

173 4037 349 4091 diatur.
382 4038 468 4091 15.
510 4039 611 4105 Qui
641 4057 753 4094 cum
781 4041 1040 4110 abiissent,
1064 4062 1175 4099 ecce
1201 4050 1408 4118 angelus
1424 4050 1629 4107 Domini
1648 4071 1746 4124 ap-

176 4131 323 4191 paruit
361 4130 412 4181 in
456 4132 649 4185 somnis
678 4131 894 4203 Ioseph,
920 4136 1127 4191 dicens:
1158 4138 1323 4210 Surge
1348 4152 1392 4195 et
1423 4145 1598 4216 accipe
1626 4162 1746 4216 pue-

176 4236 268 4271 rum
294 4231 336 4273 et
368 4232 582 4275 matrem
612 4225 741 4293 ejus,
766 4236 811 4279 et
838 4229 955 4297 fuge
979 4230 1032 4281 in
1060 4228 1368 4300 zEgyptum.
1400 4233 1498 4290 llic
1524 4235 1668 4292 subit
1690 4237 1742 4292 in

177 4326 386 4368 mentem
415 4318 664 4385 quaedam
694 4318 953 4373 dubitatio
982 4322 1123 4377 circa
1148 4339 1352 4393 magos,
1376 4334 1430 4380 et
1449 4328 1587 4383 circa
1608 4345 1744 4401 pue-

176 4422 293 4461 mm.
326 4409 439 4463 Etsi
471 4411 616 4479 enim
647 4411 723 4464 illi
755 4412 946 4466 turbati
976 4430 1081 4468 non
1110 4415 1237 4479 sint,
1262 4419 1354 4472 sed
1382 4418 1607 4477 ﬁdeliter
1628 4437 1743 4477 om.

177 4499 243 4551 nia
270 4502 627 4568 susceperint,
663 4502 818 4557 nobis
862 4512 1036 4560 tamen
1075 4508 1418 4576 quaerendum
1460 4511 1736 4577 incumbit,

176 4606 253 4643 cur
279 4608 381 4645 non
411 4604 466 4646 et
498 4593 570 4646 illi
604 4602 661 4648 et
698 4609 828 4662 puer
867 4607 1161 4666 praesentes
1199 4611 1507 4667 servantur;
1539 4603 1633 4660 sed
1664 4605 1741 4661 illi

178 4684 219 4735 iu
249 4684 540 4750 Persidem,
578 4685 663 4740 hic
694 4688 746 4739 in
780 4686 1073 4758 {Egyptum
1121 4707 1241 4746 cum
1289 4705 1460 4750 matre
1506 4695 1733 4767 fugatur.

177 4775 261 4829 Sed
290 4777 455 4847 quid?
484 4792 548 4830 an
592 4780 870 4847 oportebat
897 4781 1041 4834 illum
1072 4783 1304 4840 incidere
1334 4787 1384 4840 in
1412 4803 1600 4844 manus
1628 4790 1737 4845 He-

180 4871 317 4936 rodis,
348 4880 400 4924 et
430 4882 648 4940 captum
682 4888 787 4927 non
815 4874 1077 4930 interﬁci?
1107 4878 1175 4931 At
1200 4894 1302 4932 non
1344 4891 1581 4950 putatum
1610 4883 1739 4938 luis-

180 4971 245 5014 set
269 4964 434 5030 ipsum
466 4950 741 5033 accepisse
783 4982 1020 5036 carnem,
1054 4986 1224 5040 neque
1268 4975 1581 5030 oeconomia-
1620 4992 1737 5030 ma-

179 5056 367 5121 gnitudo
396 5057 602 5110 credita
643 5058 848 5114 fuisset.
896 5060 1025 5115 Nam
1072 5063 1115 5115 si
1156 5062 1237 5117 his
1280 5064 1346 5118 ita
1374 5068 1557 5135 gestis,
1587 5078 1734 5138 post-

181 5160 309 5213 quam
334 5147 502 5202 multa
533 5148 768 5204 humano
793 5152 952 5207 modo
991 5153 1296 5223 dispensata
1342 5171 1485 5226 sunt,
1518 5162 1731 5231 quidam

183 5239 331 5293 dicere
353 5240 469 5293 ausi
498 5249 623 5295 sunt
649 5242 826 5296 carnis
862 5246 1281 5315 assurnptionem
1327 5264 1447 5304 esse
1475 5249 1729 5319 fabulam,

186 5349 266 5395 quo
291 5334 575 5403 impietatis
603 5351 710 5390 non
741 5338 1127 5408 prorupiSsent,
1151 5341 1193 5391 si
1225 5342 1398 5395 omnia
1424 5341 1603 5396 divino
1619 5359 1733 5397 mu-

188 5424 239 5477 do
260 5436 306 5480 et
328 5428 613 5483 secundum
639 5445 790 5483 suam
818 5432 1105 5500 potentiam
1146 5431 1394 5488 fecisset?
1430 5434 1609 5505 Magos
1632 5452 1730 5492 au-

192 5529 271 5572 lem
297 5521 538 5577 celeriter
569 5524 787 5589 emittit,
817 5524 971 5581 simul
1001 5526 1250 5581 doctores
1282 5530 1497 5582 mittens
1529 5531 1579 5585 in
1605 5531 1730 5587 Per-

192 5629 331 5668 sarum
362 5618 465 5687 regi
492 5634 652 5686 mem,
682 5625 737 5675 et
768 5620 976 5690 tyranni
1018 5620 1249 5676 furorem
1298 5633 1639 5692 prtcvertcns,
1673 5635 1728 5681 ut

1319 231 1383 285 lN
1424 231 1841 289 MATTllEUM-
1876 234 2107 293 llOMlL.
2156 239 2282 294 Vlll.

3381 230 3465 287 85»

1883 356 2166 417 edisceret,
2197 367 2256 405 se
2280 364 2368 405 res
2391 363 2509 419 quae
2533 346 2644 401 ﬁeri
2672 360 2778 399 non
2804 353 3019 413 possent
3043 342 3277 414 aggredi,
3301 344 3459 397 iram-

1884 463 1988 517 que
2013 446 2129 516 ejus
2155 443 2388 510 sedaret,
2420 450 2474 496 et
2492 456 2521 494 a
2545 454 2680 493 vano
2701 438 2884 493 labore
2910 437 3226 491 retraheret.
3251 436 3328 490 Ad
3347 437 3460 503 ejus

1884 539 2027 594 enim
2058 537 2349 608 potentiam
2396 533 2644 603 pertinet,
2688 544 2795 585 non
2828 529 2986 583 modo
3017 528 3258 582 inimicos
3288 528 3461 596 palam

1884 630 2188 700 proﬂigare,
2211 628 2304 682 sed
2335 627 2495 681 etiam
2540 627 2684 694 ipsos
2725 623 2876 679 facile
2904 622 3173 690 decipere.
3208 621 3299 676 Sic
3322 621 3463 674 enim

1884 721 2164 793 [Egyptios
2195 721 2248 774 in
2280 718 2584 774 .Iudaeorum
2611 716 2833 786 gratiam
2856 714 3085 783 decepit,
3117 724 3168 767 et
3195 729 3315 768 cum
3346 726 3465 781 pos—

1885 825 1966 869 set
1983 814 2192 868 illorum
2211 812 2421 867 divitias
2447 811 2499 864 in
2524 824 2710 863 manus
2730 808 3071 875 Hebrazorurn
3100 807 3271 877 palam
3294 814 3489 860 trans--

1882 896 2040 961 ferre,
2085 896 2222 951 clam
2249 897 2299 951 id
2327 909 2525 953 etcum
2557 903 2749 957 astutia
2782 904 2892 958 ﬁeri
2920 904 3069 974 juhct
3103 922 3116 957 :
3153 906 3200 959 id
3234 908 3371 977 qttod
3396 910 3460 962 il-

1881 988 1990 1043 lum
2020 1006 2123 1044 non
2142 992 2317 1045 minus
2339 991 2727 1049 formidabilem
2756 997 2995 1052 hostibus
3013 999 3283 1061 reddebat.
3303 1017 3459 1072 quam

1878 1080 1979 1132 alia
2010 1080 2183 1150 signa.
2290 1162 2301 1165 Α
3462 1164 3465 1165 ν

1947 1173 2001 1226 2.
2044 1162 2332 1228 Potentiam
2354 1175 2447 1230 Dei
2470 1194 2524 1230 tn
2545 1176 2850 1248 decipiendis
2876 1180 3097 1236 hostibus
3126 1181 3317 1237 elucere
3339 1184 3462 1238 olim

1876 1266 2095 1335 confessi
2115 1277 2230 1320 sunt
2245 1268 2567 1324 Ascalonita.
2595 1268 2848 1326 Herodem
2874 1274 3053 1327 maluit
3078 1274 3212 1329 Deus
3234 1274 3461 1348 decipere

1874 1371 2026 1425 quam
2052 1361 2458 1429 perterrefacere.
2491 1360 2718 1416 Christus
2743 1379 2833 1416 cur
2856 1364 2910 1416 in
2938 1363 3227 1436 zEgyptum
3254 1371 3456 1423 missus.

1874 1446 2279 1503 -—Ascalonitat
2308 1465 2535 1519 namque
2557 1453 2843 1523 czeterique
2870 1471 3054 1511 omnes
3078 1468 3351 1527 postquam
3373 1476 3460 1514 ar-

1873 1551 1995 1592 cam
2036 1549 2309 1608 ceperant,
2344 1543 2580 1610 percussi
2607 1544 2800 1599 deinde
2845 1545 3196 1604 hortabantur
3232 1565 3359 1605 suos
3389 1568 3477 1608 ne.

1876 1640 2190 1700 pugnarent,
2220 1648 2393 1703 neque
2439 1635 2721 1691 adversum
2750 1648 2975 1706 starent,
3005 1657 3068 1696 ac
3096 1657 3214 1697 cum
3245 1644 3491 1700 caeteris.-

1873 1722 2149 1779 miraculis
2178 1724 2281 1779 hoc
2305 1726 2465 1781 etiam
2489 1728 2540 1782 in
2571 1729 2802 1784 medium
2832 1732 3166 1800 proferebant
3185 1736 3453 1794 dicentes:
3482 1788 3485 1791 γ

1874 1816 2046 1879 Quare
2064 1819 2523 1887 aggravatiscorda
2543 1831 2725 1887 vestra,
2743 1824 2871 1877 sicut
2887 1828 3174 1895 aggravavit
3192 1827 3454 1899 ZEguptus

1870 1917 1916 1961 et
1949 1907 2193 1964 Pharao?
2218 1927 2386 1966 nonne
2412 1921 2675 1983 postquam
2696 1914 2855 1969 illusit
2880 1917 2971 1981 eis,
3002 1927 3117 1971 tunc
3148 1919 3337 1973 dimisit
3363 1939 3453 1989 po-

1870 2001 2045 2069 pulum
2072 2018 2238 2069 suum,
2271 2011 2317 2057 et
2340 2005 2573 2059 abierunt
2597 2007 2670 2077 (l.
2698 2007 2827 2078 Reg,
2851 2010 2903 2062 6.
2928 2009 3019 2080 6)?
3039 2011 3163 2065 Haec
3183 2011 3455 2081 dicebant,

1870 2102 2116 2159 putantes
2145 2092 2246 2149 hoc
2276 2105 2603 2164 postremum
2632 2099 2840 2169 signum
2868 2117 2972 2167 non
3001 2102 3177 2156 minus
3205 2120 3325 2160 esse
3348 2122 3453 2160 cte-
3510 2114 3513 2121 ‘

1869 2183 1996 2235 teris
2024 2183 2197 2252 palam
2223 2186 2410 2254 gestis,
2435 2187 2501 2242 ad
2527 2188 2646 2257 ejus
2665 2189 3134 2247 demonstrandam
3160 2200 3447 2264 potentiam

1864 2284 2024 2344 atque
2050 2277 2486 2347 magnitudinem.
2515 2279 2570 2335 ω
2600 2281 2742 2351 quod
2782 2283 2940 2337 etiam
2990 2286 3074 2340 hic
3121 2286 3313 2343 factum
3344 2301 3469 2358 est,.

1867 2376 2178 2439 poteratque
2225 2379 2509 2441 tyrannum
2567 2376 3007 2442 perterrel‘acere.
3066 2380 3449 2439 Animadverte

1866 2476 2093 2530 namque
2125 2471 2320 2531 quanta
2354 2479 2589 2532 passum,
2621 2474 2673 2519 et
2701 2476 2900 2535 quanto
2928 2469 3276 2536 prazl'ocatum
3307 2487 3445 2528 moe-

1865 2567 1984 2607 rore
2006 2552 2272 2609 Herodem
2303 2555 2465 2610 fuisse
2496 2557 2784 2613 verisimile
2806 2560 2895 2621 sit,
2929 2560 3006 2615 sic
3030 2577 3059 2614 a
3088 2565 3255 2633 magis
3286 2564 3445 2631 decee

1864 2654 2011 2714 ptum
2039 2654 2090 2700 et
2121 2646 2353 2702 illusum.
2384 2648 2518 2716 Quid
2548 2650 2714 2717 enim,
2747 2651 2791 2705 si
2833 2667 2937 2707 non
2967 2656 3159 2710 melior
3199 2659 3272 2712 sit
3311 2660 3443 2716 ell‘e-

1863 2738 2015 2791 ctus'l
2045 2736 2095 2790 id
2125 2748 2272 2793 certe
2299 2754 2404 2793 non
2435 2739 2500 2793 ad
2527 2755 2656 2795 eum
2676 2742 2765 2810 qui
2797 2742 2912 2799 haec
2937 2744 3267 2816 dispensavit
3300 2752 3442 2807 refe-

1864 2826 2086 2882 rendum
2118 2838 2222 2893 est,
2256 2830 2347 2885 sed
2381 2831 2445 2884 ad
2474 2832 2743 2903 ingentem
2772 2835 3009 2891 furorem
3052 2840 3193 2895 illius
3216 2842 3305 2912 qui
3334 2859 3442 2908 non

1861 2918 2023 2972 cessit
2049 2920 2133 2986 iis,
2155 2936 2275 2991 qua:
2303 2921 2473 2991 ipsum
2501 2924 2763 2980 consolari
2786 2937 2840 2981 et
2863 2944 2891 2982 a
2921 2931 3154 3000 nequitia
3177 2933 3444 2993 abducere

1861 3009 2159 3077 debebant;
2191 3013 2285 3068 sed
2314 3015 2534 3071 ulterius
2579 3020 2859 3087 processit,
2908 3031 2966 3076 ut
3014 3033 3173 3079 tanta:
3223 3026 3443 3086 insanias

1860 3102 2129 3171 graviores
2158 3104 2327 3159 lueret
2358 3120 2562 3175 prunas.
2595 3108 2659 3162 Et
2683 3125 2798 3177 cur,
2817 3111 3046 3182 inquies,
3077 3117 3127 3170 in
3150 3116 3441 3190 Egyptum

1860 3208 1991 3263 puer
2021 3196 2281 3250 mittitur?
2307 3197 2532 3252 Causam
2562 3200 2613 3254 in
2642 3202 2826 3269 primis
2872 3207 3091 3287 pqotulit
3116 3212 3439 3282 evangelista

1862 3287 2074 3343 dicens:
2102 3290 2186 3345 l5.
2206 3288 2273 3343 Ut
2300 3291 2593 3361 impleretur
2616 3294 2747 3348 illud
2765 3313 2784 3350 :
2814 3295 2896 3351 Ea:
2920 3298 3152 3371 Ai‘gypw
3178 3308 3349 3359 vocavi
3372 3309 3451 3375 ﬁ-

1862 3378 1983 3432 lium
2005 3397 2168 3435 meum
2199 3382 2369 3452 (Osee.
2401 3385 2488 3439 ll.
2518 3388 2609 3467 l);
2638 3388 2903 3460 simulque
2933 3391 3084 3448 bona:
3108 3398 3224 3464 spei
3258 3414 3437 3467 prom-

1864 3480 1967 3533 mia
1991 3481 2085 3535 toti
2107 3480 2221 3536 orbi
2251 3488 2762 3553 prtenuntiabantur.
2788 3494 2919 3561 Quia
2957 3497 3098 3553 enim
3125 3500 3360 3574 Babylon
3391 3519 3453 3564 et

1863 3570 2127 3642 Egyptus
2157 3574 2275 3643 plus
2318 3593 2476 3648 quam
2526 3581 2761 3652 reliquus
2789 3587 2936 3643 orbis
2965 3570 3257 3661 impietatis
3284 3600 3442 3656 arde-

1864 3663 1988 3717 bant
2012 3665 2245 3733 llamma,
2272 3669 2339 3723 ab
2369 3672 2588 3727 exordio
2618 3674 2897 3734 declarans
2917 3696 2976 3735 se
2997 3685 3180 3741 ambas
3212 3688 3331 3745 illas
3360 3708 3441 3750 rc-

1858 3754 2043 3823 giones
2069 3758 2494 3828 emendaturum,
2526 3774 2579 3819 et
2604 3766 2670 3821 ad
2710 3770 2928 3827 meliora
2958 3773 3329 3845 deducturum,
3379 3768 3441 3840 si?

1858 3847 2073 3917 mulque
2100 3864 2195 3918 per
2221 3850 2334 3907 haec
2362 3854 2600 3912 indicans
2626 3860 2783 3915 etiam
2812 3865 2905 3918 toti
2925 3874 3184 3925 terrarum
3210 3874 3326 3931 orbi
3353 3876 3442 3931 to-

1857 3952 1926 3991 na
1954 3943 2308 4009 exspectanda
2340 3960 2475 4012 esse,
2505 3957 2559 4003 et
2580 3966 2761 4019 magos
2783 3953 2946 4024 misit,
2969 3968 3024 4014 et
3046 3961 3158 4029 ipse
3181 3979 3304 4020 cum
3332 3983 3440 4023 mae

1857 4036 1936 4083 tre
1966 4046 2059 4084 sua
2093 4033 2363 4101 profectus
2393 4047 2493 4093 est.
2540 4040 2618 4095 Ad
2651 4040 2767 4099 hree
2794 4063 2923 4102 vero
2951 4050 3093 4105 aliud
3123 4055 3281 4111 etiam
3316 4058 3443 4117 inde

1853 4117 2127 4214 docemur,
2152 4126 2294 4195 quod
2319 4142 2422 4182 non
2449 4145 2636 4198 parum
2663 4150 2761 4192 nos
2789 4138 2854 4193 ad
2884 4140 3272 4214 philosophiam
3305 4150 3440 4208 inci-

1855 4218 1948 4264 tet.
1976 4211 2261 4279 Quodnam
2286 4218 2612 4288 illud?Quod
2638 4225 2705 4279 ab
2723 4226 2838 4294 ipso
2868 4229 3016 4287 initio
3045 4211 3364 4295 tentationes
3388 4253 3441 4299 et

1852 4304 2086 4371 pericula
2119 4308 2227 4362 sint
2251 4314 2629 4380 eXSpectanda.
2654 4316 2781 4372 Vide
2798 4335 3026 4391 namque
3048 4325 3098 4380 id
3127 4314 3230 4397 ipsi
3255 4330 3323 4385 ab
3352 4333 3439 4387 in-

1850 4396 2124 4451 cunabulis
2150 4401 2427 4457 accidisse.
2456 4404 2587 4459 Nam
2608 4406 2696 4459 illo
2714 4418 2838 4463 nato
2864 4410 2990 4468 furit
3011 4396 3291 4487 tyrannus;
3314 4422 3440 4480 hinc

1850 4486 1967 4557 fuga
1995 4500 2048 4543 et
2071 4493 2461 4563 transmigratio
2492 4496 2542 4550 in
2566 4499 2738 4554 exsilii
2766 4501 2963 4569 locum,
2985 4486 3041 4562 et
3062 4510 3243 4566 insons
3267 4525 3438 4572 mater

1850 4578 1900 4631 in
1934 4578 2278 4636 barbarorum
2322 4587 2592 4655 regionem
2624 4604 2683 4645 se
2728 4595 2953 4664 proripit
2978 4614 2991 4651 :
3020 4610 3079 4652 ut
3109 4610 3163 4655 tu
3193 4603 3307 4660 haec
3334 4620 3434 4667 au.-

1847 4671 1999 4727 diens
2025 4673 2203 4743 aliquo
2231 4676 2491 4745 spirituali
2517 4682 2812 4739 ministerio
2851 4687 3114 4759 dignatus,
3160 4695 3203 4749 si
3235 4698 3434 4756 videris

1847 4774 1895 4816 te
1918 4763 2033 4819 dira
2060 4767 2346 4835 patientem
2378 4811 2394 4833 ,
2422 4781 2476 4825 et
2517 4772 2655 4827 inter
2678 4788 2927 4832 sexcenta
2956 4795 3257 4839 versantem
3291 4789 3433 4858 peri-

1843 4854 1982 4918 cula,
2005 4871 2071 4910 ne
2098 4858 2346 4925 turberis,
2376 4876 2507 4916 neve
2531 4864 2711 4919 dicas:
2735 4866 2994 4935 Quidnam
3010 4872 3116 4941 hoc
3137 4877 3253 4929 est?
3272 4854 3431 4946 opor-

1845 4944 1987 4999 tcbat
2015 4947 2193 5016 utique
2220 4965 2306 5005 me
2330 4956 2595 5017 coronari,
2628 4957 2851 5020 laudari,
2875 4960 3078 5015 clarum
3098 4974 3148 5017 et
3169 4944 3428 5027 illustrem

1841 5049 1979 5099 esse,
2005 5038 2091 5105 qui
2117 5040 2422 5095 mandatum
2454 5045 2655 5098 Domini
2691 5048 2934 5117 impleam
2958 5069 2968 5101 :
2995 5052 3086 5104 sed
3118 5053 3217 5110 hoc
3246 5068 3428 5125 exent-

1844 5126 1928 5192 plo
1960 5125 2119 5182 fultus
2148 5129 2354 5185 fortiter
2384 5132 2541 5197 feras,
2571 5152 2786 5204 gnarus,
2811 5139 2944 5193 hanc
2966 5158 3082 5195 Clllll
3105 5148 3286 5214 primis
3304 5167 3425 5210 esse

1841 5215 2192 5285 spiritualium
2224 5221 2457 5276 virorum
2483 5235 2707 5291 sortem,
2738 5236 2796 5282 ut
2824 5230 3020 5304 ubiqUe
3043 5242 3425 5302 tentationibtts

1848 5315 2191 5384 imputantur.
2219 5322 2599 5379 Animadverte
2617 5324 2969 5396 igituridnon
2986 5331 3157 5387 solum
3185 5350 3349 5405 puero
3366 5350 3423 5395 et

1845 5412 2003 5465 matri
2021 5413 2266 5469 accidere
2288 5415 2303 5446 ¹
2328 5433 2342 5481 ;
2375 5417 2469 5471 sed
2486 5418 2649 5473 etiam
2674 5419 2923 5478 barbaris
2941 5424 3065 5480 illis.
3102 5425 3233 5481 Nam
3257 5440 3309 5485 et
3336 5429 3415 5488 illi

1890 5629 1905 5661 ί
1935 5626 2053 5689 Alii,
2079 5624 2130 5678 id
2162 5641 2254 5679 non
2278 5631 2435 5680 solum
2453 5629 2599 5682 matri
2618 5631 2759 5697 pueri
2781 5635 3020 5690 accidere.
