3856 6180
424 254 493 309 85
978 303 985 309 .
1622 265 1688 323 IN
1727 268 2134 325 MATTlI/EUM
2174 270 2404 326 IIOAIIL.
2448 272 2578 327 VIII.
2740 266 2741 269 I
3632 292 3711 345 86

412 380 550 434 clam
580 377 862 437 discedunt
880 381 1031 452 quasi
1057 380 1293 451 fugitivi;
1324 391 1380 436 et
1400 382 1534 443 haec,
1560 396 1681 451 qute
1716 397 2003 481 numquam
2120 403 2317 465 ιυι-υιη,
2368 412 2587 470 propter
2639 411 2908 471 pastores,
2957 414 3178 477 propter
3229 422 3433 479 magos,
3481 420 3710 481 ιπονιει-

417 488 450 529 8
475 472 634 527 domo
654 487 867 542 egressa
889 472 1080 539 fuerat,
1101 484 1204 527 tam
1228 472 1441 542 longum
1460 480 1515 525 CI.
1532 486 1886 527 aerumnosum
1906 473 2006 529 iter
2114 486 2346 544 Judmos,
2379 489 2436 546 Si
2473 491 2616 547 enim
2646 493 2709 547 iis
2732 510 2851 565 qua
2876 472 3197 566 gepeba-ulur
3224 472 3715 558 accurate-voluis—

417 564 692 634 suscipere
711 563 948 634 jubetur,
979 564 1048 620 ob
1076 564 1373 618 mirabilem
1399 563 1539 618 hunc
1559 562 1756 618 editum
1779 579 1946 633 pueru

2114 590 2236 635 sent
2257 581 2553 647 attendere,
2588 599 2693 640 non
2725 602 2943 656 parvum
2976 589 3100 645 hinc
3126 591 3193 646 ad
3222 591 3457 648 futurum
3487 603 3713 664 tempus

311 674 325 684 -
417 663 473 709 et
496 654 823 733 spiritualem
851 664 1084 723 partum.
1110 654 1244 708 Rem
1270 653 1460 707 iterum
1489 653 1802 723 stupendam
1829 669 1947 709 cons

2116 670 2348 728 fructum
2390 653 2899 745 retulissetit.quod
2945 683 2988 737 si
3022 683 3295 753 propheta:
3321 685 3388 741 de
3418 687 3585 757 magis
3601 653 3709 741 'ni-

418 741 571 799 dera.
618 744 897 799 Palmstina
927 743 1226 807 insidiatur,
1258 742 1521 814 Egyptus
1568 758 1697 799 vero
1724 745 1927 814 excipit

2114 763 2185 817 hil
2221 764 2531 835 prtedicant,
2574 786 2641 824 ne
2683 770 2800 826 ideo
2832 773 3096 839 turberis;
3133 792 3303 846 neque
3341 779 3484 833 enim
3515 780 3706 834 omnia

419 854 600 900 servat
626 843 833 901 insidiis
859 847 1175 916 impetitum.
1207 848 1389 921 Neque
1409 854 1548 909 enim
1572 865 1774 910 tantum
1807 859 1858 912 in
1885 859 2007 915 ﬁliis
2112 857 2505 928 praedixerunt,
2556 878 2729 932 neque
2765 865 2922 919 etiam
2977 869 3154 922 omnia
3206 843 3503 927 tacuerunt.
3546 872 3706 928 Sicut

417 936 757 1008 patriarchm,
787 938 882 994 sed
911 939 1071 994 etiam
1102 940 1155 995 in
1187 942 1412 997 Domino
1443 946 1551 1016 typi
1577 956 1631 1002 et
1655 947 1835 1019 ﬁgurae
1871 965 2004 1006 con-
2108 947 2251 1001 enim
2292 949 2436 1004 nulla
2466 965 2524 1006 re
2552 964 2675 1008 ante
2698 954 2875 1009 audita
2895 997 2910 1023 ,
2958 972 3045 1012 res
3075 957 3378 1028 hujusmodi
3406 973 3584 1032 gestas
3612 965 3702 1019 vi—

417 1030 673 1100 tigerunt.
702 1030 806 1087 Per
832 1046 893 1087 ea
914 1033 1056 1087 enim
1095 1049 1214 1103 quae
1237 1033 1307 1089 ab
1348 1036 1463 1106 ipso
1484 1047 1632 1108 gesta
1659 1048 1804 1107 sunt,
1836 1042 2003 1098 multa
2108 1037 2255 1103 dere,
2285 1056 2534 1111 magnum
2580 1056 2854 1115 stuporem
2874 1089 2889 1113 ,
2937 1066 3289 1122 magnamque
3339 1030 3705 1124 perturbatio-

416 1123 913 1193 przenuntiabantur
940 1140 1147 1191 eorum,
1179 1142 1298 1196 qua:
1327 1138 1508 1197 postea
1536 1140 1791 1203 eventura
1815 1143 2003 1188 erant:
2109 1145 2229 1186 nem
2276 1135 2573 1203 peperisset
2604 1154 2618 1193 :
2664 1139 2742 1194 sic
2770 1140 2813 1193 si
2847 1142 3024 1196 omnia
3067 1143 3377 1200 didicissent
3418 1148 3699 1205 auditores

414 1215 558 1285 quod
576 1225 629 1270 ct
648 1217 703 1270 in
732 1217 880 1271 asina
908 1227 961 1272 et
986 1219 1036 1271 in
1068 1218 1212 1287 pullo
1237 1218 1434 1275 facttnn
1463 1231 1564 1277 est.
1594 1225 1826 1293 Angelus
1844 1224 2005 1296 igitur
2106 1221 2385 1280 dortnituri
2430 1238 2613 1291 erant,
2658 1246 2758 1287 nec
2805 1233 3090 1303 quidquam
3130 1239 3465 1308 evangeliStis
3504 1241 3700 1298 inisset

414 1307 507 1378 qui
533 1308 799 1378 apparuit,
833 1324 937 1363 non
969 1310 1208 1376 Mariam,
1239 1311 1335 1367 sed
1355 1312 1644 1384 Iosephum
1673 1315 1997 1387 alloquitur:
2106 1315 2369 1371 relictum.
2402 1319 2553 1386 Quod
2594 1322 2639 1375 si
2684 1322 2751 1377 de
2791 1324 3066 1393 prophetia
3110 1307 3382 1400 ambigunt
3408 1330 3574 1387 Judaei
3606 1333 3697 1388 di-

414 1407 465 1451 ct
499 1398 624 1466 quid
653 1398 816 1453 dicit?
863 1399 1089 1472 Surgam
1119 1404 1291 1473 accipe
1318 1420 1531 1475 puerum
1568 1416 1618 1462 et
1655 1418 1867 1465 matrem
1890 1411 2001 1477 eius
2103 1416 2309 1474 centes,
2343 1409 2472 1466 illud
2493 1452 2509 1477 ,
2542 1410 2628 1467 Ea:
2667 1412 2900 1487 Ερνρεο
2943 1418 3113 1472 vocavi
3154 1398 3317 1488 ﬁlium
3362 1439 3523 1476 meum
3547 1465 3561 1484 ,
3619 1424 3695 1479 de

414 1488 637 1560 (Matth.
664 1492 715 1545 l.
748 1490 866 1561 20).
910 1493 1005 1548 llic
1032 1510 1137 1549 non
1166 1496 1302 1551 ultra
1327 1497 1473 1561 dicit,
1507 1497 1784 1573 Conjugem
1823 1512 1947 1559 tuam

2101 1497 2293 1568 scipsis
2321 1501 2338 1531 ⁸
2383 1500 2586 1558 dictum
2634 1519 2755 1560 esse
2801 1523 2814 1559 :
2864 1509 3303 1578 respondebimus
3352 1513 3495 1579 illis,
3545 1514 3695 1570 hunc

409 1580 530 1646 sed,
556 1576 775 1637 Matrem
803 1585 931 1654 ejus.
958 1584 1090 1651 Quia
1121 1589 1263 1642 enim
1295 1598 1479 1659 partus
1500 1593 1738 1664 contigit,
1766 1596 1998 1667 suspicio
2100 1587 2259 1644 etiam
2291 1605 2410 1646 esse
2440 1592 2735 1663 prophetia:
2766 1576 2993 1665 morem,
3024 1612 3085 1654 ut
3114 1602 3276 1657 multa
3308 1619 3451 1675 sarpe
3477 1606 3544 1661 de
3563 1607 3693 1665 aliis

410 1672 586 1728 soluta
615 1680 718 1738 est,
750 1683 804 1728 et
834 1675 947 1728 viro
976 1676 1108 1731 ﬁdes
1135 1676 1271 1733 facta
1299 1688 1403 1744 est,
1433 1682 1602 1738 libere
1621 1683 1732 1754 jam
1765 1685 1997 1758 loquitur
2097 1679 2363 1745 dicantur.
2393 1695 2448 1741 et
2489 1687 2539 1740 in
2587 1688 2707 1744 aliis
2734 1688 3077 1760 impleantur,
3126 1694 3284 1764 quale
3311 1672 3437 1751 illud
3473 1698 3541 1754 de
3575 1699 3688 1771 Sy-

411 1764 656 1834 angelus,
689 1782 863 1838 neque
889 1768 1052 1823 lilium
1080 1787 1256 1841 neque
1293 1775 1572 1844 conjuge")
1622 1778 1737 1847 ejus
1778 1779 1994 1849 dicens;
2098 1786 2255 1828 meon
2302 1783 2357 1829 et
2383 1773 2510 1830 chi
2553 1776 2750 1833 dictum
2783 1800 2797 1834 :
2825 1779 3064 1836 Dividam
3098 1801 3183 1839 eos
3224 1786 3277 1839 in
3318 1785 3500 1854 Iacob,
3523 1800 3571 1845 et
3596 1764 3686 1844 tli-

408 1857 528 1925 sed,
559 1857 785 1914 Puerum
811 1870 859 1914 et
888 1871 1096 1916 matrem
1116 1864 1257 1933 ejus;
1282 1876 1329 1919 et
1349 1868 1469 1938 fuge
1487 1869 1538 1922 in
1565 1869 1888 1941 ZEgyptum;
1916 1876 1998 1928 tu-
2095 1882 2331 1939 sperauit:
2354 1885 2445 1923 eos
2489 1870 2543 1925 in
2587 1870 2754 1926 Israel
2781 1876 2798 1943 (
2821 1872 2947 1930 Gen.
2974 1875 3065 1930 49.
3091 1877 3122 1931 7
3146 1876 3167 1949 )
3198 1896 3213 1932 :
3240 1878 3291 1933 id
3317 1880 3459 1935 enim
3490 1898 3596 1938 non
3628 1884 3683 1939 in

407 1962 597 2019 gmque
639 1965 853 2007 causam
904 1951 1052 2008 addit
1084 1972 1097 2008 :
1129 1954 1382 2011 Futurum
1422 1970 1493 2013 est
1533 1962 1687 2028 enim,
1718 1965 1903 2033 inquit,
1940 1977 1993 2020 ut
2094 1952 2245 2027 ipsis.
2279 1960 2375 2017 sed
2414 1961 2466 2016 in
2496 1963 2727 2033 posteris
2757 1980 2942 2021 eorum
2976 1967 3248 2037 impletum
3293 1984 3378 2027 est
3410 1990 3424 2028 :
3456 1983 3510 2028 et
3549 1975 3683 2030 illud

412 2038 646 2097 Herodes
667 2055 861 2113 quterat
884 2047 1107 2102 animum
1133 2050 1297 2119 pueri.
2091 2051 2232 2125 quod
2260 2052 2327 2108 de
2351 2052 2604 2112 Chanaan
2631 2073 2659 2110 a
2690 2057 2803 2114 Noe
2829 2063 3222 2129 pronuntiatum
3253 2073 3335 2119 est
3353 2107 3368 2130 ,
3413 2066 3686 2124 Gabaoni-

2092 2144 2160 2199 tis
2188 2160 2253 2200 ex
2298 2147 2466 2218 stirpe
2497 2148 2770 2206 Chanaani
2801 2153 3042 2224 contigit.
3088 2156 3241 2222 Quod
3272 2156 3445 2226 ipsum
3474 2158 3682 2217 Jacobo

469 2222 1276 2296 3.Josepltilaus.—-llisauditis
1290 2230 1488 2302 Josepn
1506 2249 1610 2288 non
1626 2234 1857 2291 oﬂ'ensus
1880 2248 1982 2305 est,
2090 2235 2251 2291 etiam
2298 2239 2557 2296 accidisse
2601 2222 3018 2312 deprehenditur
3050 2264 3062 2299 :
3092 2222 3489 2307 benedictiones
3529 2254 3678 2309 enim

397 2334 572 2391 neque
607 2320 741 2377 dixit
770 2340 784 2376 :
826 2322 1074 2394 Enigma
1121 2335 1204 2380 est
1239 2324 1362 2380 hoc.
1405 2326 1484 2381 Tu
1515 2343 1683 2397 nuper
1720 2329 1935 2387 dicebas
1966 2350 1982 2389 :
2089 2325 2213 2395 illae,
2243 2327 2366 2385 Esto
2394 2332 2629 2389 dominus
2649 2336 2823 2406 fratris
2855 2337 2966 2403 tui,
3001 2349 3047 2394 et
3084 2340 3295 2394 adorent
3318 2352 3366 2396 te
3385 2344 3478 2412 ﬁlii
3517 2348 3680 2415 patris

397 2410 608 2466 Salvum
624 2413 1984 2492 facietpopulumruumUIattlt.L21):nuncautem
2087 2420 2162 2473 tui
2204 2418 2374 2493 (Gen.
2412 2424 2504 2478 27.
2554 2424 2695 2496 29).
2744 2442 2848 2482 non
2881 2429 2935 2484 in
2967 2430 3081 2499 ipso
3119 2430 3277 2487 linem
3322 2410 3675 2507 acceperunt,

394 2514 495 2557 nec
533 2502 766 2572 seipsum
800 2512 974 2573 potest
1001 2520 1251 2573 servare,
1288 2506 1382 2561 sed
1404 2505 1524 2577 fuga
1552 2509 1705 2564 nobis
1734 2520 1820 2566 est
1849 2527 1985 2582 opus
2085 2512 2107 2580 (
2134 2513 2403 2581 quomodo
2448 2517 2595 2572 enim
2632 2517 2699 2571 ad
2753 2518 2926 2588 ipsum
2980 2525 3267 2591 pertineat,
3319 2527 3409 2597 qui
3452 2502 3674 2586 lratretn

392 2602 446 2648 et
466 2594 892 2665 peregrinatione
911 2611 974 2652 ac
992 2595 1275 2669 longinqua
1308 2600 1770 2672 transmigratione
1793 2604 1817 2659 ?
1844 2605 1984 2661 Con-
2087 2602 2307 2659 timebat
2330 2607 2715 2677 tremebatque,
2749 2626 2812 2666 ac
2830 2616 3134 2671 sexcenties
3163 2594 3603 2687 ipsum'adoravit
3622 2627 3674 2695 1’)

390 2684 549 2739 traria
570 2696 695 2740 sunt
723 2685 837 2741 hac
862 2689 1199 2756 promissioni
1229 2699 1350 2745 tum.
1380 2690 1487 2747 Sed
1514 2692 1646 2750 nihil
1673 2695 1977 2766 hujusmodi
2082 2694 2176 2750 sed
2214 2696 2284 2751 de
2323 2697 2474 2767 prole
2508 2698 2625 2770 ejus
2650 2700 2851 2757 dictum
2895 2715 2995 2758 est.
3039 2684 3194 2775 Quod
3228 2711 3387 2766 etiam
3419 2712 3522 2769 hoc
3548 2684 3675 2773 loco

389 2774 567 2841 dixit;
598 2775 767 2832 lldclis
797 2779 940 2833 enim
986 2782 1067 2834 vir
1100 2788 1257 2847 erat;
1290 2798 1463 2853 neque
1492 2787 1814 2841 reversionis
1844 2796 1978 2843 tem-
2082 2784 2187 2843 dici
2215 2787 2402 2859 possit.
2431 2788 2563 2857 Quis
2584 2791 2728 2846 enim
2760 2794 2944 2849 verius
2974 2774 3231 2856 Deirlilius
3256 2802 3465 2860 dicatur
3493 2824 3509 2857 :
3533 2824 3599 2863 an
3623 2810 3673 2864 is

388 2880 490 2936 pus
513 2866 749 2937 inquirit,
771 2868 1506 2942 etiatnsiangelusindeﬁnite
1532 2875 1782 2947 loquutus
1801 2892 1973 2946 esset;
2080 2891 2171 2959 qui
2216 2890 2436 2946 mulum
2484 2892 2744 2960 adoravit,
2772 2904 2828 2952 et
2873 2897 3222 2972 Beelphegori
3271 2904 3507 2961 initiatus
3552 2917 3665 2975 est,

388 2973 513 3015 nam
553 2960 674 3014 ait:
706 2958 828 3014 Esto
854 2961 921 3014 ibi
947 3003 962 3026 ,
1008 2964 1286 3033 usquedum
1313 2966 1477 3019 dicant
1507 2968 1618 3022 tibi.
1662 2968 1856 3025 Verum
1887 2972 1976 3030 ille
2078 2958 2278 3050 quique
2321 2981 2461 3039 filios
2503 3000 2630 3042 suos
2677 2958 2961 3048 daemoniis
3000 2958 3305 3051 immolavit
3328 3013 3345 3063 ;
3372 2958 3528 3053 vis

388 3065 498 3105 non
534 3050 659 3106 ideo
685 3050 903 3121 segnior
942 3051 1113 3109 factus
1141 3064 1256 3120 est,
1289 3056 1382 3111 sed
1423 3067 1575 3128 paret
1611 3068 1666 3115 et
1698 3061 1975 3133 obtempe—
2079 3082 2269 3126 natura
2318 3072 2459 3129 illius
2507 3086 2657 3145 erat,
2702 3091 2757 3134 et
2797 3081 3095 3152 genitorem
3124 3050 3402 3143 honoravit
3431 3050 3663 3161 ‘lltaquuz

386 3152 489 3205 rat,
523 3144 951 3216 tentationesque
976 3161 1165 3201 omnes
1189 3162 1310 3201 cum
1339 3150 1532 3218 gaudio
1557 3152 1767 3209 tolerat.
1794 3156 1976 3212 Enim-
2078 3162 2180 3216 nisi
2222 3163 2309 3219 hic
2336 3144 2669 3237 advenisset,
2704 3144 2981 3245 prophetia
3014 3175 3230 3248 dignum
3277 3195 3383 3236 non
3414 3144 3659 3239 habitura

384 3250 514 3298 vero
541 3235 799 3307 benignus
831 3238 970 3293 Dens
998 3239 1082 3293 his
1110 3239 1377 3296 laboribus
1416 3242 1594 3301 dulcia
1627 3250 1839 3303 miscuit
1873 3268 1888 3305 :
1920 3253 1972 3307 id
2076 3251 2236 3311 ﬁnem
2258 3268 2395 3313 erat.

378 3340 521 3404 quod
550 3339 708 3392 etiam
736 3339 790 3393 in
827 3343 1025 3398 sanctis
1057 3345 1303 3402 omnibus
1345 3356 1593 3405 observat
1625 3370 1638 3406 :
1668 3370 1842 3425 neque
1867 3373 1960 3428 pe-

374 3427 565 3496 ricula,
598 3444 771 3502 neque
796 3433 1027 3503 quietem
1055 3438 1364 3492 continuam
1395 3452 1611 3510 prmstat
1638 3485 1653 3509 ,
1683 3446 1774 3501 sed
1805 3427 1961 3506 ethis
2247 3430 2379 3529 Y'dc
2431 3451 2558 3508 ενεο
2612 3444 2882 3511 (Ιυοῐηοάο
2940 3447 3043 3505 hoc
3108 3452 3280 3522 ipsum
3333 3459 3661 3529 evangelista

373 3531 430 3576 α
465 3522 569 3580 mis
610 3527 915 3596 permixtim
951 3532 1139 3600 positis
1186 3534 1349 3588 vitam
1392 3535 1660 3605 iustorum
1702 3542 1956 3598 ordinm:
2074 3521 2376 3581 subindicet
2403 3528 2609 3599 dicens,
2646 3533 2716 3590 Ut
2759 3538 3073 3611 impleretur,
3112 3521 3401 3606 ostendens
3431 3556 3531 3607 nisi
3565 3572 3663 3611 ve-

372 3611 427 3667 ω
454 3614 596 3684 quod
623 3617 783 3673 etiam
824 3618 911 3675 hic
930 3620 1055 3677 fecit
1088 3640 1102 3677 τ
1134 3623 1293 3695 idque
1336 3630 1631 3697 perpendas
1661 3631 1841 3687 velim.
1875 3633 1963 3689 γε,
2073 3612 2257 3681 nisset,
2291 3632 2397 3674 non
2444 3621 2772 3693 implendum
2819 3629 2948 3687 illud
2975 3634 3160 3692 fuisse.
3210 3640 3320 3696 lIoc
3359 3659 3485 3701 vero
3530 3646 3656 3701 Vir-

369 3702 467 3762 det
499 3707 589 3764 ille
608 3707 880 3781 Virginem
907 3723 1116 3771 uterum
1145 3728 1441 3787 gestantem
1472 3740 1485 3776 :
1516 3737 1577 3776 ea
1606 3723 1672 3778 de
1697 3740 1755 3781 re
1784 3727 1958 3781 turha-
2068 3706 2247 3775 8ί¹¹θ¹¹¹
2289 3710 2458 3779 ipsam
2504 3732 2610 3772 ¹¹⁰¹¹
2653 3722 2993 3781 mediocriter
3020 3728 3219 3786 Claram
3246 3733 3411 3791 eme“
3435 3748 3489 3793 θι
3529 3739 3658 3794 mu"

369 3804 480 3864 tur,
503 3807 561 3854 et
580 3798 865 3858 admodum
887 3805 1077 3861 anxius
1101 3818 1183 3861 est
1206 3825 1220 3861 :
1243 3809 1535 3865 adulteram
1560 3815 1702 3868 enim
1732 3817 1957 3885 puellam
2067 3806 2251 3854 δινθιηο
2298 3802 2429 3859 Νίιηι
2460 3810 2603 3877 (Ιίοά
2634 3820 2777 3869 ιοιυε
2821 3819 3047 3885 Ροβυίυε
3089 3826 3317 3881 θηεοηιῖὶ
3348 3827 3466 3882 loco
3487 3830 3657 3886 habe-

368 3905 492 3946 esse
533 3894 943 3963 suspicabatur;
989 3898 1085 3953 sed
1126 3901 1305 3955 statim
1347 3903 1550 3959 adstitit
1576 3907 1797 3977 angelus
1822 3950 1836 3973 ,
1868 3911 1947 3980 qui

2092 3900 2173 3989 tat,
2229 3895 2330 3950 hoc
2376 3897 2546 3967 ipsum
2600 3903 2797 3961 habere
2826 3912 2999 3979 potuit
3037 3923 3091 3969 et
3121 3916 3256 3986 ipsa.
3304 3920 3455 3989 Quod
3503 3925 3651 3981 enim

367 3982 727 4052 suspicionem
750 3987 983 4043 solveret
1011 4005 1074 4045 ac
1105 4002 1301 4046 metum
1333 3994 1655 4051 eliminaret.
1709 3999 1844 4054 Cum
1875 4004 1953 4056 vi-
2062 3984 2227 4041 31W“
2272 3992 2551 4061 sallieha"t
2594 4007 2648 4052 ει
2699 4014 2821 4056 sese
2867 4002 3143 4072 Ῑτιοιθίλπηι
3196 4012 3265 4067 0b
3306 4014 3532 4070 reditum
3577 4035 3646 4074 ex

366 4072 447 4128 dit
465 4084 644 4131 natum
676 4091 918 4146 puerum,
944 4080 1139 4151 gaudio
1168 4099 1362 4155 magno
1385 4087 1632 4155 perfusus
1663 4098 1748 4144 est
1785 4109 1799 4145 :
1828 4108 1947 4147 rur-

2092 4074 2317 4175 ligypto,
2356 4083 2375 4151 (
2408 4084 2458 4137 id
2511 4087 2651 4157 quod
2700 4092 3043 4152 subindicans
3090 4101 3341 4168 pmphela
3390 4072 3643 4175 dicebat,

364 4179 591 4236 sumque
625 4169 874 4239 gaudium
918 4171 1222 4241 hujusmodi
1264 4177 1555 4245 periculum
1583 4197 1689 4235 non
1722 4198 1947 4252 parvum

2092 4168 2247 4226 Vomte
2284 4176 2591 4248 alienigenas
2633 4184 2828 4238 adduxi
2865 4188 2929 4240 de
2962 4187 3308 4260 Cappadocia,
3332 4207 3380 4251 et
3412 4168 3647 4270 Assyrios

364 4261 599 4332 excipit,
638 4262 855 4320 civitate
902 4267 1208 4335 perturbata
1235 4309 1251 4334 ,
1294 4284 1358 4324 ac
1400 4286 1526 4342 rege
1554 4272 1786 4343 furente,
1824 4293 1947 4348 pue

2092 4264 2287 4361 afforet:
2312 4267 2376 4361 ξ)
2423 4271 2440 4339 (
2470 4274 2623 4327 Amos
2657 4274 2710 4330 9.
2741 4277 2797 4347 7)
2852 4279 2977 4334 illud
3028 4283 3195 4352 ipstnn
3235 4261 3643 4361 praerogativam

364 4367 591 4424 rumque
619 4357 978 4426 perquirente.
1030 4359 1100 4413 At
1141 4361 1596 4431 perturbationem
1630 4366 1776 4422 illam
1808 4370 1947 4423 aliud

2092 4354 2289 4426 ’irginis
2316 4360 2458 4417 facit.
2488 4362 2599 4419 Imo
2625 4383 2755 4423 vero
2784 4380 2837 4425 et
2867 4375 3091 4441 populus
3116 4386 3169 4432 et
3210 4353 3504 4447 patriarcha
3537 4385 3637 4440 tle-

363 4445 615 4514 gaudium
642 4447 861 4519 exeipit,
889 4449 1043 4505 stella
1069 4467 1277 4522 nempe,
1303 4463 1358 4509 et
1388 4470 1661 4526 magorum
1687 4458 1942 4515 adat-alio,
2053 4449 2371 4507 scendentes
2397 4464 2451 4508 et
2475 4458 2824 4517 ascendentes
2880 4464 3020 4531 inde,
3068 4468 3218 4525 istius
3255 4488 3512 4529 ascensus
3539 4493 3640 4534 seu

365 4542 579 4600 Rursus
622 4561 752 4601 γει-ο
794 4557 918 4617 post
955 4547 1097 4603 hanc
1122 4549 1383 4613 ικιίιίαηι,
1428 4550 1590 4605 timor
1629 4565 1693 4605 ac
1718 4549 1940 4620 pericu-
2051 4540 2253 4596 reditus
2289 4553 2470 4616 typum
2504 4547 2815 4617 implebant.
2858 4555 2990 4612 Nam
3030 4560 3105 4615 illi
3131 4561 3544 4634 descenderunt,
3577 4581 3640 4627 ut

364 4634 511 4690 tum;
547 4634 934 4706 Qnmmenim,
961 4639 1174 4709 inquit,
1204 4638 1444 4697 Herodes
1484 4642 1719 4696 animam
1753 4641 1938 4711 pueri;
2050 4643 2277 4688 mortem
2327 4651 2395 4691 ex
2426 4637 2567 4696 fame
2612 4643 2977 4704 imminentem
3023 4652 3352 4724 ellugcrent;
3382 4659 3466 4716 hic
3505 4677 3638 4719 vero

364 4724 673 4797 iterumque
748 4727 1061 4799 fugiendum
1142 4739 1227 4785 est
1303 4742 1358 4786 et
1440 4731 1940 4802 transmigrandum
2048 4733 2107 4777 ut
2132 4725 2322 4780 vitaret
2355 4740 2583 4786 mortem
2608 4733 2816 4793 insidiis
2842 4751 3102 4809 paratam.
3132 4746 3633 4809 Atillieovcnien-

365 4819 609 4878 humano
671 4839 854 4889 more;
927 4823 1170 4879 ηοηάυιη
1245 4824 1391 4879 enim
1458 4824 1721 4879 miracula
1782 4822 1942 4879 edere
2047 4823 2127 4870 tes
2154 4832 2219 4872 ex
2248 4818 2415 4886 fame,
2445 4831 2571 4879 tunc
2597 4826 2807 4884 liberati
2846 4842 3009 4900 sunt;
3056 4836 3147 4892 ille
3176 4854 3309 4896 vero
3352 4852 3412 4897 ut
3438 4860 3504 4899 eo
3528 4846 3630 4903 de-

367 4917 669 4985 οροηεωι,
761 4912 896 4971 Nam
941 4917 988 4970 si
1037 4932 1067 4971 a
1111 4916 1286 4988 prima
1338 4924 1493 4971 male
1530 4915 1794 4970 miracula
1819 4914 1936 4970 edi-
2043 4908 2269 4976 scendit,
2301 4913 2573 4982 regionem
2606 4927 2769 4975 totam
2802 4937 2900 4993 per
2926 4924 3211 4984 adventum
3243 4947 3395 4987 suum
3423 4939 3628 4993 sancti-

366 5005 555 5074 disset,
587 5008 749 5063 homo
776 5024 883 5063 non
908 5009 1146 5064 creditus
1178 5008 1391 5065 fuisset.
1426 5006 1647 5064 “Idcirco
1676 5007 1937 5065 non-sim—

2092 5001 2236 5056 :avit.
2263 5002 2583 5066 Consideres
2608 5009 2787 5082 itaque
2818 5015 2977 5071 velim
2998 5022 3267 5089 quomodo
3288 5025 3426 5081 inter
3453 5027 3627 5083 humi-

366 5099 579 5170 pliciter
606 5102 861 5171 templum
888 5101 1174 5170 formatur,
1199 5103 1291 5157 sed
1312 5103 1645 5157 uteritumor
1663 5101 1937 5171 conspici-
2038 5091 2107 5146 ¹ί³
2132 5110 2259 5189 fill}?
2284 5096 2353 5189 _9d
2391 5098 2717 5158 ἀίνίηίιθίθηι
2747 5108 3017 5176 Ρθτίίηθηῑ
3050 5117 3373 5173 τενειθηιηΐο
3414 5121 3621 5176 Είοηίηι

366 5197 474 5254 tur,
496 5199 550 5243 et
578 5206 766 5246 novem
802 5194 1069 5249 mensium
1092 5194 1352 5263 spatium,
1386 5201 1439 5247 et
1461 5203 1673 5264 partus,
1704 5201 1758 5248 et
1778 5193 1936 5248 lactls
2035 5184 2156 5238 cum
2187 5184 2321 5241 ἀίιίι
2346 5190 2605 5260 αηεθιυδ,
2638 5191 2785 5266 Fuge
2809 5198 2863 5252 ίη
2905 5198 3212 5273 ἐπρίω»
3249 5223 3353 5263 "0"
3375 5214 3625 5280 ῐποηιίδίι

365 5282 778 5348 nutrimentum,
809 5285 963 5354 quies
992 5301 1088 5355 per
1115 5287 1343 5341 multum
1380 5285 1663 5356 temporis;
1693 5294 1825 5341 tetas
1851 5285 1935 5339 vi-

365 5368 487 5424 rilis
516 5377 881 5440 exspectatur,
914 5382 975 5426 ut
1004 5390 1102 5443 per
1129 5377 1310 5429 omnia
1339 5375 1589 5430 cridibile
1612 5376 1934 5429 redderetur
2109 5397 2127 5428 ι
2161 5398 2346 5459 “ore!”
2367 5401 2429 5453 de
2447 5408 2631 5470 “ipsis,
2653 5414 2707 5462 ut
2730 5410 2779 5463 in
2800 5420 2953 5469 rem].
2983 5420 3121 5473 savii.
3164 5426 3227 5477 de
3243 5426 3330 5480 mo
3366 5440 3419 5484 ω

367 5460 685 5504 mennnmim
714 5462 1046 5504 mvemrinnL
1079 5464 1193 5504 nim
1223 5480 1352 5504 nron
1381 5467 1448 5504 An
1484 5480 1644 5504 oniten
1694 5464 1909 5504 inanima
2043 5454 2192 5504 bene.
2228 5468 2338 5504 Nam
2370 5473 2635 5504 Spmmrlnm
2670 5476 2880 5504 ηιιεηιηηη
2917 5482 3087 5504 unum-
3112 5465 3149 5504 .1
3225 5497 3237 5504 .
3293 5493 3302 5504 .
3334 5469 3363 5504 ‘.
3418 5449 3633 5504 Ium‘lue

367 5460 685 5515 teconomiae
714 5462 1050 5533 mysterium.
1079 5464 1195 5530 Qua
1223 5480 1352 5537 ergo
1381 5467 1448 5521 de
1484 5480 1669 5529 causa,
1694 5464 1932 5535 inquies,
2039 5454 2192 5558 ξῖξξξιάυο
2216 5454 2881 5558 ,ξξξιὶξιὶξεεξιωὲτὲξςςξῃ
2915 5454 3633 5558 iecii'm'iéfni‘“iﬁi‘éiubi'ég'ﬁi‘ffi

770 5515 789 5533 δ
946 5515 968 5517 '
1088 5515 1195 5530 'V'"
1229 5515 1346 5537 "0“
1386 5515 1446 5521 “'
1488 5515 1668 5529 ‘—“""
1696 5515 1932 5535 ""l—""
2356 5534 2363 5542 .
2509 5515 2635 5520 ‘“""
2670 5515 2881 5548 ις’-ν’,νιυ
2915 5515 3175 5538 ινυιιυιιειιι
3216 5515 3366 5544 δυυξυι
3397 5515 3629 5558 υιρεξυεηι

365 5548 485 5607 haec
513 5551 583 5607 ab
631 5553 785 5609 initio
836 5553 977 5609 facta
1014 5563 1142 5610 sunt
1171 5556 1366 5627 signa?
1412 5556 1638 5627 Propter
1666 5562 1892 5610 matrem
1916 5595 1933 5623 ,
2038 5515 3507 5675 3,13,},gxpéﬁ?$c£c$:oﬁm$£f"m’$zﬂpz‘grmi
3508 5580 3629 5676 (ξδ’

365 5651 585 5680 hmnlnr
611 5640 901 5680 lncnnhnni
947 5652 1168 5680 nmnlnm
1199 5646 1505 5680 Qimmnn-n
1528 5645 1746 5680 iamiam
1773 5647 1908 5680 unan
2036 5640 2153 5680 f‘llm
2178 5646 2341 5680 nrinrn
2361 5662 2585 5680 Μινυέων-..ι
2626 5658 2823 5680 Δ..ι-,,,,,
2983 5642 2998 5669 ²
3543 5631 3623 5680 ποί.

363 5651 585 5715 propter
610 5640 925 5712 Josephum,
947 5652 1168 5711 propter
1199 5646 1505 5704 Simeonem
1523 5645 1747 5719 jamjatn
1772 5647 1911 5702 mori
2036 5640 2153 5695 Cum
2176 5640 2341 5709 priore
2361 5640 2590 5707 consensi
2614 5640 2845 5714 Ᾰῖὶὶὶιῖιὶξξ

598 5864 645 5887 ἁ·
