3872 6280
170 287 224 342 8;
789 305 851 359 δ.
890 306 1175 359 wAmms
1210 306 1707 361 cumsosmm
1741 305 2061 359 ABCUIEI’.
2098 304 2639 363 CONSTANTINOP.
3311 292 3381 350 86

170 399 248 451 καί
300 396 589 469 περιφανῆ,
633 395 964 469 πρόσταγμα
1021 396 1326 469 πληροῦντα
1373 400 1705 451 δεσποτικον·

168 489 262 543 ἀλλ’
306 488 440 559 ἔχων
493 487 646 541 τοῦτο
708 488 767 541 τὸ
816 490 1134 562 ὑπόδειγμα,
1172 491 1341 564 φέρῃς
1372 490 1548 543 πάντα
1585 507 1707 559 γεν-

169 581 325 642 ναίως.
355 578 511 641 εἰδὼς
551 580 627 633 ὅτι
667 580 900 650 μάλιστα
936 581 1074 652 αὑτη
1116 582 1221 635 τῶν
1252 583 1631 651 πνευματικῶν
1672 584 1704 653 ἡ

168 668 424 723 ἀκολουθία
452 669 590 734 ἐστὶ,
624 669 686 722 16
716 669 989 740 πανταχοῦ
1030 672 1367 741 πειρασμοὺς
1405 668 1706 741 συγκεκλη-

169 758 415 830 ρωμένους
456 757 619 827 ἔχειν.
652 758 794 828 Ὅρα
828 758 959 827 γοῦν
991 760 1089 812 οὑκ
1118 760 1209 811 ἐπὶ
1246 760 1343 830 τῆς
1378 760 1581 830 μητρὸς
1614 760 1707 813 καὶ

166 850 241 903 τοῦ
280 850 322 878 ⁷⁸
357 849 572 902 παιδίου
612 849 771 903 τοῦτο
796 851 1076 920 γινόμενον
1112 851 1289 921 μόνον,
1320 851 1455 906 ἀλλά
1490 852 1582 905 καὶ
1616 853 1707 905 ἐπὶ

166 946 253 999 τῶν
280 946 566 1019 βαρϐάρων
601 949 842 1003 ἐκείνων.
874 950 983 1005 Καὶ
1013 949 1117 1023 γάρ
1152 952 1345 1004 ἐκεῖνοι
1377 949 1551 1023 λάθρα
1574 952 1706 1005 ἀνα-

167 1038 399 1110 χωροῦσιν
437 1041 498 1093 ἐν
524 1040 671 1108 τάξει
707 1042 979 1111 φυγάδων·
1023 1043 1114 1096 καί
1152 1042 1290 1113 αὕτη
1334 1043 1514 1107 πάλιν,
1556 1042 1704 1097 0666—

312 1130 405 1201 τὴν
446 1131 626 1185 οἰκίαν
669 1132 974 1203 ὑπερϐᾶσα,
1016 1133 1232 1205 μακρὰν
1264 1132 1406 1188 οὕτω
1440 1134 1707 1187 ταλαιπω-

166 1221 263 1289 ρίας
302 1223 414 1275 ὁδὸν
455 1223 753 1294 ὑπομένειν
800 1223 1099 1289 κελεύεται,
1140 1224 1227 1279 διὰ
1263 1224 1353 1278 16v
1398 1222 1706 1296 θαυμαστὸν

162 1311 318 1366 τοῦτον
348 1315 505 1369 τόκον
539 1316 633 1369 καὶ
662 1315 759 1380 τὰς
802 1318 1174 1387 πνευματικὰς
1219 1316 1429 1381 ώδίνας.
1463 1318 1571 1369 Καὶ
1613 1316 1708 1370 θέα

168 1406 217 1457 16
249 1408 540 1478 παράδοξον
586 1408 769 1463 πάλιν.
818 1410 1148 1481 Παλαιστίνη
1204 1411 1301 1483 μὲν
1350 1410 1704 1475 ἐπιϐουλεύει,

168 1497 405 1565 Δίγυπτος
452 1501 509 1554 δὲ
562 1500 882 1573 ὑποδέχεται
938 1502 1031 1556 καὶ
1070 1502 1320 1568 διασώζει
1367 1503 1455 1557 τὸν
1496 1503 1709 1557 ἐπιϐουο

166 1600 431 1669 λευόμενον.
458 1599 536 1653 Οὑ
562 1598 673 1671 γὰρ
698 1598 764 1670 δὴ
798 1599 955 1670 μόνον
983 1600 1074 1652 ἐπὶ
1100 1596 1208 1652 τῶν
1234 1596 1441 1651 παίδων
1471 1594 1566 1650 τοῦ
1597 1611 1703 1650 11¢-

164 1688 384 1759 τριάρχου
426 1687 593 1742 τύποι
623 1688 957 1750 συνέϐαινον,
992 1688 1129 1741 ἀλλά
1165 1688 1260 1741 καὶ
1292 1687 1377 1740 ἐπ’
1413 1686 1575 1740 αὑτοῦ
1607 1683 1702 1739 106

164 1782 413 1835 Δεσπότου.
450 1779 638 1833 Πολλά
666 1778 797 1849 γοῦν
820 1779 907 1833 διὰ
948 1780 1054 1833 τῶν
1098 1781 1188 1834 ὑπ’
1216 1779 1379 1834 αὑτοῦ
1408 1777 1704 1850 γινομένων

161 1872 255 1925 τότε
288 1870 793 1943 προανεκηρύττετο
833 1871 940 1924 τῶν
973 1871 1197 1944 ὕστερον
1230 1872 1547 1941 συμϐαίνειν
1577 1869 1704 1940 μελ-

162 1962 343 2015 λόντων·
369 1962 503 2032 ὅπερ
527 1958 627 2015 οὖν
653 1962 746 2014 καὶ
772 1961 866 2014 ἐπὶ
892 1960 992 2031 τῆς
1014 1961 1137 2015 δνου
1166 1960 1259 2014 καὶ
1282 1960 1375 2013 ἐπὶ
1404 1958 1497 2014 106
1523 1958 1701 2013 πώλου

161 2053 336 2121 γέγονε.
384 2054 583 2116 Φανεὶς
629 2053 809 2107 τοίνυν
855 2056 884 2107 6
932 2052 1183 2122 ἄγγελος,
1223 2053 1343 2124 ούχὶ
1384 2056 1451 2124 τῇ
1492 2052 1700 2125 Μαρίᾳ,

162 2145 270 2197 ἀλλὰ
315 2145 387 2215 τῷ
438 2142 644 2214 Ἰωσὴφ
687 2143 1010 2213 διαλέγεται·
1058 2145 1150 2197 καὶ
1180 2143 1235 2195 τί
1275 2161 1474 2214 φησιν;
1511 2144 1703 2213 Ἐγερ-

161 2236 257 2301 θεὶς
285 2236 589 2305 παράλαϐε
622 2235 687 2291 τὸ
726 2235 965 2289 παιδίον
990 2235 1087 2290 καί
1114 2236 1229 2303 τὴν
1248 2235 1474 2304 μητέρα
1494 2235 1697 2289 αὐτοῦ.

171 2326 395 2380 Ἐνταῦθα
444 2326 638 2381 οὑκέτι
677 2326 846 2394 λέγει,
902 2330 1020 2394 Τὴν
1071 2326 1329 2397 γυναῖκα
1371 2343 1505 2390 σου,
1542 2325 1698 2390 ἀλλὰ,

165 2417 256 2483 Τὴν
296 2417 514 2487 μητέρα
568 2416 784 2472 αὑτοῦ.
832 2416 1048 2488 Ἐπειδὴ
1100 2417 1209 2489 γὰρ
1243 2419 1272 2471 6
1320 2417 1476 2480 τόκος
1519 2416 1700 2488 ἐξέϐη,

162 2507 234 2559 καὶ
283 2510 311 2578 η
357 2508 564 2578 ὑποψία
614 2507 801 2578 ἐλύθη,
844 2507 937 2561 καὶ
981 2507 1009 2559 6
1056 2507 1193 2577 ἀνὴρ
1232 2507 1526 2578 ἐπιστώθη,
1564 2506 1701 2577 μετά

161 2599 426 2668 παρρησίας
470 2596 666 2651 λοιπὸν
706 2596 1007 2665 διαλέγεται
1046 2596 1075 2647 6
1105 2596 1354 2665 ἄγγελος,
1400 2595 1523 2649 οὕτε
1572 2614 1701 2649 παι-

158 2688 261 2754 δίον,
302 2690 417 2744 οὔτε
474 2692 720 2760 γυναῖκα
771 2686 934 2742 αὑτοῦ
972 2687 1170 2742 καλῶν·
1203 2688 1357 2753 ἀλλὰ,
1391 2688 1701 2756 Παρὰλα68

159 2780 209 2833 τὸ
260 2782 480 2837 παιδίον
538 2782 647 2836 καί
692 2780 806 2849 τὴν
840 2779 1067 2849 μητέρα
1106 2779 1327 2834 αὐτοῦ·
1380 2780 1477 2833 καί
1519 2780 1701 2850 φεῦγε

156 2872 220 2938 είς
239 2875 540 2942 Δίγυπτον·
594 2874 687 2928 καί
706 2872 805 2945 τὴν
824 2871 999 2926 αἰτίαν
1024 2870 1167 2939 λέγει
1192 2872 1285 2942 τῆς
1306 2871 1501 2942 φυγῆς·
1537 2870 1693 2925 Μέλ-

156 2964 225 3016 λει
251 2966 346 3032 πιίιρ
367 2968 399 3019 ό
429 2963 720 3033 Ἡρώδης,
769 2963 922 3035 φησί,
955 2960 1146 3031 ζητεῖν
1188 2963 1303 3031 τὴν
1342 2962 1555 3033 ψυχὴν
1586 2962 1695 3019 τοῦ

156 3052 371 3109 παιδίου.

208 3149 265 3211 γ’.
281 3143 452 3198 Ταῦτα
474 3143 724 3206 ἀκούσας
743 3144 774 3196 6
802 3141 997 3214 Ἰωσὴφ
1019 3142 1118 3196 οὑκ
1138 3142 1552 3215 ἐσκανδαλίσθη,
1574 3143 1693 3197 οὑδὲ

155 3229 289 3286 εἴην·
311 3237 539 3307 Δίνιγμα
574 3236 638 3289 16
664 3236 895 3307 πρᾶγμά
922 3236 1089 3288 ἐστιν·
1114 3236 1173 3289 οὑ
1195 3236 1241 3267 ⁷³
1264 3234 1454 3307 πρώην
1486 3235 1689 3305 ἔλεγες,

157 3321 370 3397 [1Ξ5]ὃτι
404 3328 574 3381 σώσει
601 3327 693 3381 τὸν
724 3327 852 3380 λαὸν
886 3326 1080 3391 αὑτού;
1113 3327 1203 3380 καὶ
1235 3326 1330 3380 νῦν
1351 3326 1471 3380 οὑδέ
1504 3328 1692 3380 ἐαυτὸν

156 3418 299 3481 σώζει,
336 3420 465 3474 ἀλλὰ
494 3422 683 3491 φυγῆς
715 3421 846 3490 ⁴ἡμῖν
886 3418 1062 3489 χρεία,
1095 3418 1188 3471 καὶ
1229 3418 1557 3489 ἀποδημίας,
1597 3419 1691 3472 καὶ

158 3514 332 3579 μακρᾶς
359 3512 747 3583 μεταστάσεως
774 3512 839 3542 ⁷⁸·
868 3510 1084 3563 ἐναντία
1116 3514 1180 3581 τῇ
1210 3511 1498 3581 ὑποσχέσει
1525 3510 1594 3564 τά
1613 3528 1691 3580 γι-

156 3603 331 3669 νόμενα.
380 3604 516 3657 Ἀλλ’
551 3602 714 3655 οὐδὲν
746 3601 948 3655 τούτων
990 3601 1156 3669 λέγει·
1192 3601 1379 3665 πιστὸς
1415 3602 1524 3673 γὰρ
1567 3597 1634 3674 ἦν
1661 3604 1690 3656 6

156 3692 278 3761 ἀνήρ·
308 3694 419 3747 οὑδὲ
452 3694 882 3765 περιεργάζεται
930 3693 1027 3762 τῆς
1052 3693 1309 3746 ἐπανόδου
1347 3694 1437 3746 τὸν
1476 3694 1684 3764 χρόνον,

154 3784 398 3839 καὶταῦτα
434 3785 529 3838 106
563 3784 800 3854 ἀγγέλου
835 3784 1152 3856 ἀδιορίστως
1181 3784 1339 3838 αὑτὸν
1363 3784 1683 3849 τεθεικότος·

158 3873 277 3938 Ἕως
303 3880 402 3944 γὰρ
427 3876 505 3945 ἂν
531 3877 685 3929 εἴπω
708 3891 827 3936 σοι,
869 3874 993 3927 ίσθι
1026 3872 1166 3928 ἐκεῖ.
1211 3872 1348 3925 Ἀλλ’
1387 3874 1535 3945 ὅμως
1567 3874 1687 3928 οὑδέ

156 3966 261 4035 πρὸς
280 3968 421 4021 τοῦτο
456 3967 786 4039 ἐνάρκησεν,
821 3964 934 4017 ἀλλ’
968 3964 1233 4018 ὑπακούει
1280 3964 1376 4017 καὶ
1416 3964 1684 4030 πείθεται,

157 4057 325 4122 πάντας
348 4060 481 4129 μετὰ
508 4058 689 4131 χαρᾶς
720 4057 845 4118 τοὺς
868 4058 1206 4129 πειρασμοὺς
1235 4056 1536 4127 ὑπομένων.
1576 4058 1683 4111 Καὶ

156 4164 237 4231 γάρ
268 4165 687 4237 όφιλάνθρωπος
718 4163 851 4228 Θεὸς
891 4166 1001 4226 τοῖς
1034 4162 1308 4225 ἐπιπόνοις
1345 4161 1552 4223 τούτοις
1590 4160 1684 4213 καὶ

155 4253 256 4319 ἡδέα
299 4257 559 4326 ἀνέμιξεν·
616 4257 755 4326 ὅπερ
807 4254 902 4309 και
954 4254 1046 4307 ἐπὶ
1099 4253 1313 4305 πάντων
1360 4251 1467 4303 τῶν
1513 4251 1681 4319 ἁγίων

158 4350 282 4406 ποιεῖ,
307 4348 419 4402 οὔτε
446 4352 577 4413 τοὺς
605 4347 905 4411 κινδύνους,
932 4344 1054 4399 οὔτε
1078 4344 1179 4407 τὰς
1205 4343 1416 4406 ἀνέσεις
1445 4345 1682 4412 συνεχεῖς

155 4436 305 4500 τιθεὶς,
340 4440 468 4493 ἀλλά
491 4440 589 4493 καὶ
614 4439 704 4492 διὰ
728 4436 933 4491 τούτων
964 4436 1057 4490 καὶ
1091 4435 1158 4489 δι’
1191 4434 1413 4488 ἐκείνων
1443 4434 1684 4502 ὑφαίνων

156 4528 222 4579 τὸν
248 4533 341 4584 τῶν
379 4534 600 4588 δικαίων
642 4532 775 4603 βίον.
810 4532 874 4585 Ὃ
917 4530 981 4600 δὴ
1012 4529 1107 4582 καὶ
1145 4525 1376 4580 ἐνταῦθα
1397 4526 1680 4594 πεποίηκε·

158 4622 309 4676 σκόπει
339 4626 460 4699 γάρ.
504 4623 629 4680 Εῐδε
664 4625 903 4678 κύουσαν
936 4622 1034 4695 τὴν
1065 4620 1359 4692 Παρθένον·
1401 4621 1481 4683 είς
1514 4635 1684 4689 ταρα-

157 4716 231 4783 χὴν
268 4719 413 4771 αὑτὸν
448 4718 671 4773 ἐνέϐαλε
709 4717 887 4783 τοῦτο,
918 4716 1012 4769 καὶ
1043 4714 1134 4767 τὸν
1168 4713 1393 4783 ἔσχατον
1436 4710 1680 4781 θόρυϐον·

158 4807 228 4860 ἐπὶ
262 4812 458 4884 μοιχείᾳ⁸
485 4812 596 4884 γὰρ
631 4811 729 4883 τὴν
759 4810 928 4882 κόρην
962 4808 1300 4861 ὑπώπτευεν·
1333 4803 1448 4858 ἀλλ’
1483 4802 1683 4867 εὑθέως

158 4899 319 4973 ἐπέστη
345 4904 371 4957 ό
398 4904 650 4973 ἄγγελος,
674 4902 777 4974 τήν
804 4919 863 4956 τε
894 4899 1128 4970 ὑποψίαν
1156 4897 1318 4963 λύων,
1350 4896 1444 4950 καὶ
1470 4894 1561 4949 τὸν
1590 4893 1685 4964 φό-

159 4987 228 5042 ϐον
252 4994 469 5066 ἀναιρῶν
494 4996 701 5049 τοῦτον·
733 4994 828 5047 καὶ
853 4992 912 5045 16
943 4990 1153 5045 παιδίον
1190 4988 1380 5059 τεχθὲν
1399 4986 1563 5059 δρῶν,
1588 5002 1685 5056 χα-

161 5080 234 5146 ρὰν
260 5085 605 5156 ἐκαρπώσατο
640 5084 922 5157 μεγίστην.
958 5082 1129 5137 Πάλιν
1157 5080 1255 5152 τὴν
1278 5078 1452 5152 χαράν
1478 5077 1683 5147 ταύτην

160 5173 355 5239 κίνδυνος
385 5178 441 5230 οὑ
484 5178 676 5249 μικρὸς
714 5176 1036 5247 διαδέχεται,
1062 5174 1162 5243 τῆς
1188 5172 1394 5235 πόλεως
1425 5185 1684 5241 1090110-

163 5264 311 5333 μένης.
359 5268 449 5321 καὶ
497 5269 591 5322 τοῦ
636 5268 901 5339 βασιλέως
947 5265 1294 5337 μαινομένου,
1338 5262 1431 5317 καὶ
1472 5261 1561 5315 τὸν
1589 5276 1680 5314 τε·

161 5352 317 5420 Χθέντα
337 5360 727 5432 ἐπιζητοῦντος.
768 5359 926 5413 Ἀλλά
948 5358 1038 5412 τὸν
1061 5356 1286 5429 θόρυϐον
1310 5352 1498 5409 τοῦτον
1521 5351 1681 5423 ἑτέρα

165 5446 291 5500 πάλιν
327 5451 583 5516 διεδέξατο
620 5450 782 5523 χαρά·
835 5453 863 5502 6
907 5449 1105 5521 ἀστὴρ,
1140 5448 1234 5501 καὶ
1274 5448 1308 5518 ή
1349 5444 1457 5499 τῶν
1492 5444 1680 5516 μάγων

164 5542 504 5615 προσκύνησις.
534 5545 702 5599 Πάλιν
747 5542 885 5615 μετά
922 5540 1021 5612 τὴν
1062 5539 1255 5611 ἡδονὴν
1286 5537 1489 5609 ταύτην
1520 5536 1682 5606 φόϐος

1830 402 1924 457 καὶ
1962 402 2220 465 κίνδυνος·
2250 401 2431 470 Ζητεῖ
2460 400 2589 471 γὰρ,
2629 400 2814 471 φησιν,
2860 398 3110 468 Ἡρώδης
3137 400 3253 464 thr
3277 404 3394 469 ψυ-

1830 492 1950 562 χὴν
1969 492 2074 546 τοῦ
2106 490 2365 545 παιδίου·
2394 493 2488 544 καὶ
2519 490 2596 543 δεῖ
2628 491 2816 559 φυγεῖν
2848 490 2941 543 καὶ
2972 489 3320 559 μεθίστασθαι
3346 491 3389 522 ⁷⁷

1828 585 2200 657 ἀνθρωπίνως.
2233 584 2676 653 Θαυματουργεῐν
2718 582 2828 652 γὰρ
2868 582 3003 645 τέως
3037 582 3137 635 οὑκ
3169 582 3293 636 ἔδει.
3328 585 3392 637 Εἰ

1827 676 1936 746 γὰρ
1969 677 2034 729 ἐκ
2063 676 2279 747 πρώτης
2317 675 2531 746 ἡλικίας
2560 673 2808 744 θαύματα
2837 671 3163 737 ἐπεδείξατο,
3189 673 3298 726 οὐδ’
3326 674 3392 728 ἂν

1826 766 2083 837 ἐνομίσθη
2120 766 2401 835 ἄνθρωπος
2430 760 2586 817 εἶναι.
2629 764 2728 817 Διά
2755 779 2835 815 τοι
2870 762 3027 815 10610
3053 762 3173 815 οὑδὲ
3207 762 3392 826 ἁπλῶς

1826 854 1950 919 ναὸς
1982 854 2286 915 πλάττεται,
2318 852 2453 906 ἀλλά
2486 852 2577 906 καὶ
2606 851 2799 921 κύησις
2832 852 3056 919 γίνεται,
3087 852 3178 905 καὶ
3212 853 3392 904 ἐννεα-

1827 950 2073 1021 μηνιαῖος
2104 947 2312 1017 χρόνος,
2341 945 2435 999 καὶ
2458 944 2666 1007 ὠδῖνες,
2698 946 2787 997 καὶ
2807 945 2977 1007 τόκος,
3002 944 3095 997 καὶ
3120 941 3266 1015 [124]
3295 960 3393 1012 γα-

1822 1039 2200 1109 λακτοτροφία,
2232 1039 2321 1090 καὶ
2356 1037 2443 1090 διά
2470 1036 2667 1099 παντὸς
2694 1034 2887 1105 ἡσυχία
2912 1034 3005 1087 106
3046 1034 3257 1105 χρόνου,
3300 1034 3391 1087 καὶ

1822 1132 2083 1203 ἀναμένει
2123 1131 2219 1199 τὴν
2270 1129 2490 1199 ἀνδράσι
2542 1128 2853 1198 πρέπουσαν
2908 1126 3139 1197 ἡλικίαν·
3189 1126 3274 1179 ἵνα
3303 1124 3391 1178 διὰ

1821 1224 2037 1279 πάντων
2069 1218 2466 1293 εὑπαράδεκτον
2494 1220 2715 1289 γένηται
2744 1218 2843 1289 τῆς
2868 1217 3172 1288 οἰκονομίας
3200 1216 3260 1269 τὸ
3291 1234 3389 1288 μυ-

1820 1314 2059 1384 στήριον.
2091 1311 2245 1374 Τίνος
2276 1307 2368 1364 οὖν
2394 1309 2579 1363 ἕνεκεν
2618 1308 2905 1362 καὶταῦτα
2940 1308 3005 1361 τὰ
3041 1310 3238 1378 σημεῖα
3267 1306 3390 1375 ἐγέ-

1818 1422 1959 1471 νετο,
2009 1403 2191 1475 φησὶν,
2234 1402 2291 1467 ἐξ
2339 1402 2549 1472 ἀρχῆς;
2594 1398 2694 1452 Διὰ
2733 1400 2830 1469 τὴν
2872 1398 3101 1470 μητέρα,
3153 1398 3241 1452 διὰ
3295 1397 3388 1452 τὸν

1830 1500 2045 1569 Ἰωᾰηφ,
2098 1499 2185 1550 διὰ
2231 1499 2322 1551 τὸν
2371 1501 2595 1571 Συμεὼν
2641 1503 2899 1572 μέλλοντα
2929 1508 3145 1560 ἀπιέναι
3182 1509 3383 1572 λοιπὸν,

1815 1588 1903 1641 διὰ
1934 1590 2059 1651 τοὺς
2098 1590 2381 1659 ποιμένας,
2413 1591 2499 1645 διὰ
2535 1594 2661 1657 106;
2697 1596 2923 1664 μάγους,
2966 1598 3053 1651 διὰ
3092 1601 3217 1663 τοὺς
3258 1602 3386 1655 ’1ου-

1814 1678 2016 1743 δαίους.
2061 1680 2124 1732 Εἰ
2167 1681 2275 1754 γὰρ
2306 1683 2586 1738 ἐϐούλοντο
2619 1689 2906 1759 προσέχειν
2941 1691 3077 1759 μετά
3103 1692 3386 1765 ἀκριϐείας

1814 1773 1925 1834 τοῖς
1956 1771 2275 1841 γινομένοις,
2315 1774 2376 1826 οὑ
2421 1776 2591 1847 μικρά
2638 1777 2733 1831 καὶ
2770 1779 3016 1832 ἐντεῦθεν
3057 1781 3123 1835 ἂν
3150 1784 3286 1854 πρὸς
3316 1785 3386 1839 τὰ

1788 1882 1789 1885 η
1818 1862 2076 1933 μέλλοντα
2112 1864 2518 1935 ἐκαρπώσαντο.
2546 1868 2608 1921 Εἰ
2631 1867 2687 1921 δὲ
2719 1869 2793 1940 μὴ
2824 1869 3068 1938 λέγουσιν
3097 1872 3146 1925 οί
3174 1874 3385 1946 Προφῆ-

1813 1971 1903 2007 ται
1949 1953 2016 2008 τὰ
2061 1954 2189 2026 περὶ
2240 1956 2347 2010 τῶν
2395 1960 2601 2028 μάγων,
2638 1958 2711 2030 μὴ
2755 1960 3078 2032 θορυϐηθῇς·
3114 1962 3237 2017 οὔτε
3274 1966 3382 2035 γὰρ

1815 2042 1993 2096 πάντα
2021 2043 2297 2113 προεῖπον,
2325 2043 2446 2113 οὑτε
2477 2047 2648 2100 πάντα
2674 2046 3007 2119 ἐσιώπησαν.
3038 2050 3247 2123 ’Ὠσπερ
3273 2055 3383 2126 γὰρ

1811 2133 1872 2185 16
1908 2132 2074 2203 μηδὲν
2102 2134 2439 2200 ἀκούσαντας
2472 2137 2597 2190 ἰδεῖν
2633 2140 3042 2209 παραγινόμενα
3070 2143 3115 2173 ⁷⁸
3145 2142 3213 2196 τὰ
3242 2146 3382 2216 πρά-

1812 2241 2017 2295 γματα,
2056 2224 2255 2297 πολλὴν
2280 2228 2450 2281 ἐποίει
2486 2229 2583 2298 τὴν
2613 2228 2869 2299 ἔκπληξιν
2904 2232 3110 2286 καὶτὸν
3134 2233 3378 2305 θόρυϐον·

1810 2313 1950 2368 οὕτω
1994 2315 2090 2369 καὶ
2123 2316 2182 2369 16
2222 2317 2400 2371 πάντα
2439 2318 2628 2389 μαθεῖν
2678 2320 2955 2376 καθεύδειν
3006 2324 3381 2395 παρεσκεύαζε

1809 2406 1898 2459 τὸν
1948 2408 2241 2479 ἀκροατὴν,
2287 2411 2381 2463 καὶ
2425 2414 2539 2476 τοῖς
2578 2413 2989 2482 εὑαγγελισταῖς
3031 2415 3181 2469 οὐδὲν
3232 2419 3381 2487 ἠφίει

1809 2498 1989 2555 πλέον.
2027 2501 2089 2553 Εἰ
2115 2501 2170 2554 δὲ
2193 2502 2320 2572 περὶ
2348 2502 2448 2572 τῆς
2478 2504 2810 2574 προφητείας
2830 2504 3216 2576 ἀμφιϐάλλυιεν
3253 2510 3381 2562 Ἰου-

1807 2590 1943 2644 δαῖοι
1995 2590 2263 2660 λέγοντες,
2320 2592 2400 2655 16,
2457 2593 2558 2658 Ἐξ
2611 2595 2911 2665 Αἰγύπτου
2966 2596 3229 2654 ἐκάλεσα
3272 2599 3380 2653 τὸν

1808 2685 1941 2738 υἱόν
1987 2700 2127 2753 μου,
2178 2683 2265 2736 ἐπ’
2306 2683 2485 2738 αὐτῶν
2532 2682 2801 2756 εἰρῆσθαι·
2851 2686 3100 2760 εἴποιμεν
3141 2689 3206 2742 ἂν
3241 2691 3377 2759 πρὸς

1808 2774 2023 2839 αὐτοὺς,
2070 2775 2152 2828 ὅτι
2200 2774 2291 2828 καὶ
2335 2767 2485 2839 0610;
2520 2776 2853 2848 προφητείας
2894 2779 3074 2849 νόμος,
3108 2782 3168 2834 τὸ
3205 2781 3374 2835 πολλά

1807 2865 2064 2929 πολλάκις
2096 2865 2347 2935 λέγεσθαι
2374 2865 2472 2937 μὲν
2498 2868 2586 2919 ἐπ’
2614 2866 2807 2935 ἄλλων,
2839 2869 3176 2940 πληροῦσθαι
3199 2872 3256 2925 δὲ
3288 2874 3375 2942 ἐφ’

1806 2959 2026 3030 ἐτέρων,
2058 2952 2167 3011 οἷον
2204 2958 2264 3011 τὸ
2305 2959 2396 3010 ἐπὶ
2435 2957 2530 3011 106
2559 2959 2780 3030 Συμεὼν
2806 2962 2901 3015 καὶ
2932 2962 3063 3016 Λευῖ
3089 2966 3376 3036 εἰρημένον

1806 3050 1939 3103 ἐστί·
1972 3048 2249 3119 Διαμεριῶ
2279 3050 2388 3119 γὰρ
2422 3050 2663 3116 αὐτοὺς,
2701 3052 2884 3124 φησὶν,
2924 3054 2994 3107 ἐν
3027 3054 3239 3119 Ἰακὼϐ,
3273 3058 3371 3111 καί
3482 3068 3491 3078 ’

1801 3139 2100 3208 διασπερῶ
2124 3138 2345 3206 αὐτοὺς
2367 3139 2437 3193 ἐν
2464 3140 2718 3209 Ἰσραήλ.
2754 3142 3010 3212 Καίτοι-γε
3033 3145 3132 3198 οὑκ
3163 3147 3250 3199 ἐπ’
3275 3148 3374 3201 αὑ-

1800 3231 1907 3284 τῶν
1940 3230 2097 3283 10610
2132 3231 2373 3300 γέγονεν,
2401 3231 2513 3284 ἀλλ’
2538 3232 2757 3287 ἐπὶτῶν
2782 3234 3039 3303 ἐγγόνων·
3071 3236 3165 3290 καὶ
3195 3237 3254 3291 16
3275 3238 3372 3293 ἐπὶ

1800 3320 1892 3374 106
1935 3320 2157 3375 Χαναὰν
2198 3320 2255 3373 δὲ
2290 3320 2440 3392 παρά
2468 3320 2560 3374 106
2599 3321 2722 3373 Νῶε
2755 3321 2967 3392 λεχθὲν,
2999 3325 3079 3387 εἰς
3108 3325 3234 3389 τοὺς
3272 3326 3372 3381 Γα·

1800 3412 2067 3478 ϐαωνίτας
2092 3414 2218 3477 τοὺς
2255 3412 2508 3481 ἐγγόνους
2533 3413 2579 3443 τ’
2601 3411 2695 3465 τοῦ
2718 3414 2938 3467 Χαναὰν
2964 3414 3145 3485 ἐξέϐη.
3172 3416 3280 3469 Καὶ
3308 3416 3371 3469 16

1799 3507 1889 3562 ἐπὶ
1916 3508 2009 3561 τοῦ
2048 3503 2237 3558 Ἰακὼϐ
2265 3502 2435 3567 οὕτως
2466 3505 2563 3556 ίδοι
2595 3522 2679 3566 τις
2709 3505 2775 3557 ἂν
2805 3506 3035 3575 συμϐάν·
3060 3508 3115 3559 αἰ
3148 3507 3255 3579 γάρ
3282 3510 3368 3561 εὑ-

1797 3600 1972 3669 λογίαι
2003 3600 2205 3652 ἐκεῖναι
2236 3598 2290 3650 αἰ
2310 3596 2585 3664 λέγουσαι,
2611 3599 2794 3654 Γίνου
2818 3597 3035 3666 Κύριος
3063 3600 3168 3654 τοῦ
3196 3599 3368 3655 ἀδελ-

1796 3689 1914 3761 φοῦ
1944 3706 2081 3754 σου,
2117 3690 2213 3743 καί
2242 3688 2839 3757 προσκυνησάτωσαν
2872 3705 2945 3743 σε
2973 3692 3027 3743 οἱ
3050 3691 3096 3722 ⁸⁸
3121 3692 3234 3745 υἱοί
3262 3693 3369 3747 τοῦ

1796 3782 2018 3853 πατρός
2045 3798 2182 3848 σου,
2205 3783 2303 3835 οὑκ
2332 3782 2418 3836 ἐπ’
2447 3782 2608 3836 αὑτοῦ
2654 3782 2804 3847 τέλος
2835 3782 3008 3853 ἔσχον,
3049 3783 3199 3849 (πῶς
3235 3784 3364 3856 γὰρ,

1794 3875 1889 3930 τοῦ
1931 3874 2227 3938 δεδοικότος
2271 3876 2363 3928 καὶ
2408 3874 2722 3946 τρέμοντος,
2764 3876 2857 3929 καὶ
2910 3877 3167 3947 μυριάκις
3205 3877 3369 3931 αὑτὸν

1796 3965 2292 4039 προσκυνοῦντος;)
2332 3965 2445 4018 ἀλλ’
2489 3966 2582 4020 ἐπὶ
2618 3966 2727 4020 τῶν
2770 3968 3008 4036 ἐγγόνων
3037 3968 3145 4021 τῶν
3178 3971 3362 4027 αὑτοῦ.

1801 4062 1865 4115 Ὃ
1901 4060 1965 4133 δὴ
2000 4059 2094 4113 καὶ
2125 4058 2358 4112 ἐνταῦθα
2405 4057 2548 4111 εἴποι
2581 4076 2664 4123 τις
2694 4059 2778 4114 ἄν.
2811 4059 2906 4124 Τίς
2936 4060 3045 4130 γὰρ
3075 4060 3368 4132 ἀληθέστε-

1800 4177 1887 4232 ρος
1905 4160 1947 4191 “
1966 4159 2090 4223 Υίὸς
2107 4158 2240 4212 Θεοῦ
2261 4157 2475 4229 λεχθείη
2493 4175 2509 4224 ;
2534 4160 2561 4212 6
2580 4158 2778 4230 μόσχον
2803 4160 3144 4231 προσκυνῶν,
3175 4160 3366 4232 καὶτῷ

1795 4248 2114 4320 BSt-9.1957169
2147 4249 2296 4322 [125]
2332 4252 2671 4323 τελούμενος,
2726 4255 2817 4307 καὶ
2863 4258 2986 4319 τοὺς
3039 4259 3185 4322 υίοὺς
3219 4260 3360 4315 θύων

1792 4341 1903 4399 τοῖς
1926 4338 2235 4408 δαιμονίοις,
2269 4343 2301 4411 ἢ
2337 4344 2364 4394 ὁ
2397 4344 2554 4412 φύσει
2587 4345 2734 4409 Υἱὸς,
2764 4351 2855 4398 καὶ
2889 4347 2978 4401 τὸν
3005 4353 3358 4422 γεγεννηκότα

1792 4428 2000 4498 τιμῶν;
2035 4431 2196 4483 Ὥστε
2239 4436 2285 4486 εί
2340 4436 2413 4504 μὴ
2457 4437 2789 4505 παρεγένετο
2838 4432 3011 4504 οὗτος,
3064 4441 3163 4496 οὑκ
3212 4443 3277 4498 ἂν
3328 4447 3358 4505 ἡ

1792 4519 2096 4587 προφητεία
2125 4520 2275 4584 τέλος
2303 4522 2458 4575 ἔλαϐε
2484 4524 2543 4577 16
2572 4526 2865 4597 προσῆκον.

1858 4609 1900 4664 δ’
1908 4610 2071 4680 ,Ὅρα
2089 4611 2216 4679 γοῦν
2247 4613 2362 4678 πῶς
2391 4616 2519 4669 αὑτὸ
2546 4618 2637 4671 καὶ
2657 4621 2685 4671 6
2705 4620 3107 4695 Εὐαγγέλιστὴς
3133 4626 3358 4682 αἰνίττε·

1789 4714 1876 4751 ται
1892 4697 2086 4768 λέγων,
2110 4702 2232 4756 Ἵνα
2254 4705 2558 4774 πληρωθῇ,
2582 4707 2793 4774 δεικνὺς
2821 4711 2901 4765 ὅτι
2923 4713 3021 4766 οὑκ
3038 4714 3102 4769 ἂν
3123 4716 3361 4788 ἐπληρώ..

1789 4788 1877 4860 θη,
1898 4792 1945 4843 εἰ
1968 4791 2041 4862 μὴ
2063 4795 2453 4864 παραγέγονεν.
2474 4800 2585 4869 Οὑχ
2602 4798 2676 4863 ώς
2703 4800 2859 4873 ἔτυχε
2886 4802 2942 4857 δὲ
2968 4806 3063 4858 καὶ
3090 4804 3186 4871 τὴν
3208 4808 3344 4880 Παρο

1788 4881 1937 4972 θένον
1957 4882 2216 4956 λαμπρὰν
2237 4887 2392 4941 τοῦτο
2411 4893 2553 4943 ποιεῖ
2589 4892 2683 4944 καὶ
2714 4896 3006 4967 περιφανῆ.
3040 4897 3216 4968 Ὅπερ
3247 4900 3352 4972 γάρ

1785 4968 1927 5044 εἶχεν
1953 4975 1980 5027 6
2008 4974 2176 5046 δῆμος
2205 4977 2349 5041 ἄπας
2376 4980 2433 5033 ἐν
2456 4982 2731 5053 ἐγκωμίου
2760 4986 2930 5051 τάξει,
2953 4985 3110 5041 10610
3134 4989 3227 5042 καὶ
3258 4968 3349 5043 αὑ)

1784 5062 1850 5135 τὴ
1877 5063 2061 5118 λοιπὸν
2093 5066 2238 5138 ἔχειν
2258 5068 2506 5139 ἠδύνατο.
2545 5074 2762 5147 Ἐπειδὴ
2786 5077 2894 5147 γάρ
2926 5078 3067 5147 μέγα
3095 5080 3351 5151 ἐφρόνουν

1784 5156 1875 5247 ἐπὶ
1904 5158 1980 5228 τῷ
2005 5158 2246 5215 ἀνελθεῖν
2274 5162 2332 5230 ἐξ
2360 5164 2657 5233 Αἰγύπτου,
2689 5170 2785 5221 καὶ
2811 5169 3142 5240 ἐκόμπαζον.
3170 5176 3349 5247 Ἥπερ

1781 5241 1873 5300 οὖν
1909 5249 2002 5301 καὶ
2033 5252 2060 5302 6
2086 5252 2379 5324 Προφήτης
2409 5257 2776 5328 αἰνιττόμενος
2804 5260 3007 5330 ἔλεγεν·
3030 5264 3177 5335 Οὐχί
3206 5241 3347 5337 τοὺς

1780 5340 2170 5410 ἀλλοφύλους
2198 5346 2501 5417 ἀνήγαγον
2522 5349 2591 5403 ἐκ
2612 5352 3061 5422 Καππαδοκίας,
3085 5358 3182 5410 καὶ
3208 5360 3345 5427 τοὺς

1794 5432 2140 5500 ’Aoavplovc
2170 5435 2239 5489 ἐκ
2259 5438 2521 5506 βόθρου;
2555 5442 2707 5495 Ποιεί
2734 5445 2950 5516 καὶτῆς
2984 5448 3256 5520 Παρθένου
3286 5450 3347 5505 16

1785 5527 2102 5595 προτέρημα
2143 5528 2308 5580 τοῦτο
2329 5529 2651 5589 ⁸¹.εΜᾶλλον
2700 5534 2759 5588 δὲ
2818 5538 2911 5590 καὶ
2954 5540 2984 5593 6
3017 5539 3142 5595 λαὸς
3184 5542 3276 5597 καὶ
3317 5545 3347 5597 6

200 5690 486 5788 2101106]
513 5698 603 5788 aio
631 5699 696 5755 Ε.
738 5699 1416 5788 θεοικνιιιβοῗκαίρεθει.
1493 5701 1652 5788 οὐ]
1685 5704 1694 5755 ε

1806 5700 2187 5788 ᾼᾍῌΡᾉΑςηιη..
2208 5700 2372 5788 vulgo
2395 5700 2482 5755 σύ.
2502 5700 2636 5788 ,9191
2664 5701 2853 5788 ἔλεγεν
2886 5704 2964 5788 Α..
3030 5702 3079 5733 ’⁸
3107 5720 3348 5788 μετανας

157 5761 354 5823 στάσεως
383 5761 655 5832 δειῖ..Βειι.

157 5836 490 5895 μετανίσταται
511 5840 571 5896 F.
598 5843 695 5897 καὶ
724 5841 888 5895 πάλιν
927 5842 955 5893 6
983 5836 1215 5910 ἄγγελος

158 5900 264 5953 Et”.
327 5909 364 5939 7’
388 5912 541 5953 ἑνικόν
611 5912 628 5953 1
656 5912 839 5953 ἃννὸυ-
923 5921 1006 5953 lm-
1036 5914 1093 5953 l'.,
1122 5910 1198 5953 En

159 5967 193 6001 "
217 5974 363 6048 106:0]
391 5967 522 6039 εἷνάι
555 5967 709 6041 10610
737 5967 805 6041 Ϊ).
835 5983 993 6039 10610
1019 5967 1320 6041 εἷναιἘάά.

756 5770 1035 5857 τιςχαιρδεῐ
1072 5774 1267 5857 φυγεῖν
1297 5773 1393 5857 κα)
1431 5770 1694 5857 μεθίστρισ

1806 5772 1817 5847 |
1977 5772 2040 5826 Ι).
2159 5773 2264 5857 Al}.
2302 5770 2464 5857 ἓνιιι.
2497 5773 2591 5857 δεῖΔ
2626 5789 2740 5857 ἓιιη
2772 5770 2973 5857 (ληκαὶ

327 5853 490 5917 ξταται
511 5844 571 5896 F.
598 5844 695 5897 καὶ
724 5844 888 5895 πάλιν
927 5844 955 5893 6
983 5844 1215 5910 ἄγγελος
1248 5844 1444 5965 μηνύει
1472 5844 1664 5911 φυγεῖν

388 5912 1006 5993 ég‘fdv...1éz~(_§v...}cr
1121 5910 1219 5993 Ιτῖρἶ
1246 5917 1411 5993 Anth.
1489 5914 1534 5945 ⁸ο
1568 5916 1613 5967 οἱ
1642 5930 1693 5972 οι

1806 5844 2179 5913 ’μεθίστασθαι
2212 5844 2276 5898 Α.
2302 5844 2362 5897 Β.
2394 5844 2511 5898 fere
2538 5854 2599 5898 ιιι
2626 5844 2761 5897 Edd.
2839 5845 2886 5876 ⁷⁸
2915 5846 3343 5912 παραγενόμενα

1806 5916 1843 5971 1.
1878 5914 1937 5971 Ε.
1966 5910 2132 5971 Eulh.
2208 5916 2249 5948 '“
2283 5914 2645 5987 ἀληθέστερον
2678 5924 2729 5971 σι
2754 5930 2877 5972 mox
2906 5912 3122 5986 λεχθείη
3144 5915 3210 5969 ἄν
3244 5916 3343 5988 Ep.

3018 5775 3212 5843 φεύγει
3246 5775 3348 5829 καὶ

1820 5842 2179 5913 μεθίστασθαι
2212 5844 2276 5898 Α.
2302 5843 2362 5897 Β.
2394 5844 2511 5898 fere
2538 5854 2599 5898 ιιι
2626 5842 2761 5897 Edd.
2839 5845 2886 5876 ⁷⁸
2915 5846 3344 5913 παραγενόμενα
