3856 6180
151 297 212 349 ετ
870 305 926 361 s.
966 306 1254 365 JOANNIS
1291 308 1775 368 Ctmt‘sosrout
1813 314 2130 372 ARCHIEP.
2165 318 2712 375 coxsnurmor.
3311 310 3379 365 ξ(εἴ

144 450 200 491 se
226 434 439 490 itineris
470 430 730 489 comitem
762 432 1003 488 futurum
1032 434 1119 491 vel
1150 435 1607 495 descendentibus
1634 441 1719 495 vel

143 528 527 594 redeuntibus,
557 527 909 583 snbindicans
944 527 1063 584 illos
1100 545 1350 596 magnum
1388 531 1587 589 habere
1620 550 1716 590 co-

142 622 347 687 mitem,
372 635 569 676 recens
601 629 786 675 natum
819 635 1071 691 puerum,
1097 622 1188 690 qui
1220 623 1400 677 statim
1434 633 1596 693 atque
1624 640 1719 692 ap—

141 695 330 779 paruit,
373 712 561 766 omnia
609 712 867 775 mutavit,
893 720 1054 781 atque
1094 713 1144 765 id
1186 713 1380 778 effecit,
1420 724 1475 767 ut
1516 715 1717 771 inimici

140 807 199 858 ad
235 806 379 859 hanc
413 804 777 861 mconomiam
811 804 1094 859 admodum
1131 805 1473 861 inservirent.
1507 807 1713 863 Etenim

142 898 270 967 magi
302 906 359 952 et
391 897 636 965 barbari,
671 906 894 967 paterna
927 898 1315 967 superstitione
1345 900 1554 965 relicta,
1589 901 1717 957 ado-

142 990 303 1043 raturi
333 990 596 1057 veniunt;
627 990 901 1060 Augustus
930 988 1382 1045 Bethlebemitico
1412 994 1585 1059 partui
1620 992 1718 1045 mi-

142 1086 348 1146 nistrat,
381 1084 514 1137 dum
544 1099 770 1138 censum
803 1084 915 1138 fieri
942 1083 1129 1151 jubet;
1158 1081 1449 1154 Egyptus,
1479 1088 1603 1139 dum
1637 1084 1718 1138 fn-

140 1176 367 1245 gientem
397 1186 455 1228 et
487 1175 702 1229 insidiis
734 1176 1029 1243 appetitum
1058 1175 1282 1243 excipit,
1310 1185 1491 1228 servat
1520 1177 1714 1243 ipsum,

142 1266 369 1334 hincque
402 1267 698 1335 quamdam
736 1264 1123 1323 familiaritatis
1157 1280 1279 1321 cum
1319 1268 1436 1337 ipso
1467 1268 1719 1322 occasio-

142 1375 253 1412 nem
294 1359 520 1428 accipit,
560 1370 619 1414 ut
662 1374 783 1414 cum
826 1358 973 1413 illum
1014 1368 1199 1427 postea
1240 1360 1448 1414 audiret
1484 1359 1551 1414 ab
1589 1373 1719 1429 apo-

143 1452 290 1506 stolis
337 1453 667 1520 przeilicari,
711 1452 776 1508 de
826 1453 909 1507 his
956 1451 1301 1523 gloriaretur,
1344 1453 1485 1521 quod
1539 1453 1717 1521 ipsum

144 1544 308 1613 prima
342 1547 661 1613 excepisset

206 1705 265 1758 In
316 1703 559 1775 Egypto
599 1702 836 1757 monachi
890 1712 937 1755 et
978 1710 1130 1755 artus
1175 1699 1445 1771 virginum.
1473 1728 1543 1739 —
1567 1697 1726 1767 Atqui

142 1797 298 1849 mlius
351 1796 656 1849 Pala‘stinte
714 1803 832 1857 erat
897 1793 1011 1847 btec
1073 1791 1423 1861 praerogativa
1469 1808 1482 1843 :
1542 1804 1725 1843 verum

143 1885 398 1957 ﬁgyptns
432 1886 726 1939 fervo-tutior
753 1884 841 1938 illa
878 1881 994 1937 fuit.
1022 1882 1171 1937 Nunc
1196 1892 1347 1936 certe
1374 1882 1416 1935 si
1443 1895 1630 1951 pergas
1672 1881 1725 1933 in

145 1980 409 2032 desertum
466 1976 723 2046 (Egypti,
773 1974 967 2044 quovis
1010 1973 1256 2043 paradiso
1302 1972 1726 2043 praestantiorem

145 2070 481 2125 μιιίιιιιιῑ..ιιιιι
530 2066 799 2130 invenies,
847 2074 1130 2119 sexcentos
1177 2063 1487 2132 angelorum
1535 2060 1729 2116 choros

146 2161 364 2219 humana
396 2162 591 2222 forma,
632 2164 926 2228 martyrum
955 2156 1200 2225 populos,
1230 2164 1402 2209 metus
1442 2154 1727 2223 virginum,

147 2254 363 2309 Saluiam
390 2251 595 2306 diaboli
624 2248 963 2322 tyrannidem
995 2258 1180 2313 totam,
1210 2248 1406 2303 Christi
1435 2256 1611 2302 autem
1640 2262 1726 2301 re-

147 2363 297 2417 gnum
329 2358 649 2401 coruscans.
685 2340 833 2397 Illam
854 2356 981 2397 vero
1014 2357 1133 2413 qua:
1162 2350 1459 2410 poetarum,
1489 2340 1729 2410 philoso-

149 2440 360 2508 phorum
413 2447 472 2492 et
511 2450 789 2506 magorum
830 2443 1000 2489 mater
1038 2444 1171 2497 erat,
1196 2450 1313 2504 qua:
1339 2449 1499 2489 omne
1524 2434 1731 2503 praesti-

146 2546 340 2599 giarum
384 2542 562 2598 genus
606 2528 899 2589 invenerat,
941 2526 1167 2595 aliisque
1208 2526 1519 2590 tradiderat,
1565 2526 1728 2591 illam,

149 2626 384 2692 inquam,
416 2620 627 2675 videbis
666 2619 733 2673 de
780 2617 1129 2689 piscatoribus
1173 2618 1511 2687 gloriantem,
1553 2628 1610 2673 et
1644 2618 1731 2673 illa

148 2713 348 2782 quidem
376 2722 562 2767 vetera
594 2710 775 2765 omnia
817 2708 1219 2779 despicientem,
1268 2709 1607 2778 publicanum
1646 2725 1735 2763 ve-

152 2823 202 2860 rs
237 2816 292 2859 et
335 2804 697 2859 tentoriorum
735 2800 991 2855 artiﬁcem
1023 2800 1218 2869 ubique
1243 2799 1730 2865 circumferentem,

147 2917 200 2955 ac
245 2914 469 2953 crucem
514 2902 1033 2966 praemonstrantem.
1067 2893 1191 2947 flare
1223 2908 1380 2962 porro
1411 2909 1516 2946 non
1548 2894 1597 2946 iu
1637 2909 1728 2946 ur-

151 2993 289 3045 bibus
333 2998 570 3047 tantum.
618 2985 710 3041 sed
742 2986 900 3039 etiam
946 2985 997 3037 in
1035 2983 1251 3039 deserto
1282 2984 1449 3053 magis
1491 2999 1647 3053 quam
1680 2984 1732 3038 in

153 3083 378 3136 urbibus.
431 3080 536 3133 Per
564 3087 727 3131 t0tam
759 3077 901 3131 enim
946 3077 1221 3146 regionem
1249 3075 1405 3129 istam
1438 3075 1618 3129 videre
1647 3086 1730 3131 est

150 3175 333 3227 Christi
364 3172 694 3231 exercitum.
735 3170 1042 3239 regiumque
1081 3182 1319 3237 gregem,
1349 3182 1731 3237 supernarum-

152 3286 239 3333 que
266 3272 531 3321 virtutum
564 3268 725 3320 vitam
754 3283 770 3333 ;
812 3266 974 3335 idque
1012 3280 1117 3318 non
1147 3265 1285 3334 apud
1315 3262 1460 3318 viros
1496 3271 1726 3327 tantum,

152 3364 229 3414 sed
272 3373 327 3416 et
359 3364 412 3415 in
470 3361 714 3415 muliebri
759 3376 888 3413 soxu
938 3359 1193 3428 reperias.
1232 3355 1440 3412 Etenim
1484 3355 1588 3411 illa:
1624 3369 1729 3409 non

154 3458 314 3508 minus
362 3470 529 3525 quam
562 3455 657 3507 viri
703 3452 1177 3522 philosophantur,
1214 3466 1323 3506 non
1350 3460 1558 3505 scutum
1587 3449 1732 3503 acci-

155 3550 369 3614 pientes,
400 3562 579 3616 neque
600 3562 798 3614 equum
826 3543 1268 3609 conscendentes,
1301 3553 1361 3598 ut
1385 3544 1575 3612 jubent
1601 3541 1735 3596 clari

154 3642 216 3693 illi
242 3642 561 3695 Grarcorum
612 3638 941 3707 legislatores
976 3645 1032 3692 et
1078 3633 1417 3705 phil050phi;
1468 3633 1562 3688 sed
1594 3632 1734 3686 aliud

155 3733 296 3801 longe
338 3731 561 3799 gravius
595 3728 790 3782 bellum
834 3726 1151 3797 suscipiunt.
1188 3722 1483 3780 Commune
1511 3723 1652 3778 enim
1682 3730 1738 3778 et

154 3825 269 3891 ipsis
312 3834 365 3877 et
394 3822 531 3875 viris
561 3821 754 3875 bellum
797 3828 880 3874 est
907 3826 1089 3873 contra
1120 3815 1391 3872 diabolum
1419 3826 1471 3869 et
1506 3825 1738 3886 potesta-

157 3925 223 3968 les
249 3916 601 3967 tenebrarum
634 3930 646 3965 :
680 3911 744 3964 ad
777 3909 1077 3979 hujusmodi
1107 3923 1235 3963 vero
1270 3906 1551 3963 condictus
1578 3920 1735 3959 num-

156 4022 305 4073 quam
332 4004 438 4057 illis
469 4017 633 4056 sexus
654 4001 899 4055 debilitas
922 3997 1299 4069 impedimento
1320 4007 1401 4051 est
1423 4011 1440 4063 ;
1466 4012 1568 4050 non
1597 3998 1738 4050 enim

156 4098 386 4164 corporis
414 4106 625 4156 natura,
665 4092 759 4147 sed
790 4092 951 4145 animi
984 4091 1256 4159 proposito
1283 4087 1585 4158 hujusmodi
1608 4104 1740 4155 prac—

159 4190 215 4240 lia
236 4189 628 4242 decernuntur.
654 4184 884 4253 ideoque
898 4197 1041 4251 sarpe
1065 4181 1318 4236 mulieres
1346 4179 1536 4235 fortius
1581 4194 1744 4250 quam

160 4282 249 4332 viri
300 4287 678 4348 pugnaverunt
705 4318 718 4341 ,
770 4286 824 4329 et
864 4274 1149 4344 insigniora
1194 4284 1389 4343 tropa-a
1433 4282 1741 4327 erexerunt.

160 4372 260 4425 Non
309 4376 381 4425 ita
414 4370 611 4425 ca-lnm
651 4368 986 4435 splendidum
1035 4377 1115 4420 est
1147 4365 1293 4420 vario
1329 4365 1423 4419 illo
1469 4366 1743 4419 stellarum

157 4466 336 4529 choro,
367 4476 418 4517 nt
448 4463 670 4533 Aigypti
703 4460 936 4513 solitudo
957 4500 971 4522 ,
1000 4474 1119 4529 quae
1150 4457 1380 4528 undique
1411 4458 1564 4513 nobis
1589 4456 1743 4512 cabi-

162 4559 238 4611 bet
266 4555 617 4611 tabernacula
648 4550 1052 4605 monachorum.

220 4730 273 4781 5.
314 4728 369 4780 Si
405 4726 529 4791 quis
554 4734 786 4777 veterem
818 4722 960 4775 illam
988 4719 1274 4792 Egyptum
1307 4722 1471 4785 novit,
1509 4721 1600 4775 Dei
1635 4721 1736 4775 ini-

164 4822 343 4870 micam
372 4828 425 4870 et
455 4814 743 4875 furentem,
769 4812 946 4868 felinm
974 4814 1270 4877 cultricem,
1296 4828 1415 4882 quae
1446 4827 1605 4881 cepas
1633 4812 1744 4865 for-

164 4911 388 4963 midabat
433 4917 493 4959 et
548 4905 830 4968 tremebat,
880 4904 967 4959 hic
1011 4906 1210 4973 optime
1247 4902 1443 4959 Christi
1498 4904 1744 4958 virtutem

166 5008 302 5057 sciet.
342 5003 458 5055 lmo
480 5016 612 5053 vero
647 5013 749 5051 non
779 5013 911 5067 opus
940 5007 1021 5051 est
1061 4995 1213 5052 nobis
1236 4997 1458 5052 vetustis
1487 4998 1747 5059 narratio-

165 5099 308 5149 nibus
347 5108 521 5146 :nam
580 5091 843 5160 hodieque
901 5091 1098 5144 insana:
1154 5090 1290 5143 illius
1333 5090 1506 5158 gentis
1549 5105 1745 5144 monu-

168 5197 331 5239 menta
354 5190 671 5253 supersunt,
701 5198 816 5250 qua:
844 5184 1069 5250 prisc:im
1098 5181 1261 5250 ipsius
1288 5182 1575 5236 amentiam
1603 5181 1751 5234 testi-

171 5282 405 5334 ﬁcantur.
445 5279 701 5331 Attamen
728 5274 779 5327 hi
807 5273 900 5344 qui
928 5260 1056 5329 olim
1088 5288 1278 5329 omnes
1319 5274 1370 5328 in
1399 5283 1596 5327 tantam
1626 5287 1748 5343 pro-

170 5381 412 5441 ruperant
442 5369 757 5431 amentiam,
788 5366 856 5421 de
884 5367 1035 5431 caelo,
1064 5366 1238 5437 deque
1265 5364 1567 5421 caelestibus
1589 5354 1751 5421 rebus

181 5475 649 5539 philosnpbantnr,
702 5479 1057 5537 paternasque
1100 5484 1275 5523 mores
1313 5468 1571 5533 derident,
1624 5482 1752 5521 avos

181 5580 294 5619 suos
337 5566 564 5618 miseros
600 5561 912 5631 prmdicant,
961 5570 1013 5613 et
1055 5560 1399 5628 philosophos
1442 5560 1562 5614 illos
1602 5559 1751 5614 nihili

184 5656 427 5725 pendunt.
461 5654 538 5711 Ex
585 5652 716 5724 ipsis
740 5652 881 5707 enim
908 5651 1067 5706 rebus
1094 5651 1425 5708 edidiceruut
1452 5652 1650 5721 priscas
1683 5652 1749 5708 il-

1824 425 1900 477 las
1938 422 2107 477 aniles
2139 421 2347 476 fabulas
2369 423 2637 476 ebriorum
2678 435 2797 475 esse
2825 421 3056 484 inventa,
3089 437 3268 477 veram
3297 438 3398 477 an.

1824 525 1931 571 tem
1962 516 2272 585 sapientiam
2300 515 2447 569 cadis
2488 530 2607 568 esse
2646 514 2878 584 dignam.
2912 513 3036 568 ilice
3080 524 3162 567 est
3206 531 3325 583 qua:
3367 530 3397 567 a

1826 605 2176 676 piscatoribus
2202 606 2509 659 annuntiata
2541 605 2666 673 ipsis
2697 603 2812 656 fuit.
2845 603 3072 673 Ideoque
3096 620 3215 657 cum
3242 620 3401 657 accu-

1826 709 1941 752 rata
1966 698 2271 766 dogmatum
2317 698 2537 752 veritate
2583 698 2797 749 multam
2842 696 3093 750 exhibent
3138 698 3271 749 bene
3315 698 3400 749 vi-

1825 788 1980 843 vendi
2009 789 2356 859 diligentiam.
2388 788 2657 858 Siquidem
2682 789 2823 842 exuti
2851 788 3009 842 rebus
3038 789 3242 843 eunetis
3266 803 3402 856 pra:-

1825 881 2085 947 sentibus,
2107 881 2411 950 mundoque
2440 880 2699 942 cruciﬁxi,
2722 880 2857 933 ultra
2889 881 3046 933 etiam
3081 880 3400 949 procedunt,

1824 972 2007 1027 labore
2032 972 2271 1041 corporis
2310 982 2519 1026 utentes
2558 971 2623 1024 ad
2651 972 2845 1025 victum
2878 971 3060 1040 egenis
3087 986 3403 1041 comparau—

1827 1063 1974 1117 dum.
2006 1062 2187 1133 Neque
2208 1063 2348 1118 enim
2371 1064 2489 1133 quia
2510 1062 2749 1133 iejunant
2774 1072 2827 1118 ct
2857 1064 3092 1132 vigilant,
3122 1077 3179 1116 se
3207 1063 3404 1116 idcirco

1824 1155 2025 1212 dedunt
2061 1156 2191 1219 otio,
2224 1155 2333 1229 ,sed
2382 1166 2565 1210 noctes
2605 1158 2817 1226 hymnis
2860 1171 2923 1209 ac
2951 1156 3254 1225 pervigiliis,
3287 1155 3404 1210 dies

1828 1250 2073 1319 precibus
2094 1256 2147 1305 et
2171 1249 2318 1319 operi
2337 1264 2585 1302 manuum
2616 1247 2892 1316 deputant,
2922 1248 3144 1315 apostoli
3171 1246 3400 1299 studium

1825 1342 2111 1396 imitantes.
2140 1340 2195 1396 Si
2222 1340 2388 1408 enim,
2420 1338 2682 1409 inquiunt,
2715 1339 2821 1403 ille,
2848 1347 2957 1391 toto
2987 1338 3116 1392 orbe
3136 1338 3201 1391 ad
3230 1340 3400 1407 ipsum

1825 1432 2165 1500 respiciente,
2215 1440 2271 1485 ut
2321 1431 2510 1500 inopes
2549 1429 2736 1496 aleret,
2776 1428 3043 1484 ofﬁcinam
3095 1429 3298 1494 habuit,
3350 1438 3404 1483 et

1825 1534 1993 1579 artem
2042 1523 2304 1588 tractavit,
2360 1524 2630 1577 insomnes
2670 1522 2877 1576 interim
2925 1531 3109 1576 noctes
3158 1521 3398 1576 ducens:

1826 1615 1994 1668 multo
2024 1614 2191 1683 magis
2218 1627 2335 1678 nos,
2366 1615 2453 1683 qui
2483 1613 2536 1667 in
2574 1613 2785 1667 deserto
2814 1612 3132 1679 habitamus,
3164 1612 3402 1682 nihilque

1825 1720 2106 1759 commune
2132 1704 2387 1759 habemus
2406 1720 2527 1757 cum
2556 1704 2765 1758 urbium
2804 1704 3137 1770 tumultibus,
3163 1705 3399 1757 vacatio-

1827 1800 1907 1851 nis
1949 1798 2059 1852 otio
2104 1796 2170 1850 ad
2213 1796 2504 1866 spiritualia
2550 1810 2710 1866 opera
2748 1796 2822 1850 uti
2854 1810 2948 1864 par
2975 1805 3076 1849 est.
3110 1795 3400 1850 Erubesca-

1826 1905 1941 1941 mus
1981 1888 2158 1957 itaque
2197 1901 2404 1949 omnes,
2453 1895 2507 1940 et
2534 1885 2745 1951 divites,
2788 1896 2838 1940 et
2882 1900 3162 1954 pauperes,
3190 1885 3402 1955 quando

1829 1982 1903 2034 illi
1944 1980 2072 2034 nihil
2112 1994 2331 2052 prorsus
2380 1979 2661 2044 habentes,
2707 1979 2807 2032 nisi
2847 1993 3041 2046 corpus
3094 1988 3299 2033 tantum
3346 1988 3403 2035 et

1826 2086 2035 2133 manus,
2080 2079 2339 2124 conantur
2379 2077 2433 2123 et
2472 2067 2800 2123 contendunt
2831 2077 2887 2122 ut
2930 2067 3053 2122 hinc
3078 2068 3273 2123 victum
3305 2084 3400 2138 pa-

1823 2174 1942 2219 rent
1978 2164 2288 2234 egentibus:
2315 2178 2413 2218 nos
2443 2178 2590 2227 vero,
2634 2162 2759 2216 dum
2808 2162 3085 2216 innumera
3132 2161 3275 2215 domi
3317 2177 3403 2217 re-

1823 2255 2035 2310 condita
2083 2264 2227 2320 sunt,
2275 2271 2341 2310 ne
2386 2252 2650 2323 superflua
2680 2253 2896 2324 quidem
2938 2253 3019 2308 his
3064 2252 3398 2308 adhibemus.

1822 2347 1991 2412 Quam
2044 2345 2239 2415 igitur,
2295 2360 2510 2415 quasso,
2579 2345 2974 2399 excusationem
3026 2344 3401 2414 proferemus?

1824 2454 1983 2508 quam
2037 2453 2424 2508 consequemur
2474 2437 2725 2491 veniam?
2777 2437 2935 2505 Atqui
2986 2436 3189 2507 cogites
3242 2438 3398 2492 velim

1822 2540 2073 2597 quantum
2113 2530 2196 2583 isti
2224 2530 2347 2583 olim
2380 2529 2617 2598 pecuni:e
2642 2538 2907 2583 amatores
2932 2536 3107 2591 erant,
3139 2538 3396 2598 quantum

1822 2623 1957 2691 gulae
1982 2621 2164 2685 dediti,
2197 2636 2318 2675 cum
2346 2622 2553 2675 caeteris
2576 2620 2736 2674 vitiis.
2786 2619 2860 2673 lbi
2904 2621 3046 2674 enim
3088 2629 3240 2674 erant
3275 2620 3397 2675 olla:

1825 2725 2062 2781 carnium
2111 2723 2300 2795 (Exod.
2328 2723 2416 2777 16.
2447 2721 2513 2791 5)
2535 2762 2548 2784 ,
2587 2733 2717 2789 quas
2765 2726 3063 2773 memorant
3088 2717 3257 2772 Judaei
3287 2734 3302 2772 :
3330 2715 3403 2773 ibi

1827 2832 2013 2887 magna
2035 2815 2234 2871 ventris
2256 2813 2513 2885 tyrannis.
2548 2814 2794 2865 Attamen
2818 2810 2938 2880 quia
2962 2810 3264 2875 voluerunt,
3288 2825 3403 2863 me-

1829 2909 1919 2963 tati
1943 2917 2085 2973 sunt,
2117 2917 2171 2961 et
2201 2908 2318 2976 igne
2343 2904 2538 2959 Christi
2574 2912 2843 2971 suscepto,
2890 2902 2941 2956 in
2968 2902 3157 2957 caelum
3183 2910 3403 2971 repente

1827 3001 2141 3056 advolarunt
2191 3003 2439 3069 :quippe
2480 2998 2624 3065 prius
2670 2995 3001 3052 ardentiores
3047 2994 3168 3049 aliis
3218 3002 3435 3049 erant,

1828 3104 1987 3161 atque
2025 3091 2091 3145 ad
2118 3091 2251 3146 iram
2293 3098 2348 3143 et
2376 3090 2440 3142 ad
2468 3087 2711 3156 corporis
2741 3087 3063 3155 voluptatem
3096 3084 3404 3155 propensio-

1831 3199 1937 3249 res,
1977 3184 2319 3250 incorporeas
2352 3188 2640 3249 potestates
2682 3176 3085 3232 mansuetudine
3123 3184 3178 3231 et
3203 3175 3403 3242 reliqua

1834 3275 2179 3344 philosophia
2204 3290 2313 3329 sum
2336 3271 2613 3327 tolerantia
2636 3270 2929 3324 imitantur.
2958 3268 3208 3339 Quisquis
3232 3267 3284 3322 in
3312 3267 3414 3323 hac

1833 3368 2048 3437 regione
2078 3366 2195 3432 fuit,
2226 3380 2344 3447 qua:
2373 3363 2492 3419 dico
2514 3362 2682 3417 novit.

1906 3547 2109 3600 Antonii
2166 3544 2343 3617 Magni
2372 3543 2751 3609 .monacltorum
2806 3541 2965 3611 patris
3014 3539 3207 3594 laudes.
3248 3569 3319 3583 —
3354 3539 3411 3596 Si

1832 3640 1951 3708 quis
1973 3656 2099 3693 vero
2127 3637 2464 3692 tabernacula
2507 3636 2593 3689 illa
2623 3648 2909 3703 numquam
2952 3631 3101 3697 adiit,
3128 3632 3325 3702 cogitet
3350 3632 3414 3686 il-

1833 3732 1939 3783 lum
1971 3731 2059 3800 qui
2089 3729 2343 3783 hactenus
2385 3727 2437 3781 in
2482 3726 2718 3780 omnium
2748 3725 2917 3779 fertur
2952 3739 3066 3791 ore,
3108 3739 3266 3794 quem
3292 3732 3413 3794 post

1832 3823 2101 3890 apostolos
2146 3820 2406 3894 (Egyptus
2453 3820 2569 3873 tulit
2597 3819 2807 3873 beatum
2850 3826 2905 3872 et
2946 3832 3192 3887 magnum
3241 3818 3413 3871 Anto-

1835 3916 2004 3978 ninm,
2048 3922 2101 3967 et
2147 3928 2328 3967 secum
2382 3918 2593 3980 reputet
2650 3910 2801 3963 illum
2855 3909 2907 3963 in
2952 3909 3138 3963 eadem
3195 3908 3410 3979 regione

1836 4004 2015 4067 fuisse,
2049 4004 2101 4056 in
2127 4018 2227 4070 qua
2257 4002 2483 4055 Pharao.
2516 4001 2761 4054 Attamen
2795 3999 2925 4053 nihil
2958 3998 3081 4053 hinc
3102 3998 3407 4053 detrimenti

1834 4096 2057 4163 accepit,
2090 4094 2183 4150 sed
2212 4095 2370 4149 etiam
2394 4093 2569 4147 divina
2597 4092 2803 4146 visione
2831 4092 3080 4160 dignatus
3113 4100 3214 4154 est,
3244 4099 3299 4145 et
3328 4098 3408 4146 ta-

1836 4187 1943 4239 lem
1969 4186 2130 4239 vitam
2176 4185 2442 4245 exhibuit,
2474 4184 2683 4252 qualem
2724 4181 2920 4236 Christi
2954 4181 3095 4251 leges
3123 4181 3408 4250 postulant.

1836 4278 1902 4331 Et
1930 4278 2031 4331 hoc
2055 4276 2188 4332 sciet
2215 4276 2455 4345 quisquis
2483 4284 2731 4329 accurate
2762 4274 2953 4328 librum
2986 4272 3193 4343 legerit,
3224 4274 3277 4327 in
3306 4288 3407 4343 quo

1834 4378 1917 4425 est
1953 4368 2172 4422 historia
2201 4368 2322 4421 vita:
2365 4366 2605 4435 ejus(a),
2656 4365 2743 4419 ubi
2789 4365 3007 4419 multam
3050 4364 3409 4434 deprehendet

1835 4461 2187 4531 prepbetiam.
2233 4458 2361 4513 Nam
2407 4460 2491 4512 illa
2531 4474 2650 4527 qum
2702 4458 2952 4512 Arianico
2997 4458 3184 4513 morbo
3231 4468 3414 4529 captos

1835 4552 2181 4621 spectabant,
2239 4565 2443 4605 necnon
2488 4549 2864 4603 detrimentum
2916 4549 3039 4604 inde
3081 4564 3408 4606 emersurum

1836 4646 2229 4717 prmnuntiavit,
2279 4644 2388 4698 Deo
2430 4645 2613 4713 utique
2660 4642 2949 4708 revelante,
2997 4651 3051 4697 et
3092 4643 3267 4697 omnia
3297 4658 3414 4713 qua:

1838 4740 2010 4794 futura
2053 4746 2205 4795 erant
2234 4752 2341 4805 pra:
2382 4736 2551 4791 oculis
2591 4735 2691 4805 ipsi
2730 4745 2961 4804 ponente
2991 4751 3005 4789 :
3040 4735 3090 4789 id
3121 4736 3262 4805 quod
3291 4752 3408 4791 cum

1837 4832 1956 4885 aliis
1982 4830 2141 4886 etiam
2163 4828 2425 4899 adjunctis
2452 4829 2739 4881 maximum
2764 4840 2847 4882 est
2867 4827 3103 4882 veritatis
3126 4843 3409 4898 argumen-

1841 4932 1970 4987 tum,
2002 4920 2142 4991 quod
2183 4919 2428 4975 videlicet
2465 4919 2606 4974 nulla
2656 4918 2876 4973 haeresis
2918 4918 3075 4973 talem
3107 4918 3300 4973 habeat
3325 4919 3406 4973 vi-

1840 5030 1977 5069 rum.
2004 5013 2109 5069 Sed
2136 5030 2202 5068 ne
2231 5015 2369 5067 ultra
2406 5013 2518 5067 haec
2547 5028 2576 5065 a
2604 5012 2755 5066 nobis
2780 5011 2965 5065 audire
2987 5013 3241 5081 pergatis,
3276 5012 3320 5066 si
3348 5012 3414 5066 li-

1842 5108 1992 5160 brum
2024 5107 2074 5160 in
2101 5122 2205 5175 quo
2227 5106 2339 5161 [nec
2367 5106 2561 5175 scripta
2584 5112 2706 5158 sunt
2732 5102 2938 5173 legatis,
2971 5114 3216 5157 accurate
3237 5105 3409 5157 omnia

1854 5211 2094 5269 ediscere
2125 5204 2392 5275 poteritis,
2428 5213 2481 5256 et
2514 5202 2737 5256 multam
2782 5201 2905 5254 inde
2936 5200 3150 5255 haurire
3176 5202 3407 5272 philoso-

1854 5303 2060 5375 phiam.
2082 5298 2194 5351 lloc
2216 5306 2394 5350 autem
2424 5310 2554 5365 rogo
2584 5310 2688 5347 non
2716 5304 2773 5347 ut
2800 5293 2992 5346 librum
3023 5292 3285 5351 adeamus
3304 5303 3431 5351 tan-

1898 5593 1970 5664 (ᾳ)
2005 5594 2087 5640 ttic
2110 5593 2233 5666 haud
2250 5592 2405 5664 Idubie
2429 5592 2639 5666 loquitur
2660 5592 2850 5666 devita
2874 5602 2916 5645 ς.
2948 5603 3131 5651 .tntoztii
3160 5616 3246 5666 per
3272 5606 3407 5656 Alba.

1836 5656 2021 5704 nasium
2045 5655 2460 5718 archiepiscopum
2484 5654 2877 5708 Alexandrinum.
