3856 6180
439 301 648 371 39475

451 439 592 494 tum,
624 429 723 486 sed
775 441 832 488 et
886 447 951 487 ea
981 448 1100 502 quae
1155 432 1229 487 ibi
1275 433 1478 504 scripta
1517 443 1648 495 sunt
1705 434 2008 494 imitemur,

441 551 626 608 neque
664 537 870 601 locum,
912 539 998 594 vel
1035 539 1420 598 educationem
1443 582 1458 607 ,
1486 543 1569 596 vel
1603 541 1872 612 majorum
1909 557 2012 594 no-

433 648 682 698 strorum
726 645 1030 714 nequitiam
1071 646 1458 704 obtendamus.
1485 647 1566 704 iSi
1596 649 1744 704 enim
1773 647 2008 703 velimus

440 750 753 816 attendere,
787 750 927 807 nihil
981 753 1176 808 horum
1227 755 1390 810 nobis
1424 755 1818 826 impedimento
1876 756 2003 811 erit.

435 853 575 912 Nam
623 855 902 912 Abraham
950 857 1180 927 impium
1237 868 1449 928 patrem
1490 859 1705 926 habuit,
1753 860 1848 916 sed
1891 861 2012 931 ejus

439 958 748 1030 nequitiam
777 976 888 1016 non
920 963 1172 1033 excepit;
1201 964 1467 1020 Ezechias
1488 965 1635 1020 filius
1652 966 1854 1020 Achazi
1887 965 2011 1030 fuit,

439 1072 497 1118 et
545 1073 730 1120 tamen
758 1065 856 1120 Dei
885 1067 1097 1122 amicus
1122 1068 1358 1125 effectus
1395 1080 1516 1136 est;
1560 1071 1764 1141 .loseph
1793 1087 1926 1127 vero
1954 1071 2012 1127 in

441 1168 622 1223 media
652 1169 885 1242 {Egypto
918 1172 1184 1228 castitatis
1217 1189 1424 1228 corona
1461 1175 1753 1232 redimitus
1787 1184 1904 1244 est;
1947 1193 2012 1233 ac

433 1281 548 1326 tres
575 1276 732 1344 pueri
756 1277 812 1330 in
847 1278 1024 1334 media
1046 1279 1345 1350 Babylone,
1371 1280 1538 1350 inque
1565 1281 2007 1350 niediisaedibus,

446 1391 572 1431 cum
611 1378 915 1451 Sybaritica
967 1400 1156 1440 mensa
1201 1395 1460 1457 apparata
1512 1397 1678 1455 esset,
1740 1405 2007 1448 summam

429 1481 735 1539 exhibuere
764 1486 1200 1558 philosophiam;
1227 1500 1288 1548 ut
1308 1499 1365 1547 et
1390 1491 1602 1563 Moyses
1624 1493 1681 1548 in
1698 1492 1930 1567 IEgypto
1951 1504 2008 1551 et

1188 286 1250 350 S.
1288 290 1576 352 JOANNIS
1612 297 2104 406 CliBYSOS'I'OMI
2143 304 2459 361 ARCHIEP.
2499 294 3050 358 CONSTANTINOP.

3469 289 3666 350 90-176

2116 431 2317 487 Paulus
2357 431 2413 486 in
2448 430 2622 486 orbe:
2649 430 2900 500 nihilque
2937 428 3026 482 his
3057 425 3316 482 omnibus
3348 425 3415 481 ad
3455 426 3675 484 virtutis

2117 552 2342 593 cursum
2379 536 2483 592 fuit
2517 535 2935 608 impedimento.
2968 535 3093 589 Haec
3113 533 3298 604 itaque
3317 531 3497 588 omnia
3522 534 3674 606 cogi-

2110 650 2308 706 tantes,
2341 643 2661 698 occasiones
2705 651 2763 697 et
2803 640 3063 696 obtentus
3100 637 3412 709 hujusmodi
3460 637 3527 692 de
3559 653 3674 694 me—

2104 749 2198 804 dio
2231 750 2506 813 tollamus,
2552 748 2890 818 sudoresque
2918 762 3018 818 pro
3045 745 3251 799 virtute
3285 743 3541 798 sectanda
3569 743 3672 797 ad-

2112 871 2322 911 eamus.
2345 853 2436 910 Sic
2455 855 2606 911 enim
2644 854 2814 910 Deum
2844 853 2912 909 ad
2941 852 3206 926 majorem
3231 865 3358 921 erga
3385 864 3486 904 nos
3507 849 3676 905 bene-

2112 961 2411 1018 volentiam
2468 960 2814 1016 attrahemus
2842 1001 2858 1026 ,
2919 956 3442 1028 impetrabimusque
3504 964 3568 1010 ut
3621 955 3665 1010 is

2112 1065 2510 1122 certaminibus
2554 1064 2715 1121 nobis
2740 1064 3061 1135 opituletur,
3092 1071 3258 1131 atque
3291 1059 3511 1115 aeternis
3532 1058 3654 1114 frue

2112 1191 2237 1231 mur
2269 1176 2493 1232 coronis
2522 1193 2535 1230 :
2567 1190 2706 1246 quas
2758 1175 2972 1230 utinam
3025 1187 3215 1227 omnes
3257 1182 3674 1239 consequamur,

2121 1282 2298 1354 gratia
2344 1292 2401 1338 et
2448 1281 2787 1353 benignitate
2848 1279 3068 1335 Domini
3118 1277 3295 1332 nostri
3347 1275 3474 1330 Iesu
3521 1272 3677 1328 Chri-

2114 1389 2205 1456 sti,
2247 1388 2339 1444 cui
2381 1388 2559 1460 gloria
2586 1396 2644 1444 et
2669 1387 2962 1460 imperium
2991 1386 3047 1444 iu
3077 1383 3274 1440 saecula
3330 1380 3675 1436 saeculorum.

2112 1496 2307 1551 Amen.

1844 1965 2262 2072 Ψ

1808 2760 2156 2823 HOMILIA
2199 2762 2312 2822 1X.

426 3004 556 3064 CAP.
584 3005 639 3074 2,
676 3023 728 3061 v.
762 3005 850 3062 l6.
902 3005 1045 3061 Tunc
1094 3005 1325 3061 Herodes
1365 3005 1544 3060 videns
1589 3004 1841 3075 quoniam
1876 3000 2005 3056 illu-

495 3129 584 3169 sus
622 3121 753 3168 esset
795 3131 828 3168 α
888 3113 1078 3184 magis,
1115 3115 1289 3166 iratus
1331 3120 1408 3166 est
1453 3108 1608 3165 valde
1647 3117 1741 3164 :et
1797 3110 2007 3162 mittens

510 3218 699 3273 occidit
740 3234 918 3272 omnes
953 3233 1164 3290 pueras,
1200 3217 1291 3289 qui
1329 3226 1482 3271 erant
1514 3217 1570 3270 in
1605 3213 1924 3278 Bcthlehem,
1960 3222 2010 3266 et

497 3320 556 3376 in
590 3323 827 3377 omnibus
859 3322 1056 3391 ﬁnibus
1081 3323 1216 3394 ejus,
1256 3340 1289 3377 α
1318 3322 1518 3379 bimatu
1555 3328 1606 3376 et
1627 3320 1794 3391 infra,
1828 3336 2012 3375 secun-

506 3427 634 3481 dum
675 3438 880 3500 tempus
911 3428 1052 3499 quod
1077 3428 1399 3500 exquisierat
1439 3445 1473 3482 a
1507 3427 1698 3498 magis.

508 3649 563 3703 l.
601 3645 762 3700 Certe
797 3662 907 3700 non
944 3645 1234 3717 oportebat
1261 3645 1416 3700 illum
1465 3644 1648 3710 irasci,
1692 3643 1787 3700 sed
1827 3642 2010 3713 potius

442 3752 642 3805 timere
668 3758 723 3804 et
752 3749 1065 3821 comprimi,
1102 3758 1268 3820 atque
1300 3749 1606 3820 intelligere
1640 3763 1698 3804 se
1735 3763 1851 3802 rem
1892 3755 2011 3802 ten-

433 3865 572 3918 tare,
606 3870 768 3924 quam
791 3870 901 3912 non
935 3863 1123 3925 posset
1149 3853 1415 3925 perlicere
1437 3856 1477 3908 ί.
1510 3853 1581 3909 At
1609 3853 1700 3908 ille
1723 3868 1830 3908 non
1855 3868 2010 3907 coer-

439 3970 619 4016 cetur.
640 3959 874 4028 Quando
905 3960 1053 4015 enim
1081 3959 1368 4032 improbus
1396 3960 1614 4015 animus
1644 3968 1703 4014 et
1728 3958 2008 4013 insanabi-

437 4065 514 4122 lis
543 4074 648 4127 est,
683 4064 822 4121 nulli
848 4063 1000 4120 cedit
1020 4079 1050 4118 a
1074 4064 1188 4121 Deo
1217 4078 1494 4120 concessa:
1530 4063 1835 4120 medicinae.
1871 4062 2005 4119 Vide

439 4170 614 4242 igitur
637 4169 792 4224 illum
818 4169 1102 4239 prioribus
1144 4167 1523 4234 insistentem,
1565 4156 2004 4225 etcazdenicaadi

425 4278 774 4349 jungentem,
807 4283 971 4344 atque
995 4291 1094 4345 per
1119 4275 1419 4346 praecipitia
1445 4275 1691 4346 undique
1729 4283 2001 4331 ruentem.

427 4385 564 4440 Nam
600 4384 757 4453 quasi
789 4399 818 4438 a
848 4384 1084 4453 quodam
1123 4383 1370 4439 daemone
1406 4383 1510 4438 hac
1560 4370 1640 4438 ira
1688 4383 2002 4455 invidiaque

428 4489 694 4559 percitus,
721 4488 872 4543 nulla
917 4489 1128 4544 ratione
1167 4488 1436 4553 frenatur,
1471 4487 1567 4544 sed
1599 4498 1788 4543 contra
1823 4489 1996 4559 ipsam

429 4595 568 4652 furit
590 4605 864 4662 naturam,
900 4594 1170 4666 iramque,
1200 4609 1362 4664 quam
1382 4605 1572 4650 contra
1591 4610 1775 4664 magos
1799 4595 1903 4650 sibi
1934 4595 1996 4650 il-

429 4700 686 4758 ludentes
704 4709 1050 4770 conceperat,
1077 4711 1267 4755 contra
1297 4699 1544 4754 insontes
1574 4714 1774 4769 pueros
1798 4715 2001 4754 exone-

429 4814 533 4870 rat,
563 4805 745 4861 simile
787 4804 1004 4859 facinus
1032 4803 1090 4859 in
1112 4803 1401 4859 Palaestina
1436 4818 1724 4875 aggressus
1749 4805 1802 4859 ei
1849 4804 1997 4874 quod

433 4911 567 4966 olim
600 4910 658 4965 in
689 4907 923 4981 Egypto
943 4916 1322 4980 perpetratum
1354 4907 1557 4962 fuerat.
1581 4906 1714 4961 Nam
1748 4907 1846 4972 ait,
1871 4907 1997 4961 Mit-

431 5027 545 5072 tens
574 5017 761 5073 occidit
783 5031 963 5071 omnes
987 5031 1174 5086 pueros
1197 5017 1254 5070 in
1274 5014 1595 5081 Bethlehem,
1618 5024 1668 5070 et
1686 5017 1742 5069 in
1761 5015 1997 5071 omnibus

427 5121 621 5192 ﬁnibus
678 5129 813 5193 ejus,
859 5140 892 5176 a
927 5122 1129 5176 bimatu
1161 5129 1210 5174 et
1253 5121 1420 5191 infra,
1471 5122 1756 5176 secundum
1795 5131 1998 5194 tempus

430 5226 570 5298 quod
621 5229 943 5295 exquisierat
987 5245 1018 5281 a
1052 5227 1242 5299 magis.
1280 5225 1380 5282 Hic
1411 5225 1548 5280 mihi
1595 5225 1886 5298 diligenter
1916 5236 1998 5282 at-

495 5492 513 5525 ι
558 5489 641 5541 Sic
683 5487 831 5538 Savil.
868 5496 921 5557 et
959 5505 1132 5557 omnes
1165 5505 1295 5555 pene
1327 5492 1454 5557 Mss,
1485 5493 1656 5543 Morel.
1694 5495 1920 5557 μεθείς...
1946 5508 2024 5545 se-

430 5556 760 5667 mimtarc
800 5554 1023 5616 stultam;
1061 5552 1135 5606 sic
1163 5552 1315 5609 etiam
1353 5553 1483 5620 legit
1523 5552 1774 5620 Georgius
1809 5556 2000 5620 Trape-

2109 3001 2338 3059 tcndite.
2378 3003 2596 3060 Etenim
2629 3005 2789 3061 multi
2832 3007 3074 3079 plurima
3125 3010 3270 3067 circa
3309 3028 3514 3084 pueros
3539 3015 3680 3070 istos

2109 3118 2408 3181 nugantur,
2435 3111 2763 3184 iniustitiam
2785 3113 2915 3170 facti
2939 3116 3321 3187 criminantes;
3343 3119 3435 3176 alii
3455 3121 3686 3192 quidem

2109 3215 2418 3273 modestius
2464 3217 2571 3273 hac
2601 3217 2671 3274 de
2719 3235 2778 3276 re
2824 3219 2994 3276 dubia
3036 3234 3382 3294 proponunt;
3417 3225 3510 3281 alii
3550 3242 3688 3284 vero

2110 3323 2376 3380 audacius
2403 3333 2460 3380 et
2509 3324 2792 3383 furiosius.
2845 3327 2918 3384 Ut
2960 3328 3130 3401 igitur
3171 3330 3272 3386 bos
3300 3332 3371 3388 ab
3414 3335 3680 3400 amentia,

2107 3426 2247 3484 alios
2276 3445 2308 3484 a
2327 3429 2676 3487 dubitatione
2712 3432 3035 3499 liberemus,
3065 3435 3343 3505 patienter
3365 3451 3467 3493 nos
3489 3439 3680 3495 audite

2108 3534 2176 3588 de
2208 3534 2300 3588 tali
2333 3545 2656 3606 argumento
2686 3537 2931 3593 breviter
2961 3537 3324 3610 disputantes.
3361 3541 3494 3597 Nam
3529 3544 3577 3599 si
3615 3560 3679 3599 ea

2108 3643 2176 3698 de
2208 3659 2267 3698 re
2298 3643 2687 3710 criminantur,
2718 3645 2864 3716 quod
2888 3662 3184 3717 puerorum
3216 3648 3394 3704 caedes
3433 3650 3681 3721 neglecta

2109 3749 2296 3814 fuerit,
2328 3749 2696 3804 criminentur
2720 3750 2885 3805 etiam
2904 3751 2975 3806 ob
3001 3751 3234 3808 militum
3253 3753 3474 3808 Petrum
3492 3764 3684 3810 custo-

2107 3853 2377 3909 dientium
2428 3870 2641 3910 necem.
2679 3855 3151 3922 Quemadmodum
3193 3858 3340 3912 enim
3370 3859 3464 3913 hic
3499 3874 3681 3929 puero

2107 3957 2371 4029 fugiente,
2402 3959 2496 4014 alii
2525 3960 2681 4030 pueri
2714 3975 2816 4030 pro
2853 3975 2920 4016 eo
2959 3961 3054 4032 qui
3087 3962 3438 4032 quaerebatur
3466 3963 3682 4020 interli-

2110 4063 2370 4118 ciuutur:
2393 4064 2466 4120 ita
2485 4072 2616 4119 tunc
2631 4081 2755 4121 cum
2769 4066 2969 4122 Petrus
2991 4082 3058 4123 ex
3069 4083 3291 4124 carcere
3311 4079 3369 4124 et
3390 4085 3457 4124 ex
3468 4070 3682 4124 catenis

2105 4169 2176 4225 ab
2198 4170 2390 4240 angelo
2420 4170 2683 4225 liberatus
2705 4179 2871 4236 esset,
2889 4171 3110 4242 quidam
3133 4179 3367 4243 tyranno
3385 4172 3610 4228 nomine
3623 4181 3682 4227 et

2108 4275 2360 4331 moribus
2377 4276 2596 4344 similis,
2616 4291 2747 4331 cum
2763 4293 2888 4331 eum
2905 4277 3212 4347 quaesisset,
3237 4293 3338 4333 nec
3355 4277 3680 4343 invenisset,

2107 4379 2317 4435 milites
2354 4379 2448 4451 qui
2472 4395 2598 4435 eum
2629 4380 3018 4435 custodiebant
3037 4397 3137 4452 pro
3155 4382 3543 4436 illointerfecit
3575 4383 3677 4453 (a).

2102 4487 2171 4542 Et
2198 4487 2331 4558 quid
2355 4488 2495 4543 hoc?
2519 4488 2770 4558 inquies;
2794 4489 2911 4544 haec
2939 4505 3050 4544 non
3068 4498 3153 4544 est
3165 4490 3388 4555 solutio,
3405 4487 3498 4544 sed
3517 4489 3681 4544 addi-

2105 4600 2409 4648 tamentum
2436 4593 2503 4647 ad
2526 4594 2906 4662 quaestionem.
2939 4593 3054 4650 Hoc
3080 4595 3218 4650 bene
3242 4594 3370 4649 novi
3393 4609 3527 4664 ego:
3549 4595 3681 4650 ideo

2105 4705 2216 4761 haec
2237 4704 2414 4762 omnia
2439 4709 2494 4760 In
2521 4703 2758 4760 medium
2782 4703 3016 4774 profero,
3043 4713 3102 4759 ut
3123 4705 3369 4760 omnibus
3391 4722 3552 4762 unam
3583 4704 3683 4763 ad-

2103 4798 2226 4853 dam
2252 4796 2591 4852 solutionem.
2616 4794 2870 4864 Quaenam
2901 4795 3063 4866 igitur
3102 4804 3182 4850 est
3224 4793 3314 4849 illa
3352 4794 3590 4849 solutio?
3627 4803 3684 4850 et

2103 4905 2258 4960 quam
2282 4888 2610 4960 probabilem
2624 4887 2946 4944 solutionem
2964 4886 3158 4944 afferre
3179 4887 3498 4958 possumus?
3519 4887 3682 4944 Chri-

2105 5013 2249 5059 stum
2276 5003 2484 5057 scilicet
2505 5017 2616 5056 uon
2637 4998 2806 5054 fuisse
2828 4998 2961 5070 ipsis
2978 4997 3130 5051 necis
3149 5010 3390 5059 causam,
3410 4993 3505 5049 sed
3527 4991 3677 5051 regis

2106 5111 2511 5176 crudelitatem,
2525 5107 2983 5181 quemadmodum
2993 5120 3176 5176 neque
3191 5103 3301 5159 illis
3315 5102 3556 5165 Petrum,
3575 5097 3679 5154 sed

2166 5365 2238 5428 (a)
2261 5362 2398 5428 Quod
2421 5362 2502 5411 hic
2523 5361 2643 5428 dicit
2659 5359 3051 5428 Chrysostomus,
3076 5354 3357 5428 Herodem,‘
3373 5351 3542 5428 elapsi)
3565 5346 3674 5428 Pe.-

2103 5408 2962 5486 tro‘,"inilite—scustodes—occidime,
2995 5408 3108 5467 cum
3124 5419 3304 5486 Δ(ὶι-ειξςρ
3335 5408 3564 5486 Actu—oms,

2104 5477 2463 5548 19,'cousonat.
2490 5484 2571 5535 ubi
2602 5483 2805 5548 dicitur,
2841 5477 3086 5548 ἐκέλευσεγ
3115 5479 3401 5548 ἀπᾳχθῆναξι
3416 5477 3673 5548 jussit‘eos

2100 5531 2711 5613 ἰοϊεὶᾥρὶἧῖρἆὶὴξᾶιὲααςί.
2732 5531 2893 5613 ῥειέίε
2923 5531 3300 5604 intelligendum
3326 5531 3520 5586 videtur
3541 5531 3679 5582 inus

2103 5606 2345 5673 Vulgata,
2358 5607 2506 5672 jussit
2524 5622 2606 5661 eos
2627 5606 2758 5658 duci.
