3856 6180
216 261 309 320 ίῗῖ

214 393 443 448 llerodis
460 403 772 451 amentiam.
796 394 927 453 Nam
952 398 995 451 si
1028 398 1278 452 etfossum
1304 414 1512 453 murum
1540 401 1781 466 vidisset,

204 489 285 542 vel
316 497 503 556 portas
529 504 763 547 eversas.
787 490 911 559 jure
954 488 1089 551 forte
1139 491 1397 560 potuisset
1444 491 1662 557 milites,
1693 492 1783 562 qui

198 581 502 647 apostolum
554 582 943 649 custodiebant,
992 583 1324 653 negligentiae
1367 599 1657 641 accusare:
1687 602 1783 638 ve-

198 687 313 723 rum
345 672 421 725 ibi
451 673 702 727 omniain
726 689 825 728 suo
852 683 989 728 statu
1019 675 1301 730 manebant
1328 693 1341 728 :
1382 676 1558 746 ianua:
1587 677 1785 733 clausa:

196 776 371 825 erant,
404 776 608 819 ratenze
634 768 1046 821 custodientium
1076 768 1322 823 manibus
1349 768 1575 838 alligatae
1600 770 1786 840 (erant

198 857 335 910 enim
369 858 443 911 illi
478 859 637 912 simul
667 875 786 912 cum
814 859 975 913 Petro
1001 861 1219 929 vincti),
1260 870 1570 939 poteratque
1595 878 1657 915 ex
1701 862 1784 916 bis

198 964 375 1003 secum
413 963 681 1019 reputare,
710 953 754 1006 si
782 953 994 1022 quidem
1022 964 1166 1008 recte
1189 953 1502 1022 judicasset,
1528 953 1665 1023 quod
1692 968 1784 1023 ge-

198 1054 330 1095 smm
365 1042 543 1097 fuerat
586 1060 692 1097 non
741 1044 964 1102 humana
1000 1047 1215 1109 virtute,
1247 1063 1415 1114 neque
1462 1046 1645 1101 fraude
1688 1047 1782 1100 ali-

196 1153 315 1204 qua,
354 1137 455 1191 sed
485 1138 661 1191 divina
690 1139 915 1209 quadam
947 1154 1009 1192 ac
1041 1140 1266 1194 mirabili
1301 1142 1533 1207 potentia
1580 1140 1774 1195 factum

197 1229 375 1293 fuisse,
420 1239 581 1296 atque
633 1230 778 1284 illum
827 1231 1071 1295 adorare,
1118 1233 1206 1299 qui
1252 1231 1364 1286 haec
1412 1233 1647 1295 fecisset,
1681 1248 1778 1287 nec

197 1336 379 1389 pinnas
400 1321 468 1377 de
496 1322 808 1376 custodibus
829 1332 1105 1390 expetere.
1124 1323 1264 1377 Deus
1290 1324 1483 1390 quippe
1506 1322 1576 1375 ita
1603 1324 1780 1377 omnia

196 1409 333 1471 fecit,
367 1422 429 1465 ut
453 1428 560 1466 non
584 1413 743 1465 modo
772 1411 1019 1467 custodes
1048 1429 1152 1466 non
1176 1415 1459 1483 proderet;
1487 1415 1580 1468 sed
1620 1416 1777 1468 etiam

195 1515 246 1557 ut
277 1520 373 1572 per
411 1506 536 1559 illos
564 1520 744 1576 regem
776 1506 841 1558 ad
871 1505 1145 1559 veritatem
1177 1506 1484 1560 adduceret.
1515 1507 1569 1561 Si
1600 1516 1778 1561 autem

195 1596 278 1648 ille
329 1597 612 1663 improbus
666 1597 1009 1667 ingratusque
1056 1599 1172 1664 fuit,
1204 1599 1327 1668 quid
1374 1599 1439 1653 ad
1485 1602 1776 1669 sapientem

194 1688 495 1742 animarum
526 1688 820 1752 medicum,
840 1690 927 1758 qui
949 1691 1123 1743 omnia
1154 1691 1339 1759 agebat
1366 1691 1430 1743 ad
1464 1690 1775 1746 benefit-ium

196 1781 554 1848 praestandum
587 1782 656 1845 ei,
688 1782 775 1851 qui
808 1783 994 1837 morbo
1023 1783 1440 1853 inobsequcutite
1472 1784 1778 1839 laborabat?

187 1872 424 1943 Idipsum
457 1875 545 1929 bic
583 1890 794 1943 quoque
819 1874 1097 1930 dicendum
1145 1884 1246 1930 est.
1281 1875 1405 1941 Cur,
1439 1891 1471 1929 ο
1514 1877 1773 1943 llcrodes,

246 1968 417 2036 magis
446 1967 636 2021 illusus
668 1968 834 2020 iratus
867 1968 969 2021 es?
1000 1984 1103 2021 non
1135 1983 1359 2022 noveras
1389 1967 1631 2023 divinum
1657 1984 1778 2025 esse

194 2059 439 2127 partum?
469 2074 650 2112 annon
702 2068 755 2112 tu
802 2060 1066 2128 principes
1105 2060 1445 2113 sacerdotum
1475 2060 1775 2115 advocave-

192 2152 311 2206 ras?
336 2167 519 2205 annon
562 2151 768 2205 scribas
786 2153 1250 2221 congregaveras?
1288 2166 1466 2205 annon
1509 2152 1677 2205 νοωιὶ
1701 2152 1772 2206 illi

192 2245 528 2316 prophetam,
553 2246 642 2316 qui
672 2245 785 2300 lucc
807 2247 932 2300 olim
966 2246 1432 2314 praenuntiaverat,
1454 2245 1519 2299 ad
1545 2246 1773 2301 tribunal

192 2348 332 2392 tuum
363 2337 749 2392 adduxerunt?
778 2352 954 2391 annon
995 2337 1172 2391 vidisti
1200 2348 1378 2390 vetera
1409 2339 1557 2391 novis
1582 2353 1774 2392 conso-

190 2444 311 2483 nare
329 2428 356 2481 ?
382 2444 568 2482 annon
596 2428 789 2481 audisti
810 2427 1017 2481 stellam
1045 2428 1125 2482 bis
1146 2428 1567 2482 ministravisse?
1596 2443 1770 2481 annon

196 2521 461 2574 reveritus
492 2534 555 2574 es
582 2519 930 2574 barbarorum
957 2519 1317 2590 diligentiam?
1343 2535 1519 2573 annon
1550 2521 1773 2574 miratus

188 2626 459 2665 eseorum
504 2609 755 2666 ﬁduciam
795 2624 860 2665 ac
909 2608 1154 2679 loquendi
1201 2610 1540 2666 libertatem?
1593 2626 1769 2666 annon

192 2696 461 2752 horruisti
511 2698 580 2751 ad
626 2714 813 2752 veram
863 2701 1145 2769 prophetae
1190 2704 1420 2757 vocem?
1468 2721 1650 2761 annon
1706 2724 1773 2763 ex

195 2789 478 2858 prioribus
529 2799 806 2859 postrema
854 2792 1006 2860 sequi
1056 2793 1344 2863 cogitasti?
1380 2794 1491 2850 Cur
1544 2814 1653 2851 non
1710 2815 1777 2852 ex

196 2882 277 2936 his
324 2882 592 2936 omnibus
644 2892 823 2937 tecum
872 2886 1167 2953 reputasti,
1223 2901 1330 2940 non
1378 2901 1443 2941 ex
1495 2903 1777 2958 magorum

197 2976 389 3031 fraude
430 2976 547 3030 haec
584 2975 856 3039 evenisse,
895 2977 988 3031 sed
1021 2977 1208 3031 divina
1244 2960 1449 3033 virtute
1482 2981 1687 3043 omnia,
1720 2989 1781 3035 ut

197 3082 292 3135 par
343 3074 489 3130 erat,
537 3066 902 3135 providente?
954 3067 1181 3122 Etiamsi
1238 3085 1370 3124 vero
1424 3069 1618 3125 illusus
1673 3070 1780 3125 fui-

197 3156 261 3207 sti
302 3170 331 3207 a
372 3156 582 3225 magis,
638 3157 771 3227 quid
828 3158 961 3213 illud
1006 3160 1074 3214 ad
1128 3176 1365 3231 pueros,
1404 3161 1499 3231 qui
1537 3162 1677 3217 nihil
1726 3172 1778 3219 te

197 3247 488 3303 keserant?

258 3461 310 3514 2.
354 3459 464 3512 Cur
506 3457 644 3511 Deus
689 3457 968 3526 permiserit
1009 3456 1228 3526 infantes
1266 3456 1446 3508 occidi.
1493 3455 1592 3521 Qui
1635 3456 1772 3509 mala

192 3552 384 3623 [ortiter
402 3550 573 3619 ferunt
602 3566 702 3602 non
729 3548 1000 3610 luduntur,
1014 3548 1105 3600 etsi
1125 3547 1241 3600 laedi
1267 3547 1546 3599 videantur.
1584 3545 1769 3613 Recte,

196 3646 435 3713 inquies;
474 3641 568 3696 sed
626 3640 887 3696 llerodem
915 3639 1127 3709 quidem
1155 3641 1297 3692 omni
1328 3639 1638 3693 defensioue
1682 3655 1773 3693 va-

190 3752 385 3803 cuum,
446 3744 501 3790 et
558 3734 954 3803 sanguinarium
1010 3733 1173 3801 probe
1221 3731 1499 3786 ostendisti
1543 3749 1556 3784 :
1599 3746 1773 3801 neque

194 3842 366 3884 tamen
396 3828 577 3883 adhuc
607 3828 810 3882 solvisti
840 3826 1194 3895 objectionem
1222 3825 1362 3879 circa
1410 3824 1531 3878 facti
1566 3824 1774 3895 injusti-

192 3922 337 3975 tiam.
362 3919 496 3975 Nam
526 3920 570 3973 si
599 3919 688 3973 ille
718 3919 913 3984 injuste
952 3918 1077 3987 egit,
1109 3932 1205 3971 cur
1238 3916 1376 3970 Deus
1417 3916 1467 3970 id
1499 3918 1774 3985 permisit?

194 4014 328 4082 Quid
352 4027 484 4083 ergo
513 4011 579 4065 ad
604 4011 718 4065 lucc
743 4010 1013 4065 dixerim?
1055 4008 1285 4077 ldipsum
1314 4007 1455 4077 quod
1484 4024 1697 4077 semper
1718 4018 1774 4062 et

195 4107 243 4158 iu
272 4104 521 4167 ecclesia,
547 4112 598 4156 et
629 4102 681 4155 in
729 4100 865 4163 foro,
897 4111 950 4154 et
981 4100 1174 4169 ubique
1213 4099 1391 4154 dicere
1429 4115 1533 4152 non
1561 4098 1770 4163 desino,

194 4197 331 4267 quod
359 4196 523 4251 velim
550 4211 645 4248 vos
674 4193 955 4261 diligenter
983 4192 1269 4246 observare
1294 4208 1307 4247 :
1338 4206 1460 4244 nam
1486 4191 1663 4261 regula
1691 4200 1776 4246 est

196 4292 255 4342 ad
288 4303 506 4342 omnem
534 4284 898 4356 hujuscemodi
930 4283 1277 4353 quzestionem
1308 4281 1775 4349 adhibemlmQute

196 4382 391 4451 regula,
427 4393 617 4449 qmeve
646 4377 782 4431 ratio
808 4374 929 4430 est?
956 4374 1055 4442 Qui
1100 4374 1296 4428 laedant
1322 4374 1540 4439 multos,
1567 4372 1654 4442 qui
1685 4373 1776 4427 lte-

193 4473 346 4526 datur
381 4470 596 4525 nullum
620 4484 762 4522 esse.
790 4466 857 4520 Et
883 4481 951 4521 ne
972 4465 1073 4519 hoc
1099 4465 1322 4535 aenigma
1352 4479 1449 4518 vos
1472 4463 1774 4530 conturbet,

192 4566 298 4619 cito
326 4562 658 4619 solutionem
684 4557 967 4612 adhibebo.
994 4556 1126 4611 Nam
1153 4570 1244 4611 eas
1270 4570 1449 4625 quasa
1469 4556 1658 4626 quovis
1681 4554 1777 4609 ho-

195 4656 335 4709 mine
365 4653 567 4721 injuste
596 4652 827 4721 patimur
870 4648 1113 4717 injurias,
1138 4648 1277 4703 Deus
1326 4646 1478 4701 nobis
1506 4656 1781 4717 computat

195 4756 280 4799 aut
312 4746 363 4799 in
399 4752 746 4814 peccatorum
774 4739 1171 4803 remissionem,
1202 4745 1296 4792 aut
1324 4737 1376 4791 in
1407 4737 1666 4793 mercedis
1689 4754 1778 4792 re—

198 4837 570 4891 tributionem.
621 4836 793 4902 Atque
836 4840 893 4886 ut
938 4830 991 4885 id
1036 4830 1177 4901 quod
1224 4830 1425 4884 dictum
1473 4840 1556 4884 est
1585 4830 1781 4884 clarius

198 4931 407 4995 evadat,
443 4928 511 4983 ad
540 4927 844 4995 exemplum
865 4924 1162 4978 veniamus.
1199 4924 1463 4977 Ponamus
1493 4922 1634 4977 enim
1661 4938 1781 4978 esse

200 5037 411 5075 servum
444 5019 680 5087 aliquem
707 5016 901 5070 multas
931 5015 1184 5085 pecunias
1209 5013 1428 5068 domino
1453 5029 1550 5068 suo
1579 5013 1781 5068 deben-

204 5124 330 5165 tem:
352 5112 445 5181 qui
474 5124 663 5165 servus
680 5108 747 5160 ab
768 5108 961 5177 iniquis
985 5106 1289 5160 hominilms
1314 5105 1615 5174 impetatur,
1631 5108 1703 5159 ita
1727 5114 1783 5159 ut

206 5206 464 5259 bonorum
495 5212 645 5273 parte
667 5202 838 5270 aliqua
868 5200 1171 5253 mulctetur.
1195 5199 1251 5253 Si
1281 5213 1408 5267 ergo
1425 5197 1672 5252 dominus
1693 5197 1782 5265 qui

208 5306 471 5362 raptorem
490 5292 746 5347 cohibere
768 5291 955 5360 potuit,
971 5299 1149 5360 raptas
1170 5289 1382 5359 quidem
1400 5289 1647 5357 pecunias
1678 5303 1780 5341 non

212 5387 468 5446 restituat,
486 5384 580 5437 sed
605 5393 783 5451 raptas
799 5391 975 5436 tamen
999 5383 1137 5436 inter
1153 5396 1244 5437 eas
1259 5397 1376 5450 qua:
1397 5380 1497 5436 sibi
1514 5382 1782 5435 debeban-

215 5487 292 5530 tur
311 5484 609 5543 computet:
629 5490 697 5528 an
726 5473 885 5529 laesus
906 5472 1003 5528 fuit
1018 5475 1237 5529 servus?
1264 5473 1623 5537 Nequaquam.
1643 5474 1778 5541 Quid

214 5582 331 5620 vero
352 5572 396 5621 si
424 5572 572 5635 plura
602 5570 701 5637 ipsi
723 5572 971 5623 dominus
993 5570 1236 5624 dederit?
1264 5587 1440 5627 annon
1466 5574 1583 5643 plus
1614 5579 1788 5632 lucra-

218 5665 295 5711 tus
318 5668 421 5724 est,
450 5675 608 5730 quam
643 5661 981 5731 perdiderit?
1011 5660 1067 5716 Id
1094 5662 1338 5720 omnibus
1362 5665 1537 5736 palam
1569 5677 1670 5723 est.
1703 5667 1786 5724 ld-

1392 304 1455 358 ΙΝ
1495 304 1892 361 ΜᾹΤΤΙΙᾸΞΙΙΜ
1938 303 2168 358 llUMIL.
2214 308 2303 367 lx.

3367 312 3468 371 I78

1898 410 2068 478 ipsum
2112 422 2164 466 ct
2195 428 2293 466 nos
2341 424 2584 482 putemus
2624 430 2744 470 cum
2789 416 2985 487 aliquid
3034 421 3281 489 patimur.
3323 423 3477 492 Quod

1895 504 2041 557 enim
2071 518 2166 573 per
2194 519 2459 559 {erumnas
2506 507 2640 566 illas.
2685 516 2775 561 aut
2817 519 3027 577 peccata
3072 512 3355 579 diluamus,
3384 524 3480 572 aut

1898 592 1943 645 si
1973 608 2077 647 non
2105 594 2390 648 admodum
2424 599 2654 665 peccatis
2680 600 2893 653 obnoxii
2926 602 3121 667 simus,
3148 605 3477 671 splendidio-

1894 700 1983 739 res
2010 688 2333 755 accipiamus
2377 705 2623 754 coronas,
2658 693 2777 745 audi
2829 693 3048 748 Paulum
3096 696 3361 754 dicentem
3411 702 3479 757 de

1896 775 2181 833 fornicario
2228 797 2241 832 :
2290 779 2495 835 Tradite
2548 783 2836 853 hujusmodi
2878 796 3072 840 satana:
3126 791 3177 841 in
3220 789 3477 846 interitum

1893 871 2081 935 carnis,
2127 881 2180 924 ut
2221 874 2427 942 spiritus
2466 876 2634 929 salvus
2674 877 2739 928 sit
2782 879 2859 938 (l.
2891 878 3009 932 Cor.
3040 880 3090 935 5.
3123 882 3198 950 5).
3234 882 3302 936 Et
3348 886 3473 953 quid

1896 963 2039 1018 hoc?
2067 964 2196 1018 Nam
2221 966 2286 1019 de
2313 967 2376 1019 iis
2397 968 2484 1035 qui
2518 968 2779 1021 lzcduntur
2809 970 2875 1023 ab
2899 972 3018 1024 aliis
3040 988 3216 1026 sermo
3240 986 3343 1038 est,
3368 991 3472 1030 non

1891 1053 1960 1109 de
1990 1055 2054 1109 iis
2082 1058 2170 1126 qui
2198 1072 2225 1109 a
2258 1057 2565 1111 doctoribus
2593 1062 2947 1129 corriguntur.
2984 1061 3138 1117 Certe
3166 1066 3364 1120 nullum
3394 1077 3475 1121 est

1893 1144 2035 1199 inter
2066 1147 2154 1199 illa
2185 1148 2414 1202 medium
2443 1165 2456 1201 :
2491 1167 2610 1202 nam
2643 1151 2709 1205 de
2750 1152 2892 1206 dicto
2936 1153 3235 1221 hujusmodi
3263 1175 3472 1227 qiuere-

1892 1235 2066 1301 batur,
2115 1238 2174 1292 ln
2216 1242 2469 1294 utrumuis
2525 1243 2723 1296 nullum
2781 1245 3028 1313 patientis
3076 1248 3324 1303 damnum
3366 1262 3467 1306 est.

1889 1327 1995 1382 Sed
2034 1338 2091 1383 ut
2115 1345 2415 1389 sermonem
2467 1333 2779 1387 transferam
2822 1336 2887 1389 ad
2935 1336 2984 1390 id
3015 1339 3152 1405 quod
3186 1342 3349 1410 magis
3379 1357 3461 1396 ac

1889 1422 2031 1477 cedit
2062 1423 2128 1477 ad
2158 1426 2539 1493 qiuestiouem;
2586 1428 2869 1483 recordare
2898 1430 3129 1496 Davidis,
3162 1432 3248 1501 qui
3292 1435 3467 1489 Semei

1890 1516 2078 1571 videns
2107 1517 2389 1573 instantem
2417 1529 2467 1573 et
2494 1520 2777 1574 calamitati
2810 1539 2922 1577 suae
2951 1526 3313 1588 insultantem.
3348 1543 3470 1581 sex-

1889 1610 2164 1679 centisquc
2218 1612 2428 1680 probris
2474 1623 2878 1683 aspergentem,
2926 1631 3046 1670 cum
3104 1619 3298 1673 vellent
3346 1636 3467 1674 eum

1888 1698 2051 1753 duces
2078 1704 2346 1756 exercitus
2376 1703 2697 1771 interficere,
2738 1707 2973 1761 cohibuit
3000 1707 3085 1763 his
3128 1711 3338 1763 verbis:
3368 1710 3469 1765 Di-

1887 1792 2068 1846 mittitc
2086 1793 2232 1847 illum
2260 1794 2577 1860 maledicere,
2598 1806 2653 1849 ut
2678 1798 2843 1852 videat
2865 1799 3110 1855 Dominus
3141 1802 3470 1858 humilitatem

1888 1903 2071 1951 meam,
2103 1897 2149 1939 et
2187 1888 2428 1942 retribuat
2459 1891 2585 1943 mihi
2612 1892 2739 1944 bona
2770 1909 2861 1961 pro
2890 1893 2984 1947 hoc
3012 1896 3278 1950 maledicto
3304 1898 3353 1951 in
3375 1898 3469 1952 hac

1889 1978 1971 2032 die
1997 1977 2076 2048 (2.
2110 1980 2238 2049 Reg.
2268 1981 2355 2035 l6.
2389 1983 2477 2035 ll.
2510 1982 2622 2053 Ω).
2669 1983 2727 2037 Et
2756 1986 2807 2037 in
2837 1984 3285 2041 Psalmis-canens
3318 1988 3464 2042 dice-

1889 2073 2008 2127 bat:
2044 2073 2254 2142 Respice
2278 2076 2506 2130 inimicos
2534 2093 2688 2143 meos,
2721 2079 2959 2146 quoniam
2990 2079 3312 2150 multiplicati
3330 2092 3465 2143 sunt,

1887 2174 1933 2217 et
1958 2165 2075 2217 odio
2105 2166 2277 2235 iniquo
2302 2166 2515 2220 oderunt
2554 2184 2634 2221 me
2665 2185 2682 2221 :
2724 2179 2770 2222 et
2816 2170 3011 2224 dimitte
3052 2172 3220 2224 omnia
3261 2184 3466 2243 peccata

1884 2272 1992 2309 mea
2024 2255 2188 2327 (Psal.
2210 2256 2298 2311 2-4.
2328 2258 2407 2313 l9.
2439 2257 2545 2328 t8).
2572 2259 2635 2312 Et
2665 2259 2898 2314 Lazarus
2923 2261 3153 2331 quietem
3172 2278 3469 2334 conscquu~

1886 2357 1969 2403 tus
1993 2348 2240 2419 est(Luc.
2272 2349 2380 2418 16),
2413 2351 2530 2419 quia
2563 2352 2835 2407 innumera
2861 2354 2995 2408 mala
3029 2371 3121 2423 per
3152 2356 3286 2411 hanc
3304 2357 3463 2411 vitam

1890 2453 2175 2507 perpessus
2204 2449 2303 2493 est.
2336 2440 2448 2494 Non
2478 2457 2606 2511 ergo
2635 2442 3020 2516 la-duntur,qui
3048 2446 3166 2500 lzedi
3195 2447 3458 2512 videntur,
3537 2490 3551 2499 κ

1883 2530 1927 2584 si
1961 2532 2094 2584 mala
2127 2533 2302 2587 omnia
2334 2533 2541 2588 fortiter
2567 2536 2766 2601 ferant;
2800 2536 2907 2591 imo
2936 2539 3105 2609 majus
3145 2541 3351 2597 lucrum
3378 2558 3465 2597 re-

1885 2630 2116 2689 portant,
2145 2624 2257 2678 sive
2292 2640 2320 2677 a
2352 2625 2459 2678 Deo
2491 2628 2877 2694 percutiantur,
2906 2630 3017 2685 sive
3046 2646 3073 2683 a
3103 2630 3314 2687 diabolo
3340 2650 3463 2690 ver-

1886 2711 2155 2768 bereutur.
2190 2714 2405 2785 Ecquod
2452 2729 2725 2785 peccatum
2759 2718 2992 2775 habuere
3021 2723 3191 2791 pueri,
3231 2723 3462 2793 inquies,

1881 2803 2022 2872 quod
2055 2799 2349 2861 ‘elucrent?
2386 2806 2454 2862 de
2501 2807 2567 2862 iis
2607 2809 2748 2863 enim
2799 2810 2890 2879 qui
2937 2823 3149 2869 aetatem
3194 2817 3465 2886 assequuti

1883 2903 2097 2962 peccata
2136 2896 2359 2963 plurima
2392 2909 2788 2968 perpetrarunt,
2808 2901 2929 2972 jure
2957 2905 3076 2973 quis
3105 2906 3217 2961 haec
3237 2906 3456 2974 dixerit;

1880 2985 1971 3054 qui
2009 3001 2138 3041 vero
2168 2996 2273 3041 tam
2325 2988 2606 3044 immatura
2658 3003 2831 3047 morte
2880 2996 3125 3062 prterepti
3172 3007 3315 3064 sunt,
3339 3014 3459 3067 qiue

1885 3087 2098 3145 peccata
2140 3078 2204 3130 iis
2230 3077 2402 3132 aifccti
2435 3080 2590 3133 malis
2620 3081 2975 3142 deleverunt?
2999 3084 3112 3139 Non
3157 3088 3347 3142 audisti
3380 3106 3465 3146 me

1881 3166 2165 3230 dicentem,
2199 3169 2405 3224 etiamsi
2434 3171 2578 3224 nulla
2610 3170 2717 3225 sint
2743 3183 2979 3242 peccata,
3010 3179 3272 3232 mercedis
3306 3181 3464 3234 retri-

1881 3257 2150 3313 butionem
2170 3259 2238 3313 ibi
2254 3276 2472 3316 manere
2484 3277 2576 3315 eos
2588 3261 2679 3333 qui
2696 3261 2784 3318 hic
2798 3265 2951 3320 malis
2967 3277 3091 3321 sunt
3106 3268 3462 3338 aﬂ‘ectimuid

1880 3364 2011 3420 ergo
2038 3350 2341 3407 detrimenti
2376 3367 2634 3422 accepere
2663 3356 2813 3423 pueri
2850 3371 2946 3425 pro
2974 3357 3063 3412 tali
3092 3373 3249 3413 causa
3276 3363 3463 3426 occisi,

1881 3443 1970 3511 qui
2011 3443 2187 3497 statim
2231 3443 2297 3497 ad
2339 3446 2679 3514 tranquillum
2734 3456 2942 3514 portum
2989 3450 3350 3518 appuli-runt?
3399 3455 3466 3507 At

1882 3533 2066 3598 multa,
2093 3534 2321 3602 inquies,
2347 3533 2485 3589 forte
2515 3536 2651 3590 bona
2693 3536 2887 3592 edituri
2914 3549 3085 3607 erant,
3115 3543 3159 3595 si
3186 3545 3461 3599 vixissent.

1878 3623 1984 3681 Sed
2010 3626 2131 3680 ideo
2154 3641 2259 3681 non
2289 3642 2384 3696 par
2409 3628 2540 3697 ipsis
2570 3643 2776 3683 merces
2802 3633 3033 3699 reposita
3065 3643 3168 3697 est,
3198 3639 3337 3702 quod
3370 3654 3465 3707 pro

1881 3718 1970 3772 tali
2012 3733 2171 3772 causa
2219 3718 2469 3773 obierint.
2518 3718 2765 3790 Alioquin
2815 3738 2941 3777 vero
2988 3739 3092 3777 non
3138 3729 3461 3794 permisisset

1880 3826 2074 3881 pueros
2128 3823 2443 3879 przcmatura
2500 3823 2673 3868 morte
2721 3814 2922 3884 abripi,
2972 3815 3017 3869 si
3073 3819 3246 3888 magni
3303 3819 3463 3879 futuri

1880 3913 2054 3958 crant.
2115 3903 2249 3957 Nam
2301 3905 2344 3958 si
2391 3920 2481 3959 eos
2528 3905 2617 3975 qui
2668 3906 2718 3959 iu
2768 3908 3003 3976 nequitia
3053 3909 3243 3964 victuri
3304 3923 3461 3978 sunt,

1878 4010 2000 4049 cum
2029 4005 2169 4049 tanta
2218 3994 2320 4049 fert
2361 3996 2631 4065 patientia,
2674 3997 2839 4050 multo
2892 3999 3057 4068 magis
3102 4000 3199 4054 bos
3238 4019 3343 4056 non
3390 4005 3466 4058 si-

1881 4096 2030 4140 neret
2061 4087 2131 4141 ita
2175 4086 2394 4151 auferri,
2416 4087 2459 4141 si
2504 4103 2693 4158 magna
2721 4088 2963 4158 quaedam
2994 4091 3233 4148 edituros
3272 4096 3462 4163 praevi-

1878 4177 2056 4233 deret?

1962 4372 2015 4426 3.
2044 4372 2110 4426 Et
2137 4373 2188 4425 hi
2221 4373 2433 4440 quidem
2466 4371 2636 4426 nostri
2663 4378 2788 4426 sunt
2814 4385 3127 4437 sermones;
3171 4389 3268 4428 nec
3296 4383 3471 4429 tamen

1887 4461 1938 4516 bi
1970 4462 2069 4516 soli
2099 4472 2323 4532 possunt
2352 4462 2551 4528 atl'erri,
2580 4462 2675 4516 sed
2714 4471 2839 4517 sunt
2863 4463 3024 4517 etiam
3066 4464 3154 4518 alii
3202 4464 3286 4519 his
3317 4467 3471 4535 longe

1887 4554 2266 4618 abstrusiores,
2287 4568 2421 4623 quos
2446 4554 2584 4608 bene
2611 4553 2760 4607 novit
2791 4556 2833 4608 is
2861 4555 2949 4624 qui
2986 4553 3099 4608 haec
3121 4556 3470 4624 dispensavit.

1890 4650 1993 4720 Ipsi
2037 4651 2213 4717 itaque
2255 4650 2586 4705 accuratiore
2618 4648 2869 4703 harumce
2914 4666 3090 4704 rerum
3120 4652 3476 4721 comprehen-

1888 4742 2040 4797 sioue
2067 4755 2343 4807 conces3a,
2376 4742 2440 4795 iis
2467 4756 2586 4811 qum
2633 4750 2929 4811 sequuntur
2972 4740 3288 4810 lizereamus,
3316 4746 3383 4796 ’et
3408 4758 3475 4796 ex

1891 4834 2115 4888 aliorum
2146 4834 2534 4889 calamitatibus
2576 4833 2643 4889 ad
2692 4835 2869 4888 omnia
2915 4828 3123 4890 fortiter
3153 4834 3369 4891 ferenda
3396 4838 3477 4889 in-

1888 4926 2194 4981 stituamur.
2222 4925 2337 4981 Non
2367 4942 2524 4996 parva
2553 4927 2697 4981 enim
2730 4926 2983 4998 tragoedia
3014 4937 3141 4981 tunc
3160 4927 3471 4983 Bctblehem

1892 5019 2193 5086 occupavit,
2217 5018 2396 5087 pueris
2425 5032 2489 5073 ex
2518 5018 2645 5088 ipsis
2668 5028 2898 5072 matrum
2933 5018 3185 5071 uberibus
3214 5019 3472 5087 abreptis,

1892 5116 1947 5161 et
1974 5107 2041 5162 ad
2088 5108 2225 5163 hanc
2256 5109 2486 5179 iniquam
2516 5110 2715 5164 caedem
2756 5109 3019 5164 abductis.
3050 5102 3199 5177 Quod
3232 5110 3275 5164 si
3304 5110 3477 5166 adhuc

1892 5202 2067 5270 pusilli
2095 5217 2152 5256 es
2179 5202 2363 5267 animi,
2392 5218 2488 5257 nec
2530 5211 2729 5256 tantam
2777 5213 2927 5269 potes
2969 5201 3357 5271 philosoiihiam
3400 5212 3478 5257 at—

1897 5295 2120 5364 tingere,
2149 5294 2296 5349 disce
2335 5294 2493 5349 finem
2542 5295 2682 5348 illius
2710 5295 2796 5363 qui
2846 5294 2960 5349 hac
2999 5310 3161 5350 ausus
3190 5306 3291 5361 est,
3322 5294 3477 5364 spiri-

1894 5399 2109 5459 tumque
2138 5386 2676 5443 resume.Celerrima
2696 5391 2892 5458 quippe
2918 5388 3064 5441 illum
3086 5386 3334 5442 facinoris
3363 5387 3473 5439 vin-

1896 5480 2035 5534 dicta
2059 5480 2336 5550 corripuit,
2369 5484 2608 5549 tantique
2634 5480 2856 5535 sceleris
2880 5480 3068 5549 dignas
3092 5479 3239 5533 dedit
3265 5493 3473 5548 ptenas,

1893 5570 2009 5626 dira
2052 5578 2224 5625 morte
2266 5580 2323 5625 et
2362 5584 2425 5625 ea
2467 5570 2852 5640 quamintulit
2897 5570 3285 5627 miserabiliore
3313 5571 3473 5624 vitam

1897 5664 2170 5732 claudens,
2201 5662 2586 5736 innumeraquc
2624 5663 2726 5719 alia
2774 5679 2960 5736 passus
3008 5663 3143 5719 mala
3178 5680 3192 5718 :
3239 5679 3355 5734 qua:
3396 5661 3473 5716 di-
