3856 6180
476 275 571 334 179

469 413 622 454 scere
674 398 918 469 poteritis
982 398 1027 453 si
1075 397 1294 467 10sephi
1340 398 1625 454 Historiam
1670 396 1926 453 evolvatis
1944 395 2041 469 (a),

467 507 650 561 quam,
684 506 752 548 ne
783 492 1021 562 longiore
1049 502 1261 547 utamur
1287 506 1558 555 sermone,
1587 506 1688 545 neu
1714 491 1909 548 seriem
1948 504 2047 543 no-

467 594 633 639 stram
682 583 1102 653 intercipiamus,
1150 582 1498 652 prementibus
1553 596 1659 637 non
1708 580 2046 637 inserendam

468 690 586 731 esse
614 676 934 747 putavimus.
970 675 1058 729 17.
1101 672 1248 728 Tunc
1290 674 1551 745 impletum
1592 684 1665 728 est
1693 674 1829 743 quod
1857 674 2046 728 dictum

463 775 537 823 est
581 783 672 836 per
712 766 988 821 Jeremiasn
1035 768 1329 836 prophetam
1374 766 1617 820 dicentem
1647 782 1666 820 :
1704 767 1791 821 l8.
1829 764 1943 820 νοω
1995 767 2052 821 in

458 856 629 915 Roma
656 863 829 916 audita
858 872 951 929 est,
987 864 1234 931 ploratus,
1261 872 1307 917 et
1329 864 1479 932 ﬂetus
1503 872 1550 916 et
1578 863 1797 915 ululatus
1816 861 2041 925 multus;

461 952 660 1009 Rachel
710 956 918 1026 plorans
956 956 1093 1025 ﬁlios
1138 973 1275 1021 suos,
1304 966 1353 1010 et
1401 956 1564 1010 noluit
1610 955 1881 1018 consolari,
1924 955 2042 1025 quia

462 1064 564 1102 non
582 1057 696 1101 sunt
716 1047 846 1119 (Jer.
868 1049 928 1102 3i
942 1089 956 1102 .
980 1049 1088 1118 l5).
1109 1048 1368 1114 Quoniam
1388 1047 1530 1102 enim
1553 1046 1847 1102 auditorem
1866 1045 2041 1115 reple-

460 1141 537 1194 vit
560 1140 805 1206 horrore,
829 1141 927 1195 hac
946 1141 1196 1206 violenta,
1220 1140 1589 1195 crudelissima
1617 1150 1671 1195 et
1690 1140 1867 1209 iniqua
1893 1138 2041 1194 caede

458 1241 701 1295 narrata,
758 1233 929 1302 ipsum
976 1234 1303 1299 consolatur,
1356 1232 1576 1300 docens,
1621 1231 1736 1287 ham
1768 1247 1873 1287 non
1918 1231 2041 1288 ideo

458 1323 736 1390 accidisse,
766 1324 906 1394 quod
943 1324 1079 1378 Detts
1107 1340 1206 1379 nec
1251 1334 1431 1394 posset
1458 1324 1735 1393 impedire,
1769 1339 1868 1379 nec
1896 1339 2037 1393 pra:-

456 1416 693 1480 vidisset,
729 1418 820 1471 sed
851 1433 972 1473 eum
1004 1418 1119 1473 hace
1145 1428 1198 1472 et
1240 1418 1415 1472 futura
1446 1419 1682 1482 novisse,
1709 1428 1764 1473 et
1792 1433 2038 1487 praenun-

456 1509 617 1563 tiasse
641 1524 734 1579 per
755 1510 1090 1579 prophetam.
1116 1510 1192 1565 Ne
1216 1512 1392 1580 itaque
1421 1512 1669 1574 turheris,
1691 1520 1743 1565 et
1762 1510 2032 1575 concidas,

452 1602 504 1656 in
554 1604 939 1672 providentiam
986 1605 1102 1675 ejus
1156 1604 1475 1660 inell'abilem
1524 1606 1838 1675 respiciens,
1874 1620 2031 1675 quam

450 1704 559 1748 tum
602 1710 667 1750 ex
714 1696 778 1750 iis
818 1712 937 1765 qua:
969 1707 1241 1766 operatur,
1274 1706 1383 1751 tum
1424 1712 1491 1751 ex
1536 1698 1599 1751 iis
1627 1712 1746 1767 quae
1778 1696 2033 1766 permittit

447 1785 627 1840 videre
658 1796 740 1841 est
772 1804 785 1840 :
832 1787 882 1841 id
911 1787 1051 1857 quod
1087 1789 1246 1843 etiam
1275 1787 1401 1843 alibi
1430 1787 1720 1858 discipulos
1750 1788 2028 1858 alloquens

445 1877 821 1933 snhindicavit.
873 1880 1005 1945 Quia
1054 1880 1197 1935 enim
1251 1879 1555 1944 tribunalia,
1588 1881 1934 1935 ahdueliones
1961 1881 2028 1936 ad

444 1979 691 2035 mortem,
721 1972 869 2027 orbis
896 1973 1032 2028 bella
1062 1973 1497 2043 internecinaque
1524 1975 1703 2044 pra-lia
1738 1975 1865 2043 ipsis
1896 1990 2030 2043 prae-

442 2063 797 2126 nuutiaverat,
826 2080 1011 2120 eorum
1041 2066 1249 2121 animos
1291 2068 1526 2137 erigens,
1555 2078 1608 2123 et
1639 2077 1695 2122 ut
1720 2068 2028 2124 consoletur

442 2155 560 2209 illos
588 2156 662 2210 ait
691 2175 704 2211 :
737 2153 924 2211 Nonne
948 2158 1050 2211 duo
1080 2175 1306 2227 passeres
1337 2176 1450 2214 asse
1474 2170 1704 2223 veneunt,
1735 2170 1781 2213 et
1808 2177 1939 2213 unus
1960 2177 2023 2214 ea:

438 2245 541 2299 illis
570 2263 669 2300 non
709 2247 854 2300 cadet
897 2265 1052 2318 super
1080 2257 1267 2303 terram
1307 2250 1416 2303 sine
1446 2250 1602 2304 Patre
1646 2260 1830 2313 oestro,
1856 2252 1942 2319 qui
1970 2252 2023 2305 in

437 2340 577 2394 caelis
596 2350 668 2393 est
684 2339 897 2410 (Matth.
914 2342 1002 2397 10.
1015 2341 1142 2413 ‘29)?
1162 2342 1272 2397 Hoc
1292 2352 1471 2398 autem
1485 2343 1715 2409 dicebat,
1732 2343 2021 2398 ostendens

436 2432 528 2487 illo
550 2433 829 2503 ignorante
870 2434 998 2489 nihil
1029 2436 1181 2500 ﬁeri;
1212 2436 1307 2491 sed
1334 2437 1474 2491 scire
1519 2436 1667 2491 illum
1695 2437 1894 2501 onmia,
1922 2451 2022 2492 nec

435 2532 610 2579 tamen
640 2534 831 2580 cuncta
854 2525 1047 2583 facere.
1069 2525 1147 2581 Ne
1173 2525 1351 2597 igitur,
1375 2527 1566 2598 inquit,
1593 2527 1899 2594 turbemini,
1920 2542 2019 2582 nec

430 2617 895 2671 commoveamini.
924 2617 1057 2673 Nam
1086 2619 1174 2689 qtti
1202 2620 1304 2673 scit
1329 2635 1391 2674 ea
1419 2635 1538 2690 quae
1564 2620 1855 2683 sustinetis,
1880 2626 1933 2673 et
1953 2633 2017 2673 ea

431 2716 609 2777 potest
654 2708 934 2778 impedire,
985 2711 1101 2764 sine
1143 2708 1309 2765 dubio
1349 2726 1453 2764 non
1504 2709 1725 2780 impedit
1750 2711 1873 2780 quia
1919 2726 2015 2765 vc-

429 2811 600 2856 strnm
626 2815 808 2856 curam
835 2810 891 2856 et
936 2802 1323 2871 providentiam
1362 2803 1497 2872 gerit
1526 2820 1541 2857 :
1572 2802 1713 2872 quod
1753 2803 1911 2857 etiarn
1960 2802 2013 2857 in

430 2892 810 2948 tentationibns
851 2895 1088 2963 cogitare
1117 2903 1362 2964 oportet,
1393 2894 1620 2965 hincque
1662 2910 1766 2948 non
1797 2910 2011 2963 parvam

426 2983 848 3040 consolationem
895 2986 1241 3054 accipiemus.
1292 2986 1357 3041 Et
1384 2986 1509 3057 quid
1539 3002 1823 3041 commune
1853 2986 2013 3042 habet

430 3074 629 3131 Rachel
672 3092 793 3131 cum
834 3076 1188 3133 Bethlehcm?
1229 3078 1431 3133 dixerit
1458 3079 1682 3133 fortasse
1709 3078 2005 3148 quispiam;

429 3168 641 3233 Rachel,
683 3168 873 3239 inquit,
903 3170 1111 3239 plorans
1142 3169 1275 3237 ﬁlios
1317 3187 1453 3225 suos.
1495 3170 1631 3238 Quid
1674 3171 1800 3227 item
1841 3170 2008 3226 Rama

419 3276 545 3315 cum
573 3260 845 3317 Racheie?
874 3263 1067 3318 Rachel
1096 3275 1268 3319 mater
1295 3275 1412 3320 erat
1439 3266 1771 3335 Benjamini;
1812 3267 2007 3336 ipsam-

420 3369 523 3420 que
551 3363 813 3408 mortuam
840 3356 1166 3425 sepelierunt
1197 3357 1249 3411 in
1290 3356 1640 3426 hippodromo
1670 3372 1835 3428 prope
1865 3360 2005 3412 hunc

422 3446 613 3499 locum.
646 3446 777 3514 Quia
803 3447 962 3517 igitur
983 3449 1287 3518 sepulcrum
1316 3464 1481 3520 prope
1502 3458 1637 3513 erat,
1656 3458 1715 3505 et
1743 3449 1857 3505 haec
1884 3465 2003 3505 sors

416 3548 532 3591 erat
563 3538 855 3608 Benjamini
885 3539 976 3595 filii
1004 3542 1121 3610 ejus
1155 3558 1169 3597 :
1202 3557 1323 3595 nam
1348 3540 1513 3597 Rama
1537 3541 1603 3597 ad
1632 3542 1826 3598 tribum
1858 3542 1999 3598 Ben-

411 3632 577 3696 jamin
620 3634 955 3705 pertinebat;
983 3644 1039 3690 et
1074 3650 1103 3688 a
1137 3636 1375 3707 principe
1414 3636 1604 3703 tribus,
1632 3645 1681 3691 et
1710 3652 1741 3691 a
1768 3636 1998 3708 sepulcri

415 3726 566 3788 loco,
615 3736 873 3781 mactatos
931 3742 1127 3796 pueros
1168 3727 1288 3797 jure
1339 3727 1587 3783 Rachelis
1636 3728 1773 3783 ﬁlios
1818 3736 1996 3783 vocat.

418 3815 620 3870 Deinde
644 3817 935 3872 ostendens
956 3818 1253 3873 insanabile
1276 3834 1397 3873 esse
1417 3829 1523 3873 tam
1541 3820 1758 3876 crudele
1781 3820 1995 3887 vulnus,

412 3908 525 3961 ait:
562 3905 744 3961 Noluit
770 3908 1042 3973 consolari,
1077 3912 1195 3979 quia
1223 3927 1323 3964 non
1348 3921 1487 3964 sunt.
1524 3910 1618 3965 His
1646 3926 1857 3966 rursum
1893 3912 1995 3967 hoc

412 3999 583 4064 ipsum
626 3997 900 4062 docemur,
935 4000 1075 4069 quod
1105 4001 1251 4068 prius
1292 3999 1557 4066 dicebam,
1591 4017 1696 4055 non
1743 4012 1994 4072 oportere

411 4092 632 4155 turbari,
663 4108 783 4147 cum
808 4108 869 4149 ea
900 4108 1020 4163 qua:
1043 4093 1312 4159 accidunt,
1357 4093 1455 4148 Dei
1481 4094 1820 4164 promissioni
1857 4110 1990 4151 con-

411 4186 572 4240 traria
594 4186 859 4241 videntur.
891 4185 1029 4241 Ecce
1058 4187 1199 4240 enim
1228 4202 1347 4240 cum
1376 4186 1594 4243 advenit
1618 4188 1729 4258 ipse
1757 4188 1821 4242 ad
1851 4188 1992 4242 salu-

410 4285 514 4331 tem
540 4277 739 4347 populi,
764 4277 871 4331 imo
898 4276 963 4331 ad
991 4278 1212 4331 salutem
1232 4278 1398 4339 orbis,
1417 4294 1533 4348 qua:
1561 4279 1775 4334 exordia
1806 4278 1990 4334 fuere?

409 4368 575 4424 Mater
613 4354 763 4440 fugit,
798 4370 964 4439 patria
992 4369 1108 4439 ejus
1139 4370 1561 4427 intolerabilibus
1598 4373 1988 4428 calamitatibus

408 4460 677 4533 affligitur,
724 4461 900 4517 caedes
956 4472 1292 4531 perpetratur
1332 4464 1569 4518 omnium
1617 4465 1983 4531 acerbissima,

411 4551 649 4621 ploratus
696 4560 749 4607 et
777 4551 1007 4606 ululatus
1057 4552 1256 4608 multus
1305 4562 1464 4625 atque
1511 4554 1736 4624 ejulatus
1767 4557 1981 4626 ubique.

410 4643 608 4698 Verum
634 4657 701 4697 ne
743 4642 973 4696 tnrberis
1005 4659 1018 4695 :
1059 4643 1195 4697 solet
1221 4644 1365 4698 enim
1417 4661 1512 4715 per
1539 4648 1805 4701 contraria
1833 4662 1983 4703 (nco-

409 4732 640 4788 nomiam
679 4747 831 4787 suam
876 4732 1119 4801 implere,
1152 4735 1437 4789 maximam
1481 4736 1606 4791 inde
1637 4737 1843 4791 virtutis
1872 4754 1984 4794 sum

407 4825 562 4879 nobis
588 4823 829 4893 praebens
859 4823 1391 4880 demonstrationem.
1419 4827 1506 4883 Sic
1535 4827 1826 4898 discipulos
1858 4845 1984 4885 suos

407 4917 609 4972 induxit
637 4925 797 4987 atque
817 4916 1066 4983 instituit,
1100 4926 1157 4971 ut
1181 4917 1251 4971 ita
1282 4919 1457 4974 omnia
1490 4932 1824 4989 peragerent,
1853 4937 1984 4977 cono

407 5010 567 5063 traria
610 5009 894 5065 contrariis
937 5008 1274 5079 dispensans,
1305 5025 1413 5081 quo
1458 5014 1628 5082 majus
1666 5014 1979 5081 miraculum

404 5101 660 5156 eluceret.
694 5099 967 5171 Flagellati
998 5101 1176 5172 itaque
1202 5102 1297 5165 illi,
1328 5113 1383 5157 et
1411 5105 1566 5172 pulsi,
1597 5114 1648 5160 et
1677 5106 1980 5162 innumeras

404 5195 668 5260 patientes
706 5210 989 5259 :rrumnas,
1021 5194 1099 5250 sic
1136 5195 1522 5266 ﬂagellantihus
1551 5208 1707 5269 atque
1735 5201 1979 5269 pellenti-

407 5286 503 5338 lms
530 5284 833 5351 superiores
858 5296 1157 5341 evaserunt.
1182 5288 1265 5343 l9.
1292 5288 1540 5360 Defuncto
1563 5302 1729 5344 autem
1755 5292 1975 5357 Herode,

404 5390 515 5427 ecce
550 5376 761 5444 angelus
816 5376 1016 5431 Domini
1055 5382 1296 5449 apparuit
1332 5382 1383 5435 in
1428 5384 1617 5437 somnis
1642 5383 1852 5455 Joseph,
1883 5386 1972 5442 ἑο.

406 5467 574 5522 dicens
607 5481 629 5522 :
684 5468 910 5539 Surgens
960 5471 1132 5540 accipe
1176 5488 1384 5542 puerum
1426 5486 1471 5527 et
1510 5486 1718 5529 matrem
1756 5478 1885 5545 ejus,
1930 5488 1977 5532 et

488 5729 561 5789 la)
580 5730 829 5795 Iosephus
843 5735 894 5786 in
916 5733 1126 5785 Historia
1149 5744 1235 5783 sua
1257 5733 1459 5786 Herodis
1490 5736 1634 5785 vitam
1658 5736 1909 5789 describit.

1201 294 1259 349 5.
1295 289 1572 350 JOANNIS
1608 291 2074 350 CHRYSOSTOMI
2111 293 2426 349 ARClllfiP.
2467 293 3001 350 CONSTANTINOP.

3629 289 3733 352 '80

2154 397 2280 453 unde
2327 398 2379 451 in
2423 408 2607 452 terram
2658 399 2842 456 Israel.
2893 403 3008 458 Non
3044 403 3156 474 jam
3203 405 3351 471 dicit,
3401 407 3565 478 Fuge,
3615 411 3737 479 sed,

2167 485 2320 541 Vade.

2220 580 2276 633 4.
2321 578 2507 635 Viden'
2538 597 2748 637 rursum
2794 584 3026 654 quietem
3059 598 3180 658 post
3211 590 3556 648 tentationem
3582 591 3608 645 ν
3639 591 3741 649 de-

2152 667 2273 723 inde
2300 680 2418 741 post
2455 672 2687 741 quietem
2728 690 2914 731 rursus
2943 680 3276 747 periculum?
3301 680 3430 736 Nam
3476 694 3596 753 post
3626 686 3744 741 exi-

2150 760 2276 815 lium
2321 762 2606 830 dimissus,
2634 775 2688 820 et
2722 767 2773 821 in
2823 783 2974 823 snam
3026 772 3296 841 regionem
3340 791 3589 831 reversus
3618 786 3737 841 est,

2149 852 2383 923 viditque
2433 872 2714 925 puerorum
2780 860 3174 919 interfectorem
3228 867 3589 934 exstinctum;
3646 871 3741 925 ubi

2148 959 2275 997 vero
2306 947 2357 999 in
2388 949 2611 1018 patriam
2644 953 2917 1019 pervenit,
2954 954 3205 1024 reliquias
3234 958 3426 1013 iterum
3456 962 3738 1029 pristino-

2146 1051 2264 1092 rum
2295 1040 2645 1107 periculornm
2694 1045 2912 1112 reperit,
2946 1044 3107 1101 filium
3142 1050 3350 1119 tyranni
3383 1051 3648 1107 viventem
3681 1062 3739 1107 et

2144 1140 2475 1200 regnantem.
2508 1134 2569 1186 Et
2614 1136 2880 1203 quomodo
2924 1138 3216 1195 Archelaus
3262 1144 3515 1211 regnabat
3558 1145 3610 1199 in
3636 1145 3739 1200 Ju-

2144 1219 2257 1275 daea
2280 1262 2296 1286 ,
2326 1238 2445 1277 cum
2476 1225 2692 1279 Pontius
2723 1228 2919 1284 Pilatus
2950 1246 3150 1299 praeses
3178 1235 3377 1287 esset?~
3397 1235 3603 1293 Recens
3628 1239 3736 1293 ad-

2144 1311 2248 1369 huc
2283 1326 2399 1370 erat
2439 1334 2583 1371 mors
2615 1320 2873 1389 Herodis,
2905 1324 3130 1379 necdum
3180 1342 3399 1397 regnum
3439 1330 3489 1383 in
3536 1333 3737 1387 multas

2144 1416 2323 1474 partes
2346 1407 2572 1463 divisum
2605 1413 2774 1466 fuerat
2804 1433 2815 1467 :
2847 1416 2940 1469 sed
2969 1419 3096 1489 quia
3120 1432 3288 1488 nuper
3316 1420 3550 1477 Herodes
3578 1423 3737 1479 obie-

2142 1509 2244 1565 rat,
2275 1502 2484 1555 intcrim
2529 1502 2668 1557 illius
2700 1505 2927 1563 Herodis
2962 1508 3240 1578 imperium
3278 1513 3528 1579 tenebat;
3561 1513 3736 1572 frater

2140 1591 2337 1661 quippe
2367 1594 2610 1648 Archelai
2662 1596 2899 1651 Herodes
2926 1610 2979 1653 et
3008 1600 3121 1668 ipse
3162 1604 3527 1672 appellabatur
3560 1622 3573 1658 :
3606 1607 3735 1663 ideo

2137 1681 2340 1737 addidit
2362 1687 2682 1755 evangelista
2708 1728 2722 1754 ,
2753 1688 2846 1742 9.2.
2870 1688 2975 1745 Pro
3005 1690 3209 1747 Herode
3234 1706 3378 1764 patre
3400 1714 3509 1750 suo.
3539 1697 3646 1753 Sed
3680 1701 3733 1755 si

2136 1771 2373 1827 Judmam
2414 1778 2560 1831 adire
2590 1778 2907 1835 formidabat
2931 1793 3147 1853 prapter
3178 1786 3495 1842 Archelaum
3520 1832 3535 1856 ,
3561 1806 3731 1861 Opor-

2136 1868 2280 1920 tehat
2322 1877 2374 1919 et
2419 1867 2689 1925 Galilaeam
2739 1882 2979 1929 metuere
3030 1887 3245 1946 propter
3292 1879 3577 1935 Herodem.
3614 1886 3729 1939 Sed

2135 1959 2222 2012 nhi
2250 1959 2420 2014 locum
2452 1964 2692 2029 mutavit,
2712 1980 2800 2019 res
2826 1979 3007 2035 postea
3042 1970 3092 2022 in
3124 1970 3353 2025 obscuro
3383 1976 3608 2029 mansit:
3637 1986 3729 2030 to-

2132 2057 2218 2103 tus
2245 2052 2441 2121 quippe
2488 2052 2716 2123 impetus
2758 2065 2946 2112 contra
2978 2058 3288 2115 Bethlehem
3334 2074 3450 2119 erat
3494 2076 3545 2118 et
3584 2067 3729 2123 fines

2129 2143 2266 2212 ejus.
2294 2144 2454 2199 Caede
2483 2146 2660 2217 itaque
2685 2159 2911 2218 patrata,
2943 2152 3234 2209 Archelaus
3264 2154 3401 2211 filius
3428 2174 3537 2212 rem
3570 2176 3727 2229 pera-

2127 2243 2265 2288 ctam
2297 2237 2551 2304 putabat,
2589 2249 2749 2309 atque
2774 2255 2895 2295 eum
2922 2244 3011 2311 qui
3040 2245 3380 2312 quaerebatur
3407 2249 3544 2305 inter
3574 2255 3723 2307 mnl~

2126 2335 2209 2380 tos
2234 2330 2468 2383 occisum
2495 2328 2682 2387 fuisse.
2711 2333 2959 2404 Alioquin
2989 2351 3111 2391 cum
3142 2338 3359 2395 vidisset
3388 2351 3589 2412 patrem
3623 2347 3722 2402 tali

2124 2429 2296 2475 morte
2317 2425 3056 2492 consumptum,moderatior
3085 2428 3198 2496 fuit,
3224 2447 3380 2501 quam
3410 2444 3465 2489 ut
3491 2436 3722 2493 ulterius

2123 2510 2456 2582 procederet,
2480 2521 2535 2569 et
2553 2513 2622 2570 de
2651 2516 2927 2586 iniquitate
2952 2521 3320 2577 contenderet.
3347 2524 3504 2581 Venit
3532 2529 3721 2599 itaque

2122 2604 2319 2677 Ioseph
2351 2607 2592 2676 Nazaret,
2629 2622 2683 2665 ut
2732 2628 2834 2667 una
2865 2623 2919 2668 et
2945 2616 3234 2686 perieulum
3264 2618 3506 2689 fugeret,
3535 2632 3590 2677 et
3628 2624 3718 2677 di-

2120 2695 2311 2752 lectam
2342 2702 2563 2768 patriam
2586 2702 2857 2759 incoleret.
2885 2704 2953 2761 Ut
2979 2708 3163 2776 majori
3194 2708 3542 2768 instrueretur
3571 2714 3716 2769 fidu-

2118 2787 2199 2841 cia
2226 2830 2241 2853 ,
2270 2791 2543 2846 oraculum
2586 2792 2655 2847 ab
2697 2796 2886 2864 angelo
2925 2796 3023 2851 hac
3065 2800 3133 2853 de
3161 2816 3218 2853 re
3244 2804 3449 2872 accepit
3478 2823 3492 2858 :
3519 2820 3715 2874 qnam-

2116 2894 2274 2949 quam
2334 2881 2503 2937 Lucas
2553 2900 2658 2938 non
2721 2886 2863 2941 dicat
2922 2889 3093 2958 ipsum
3150 2907 3243 2961 per
3289 2896 3558 2950 oraculum
3614 2900 3713 2954 illo

2114 2972 2355 3037 venisse;
2408 2974 2501 3028 scd
2550 2978 2811 3046 completa
2854 2981 3223 3048 purificatione
3268 2987 3318 3040 in
3363 2987 3583 3045 Nazaret
3617 3008 3707 3045 re-

2113 3078 2298 3119 versos
2343 3065 2462 3121 illos
2510 3082 2648 3124 esse.
2680 3069 2816 3137 Quid
2862 3072 3022 3143 igitur
3065 3075 3347 3132 dicendum
3395 3083 3517 3136 est?
3543 3084 3704 3152 Quod

2111 3155 2315 3210 scilicet
2353 3157 2524 3212 Lucas
2569 3160 2667 3215 hoc
2707 3162 2883 3227 dicat,
2918 3175 3127 3234 tempus
3167 3168 3471 3227 describens
3525 3176 3650 3230 illud
3680 3221 3698 3241 ,

2110 3246 2248 3316 quod
2274 3249 2543 3317 pnecessit
2570 3251 2885 3308 descensum
2914 3256 2965 3309 in
2997 3255 3309 3329 Egyptian.
3338 3262 3518 3333 Neque
3547 3266 3698 3323 enim

2108 3346 2233 3391 ante
2260 3340 2681 3407 purificationem
2705 3359 2797 3399 eos
2839 3346 2959 3401 illuc
2986 3347 3238 3417 deduxit,
3267 3369 3333 3407 ne
3359 3356 3483 3424 quid
3505 3373 3695 3415 contra

2107 3427 2277 3499 legem
2303 3430 2690 3497 admitteretur,
2719 3437 2811 3492 sed
2833 3443 3158 3509 exspectavit
3198 3444 3368 3501 donec
3394 3451 3696 3517 puriﬁcatio

2104 3521 2278 3587 fieret,
2308 3537 2372 3578 ac
2410 3524 2647 3581 redirent
2674 3527 2933 3594 Nazaret,
2963 3542 3195 3605 tuncque
3219 3536 3602 3597 descenderent
3636 3549 3693 3601 in

2104 3610 2416 3684 Egyptum.
2437 3616 2640 3673 Deinde
2663 3634 2731 3673 ex
2759 3620 2993 3693 A'Igypto
3020 3626 3288 3694 profectos
3298 3630 3450 3697 jubet
3466 3633 3695 3693 Nazaret

2103 3704 2298 3760 redire.
2329 3706 2496 3761 Antea
2528 3724 2654 3763 vero
2684 3714 3001 3775 nonmoniti
3029 3720 3244 3772 oraculo
3267 3720 3494 3791 fuerant,
3518 3736 3572 3780 ut
3596 3728 3691 3781 illo

2101 3795 2375 3862 redirent;
2410 3801 2502 3855 sed
2532 3817 2595 3855 ex
2631 3803 2900 3860 voluntate
2940 3810 3150 3878 propria
3194 3811 3246 3865 in
3295 3814 3540 3872 dilectam
3587 3837 3690 3890 pa-

2102 3890 2254 3943 triam
2277 3904 2335 3946 se
2360 3894 2716 3950 contulerant.
2747 3898 2877 3964 Quia
2908 3900 3050 3955 enim
3079 3919 3184 3957 non
3216 3905 3315 3960 nisi
3345 3924 3443 3977 pro
3481 3911 3686 3967 descri-

2099 3984 2282 4051 ptione
2310 3994 2364 4039 et
2389 4000 2551 4041 censu
2595 3988 2687 4043 illo
2724 4002 3000 4058 venerant,
3036 4010 3134 4050 nec
3160 3996 3309 4053 locus
3334 4000 3402 4054 ibi
3432 4006 3682 4061 manendi

2096 4088 2240 4142 erat,
2290 4092 2348 4132 re
2397 4077 2666 4148 perfecta,
2696 4097 2791 4150 pro
2842 4100 2943 4153 qua
2988 4102 3261 4151 venerant.
3312 4095 3507 4148 reversi
3556 4113 3687 4154 sunt

2096 4165 2337 4222 Nazaret.
2387 4167 2511 4224 Ideo
2555 4172 2776 4241 angelus
2827 4174 2944 4229 illos
2989 4178 3205 4233 domum
3247 4182 3466 4248 reducit,
3503 4196 3560 4240 ut
3607 4190 3683 4245 ibi

2094 4270 2391 4322 manerent,
2425 4274 2596 4331 neque
2641 4261 2767 4318 illud
2803 4269 2917 4319 sine
2941 4282 3121 4335 causa,
3154 4272 3244 4324 sed
3284 4276 3423 4343 quod
3452 4278 3520 4330 ita
3551 4294 3676 4347 pro-

2095 4352 2270 4421 phetia
2318 4353 2519 4408 ferret:
2553 4372 2673 4409 nam
2705 4357 2815 4411 ait:
2847 4358 2936 4412 25.
2972 4359 3039 4414 Ut
3088 4362 3381 4433 impleretur
3413 4371 3547 4437 quod
3591 4372 3681 4425 di-

2092 4455 2226 4498 ctum
2253 4454 2325 4498 est
2349 4460 2437 4514 per
2453 4447 2984 4519 praphetas,quoniam
3003 4450 3286 4510 Nazarozns
3306 4463 3559 4513 vocabitur
3574 4462 3677 4532 (a).

2162 4534 2389 4588 Christus
2418 4554 2508 4589 cur
2534 4536 2815 4594 Nazarteus
2844 4553 3067 4601 vocatus.
3093 4575 3165 4585 -—-
3193 4547 3385 4616 Ecquis
3416 4553 3678 4621 propheta

2091 4628 2191 4684 hoc
2215 4630 2346 4684 dixit
2374 4631 2397 4684 ?
2426 4630 2502 4686 Ne
2530 4633 2794 4690 curiosius
2825 4636 3058 4706 inquiras
3096 4642 3175 4695 vel
3225 4647 3495 4700 scruteris.
3528 4647 3678 4705 Multi

2088 4724 2229 4777 enim
2260 4724 2549 4794 prophetici
2594 4726 2714 4781 lihri
2755 4730 3075 4798 perierunt:
3110 4734 3158 4787 id
3186 4736 3326 4805 quod
3356 4753 3420 4792 ex
3454 4738 3676 4797 historia

2088 4817 2527 4887 Paralipomenon
2571 4820 2751 4875 videre
2792 4832 2894 4878 est.
2924 4824 3055 4880 Nam
3086 4842 3274 4897 segnes
3322 4846 3441 4885 cum
3489 4846 3679 4890 essent

2086 4908 2275 4969 Judaei.
2303 4920 2354 4964 et
2383 4909 2686 4980 frequenter
2717 4912 3023 4971 deciderent
3062 4918 3113 4972 in
3144 4919 3467 4989 impietatem
3488 4966 3502 4989 ,
3535 4926 3677 4983 alios

2087 5005 2286 5059 incuria
2328 5006 2706 5075 perdiderunt,
2733 5009 2864 5065 alios
2894 5021 2947 5066 et
2996 5014 3094 5083 ipsi
3137 5016 3541 5074 cnmbussernnt
3585 5024 3672 5077 νυι

2086 5094 2402 5151 lacerarunt.
2424 5098 2621 5154 Horum
2638 5101 2860 5156 alterum
2882 5101 3141 5159 Jeremias
3166 5118 3345 5163 narrat
3375 5108 3504 5181 (Cap
3543 5114 3638 5182 56)

2146 5272 2219 5333 (a)
2241 5272 2335 5345 'Itic.
2360 5274 2427 5345 ait
2448 5280 2658 5323 Joannes
2695 5274 3081 5345 Chrysostomus,
3123 5283 3389 5345 prophetas
3424 5283 3548 5341 illos,
3586 5290 3674 5339 nhs

2084 5332 2188 5407 haec
2204 5332 2440 5407 clausula,
2477 5345 2742 5407 sustinens
2760 5332 3033 5407 ⁵ᾠιῖᾳιήιην,
3056 5332 3672 5407 habebatur;tudila-udi

2083 5396 2267 5472 incuria
2300 5399 2499 5472 amissos
2518 5399 2688 5472 fuisse.
2716 5400 2808 5450 Alii
2832 5396 3030 5472 dicunt,"
3055 5406 3161 5472 hate
3185 5420 3296 5472 ιιοιιΔ
3315 5396 3431 5472 ipsis
3469 5396 3674 5472 quoi-ii

2084 5458 2264 5534 verbis,
2291 5458 2611 5534 sedquod-ad
2634 5474 2830 5534 sensum
2860 5458 3067 5534 reperiri
3090 5472 3140 5534 in
3165 5458 3431 5534 prophetis,
3457 5458 3540 5534 q'ui
3579 5458 3674 5523 bo:

2080 5517 2264 5590 dieque
2288 5517 2500 5590 exstant.
2526 5529 2620 5572 Nec
2637 5517 2932 5590 desuntqui‘
2954 5517 3266 5589 existiment:
3282 5517 3556 5583 agitet-LI.
3579 5517 3674 5585 Pé-

2082 5581 2429 5659 spicerebunc
2454 5582 2607 5633 locum
2642 5585 2779 5635 Isaia).
2801 5581 2883 5638 Xl'.
2906 5591 2948 5649 i,
2973 5592 3055 5640 ubi
3089 5594 3137 5640 in
3176 5581 3414 5644 Hebraico
3453 5581 3669 5659 legito},

2082 5657 2486 5734 ᾓῇὲἶιγᾷηῑᾫ
2508 5662 2654 5715 ἫΣΊ,
2685 5660 2841 5734 etﬂos
2871 5663 2931 5713 de
2956 5666 3201 5734 radicibus
3222 5681 3326 5733 ejus
3349 5657 3665 5734 gemmam;

2086 5716 2177 5768 Ubi
2210 5717 2354 5779 illud,
2380 5732 2485 5779 13-;
2505 5763 2519 5789 ,
2550 5736 2705 5783 uescr,
2733 5716 3010 5777 Nazareum
3039 5716 3323 5793 exprimere
3346 5716 3662 5787 Eiié’iiiiiiuil
