3856 6180
139 257 215 310 181
1270 233 1364 295 ἸΝ
1401 235 1804 295 ΜΛΤἹῊᾸΞΠΜ
1843 234 2074 293 11011111.
2120 236 2206 292 IX.

131 373 342 422 alterum
386 366 434 420 is
470 365 559 434 qui
600 370 848 432 quartum
892 359 1193 427 Regnorum
1225 349 1414 408 IiIu-um
1447 350 1706 422 (Cap.9.2)

129 462 314 519 edidit,
348 458 480 512 dum
511 452 769 522 ait,'post
811 452 1031 506 mullum
1081 446 1336 515 temporis
1375 445 1459 497 vix
1493 441 1705 496 tandem

132 549 611 604 lli-nteronmnium
656 544 908 601 ell‘ossum
969 541 1131 594 fuisse
1187 548 1343 591 antea
1416 535 1706 608 perditum.

127 647 170 697 Si
201 658 363 711 porro
396 641 546 695 nullo
594 641 824 693 instante
872 634 1096 690 barbaro
1127 630 1204 684 sic
1251 628 1416 683 libros
1455 624 1706 697 prodide-

127 748 250 795 111111,
282 734 462 788 multo
489 731 659 801 magis
689 737 966 798 postquam
999 723 1206 778 barbari
1239 722 1558 789 irruperant.
1586 715 1705 772 Cato

126 839 282 880 ternm
319 825 448 892 quia
494 823 544 876 id
582 821 853 891 pmpheue
881 815 1265 887 pra-dixerant,
1293 809 1522 881 apostoli
1564 821 1708 876 saepe

124 919 251 971 illum
281 915 631 970 Nazarenum
659 918 872 964 vocant.
903 907 1012 962 Hoc
1033 919 1160 973 ergo
1182 913 1282 967 est,
1308 901 1538 970 inquies,
1565 897 1708 966 quod

123 1011 446 1080 prophetiam
497 1007 566 1060 de
614 1001 924 1058 Bethlehem
965 999 1245 1052 obscuram
1287 991 1548 1048 reddidit?
1597 989 1706 1080 Ne?

123 1078 425 1171 quaquam:
471 1098 566 1152 sed
611 1095 745 1149 illud
787 1094 956 1162 ipsum
1002 1089 1236 1142 maxime
1275 1083 1521 1139 movebat
1547 1090 1601 1135 et
1639 1078 1706 1133 ad

122 1193 439 1261 rxploranda
485 1208 548 1245 ea
594 1204 714 1259 qua:
746 1187 811 1240 de
856 1186 944 1238 illo
988 1183 1128 1235 dicta
1177 1180 1384 1232 fuerant
1413 1172 1706 1229 excitabat.

123 1291 194 1342 Sic
230 1298 284 1340 et
335 1281 639 1338 Nathanael
677 1278 746 1332 ad
802 1274 1234 1346 perquisitionem
1278 1269 1347 1324 de
1386 1265 1707 1322 1110100100-

123 1381 224 1432 dam
273 1377 428 1430 venit
480 1373 706 1427 dicens:
742 1367 826 1422 Ea:
857 1365 1096 1419 ‘Nazoret
1143 1370 1300 1432 potest
1358 1357 1550 1428 aliquid
1591 1355 1708 1408 boni

123 1487 210 1524 esse
235 1469 440 1540 (Jonn.
473 1468 527 1519 1.
557 1464 629 1518 46
651 1463 708 1533 )?
738 1461 869 1515 Nam
898 1457 1100 1512 viculus
1129 1463 1244 1510 erat
1268 1453 1416 1516 vilis;
1445 1449 1553 1504 imo
1600 1463 1704 1500 non

124 1538 310 1612 vienlus
336 1559 433 1610 ille
463 1564 669 1609 tantum
689 1594 706 1618 ,
737 1552 833 1605 sed
873 1556 979 1603 tota
1009 1545 1241 1601 (1011111110
1269 1542 1433 1611 regio.
1460 1539 1585 1594 Ideo
1625 1538 1706 1592 di-

124 1654 298 1708 cubant
329 1647 595 1704 Pharisazi
631 1665 646 1701 :
679 1645 970 1710 Interroga,
1000 1649 1045 1693 et
1071 1638 1216 1700 vide,
1243 1634 1480 1705 quoniam
1509 1647 1571 1686 ea:
1598 1629 1704 1684 (Ia.

123 1747 240 1799 liltta
266 1741 528 1811 111-01111010
552 1754 654 1791 11011
679 1733 901 1789 surrexit
923 1729 1103 1801 (Joan.
1129 1729 1182 1781 7.
1205 1726 1319 1794 52).
1347 1724 1594 1779 Altamen
1616 1720 1706 1776 ille

123 1855 175 1892 ex
215 1837 304 1890 tali
356 1833 536 1903 patria
573 1837 794 1884 vocatus
838 1841 942 1879 non
982 1819 1286 1884 erubescit,
1318 1816 1606 1872 ostendens
1648 1827 1707 1868 se

124 1930 246 1982 nulla
278 1941 341 1981 re
375 1924 614 1977 humana
644 1933 804 1989 egere
833 1935 846 1970 :
879 1911 1272 1982 discipulosque
1312 1922 1437 1961 suos
1467 1922 1533 1959 ex
1562 1903 1708 1959 Gali-

123 2022 201 2074 la-a
227 2016 402 2086 eligit,
436 2013 676 2082 undique
704 2009 1012 2064 occasiones
1053 2012 1106 2058 et
1134 2002 1385 2057 obtentus
1424 1994 1707 2052 succidens

122 2113 177 2165 iis
216 2110 305 2178 qui
357 2116 582 2173 torpere
633 2101 870 2164 vellent,
903 2089 1310 2160 ostendensque
1351 2103 1449 2143 nos
1486 2095 1706 2143 externa

123 2203 246 2255 nulla
289 2213 350 2253 re
381 2212 550 2266 egere
573 2237 587 2256 ,
615 2193 659 2248 si
705 2191 953 2246 virtutem
981 2197 1346 2242 exerceamus.
1380 2180 1609 2248 Ideoque
1639 2192 1706 2232 ne

122 2295 321 2348 domum
348 2289 576 2359 quidem
599 2285 698 2340 sibi
720 2283 920 2352 delegit
948 2297 961 2333 :
985 2294 1106 2334 nam
1132 2277 1206 2331 ait
1230 2295 1243 2330 :
1279 2274 1447 2328 Filius
1489 2271 1708 2326 hominis

122 2405 205 2440 non
232 2384 387 2438 habet
418 2382 506 2435 ubi
537 2387 690 2448 caput
719 2377 921 2431 reclinet
948 2372 966 2446 (
991 2372 1112 2426 Luc.
1147 2371 1198 2426 9.
1232 2368 1326 2438 58)
1352 2386 1366 2434 ;
1397 2377 1558 2436 atque
1597 2364 1705 2419 110-

123 2479 233 2532 rode
259 2475 556 2530 insidiante
587 2471 738 2540 fugit,
766 2467 819 2522 in
848 2464 1104 2536 praesepio
1129 2462 1441 2522 collocatur,
1464 2464 1520 2512 et
1547 2456 1597 2509 in
1624 2455 1706 2510 di-

122 2569 344 2624 10150110
399 2572 626 2629 manet,
657 2569 986 2626 matremque
1027 2555 1174 2624 eligit
1220 2552 1430 2620 iu0pem
1457 2591 1470 2610 ,
1503 2556 1561 2602 ut
1608 2561 1706 2601 1105

121 2662 310 2724 durent,
342 2673 420 2712 ue
449 2655 724 2724 quidpiam
755 2647 1056 2719 bujusmodi
1083 2657 1236 2714 turpe
1263 2656 1384 2698 esse
1414 2649 1662 2709 putemus
1685 2675 1702 2703 ,

123 2755 229 2807 dum
261 2754 312 2805 in
349 2747 671 2820 primordiis
712 2745 826 2814 ipse
871 2742 1159 2795 humanum
1203 2737 1373 2793 calcat
1399 2732 1590 2789 fastum
1612 2772 1628 2798 ,
1652 2740 1708 2785 et

122 2847 197 2900 11111
227 2843 415 2898 virtuti
448 2840 698 2894 addictos
722 2850 842 2890 esse
869 2833 1042 2902 jubet.

177 2938 226 2990 5.
261 2935 494 2989 Sanctus
529 2928 725 2982 Paulus
763 2941 863 2978 non
903 2922 1038 2976 dedit
1083 2935 1260 2973 ansam
1313 2917 1376 2970 de
1413 2914 1578 2984 patria
1619 2920 1707 2965 aut

124 3031 331 3096 patribus
373 3027 547 3078 altum
595 3018 848 3088 sapiendi.
896 3015 1110 3069 Patrum
1147 3009 1382 3064 nobilitas
1421 3023 1521 3061 non
1559 3007 1707 3077 juvat

123 3095 378 3187 intprobos,
405 3113 702 3185 ignobilitas
733 3125 833 3162 non
863 3115 1002 3160 nocet
1029 3103 1216 3174 probis.
1249 3107 1317 3141 έ-
1347 3097 1452 3154 Cur
1472 3097 1613 3153 enim
1639 3095 1709 3150 ds

125 3211 270 3278 patria
293 3208 470 3261 altum
503 3203 672 3271 sapis,
695 3198 907 3269 quando
931 3211 1053 3266 ego,
1081 3193 1267 3264 inquit,
1285 3191 1338 3244 in
1362 3198 1472 3244 toto
1499 3187 1630 3243 orbe
1656 3196 1708 3242 te

125 3300 450 3371 peregrinum
484 3309 608 3349 esse
630 3291 793 3362 jubeo
821 3289 844 3343 ?
868 3285 1081 3358 quando
1108 3285 1231 3338 licet
1257 3282 1346 3335 tibi
1379 3280 1538 3333 talem
1564 3292 1702 3342 esse,

126 3369 335 3446 11110105
365 3386 607 3444 mundus
655 3393 706 3440 te
751 3396 855 3436 non
901 3380 971 3433 sit
1013 3374 1242 3447 dignus?
1273 3373 1395 3427 11ωο
1439 3370 1584 3425 0111111
1635 3369 1707 3423 110

125 3479 503 3538 10111011111011110
537 3485 686 3542 sunt,
713 3483 864 3528 utne
906 3486 935 3524 a
969 3465 1296 3540 phil050phis
1319 3462 1530 3534 quidem
1559 3461 1710 3516 Cra:-

125 3591 292 3630 corum
335 3573 528 3642 aliquo
562 3570 615 3623 in
647 3567 818 3637 pretio
848 3563 1173 3625 habeantur,
1203 3557 1297 3614 sed
1326 3560 1580 3613 extranea
1608 3569 1706 3608 vo-

125 3680 314 3734 centur,
347 3667 766 3731 extremumque
793 3659 968 3714 locum
995 3660 1273 3723 occupent.
1303 3649 1464 3720 Atqui
1512 3646 1709 3702 Paulus

126 3767 226 3820 hazc
246 3760 617 3832 amplectitur,
649 3753 879 3824 inquies,
901 3749 978 3805 sic
1007 3749 1230 3819 loquens
1253 3761 1267 3799 :
1288 3741 1581 3799 Secundum
1603 3739 1708 3795 ele-

124 3859 344 3918 ctionem,
373 3849 630 3908 carissimi
655 3890 671 3916 ,
701 3855 907 3918 prapter
934 3851 1100 3914 patres
1129 3839 1302 3911 (Rom.
1333 3837 1422 3892 11.
1451 3835 1571 3901 28).
1603 3832 1708 3888 Sed

125 3950 217 4013 die,
243 3945 486 4018 quando,
519 3942 589 3998 de
616 3939 833 4010 quibus,
862 3944 916 3991 01
940 3948 1072 4004 quos
1097 3931 1394 4000 alloquens.
1423 3927 1544 3994 Agit
1565 3924 1709 3980 enim

124 4058 230 4098 cum
257 4041 322 4095 iis
349 4037 445 4109 qui
474 4051 543 4092 ex
585 4030 834 4104 gentibus
862 4025 1105 4084 conversi
1129 4066 1143 4088 ,
1172 4023 1240 4078 de
1279 4021 1384 4076 ﬁde
1415 4019 1580 4073 altum
1620 4032 1711 4072 sa-

126 4133 329 4202 piebant
356 4140 416 4184 et
447 4125 725 4181 tumebaut
747 4161 763 4188 ,
794 4128 978 4176 contra
1008 4116 1220 4172 Judaeos
1259 4109 1634 4181 insurgebant,
1658 4115 1712 4161 et

129 4198 217 4279 hac
242 4223 311 4278 de
344 4233 514 4275 causa
548 4214 716 4284 magis
746 4211 866 4266 illos
895 4225 922 4263 a
960 4225 1020 4264 se
1061 4203 1468 4276 sequestrabant
1496 4218 1509 4253 :
1542 4198 1713 4270 repri-

127 4331 265 4372 mens
305 4313 472 4384 igitur
516 4309 728 4363 illorum
759 4312 1018 4358 tumorem
1040 4341 1056 4365 ,
1082 4298 1181 4352 hos
1206 4296 1411 4358 allicit,
1445 4302 1499 4348 et
1539 4291 1604 4346 ad
1634 4289 1714 4343 id-

130 4408 288 4474 ipsum
314 4381 560 4458 studium
588 4395 804 4452 excitat.
832 4392 961 4447 Nam
992 4405 1112 4444 eum
1142 4387 1210 4442 de
1253 4385 1456 4455 magnis
1502 4381 1608 4437 illis
1651 4395 1714 4435 00

128 4496 349 4552 strenuis
375 4492 508 4546 viris
555 4487 788 4557 loquitur
812 4525 828 4549 ,
857 4481 978 4537 audi
1019 4479 1145 4550 quid
1187 4477 1372 4532 dicat:
1405 4474 1506 4540 Qui
1548 4483 1716 4526 autem

131 4593 222 4644 hac
247 4589 449 4649 dicunt,
475 4581 770 4652 signiﬁcant
789 4592 843 4630 se
869 4572 1087 4645 patriam
1124 4569 1397 4639 inquirere.
1433 4565 1499 4618 Et
1525 4565 1570 4619 si
1605 4565 1717 4635 qui-

131 4687 228 4733 dem
255 4679 399 4732 illius
418 4671 786 4731 meminissent,
807 4667 870 4720 de
893 4681 990 4733 qua
1018 4662 1259 4725 exierant,
1281 4659 1566 4713 habuissent
1591 4665 1717 4708 tem-

134 4792 214 4844 pus
238 4768 528 4826 revertendi
557 4783 574 4818 :
603 4779 737 4816 nunc
757 4770 924 4814 autem
945 4758 1153 4811 alterum
1182 4753 1434 4806 meliorem
1473 4754 1717 4818 appetunt

135 4843 300 4934 (ιιειπ.
331 4863 427 4918 11.
456 4856 678 4923 111-10).
712 4854 779 4907 Et
806 4865 1015 4907 rursum
1047 4865 1060 4900 ε
1091 4845 1384 4902 Secundum
1409 4843 1562 4910 ﬁdem
1586 4857 1719 4893 mor-

135 4933 194 5008 1111
229 4963 344 5008 sunt
394 4952 452 5004 hi
492 4962 701 5010 omnes,
735 4959 836 4996 non
868 4949 1180 5010 reportantes
1227 4935 1600 5006 promissiones,
1632 4933 1720 4986 sed

137 5049 293 5118 procul
322 5049 470 5117 ipsas
498 5041 723 5096 videntes
749 5044 793 5089 et
819 5034 1090 5088 salutantes
1110 5028 1267 5101 (Ibid.
1287 5025 1460 5096 υ.15).
1489 5024 1721 5079 Joannes

138 5117 247 5196 tero
273 5141 339 5195 ad
371 5153 437 5193 se
465 5131 809 5189 venientibus
834 5125 1080 5181 dicebat:
1111 5121 1192 5176 Ne
1217 5120 1375 5176 velitis
1399 5120 1577 5182 dicere,
1609 5117 1722 5171 Pa-

141 5245 244 5286 trrm
268 5233 518 5284 habemus
549 5223 808 5294 Abraham
840 5218 857 5289 (
884 5216 1008 5269 Luc.
1041 5215 1093 5269 3.
1124 5215 1155 5268 8
1181 5213 1223 5285 ).
1253 5212 1554 5279 lterumque
1586 5209 1723 5262 Pau-

141 5326 208 5377 lus
232 5342 245 5377 :
280 5323 402 5376 Non
435 5320 574 5374 enim
603 5328 779 5368 omnes
804 5309 888 5379 qui
913 5325 975 5362 ea:
1005 5306 1190 5370 Israel,
1219 5305 1270 5357 hi
1305 5313 1420 5357 sunt
1449 5300 1721 5366 Israelitaz,

143 5434 278 5481 amne
304 5415 391 5485 qui
421 5410 523 5482 ﬁlii
561 5405 734 5461 carnis
760 5443 775 5468 ,
806 5403 858 5454 hi
897 5400 994 5469 ﬁlii
1024 5398 1115 5452 Dei
1149 5397 1168 5468 (
1200 5397 1350 5451 Rom.
1375 5395 1428 5449 9.
1459 5394 1491 5448 6
1517 5395 1558 5463 ).
1589 5391 1725 5459 Quid

146 5513 285 5575 enim,
314 5518 528 5578 qumso,
578 5496 779 5570 profuit
810 5494 932 5548 ﬁliis
971 5491 1232 5548 Samuelis
1263 5489 1424 5558 patris
1454 5487 1724 5552 nobilitas,

147 5603 278 5669 cujus
323 5616 428 5654 non
483 5596 707 5671 fuerunt
742 5586 954 5658 virtutis
995 5579 1258 5638 heredes?
1286 5580 1436 5648 Quod
1464 5579 1622 5634 etiam
1651 5578 1729 5629 lu-

151 5710 276 5748 crum
305 5694 428 5747 ﬁliis
467 5689 636 5745 Musis
673 5683 771 5739 fuit
797 5722 811 5750 ,
841 5678 990 5750 cujus
1031 5673 1352 5745 diligentiam
1392 5680 1446 5729 et
1476 5671 1722 5745 virtutem

3298 239 3402 298 18!

1812 366 1919 404 non
1951 359 2073 404 sunt
2103 350 2334 405 imitati?
2359 350 2539 422 Neque
2578 353 2861 423 imperium
2903 363 3025 425 post
3054 355 3200 411 illum
3241 371 3398 413 exce-

1814 449 2008 511 perunt
2033 457 2048 495 :
2072 440 2169 495 sed
2210 441 2336 495 dum
2371 451 2575 511 patrem
2605 443 2778 513 ipsum
2811 445 3191 510 inscriberent,
3219 448 3398 516 populi

1814 530 2126 600 praefectura
2157 531 2223 586 ad
2255 533 2415 587 alium
2445 534 2720 600 transivit,
2750 535 2841 604 qui
2870 536 3065 591 virtute
3095 536 3230 591 1111115
3256 535 3400 591 1111115

1812 631 1946 675 erat.
1975 621 2109 687 Quid
2135 633 2312 677 autem
2341 623 2519 678 nocuit
2545 623 2847 692 Timotheo,
2875 626 3014 696 quod
3039 635 3190 696 patre
3215 623 3398 696 gentili

1813 723 1974 767 natus
1995 713 2179 768 esset?
2204 714 2329 785 quid
2359 724 2545 770 contra
2570 715 2699 770 Nom
2741 715 2880 772 ﬁlius
2909 717 2975 772 de
3003 717 3196 772 virtute
3234 719 3399 786 patris

1814 805 2046 860 lucratus
2075 815 2176 871 est,
2202 808 2291 875 qui
2321 823 2507 863 servus
2532 807 2598 864 de
2627 809 2797 866 libero
2825 810 2992 866 factus
3016 812 3138 865 est?
3161 810 3398 866 Vidistiu'
3492 842 3495 843 ν

1812 898 2082 968 quomodo
2113 900 2274 968 patris
2301 899 2550 955 nobilitas
2579 915 2685 956 non
2727 901 2856 955 satis
2887 901 3134 956 idoneum
3165 903 3235 957 sit
3265 902 3396 956 lilio-

1813 1004 1931 1043 rum
1961 991 2356 1059 patrocinium?
2383 991 2512 1046 Nam
2547 993 2799 1062 pr0positi
2828 993 3060 1063 nequitia
3089 1003 3291 1048 natura:
3319 996 3399 1050 lc-

1811 1096 1906 1152 ges
1933 1084 2061 1138 vicit
2086 1101 2102 1148 ;
2135 1099 2233 1139 nec
2258 1085 2417 1140 modo
2445 1086 2591 1140 illum
2620 1101 2684 1140 ex
2717 1086 2989 1142 nobilitate
3016 1097 3231 1156 paterna
3258 1127 3276 1155 ,
3305 1089 3399 1143 sed

1813 1174 1971 1228 etiam
2023 1190 2089 1229 ex
2135 1175 2380 1231 libertate
2422 1176 2634 1246 dejecit.
2685 1176 2872 1232 Nonne
2913 1187 2966 1232 et
3013 1178 3152 1232 Esau
3187 1194 3401 1248 quoque

1813 1265 1954 1320 ﬁlius
1979 1275 2096 1321 erat
2125 1265 2309 1332 lsaaci,
2332 1267 2421 1336 qui
2452 1267 2552 1322 sibi
2572 1267 3047 1337 patrocinabatur?
3078 1268 3284 1322 Etenim
3309 1283 3401 1337 pa-

1815 1367 1894 1412 ter
1921 1360 2038 1427 ejus
2082 1359 2134 1413 id
2177 1360 2436 1424 curabat,
2471 1359 2522 1414 id
2565 1361 2832 1432 cupiebat,
2864 1371 2920 1416 ut
2964 1361 3398 1416 benedictionqu

1813 1449 2079 1518 particeps
2103 1459 2279 1514 esset,
2307 1459 2361 1504 et
2389 1464 2488 1519 pro
2531 1451 2630 1504 hac
2670 1465 2728 1506 re
2771 1451 2886 1521 ipse
2923 1466 3041 1521 quae
3080 1451 3403 1522 jubebantur

1811 1540 1990 1594 omnia
2013 1540 2424 1609 exsequebatur.
2458 1541 2705 1596 Attamen
2732 1541 2851 1610 quia
2885 1555 3078 1612 pravus
3111 1550 3247 1608 erat,
3277 1541 3401 1596 nul-

1813 1631 1920 1684 lum
1949 1646 2015 1686 ex
2048 1630 2112 1684 iis
2143 1629 2367 1685 fructum
2399 1630 2637 1700 percepit
2664 1648 2679 1696 ;
2710 1631 2805 1686 sed
2825 1633 2924 1686 etsi
2953 1639 3076 1686 natu
3102 1632 3266 1702 prior,
3299 1631 3402 1686 etsi

1813 1731 2016 1791 patrem
2048 1720 2262 1776 haberet
2290 1722 2390 1776 sibi
2417 1722 2469 1776 in
2493 1721 2742 1776 omnibus
2769 1721 3056 1784 faventem,
3079 1721 3202 1792 quia
3229 1721 3403 1776 Deum

1812 1826 1918 1867 non
1947 1812 2129 1868 habuit
2156 1812 2500 1882 opitulantem
2527 1853 2542 1878 ,
2582 1811 2834 1867 omnibus
2876 1811 3101 1868 excidit.
3127 1810 3236 1867 Sed
3272 1812 3402 1882 quid

1813 1895 2059 1952 homines
2088 1911 2452 1952 commemoro
2476 1897 2499 1951 ?
2527 1895 2644 1952 Filii
2669 1896 2765 1952 Dei
2795 1895 2942 1952 fuere
2969 1896 3159 1967 Judaei,
3187 1905 3241 1952 et
3268 1897 3402 1951 nihil

1811 2003 1880 2044 ex
1907 1989 1995 2044 tali
2027 1989 2304 2044 nobilitate
2334 1989 2522 2044 lucrati
2553 1999 2698 2044 sunt.
2728 1988 2784 2044 Si
2808 1989 2965 2060 igitur
2989 1990 3107 2060 quis
3136 1990 3278 2046 ﬁlius
3306 1990 3400 2046 Dei

1813 2079 2054 2148 effectus,
2081 2081 2186 2136 nisi
2216 2081 2492 2137 nobilitate
2521 2081 2611 2136 illa
2637 2081 2849 2154 dignam
2871 2083 3121 2139 virtutem
3146 2083 3402 2140 exhibue-

1813 2173 1902 2238 rit,
1932 2171 2136 2241 majore
2162 2171 2392 2228 afﬁcitur
2416 2173 2677 2243 supplicio
2699 2213 2715 2240 ,
2741 2173 2868 2244 quid
2896 2173 3029 2229 1111111
3059 2174 3319 2244 majorum
3346 2183 3403 2230 et

1812 2279 2032 2318 avorum
2062 2263 2390 2318 nobilitatem
2438 2263 2646 2332 profers
2675 2265 2728 2319 in
2771 2264 3040 2320 medium?
3067 2265 3182 2321 Hoc
3222 2273 3401 2322 autem

1811 2372 1917 2410 non
1946 2356 1997 2410 in
2026 2355 2204 2410 Veteri
2245 2363 2471 2422 tantum,
2503 2355 2599 2411 sed
2621 2357 2782 2412 etiam
2808 2355 2861 2412 in
2886 2356 3038 2413 Novo
3061 2356 3403 2414 Testamento

1811 2446 2099 2516 contigisse
2139 2445 2508 2516 deprehendas
2541 2463 2555 2501 :
2595 2461 2717 2501 nam
2759 2447 2836 2502 ait
2879 2465 2893 2502 :
2940 2447 3192 2518 Quotquot
3233 2460 3403 2503 autem

1811 2545 2104 2606 receperunt
2129 2553 2244 2590 eum
2267 2576 2283 2602 ,
2315 2536 2454 2590 dedit
2490 2538 2563 2590 eis
2610 2544 2906 2606 potestatem
2956 2535 3091 2606 ﬁlios
3135 2535 3234 2591 Dei
3288 2537 3403 2604 ﬁeri

1813 2628 2004 2700 (Joan.
2036 2629 2088 2682 1.
2121 2628 2189 2683 12
2217 2628 2259 2700 ).
2289 2630 2536 2684 Attamen
2579 2628 2760 2682 multis
2805 2627 3104 2697 bujusmodi
3133 2629 3276 2696 ﬁliis,
3311 2629 3422 2698 pa-'

1813 2730 1946 2777 trem
1971 2721 2100 2775 nihil
2123 2720 2383 2790 profuisse
2397 2720 2525 2775 dicit
2549 2719 2746 2776 Paulus
2776 2737 2790 2774 :
2822 2720 2889 2774 Si
2907 2721 3040 2774 enim
3064 2721 3402 2774 circumcida-

1812 2815 1957 2880 mini,
1989 2814 2189 2883 inquit,
2217 2811 2444 2866 Christus
2468 2811 2606 2866 vobis
2631 2811 2761 2866 nihil
2788 2811 3012 2881 proderit
3052 2810 3072 2882 (
3095 2809 3212 2865 Gal.
3240 2812 3294 2867 5.
3318 2811 3398 2883 2).

1811 2908 1869 2964 Si
1899 2922 2028 2963 vero
2055 2906 2302 2961 Christus
2331 2905 2459 2959 nihil
2489 2904 2706 2974 prodest
2732 2905 2797 2958 iis
2821 2903 2910 2973 qui
2941 2903 3044 2959 sibi
3087 2903 3277 2958 uolunt
3321 2912 3401 2960 at-

1814 3000 2202 3070 tendere,quo
2252 3008 2409 3068 pacto
2457 2998 2587 3067 ipsis
2630 2996 3050 3066 patrocinabitur
3090 2995 3292 3051 homo?
3323 2996 3404 3054 Ne

1811 3093 1971 3164 igitur
1993 3091 2074 3147 vel
2096 3091 2161 3146 de
2176 3089 2470 3155 nobilitate,
2494 3089 2578 3144 vel
2594 3089 2662 3144 de
2687 3088 2882 3144 divitiis
2904 3089 3070 3144 altum
3091 3088 3400 3159 sapiamus;

1812 3186 1920 3240 imo
1947 3198 2040 3239 eos
2065 3183 2153 3253 qui
2199 3182 2270 3236 ita
2309 3171 2433 3236 sunt
2480 3179 2656 3236 aﬁ‘ecti
2685 3179 3045 3250 despiciamus
3074 3195 3089 3235 :
3129 3195 3302 3250 neque
3330 3181 3402 3234 ob

1812 3283 2178 3346 paupertatem
2205 3273 2519 3342 dejiciamur
2537 3313 2552 3339 ,
2581 3271 2674 3327 sed
2701 3271 2823 3327 illas
2841 3286 3141 3342 quaeramus
3165 3271 3401 3338 divitias,

1811 3384 1931 3439 qtue
1974 3367 2128 3422 bonis
2173 3365 2425 3436 operibus
2453 3371 2743 3420 constant:
2773 3364 2918 3419 illam
2961 3363 3246 3453 fugiamus.
3267 3371 3403 3434 pau-

1813 3469 2094 3530 pertatem,
2123 3473 2244 3530 quae
2286 3471 2384 3512 nos
2413 3457 2466 3512 in
2507 3455 2796 3526 nequitiam
2833 3454 3084 3524 coniicit,
3114 3469 3218 3525 qua
3247 3455 3400 3510 dives

1813 3551 1926 3618 ille,
1956 3564 2159 3621 pauper
2187 3556 2340 3615 erat,
2367 3547 2455 3618 qui
2483 3562 2551 3602 ne
2591 3547 2787 3601 stillam
2815 3545 3028 3616 quidem
3057 3560 3208 3617 aqua:
3235 3545 3403 3616 impe-

1814 3643 1992 3708 travit,
2021 3641 2120 3696 etsi
2167 3639 2346 3695 multis
2387 3637 2639 3694 adhibitis
2667 3637 2912 3708 precibus
2941 3637 2961 3707 (
2987 3636 3113 3691 Luc.
3143 3636 3230 3692 16.
3260 3636 3332 3692 24
3355 3634 3400 3709 ).

1813 3733 2143 3803 Quamquam
2199 3732 2319 3803 quis
2364 3731 2503 3786 inter
2555 3744 2655 3786 nos
2706 3729 2778 3785 ita
2826 3743 3031 3800 pauper
3071 3737 3192 3792 est.
3225 3737 3283 3784 ut
3333 3744 3404 3784 ne

1815 3840 2004 3896 aquam
2049 3822 2262 3894 quidem
2309 3820 2742 3878 11011001⁸1Νοωο
2767 3834 2918 3876 sane.
2949 3819 3080 3876 Nam
3117 3819 3191 3874 illi
3239 3820 3402 3875 etiam

1814 3919 1905 3988 qui
1947 3925 2185 3987 extrema
2218 3917 2354 3971 fame
2385 3915 2665 3970 tabescunt
2688 3955 2706 3981 ,
2751 3914 2909 3970 stillis
2947 3930 3099 3986 aqua:
3129 3913 3229 3971 frui
3275 3929 3404 3983 pos-

1815 4018 1942 4065 sunt
1969 4026 1984 4076 ;
2013 4024 2110 4064 nec
2137 4008 2294 4063 stillis
2323 4021 2475 4078 aqua:
2503 4005 2676 4061 solum
2699 4045 2716 4073 ,
2747 4004 2842 4061 sed
2881 4006 3042 4060 etiam
3084 4005 3286 4076 majore
3311 4020 3405 4060 so-

1817 4101 1964 4157 latio.
1995 4099 2163 4156 Secus
2188 4107 2366 4154 autem
2394 4097 2545 4154 dives
2571 4097 2660 4152 ille
2686 4137 2702 4163 ,
2731 4097 2820 4167 qui
2846 4095 2912 4150 ad
2939 4111 3056 4151 eam
3085 4110 3252 4167 usque
3279 4113 3406 4167 pau-

1817 4200 2078 4264 pertatem
2106 4189 2336 4252 devenit,
2369 4197 2426 4243 ut
2455 4188 2658 4243 nullum
2685 4198 2868 4258 posset
2897 4187 3134 4243 invenire
3180 4200 3407 4258 pauper-

1819 4285 1942 4340 tatis
1978 4283 2249 4338 solatium.
2275 4280 2382 4337 Cur
2407 4280 2586 4350 itaque
2615 4279 2812 4334 divitiis
2840 4279 3126 4343 inhiamus,
3158 4295 3278 4348 qua:
3307 4293 3406 4335 nos

1820 4379 1873 4433 in
1904 4377 2091 4432 caelum
2136 4374 2388 4430 inducere
2416 4371 2728 4443 nequeunt?
2757 4371 2851 4427 Dic
2876 4371 3006 4426 mihi
3039 4389 3053 4426 :
3081 4353 3269 4441 siquis
3311 4387 3406 4426 rex

1822 4479 2066 4527 terrenus
2093 4468 2334 4531 diceret,
2363 4465 2568 4520 nullum
2598 4463 2814 4518 divitem
2858 4477 3015 4532 posse
3045 4463 3098 4517 in
3129 4463 3272 4533 regia
3308 4461 3408 4518 ful-

1819 4577 1966 4634 gere,
1989 4568 2079 4614 aut
2119 4557 2324 4613 honore
2350 4555 2474 4622 frui,
2503 4569 2680 4610 annon
2708 4554 2882 4609 cuncti
2911 4553 3122 4608 divitias
3163 4553 3409 4623 despice-

1820 4654 1949 4710 retis
1979 4661 2034 4708 et
2065 4648 2405 4721 abjiceretis?
2431 4647 2588 4718 Atqui
2615 4688 2629 4713 ,
2662 4647 2706 4702 si
2737 4662 2801 4702 ex
2832 4655 3059 4702 terrente
3089 4647 3226 4701 illius
3252 4645 3411 4715 regia:

1824 4745 2028 4800 honore
2053 4757 2150 4797 nos
2176 4741 2449 4811 dejiciant,
2477 4740 2804 4809 contemptui
2833 4749 2992 4796 erunt
3017 4756 3032 4806 ;
3062 4739 3207 4809 Rege
3231 4747 3410 4793 autem

1823 4836 2073 4891 caelorum
2105 4832 2344 4904 quotidie
2361 4831 2644 4887 "clamante
2669 4845 2731 4885 ac
2775 4829 2984 4886 dicente
3008 4871 3024 4898 ,
3049 4829 3262 4885 difﬁcile
3291 4844 3413 4884 esse

1826 4944 1947 4984 cum
1977 4925 2174 4982 divitiis
2198 4925 2252 4980 in
2283 4938 2434 4979 sacra
2461 4923 2550 4978 illa
2581 4923 2712 4977 atria
2739 4923 2941 4992 ingredi
2971 4963 2985 4986 ,
3015 4937 3190 4975 annon
3234 4922 3412 4975 omnia

1825 5021 2168 5095 projiciemus
2191 5060 2205 5083 ,
2229 5032 2408 5072 annon
2456 5029 2584 5086 opes
2612 5015 2980 5070 amovebimus
3008 5057 3023 5080 ,
3053 5023 3110 5068 ut
3136 5014 3187 5067 in
3215 5014 3412 5084 regiam

1828 5117 1969 5170 illam
2000 5111 2166 5166 libere
2195 5108 2600 5180 ingrediamur?

1899 5206 1950 5260 6.
2000 5205 2178 5274 Ecqua
2221 5215 2406 5257 sumus
2452 5199 2605 5255 venia
2651 5196 2830 5267 digni,
2870 5195 2960 5266 qui
2986 5209 3046 5249 ea
3093 5210 3214 5264 qua:
3260 5195 3415 5252 1101111

1830 5298 2028 5351 aditum
2062 5295 2209 5349 illum
2240 5291 2592 5364 praecludunt,
2619 5297 2762 5343 tanto
2791 5289 2968 5343 studio
2993 5289 3418 5358 complectimur,

1831 5400 1885 5447 et
1914 5405 2017 5445 non
2049 5389 2218 5444 solum
2242 5390 2292 5442 in
2325 5387 2484 5453 arcis,
2518 5385 2609 5439 sed
2634 5383 2793 5438 etiam
2823 5384 2876 5437 in
2901 5394 3036 5438 terra
3067 5383 3416 5448 occultemus,

1831 5483 1958 5538 dum
1990 5482 2111 5535 licet
2131 5494 2193 5533 ea
2219 5478 2269 5532 in
2294 5477 2440 5531 czulis
2461 5473 2809 5530 custodienda
2832 5475 3155 5529 recondere?
3187 5475 3416 5546 ldipsum

1832 5583 1976 5628 certe
2007 5587 2144 5625 1111110
2172 5569 2318 5633 facis,
2349 5582 2410 5620 ac
2432 5568 2474 5620 si
2499 5567 2615 5636 quis
2637 5566 2866 5636 agricola
2891 5577 3164 5636 acceptum
3189 5567 3418 5620 frumen~

1839 5675 1946 5722 tum
1974 5664 2026 5719 in
2059 5659 2212 5718 fertili
2246 5673 2370 5730 agro
2395 5658 2788 5725 seminandum,
2827 5657 3048 5712 dimisso
3079 5671 3226 5726 agro,
3256 5657 3309 5711 in
3337 5654 3416 5710 la-
