3856 6180
445 239 545 296 183

439 367 560 406 cum
592 350 914 407 frumentum
943 364 1104 407 omne
1122 348 1416 421 demergat,
1445 358 1688 420 utneqne
1713 349 1803 404 illo
1818 348 2026 404 fruatur

441 443 573 510 ipse,
607 450 661 497 et
707 441 1027 497 frumentum
1053 449 1361 510 corruptum
1385 449 1584 510 pereat.
1620 439 1726 496 Sed
1751 454 1912 510 quam
1939 453 2026 493 ra-

443 532 646 588 tionem
687 532 1004 602 proferunt,
1048 546 1170 587 eum
1214 531 1335 587 illos
1367 531 1467 607 hac
1503 532 1572 587 de
1607 545 1667 587 re
1715 529 2025 601 culpamus?

439 622 554 677 Non
595 638 812 693 parvam
864 623 1286 680 consolationem
1325 623 1375 678 id
1419 623 1592 688 affert,
1625 623 1766 694 quod
1792 624 2026 678 sciamus

441 715 556 769 hazc
587 714 741 769 nobis
770 723 884 770 tuto
915 713 1188 770 recondita
1227 729 1370 770 esse.
1395 713 1644 781 Quinimo
1679 713 1883 768 nescire
1909 711 2024 768 haec

440 806 712 861 recondita
767 821 921 873 esse,
969 806 1022 860 id
1067 806 1484 861 consolationem
1524 803 1758 860 atl‘erret.
1802 803 2024 858 Etiamsi

437 899 581 952 enim
625 897 818 952 famem
847 913 954 953 non
983 898 1192 965 timeas,
1226 898 1388 952 nmlta
1418 897 1519 952 alia
1561 897 1803 966 graviora
1833 895 1904 951 ob
1927 896 2019 952 de-

436 993 664 1057 positum
683 992 789 1046 tale
811 991 1065 1059 timenda,
1088 1004 1253 1058 mors,
1279 989 1496 1056 bellum,
1526 989 1748 1045 insidias.
1775 987 1829 1043 Si
1859 988 2027 1042 fames

438 1080 665 1150 ingruat,
697 1082 924 1152 populus
950 1097 980 1136 a
1009 1089 1197 1136 ventre
1237 1080 1545 1150 compulsus
1580 1089 1781 1134 armata
1807 1079 2024 1135 dextera

438 1170 655 1225 domum
687 1181 829 1227 tuam
870 1157 1107 1242 invadet.
1144 1171 1255 1226 lmo
1305 1172 1432 1225 dum
1461 1170 1538 1226 sic
1575 1172 1714 1241 agis,
1747 1170 1940 1226 famem
1971 1169 2026 1225 in

439 1264 599 1320 urbes
631 1264 845 1321 invehis
863 1307 878 1333 ,
912 1274 965 1322 te
993 1265 1095 1321 hoc
1121 1265 1260 1320 fame
1288 1265 1503 1335 gravius
1532 1264 1827 1346 periculum
1853 1265 1904 1318 in
1931 1263 2028 1319 do-

437 1372 586 1412 mum
632 1365 776 1412 tuam
820 1357 1046 1413 inducis.
1076 1357 1286 1413 Etenim
1328 1357 1481 1411 famis
1519 1356 1825 1412 calamitate
1850 1355 2027 1410 nullos

438 1449 560 1501 novi
591 1446 768 1503 statim
796 1457 1142 1517 consumptos
1167 1464 1181 1501 :
1210 1447 1374 1502 multa
1395 1445 1589 1517 quippe
1609 1445 1841 1515 undique
1864 1460 2022 1500 exco-

436 1538 590 1608 gitari
646 1548 866 1609 possunt
907 1538 976 1594 ad
1027 1538 1156 1593 tanti
1197 1538 1325 1593 mali
1375 1539 1659 1605 solatium;
1689 1538 1758 1593 ob
1778 1537 2028 1608 pecunias

437 1637 637 1694 autem,
671 1628 901 1696 divitias,
933 1644 1130 1700 resque
1159 1627 1560 1699 hujuscemodi,
1593 1628 1849 1698 plurimos
1883 1627 2026 1683 indi-

435 1735 560 1776 care
584 1721 803 1790 possim,
831 1735 926 1775 seu
948 1721 1105 1787 clam,
1133 1735 1228 1776 seu
1261 1720 1474 1790 publice
1496 1720 1865 1790 interemptos.
1891 1720 2029 1775 Mul-

439 1811 506 1865 tis
549 1825 713 1880 porro
742 1811 1048 1881 hujusmodi
1068 1811 1326 1881 exemplis
1351 1811 1525 1881 plena:
1561 1818 1684 1866 sunt
1717 1812 1839 1878 vim,
1870 1810 2028 1881 plena

436 1902 714 1972 judiciaria
748 1903 1030 1958 tribunalia
1045 1912 1098 1957 et
1125 1903 1256 1957 fora.
1279 1902 1480 1973 Ecquid
1503 1902 1622 1958 dico
1644 1903 1776 1967 vias,
1798 1902 2027 1972 judicia-

437 1994 515 2048 ria
547 1994 831 2048 tribunalia
863 2004 916 2050 et
946 1995 1096 2048 fora?
1144 1995 1319 2064 Ipsum
1360 2009 1511 2050 mare
1539 1993 1744 2050 videbis
1771 1995 2028 2064 sanguine

444 2085 681 2153 plenum.
716 2085 841 2140 Haec
866 2087 1061 2155 quippe
1109 2085 1345 2157 tyrannis
1374 2100 1478 2139 non
1512 2093 1708 2140 terram
1737 2086 1910 2139 solum
1939 2101 2028 2140 oc-

438 2176 650 2245 cupavit
674 2217 688 2243 ,
719 2176 811 2230 sed
840 2178 999 2230 etiam
1040 2175 1092 2230 in
1147 2177 1336 2246 pelago
1365 2192 1487 2230 cum
1515 2177 1680 2231 multo
1706 2177 1882 2232 furore
1903 2177 2029 2234 bac-

437 2267 591 2322 chata
625 2276 726 2322 est.
775 2269 840 2322 Et
871 2268 1004 2322 alius
1035 2268 1249 2338 quidem
1296 2268 1506 2336 navigat
1550 2282 1768 2340 propter
1803 2285 1990 2324 aurum
2011 2311 2026 2336 ,

440 2360 577 2413 alius
603 2359 672 2414 ob
699 2359 800 2416 hoc
838 2360 1008 2429 ipsum
1034 2359 1344 2430 jugulatur:
1376 2358 1672 2430 eademque
1694 2361 1806 2429 ipsa
1849 2369 2030 2431 tyran-

439 2451 523 2504 nis
551 2449 694 2505 hune
742 2459 1127 2517 mercatorem,
1170 2451 1319 2505 illum
1365 2449 1687 2507 homicidam
1725 2450 1864 2506 fecit.
1891 2451 2030 2518 Quid

439 2521 866 2611 magis'inﬁdum
913 2542 1074 2598 fuerit
1127 2558 1285 2613 quam
1323 2535 1612 2608 mamona,‘
1642 2557 1762 2598 cum
1812 2554 2031 2615 propter

437 2633 608 2703 ipsum
660 2635 872 2703 plurimi
915 2636 1352 2711 peregrinantur,
1404 2636 1772 2705 periclitentur
1810 2644 1864 2692 et
1889 2637 2031 2692 occi-

437 2725 672 2778 dantur?
711 2724 815 2779 Sed
861 2726 982 2790 Quis
1027 2726 1370 2791 miserebitur,
1412 2725 1612 2796 inquit,
1668 2727 2024 2795 incantatoris,

438 2833 586 2888 quem
629 2834 835 2884 serpens
895 2819 1164 2872 momordit
1212 2815 1411 2890 (Eccli.
1445 2818 1533 2873 η.
1566 2817 1665 2890 15)
1688 2819 1712 2872 ?
1739 2818 2028 2890 Oportebat

439 2907 581 2961 enim
639 2905 771 2961 dirae
827 2907 1124 2979 tyrannidis
1187 2922 1381 2979 gnaros
1451 2909 1762 2964 servitutem
1815 2909 2026 2978 fugere,

438 2997 766 3068 noxiumque
803 3011 1041 3052 amorem
1082 2997 1461 3066 comprimere.
1500 2998 1569 3053 Et
1610 2998 1914 3069 quomodo,
1947 2999 2029 3052 in-

436 3087 611 3158 quies,
645 3087 697 3142 id
718 3087 833 3143 tieri
864 3088 1069 3157 possit?
1109 3087 1166 3143 Si
1194 3088 1418 3144 alterum
1448 3104 1684 3145 amorem
1714 3088 1985 3145 induxeris
2007 3131 2023 3158 ,

437 3191 630 3247 nempe
659 3177 930 3233 cmlorum.
957 3177 1087 3232 Nam
1109 3177 1199 3249 qui
1223 3178 1549 3250 concupiscit
1572 3194 1811 3250 regnum,
1834 3179 2025 3236 irride-

436 3261 516 3324 bit
539 3270 818 3334 avaritiam
848 3289 860 3322 :
891 3269 980 3340 qui
1024 3269 1220 3326 Christi
1265 3287 1451 3327 servus
1499 3271 1721 3327 eil'ectus
1773 3271 1864 3339 sit,
1916 3286 2022 3327 non

436 3360 539 3414 erit
574 3375 838 3428 mamona:
865 3376 1084 3429 servus,-
1115 3361 1208 3418 sed
1237 3371 1293 3417 et
1315 3365 1434 3432 ejus
1462 3364 1565 3419 erit
1585 3363 1833 3420 dominus
1863 3381 1877 3418 :
1902 3379 2023 3420 nam

437 3451 726 3522 fugientem
769 3453 976 3523 insequi
1014 3452 1176 3520 solet,
1229 3462 1282 3509 et
1331 3465 1738 3525 persequentem
1794 3453 2023 3526 fugere:

434 3559 607 3614 neque
628 3543 699 3599 ita
729 3555 1142 3616 persequentem
1165 3544 1408 3612 honorat,
1442 3555 1499 3603 ut
1519 3563 1578 3604 se
1601 3548 2022 3620 despicientem;

433 3639 636 3692 nullum
667 3637 740 3692 ita
761 3638 994 3711 deridet,
1043 3649 1102 3694 ut
1156 3639 1237 3694 sui
1282 3640 1562 3709 cupidum;
1615 3656 1787 3712 neque
1837 3642 2025 3698 irridet

431 3728 591 3784 modo
615 3770 630 3794 ,
667 3729 762 3784 sed
790 3730 1086 3785 innumeris
1122 3730 1439 3801 constringit
1467 3731 1712 3787 vinculis.
1741 3733 2024 3789 Solvamus

432 3819 592 3890 igitur
614 3820 696 3874 vel
736 3835 858 3876 sero
902 3821 1114 3876 tandem
1155 3820 1317 3878 hasce
1363 3823 1550 3878 noxias
1601 3833 1838 3880 catenas.
1883 3825 2021 3893 Quid

431 3910 802 3966 rationabilem
829 3912 1065 3966 animam
1087 3913 1384 3969 irrationali
1413 3916 1672 3984 materiae,
1711 3916 2021 3972 innumero-

1188 237 1244 294 S.
1283 236 1560 294 JOANNIS
1597 222 2072 291 CIIRYSOSTOMI
2110 233 2424 290 ARClllEP.
2465 233 2994 297 CONSTAN'I‘INOP.

3609 247 3710 303 εει

2129 363 2248 404 rum
2295 349 2560 406 malorum
2610 353 2789 422 matri,
2834 355 3038 410 servire
3060 355 3242 425 cogis?
3271 354 3377 413 Sed
3415 371 3448 413 ο
3487 358 3597 412 risu
3625 360 3711 414 di-

2129 453 2288 510 gnam
2333 443 2482 499 rem!
2511 457 2610 498 nos
2656 443 2801 499 illam
2850 445 3225 516 impugnamus
3253 448 3429 503 verbis
3451 491 3465 514 ,
3497 450 3584 504 illa
3611 467 3711 507 nos

2130 532 2403 604 impugnat
2427 549 2491 589 re
2515 535 2650 605 ipsa,
2677 545 2732 590 et
2757 536 2990 607 undique
3019 538 3128 609 agit
3149 549 3203 594 et
3227 540 3533 596 circumfert
3560 545 3715 613 quasi

2128 627 2301 696 pretio
2346 637 2556 696 emptos
2593 637 2649 683 et
2679 630 2988 700 mastigias;
3031 646 3136 701 quo
3178 632 3304 700 quid
3339 633 3559 702 turpius,
3589 635 3714 704 quid

2129 716 2439 787 indignius?
2465 718 2520 775 Si
2554 721 2695 774 enim
2747 721 3106 777 insensibilem
3139 723 3415 778 materiam
3468 739 3570 780 non
3619 740 3714 779 sn-

2129 821 2408 876 peramns,
2465 810 2736 879 quomodo
2760 812 3104 882 incorporeas
3131 822 3420 881 potestates
3465 816 3716 886 proﬂiga-

2129 896 2341 953 bimus?
2385 901 2428 955 si
2463 901 2619 957 vilem
2682 909 2886 955 terram
2965 913 3022 959 et
3066 905 3302 975 abjectos
3350 907 3555 976 lapides
3607 925 3716 964 non

2129 987 2476 1058 despicimus,
2503 997 2773 1062 quomodo
2794 994 3124 1065 principatus
3150 1009 3201 1052 et
3229 1007 3521 1067 potestates
3544 1001 3715 1071 subji-

2129 1079 2375 1135 ciemus?
2419 1082 2689 1152 quomodo
2739 1087 3144 1154 temperantiam
3203 1089 3610 1145 exercebimus?
3659 1091 3719 1146 Si

2131 1179 2408 1239 argentum
2455 1172 2662 1242 fulgens
2689 1189 2788 1230 nos
2825 1175 3099 1246 percellit,
3129 1179 3400 1248 quomodo
3431 1181 3714 1250 pulchram

2132 1259 2320 1316 faciem
2374 1275 2789 1334 praetercurrere
2848 1269 3180 1337 poterimus?
3242 1270 3450 1325 Etenim
3497 1273 3717 1342 quidam

2132 1349 2256 1406 huic
2283 1354 2546 1423 tyrannidi
2574 1370 2743 1424 usque
2786 1358 2924 1413 adeo
2969 1358 3133 1414 dediti
3163 1371 3322 1428 sunt,
3373 1373 3428 1416 ut
3458 1362 3601 1432 ipsos
3631 1365 3719 1419 vel

2130 1442 2246 1495 auri
2286 1451 2531 1513 aspectus
2569 1444 2797 1511 afticiat,
2837 1457 2894 1503 et
2937 1447 3108 1504 facete
3139 1449 3486 1521 hilariterque
3509 1453 3717 1518 dicant,

2130 1530 2327 1588 Oculos
2369 1534 2516 1605 juvat
2556 1538 2818 1594 numisma
2860 1555 3082 1595 aureum
3115 1541 3373 1596 oblatum.
3409 1543 3603 1599 Verum
3651 1562 3723 1600 ne

2133 1625 2206 1680 ita
2236 1625 2408 1693 ludas,
2435 1629 2507 1682 mi
2535 1629 2726 1696 homo;
2759 1631 2889 1686 nihil
2917 1633 3060 1688 enim
3091 1635 3168 1690 sic
3194 1635 3339 1689 lzndit
3362 1637 3566 1700 oculos,
3603 1637 3723 1692 sive

2131 1718 2375 1786 corporis
2395 1759 2411 1784 ,
2443 1719 2555 1775 sive
2583 1721 2776 1776 animas
2799 1763 2813 1787 ,
2837 1734 2897 1777 ut
2917 1723 3106 1778 horum
3136 1727 3588 1796 concupiscentia.
3621 1729 3725 1784 Hic

2131 1815 2281 1863 certe
2319 1809 2508 1865 noxius
2547 1825 2701 1867 amor
2737 1811 3000 1882 virginum
3043 1815 3251 1871 illarum
3298 1818 3568 1889 lampades
3625 1838 3725 1876 ex-

2132 1901 2346 1966 stinxit,
2376 1902 2599 1974 illasque
2627 1921 2657 1960 a
2682 1909 2862 1976 sponsi
2909 1909 3140 1968 thalamo
3165 1915 3408 1971 exclusit.
3433 1917 3531 1972 Hie
3558 1935 3724 1990 aspe-

2133 2001 2252 2048 ctus
2269 2034 2282 2057 ,
2321 2009 2482 2064 quem
2501 1995 2636 2052 dicis
2656 1999 2840 2054 oculos
2863 1999 3054 2070 juvare
3071 2043 3088 2070 ,
3115 2005 3368 2062 miserum
3393 2008 3582 2063 Iudam
3609 2027 3724 2066 non

2133 2086 2373 2155 perniisit
2404 2089 2589 2144 audire
2633 2091 2951 2148 dominicam
2995 2111 3204 2165 vocem,
3237 2099 3346 2165 sed
3389 2100 3442 2155 in
3469 2100 3724 2172 laqueum

2133 2175 2320 2243 duxit,
2367 2187 2528 2250 atque
2569 2181 2623 2236 id
2647 2182 2823 2238 effecit
2850 2195 2910 2240 ut
2936 2187 3147 2243 medius
3184 2192 3449 2260 crepuerit
3471 2235 3484 2256 ,
3510 2208 3572 2248 ac
3599 2205 3726 2264 post

2135 2267 2250 2323 haec
2279 2272 2456 2324 omnia
2483 2272 2535 2326 in
2566 2273 2863 2343 gehennam
2906 2278 3069 2334 misit.
3113 2280 3250 2347 Quid
3287 2297 3414 2352 ergo
3445 2283 3543 2339 hac
3569 2295 3728 2354 peste

2132 2358 2364 2428 iniquius
2395 2360 2588 2418 fuerit?
2614 2365 2740 2435 quid
2769 2365 3112 2424 horribilius?
3137 2369 3254 2425 Non
3283 2372 3350 2427 de
3381 2376 3598 2429 materia
3620 2392 3725 2446 pe-

2133 2452 2409 2507 cuniarum
2438 2454 2646 2526 loquor,
2693 2456 2788 2512 sed
2816 2459 2885 2514 de
2920 2474 3103 2515 earum
3141 2462 3509 2533 intempestiva
3536 2478 3590 2521 et
3633 2468 3725 2522 fu-

2131 2543 2271 2598 riosa
2323 2546 2631 2615 cupiditate.
2688 2549 2818 2604 Nam
2858 2549 3092 2608 lmmano
3142 2553 3365 2610 distillat
3419 2561 3723 2628 sanguine,

2133 2649 2357 2692 cruento
2394 2649 2611 2710 aspectu
2632 2680 2648 2707 ,
2675 2651 2731 2698 et
2759 2643 2944 2712 quavis
2972 2644 3084 2700 fera
3111 2647 3395 2703 immanior
3418 2661 3532 2717 est,
3559 2663 3732 2722 atque

2131 2728 2317 2782 obvios
2343 2744 2583 2801 quosque
2607 2731 2884 2803 discerpit,
2933 2736 3184 2807 quodque
3227 2739 3395 2794 multo
3420 2741 3569 2811 pejus
3603 2756 3725 2811 est,

2132 2833 2200 2873 ne
2228 2821 2428 2875 sentire
2447 2822 2659 2891 quidem
2681 2825 2933 2879 laniatum
2955 2827 3100 2881 sinit.
3128 2827 3260 2882 Cum
3287 2841 3551 2900 oporteret
3575 2821 3728 2889 enim

2131 2924 2225 2964 eos
2251 2912 2338 2981 qui
2369 2913 2490 2966 talia
2537 2915 2827 2984 patiuntur,
2860 2917 2927 2972 ad
2957 2929 3339 2988 prmtereuntes
3378 2939 3593 2978 manum
3621 2941 3728 2981 ex-

2131 3002 2385 3068 tendere,
2419 3013 2474 3060 et
2498 3005 2563 3060 ad
2589 3007 2843 3063 auxilium
2874 3024 3086 3078 vocare,
3123 3012 3198 3066 illi
3219 3025 3402 3068 contra
3432 3015 3501 3071 de
3528 3017 3730 3074 talibus

2131 3093 2395 3151 ulceribus
2415 3098 2612 3166 gratias
2632 3097 2830 3155 habent
2857 3119 2870 3154 :
2889 3117 2996 3171 quo
3015 3103 3140 3173 quid
3171 3105 3526 3162 miserabilius
3543 3109 3565 3162 ἲ
3597 3109 3729 3166 llaec

2129 3184 2307 3255 itaque
2338 3187 2517 3242 omnia
2545 3190 2860 3260 cogitantes,
2906 3193 3258 3251 insanabilem
3297 3197 3446 3252 illum
3474 3202 3728 3257 morbum

2128 3274 2410 3347 fugiamus,
2440 3277 2555 3347 ejus
2581 3295 2791 3337 morsus
2814 3297 3082 3351 curemus,
3111 3293 3167 3340 et
3186 3301 3216 3341 a
3243 3287 3330 3342 tali
3363 3301 3512 3358 peste
3535 3294 3728 3362 procul

2130 3365 2412 3438 fugiamus,
2443 3379 2581 3426 utet
2617 3371 2668 3426 in
2695 3377 2946 3443 praesenti
2997 3383 3163 3432 tutam
3213 3387 3270 3434 et
3320 3383 3730 3449 perturbatione

2129 3472 2350 3513 vacuam
2379 3460 2541 3515 vitam
2577 3461 2854 3530 ducamus,
2887 3475 2940 3521 et
2963 3464 3175 3523 futuros
3201 3470 3576 3528 nanciscamur
3603 3474 3729 3530 the-

2129 3562 2314 3604 sauros
2347 3567 2360 3604 :
2388 3565 2523 3621 quos
2552 3552 2756 3608 utinam
2787 3568 2885 3610 nos
2929 3570 3118 3612 omnes
3147 3573 3520 3629 assequamur,
3547 3567 3727 3634 gratia

2129 3650 2183 3696 et
2234 3640 2562 3715 benignitate
2599 3645 2809 3700 Domini
2855 3649 3020 3704 nostri
3066 3649 3192 3706 Jesu
3217 3650 3453 3720 Christi,
3501 3659 3727 3728 quicum

2127 3729 2272 3785 Patri
2316 3741 2371 3787 et
2427 3733 2584 3790 simul
2637 3735 2856 3806 Spiritui
2905 3749 3093 3797 sancto
3142 3728 3344 3814 gioria,
3400 3747 3724 3818 imperium,

2129 3820 2332 3889 honor,
2383 3839 2526 3880 nunc
2578 3835 2635 3883 et
2681 3841 2926 3902 semper,
2983 3840 3038 3888 et
3065 3833 3120 3888 in
3144 3835 3340 3891 saecula
3373 3833 3725 3898 siliculorum.

2130 3917 2324 3972 Amen.
2936 3926 2939 3927 ⁷

1825 4141 2174 4205 HOMILIA
2217 4142 2303 4204 X.

428 4274 554 4331 CAP.
583 4277 636 4332 5.
658 4293 712 4334 v.
737 4279 788 4334 ί.
813 4281 878 4332 In
906 4278 1077 4334 diebus
1099 4281 1205 4334 illis
1233 4280 1365 4335 venit
1383 4282 1608 4338 Joannes
1630 4283 1858 4353 Baptista
1885 4299 2017 4355 prte-

497 4369 673 4424 dieans
698 4372 750 4424 in
772 4371 968 4427 deserto
1006 4373 1223 4440 Judtetv,
1252 4373 1306 4428 2.
1337 4383 1384 4429 et
1410 4375 1579 4430 dicens
1609 4393 1628 4431 :
1659 4375 2018 4432 Pwnitentiam

495 4460 645 4530 agite,
670 4463 1095 4532 appropinquavit
1115 4466 1250 4519 enim
1272 4482 1484 4538 regnum
1513 4469 1773 4521 calorum.

496 4551 546 4604 1.
581 4550 743 4614 Quale
796 4561 989 4622 tempus
1045 4555 1304 4626 designent
1358 4558 1464 4612 haec
1521 4560 1669 4612 verba
1700 4559 1795 4613 :ln
1823 4559 2014 4616 diebus

425 4639 546 4694 illis.
578 4639 679 4695 Cur
704 4640 932 4697 Christus
972 4645 1181 4713 triginta
1217 4663 1470 4701 annorum
1519 4650 1820 4719 baptizatur.
1847 4681 1916 4690 —
1939 4652 2015 4706 De

421 4731 738 4800 quibusnam
769 4734 956 4790 diebus
981 4737 1132 4806 agit?
1159 4737 1271 4792 Non
1294 4741 1435 4794 cnim
1464 4757 1570 4811 quo
1606 4752 1844 4813 tempore
1883 4761 2014 4814 puer

421 4824 512 4880 ille
543 4836 681 4895 erat,
711 4840 764 4884 et
790 4829 1012 4886 Nazaret
1037 4833 1198 4896 venit,
1228 4835 1320 4890 sed
1350 4813 1480 4904 post.
1494 4852 1663 4892 annos
1687 4813 1895 4908 triginta
1924 4853 2012 4894 ve-

422 4917 792 4985 nitJoanues,
826 4931 882 4977 ut
917 4922 1087 4978 Lucas
1114 4925 1444 4983 testificatur.
1476 4928 1582 4984 Cur
1602 4945 1730 4998 ergo
1753 4931 1912 4996 dicit,
1946 4931 2012 4986 In

420 5008 594 5065 diebus
621 5011 770 5067 ilus?
800 5013 910 5069 Mos
944 5025 1026 5070 est
1070 5015 1356 5087 Scriptura:
1404 5018 1505 5075 hoc
1562 5022 1635 5075 uti
1677 5021 1871 5088 modo;
1905 5037 2008 5078 non

423 5103 594 5157 solum
623 5119 745 5160 cum
785 5121 846 5162 ea
895 5118 1096 5176 narrat,
1146 5126 1265 5180 qua:
1289 5112 1584 5182 insequenti
1619 5123 1856 5185 tempore
1883 5131 2005 5171 mox

419 5203 567 5260 gesta
608 5206 752 5264 sunt,
784 5200 878 5254 sed
908 5202 1068 5278 etiam
1104 5219 1225 5258 cum
1255 5205 1343 5259 illa
1367 5205 1513 5272 dicit,
1545 5224 1665 5278 qu:e
1704 5210 1886 5264 multis
1912 5225 2010 5281 po-

417 5292 530 5339 stea
580 5289 735 5342 annis
773 5294 1112 5362 contigerint.
1179 5293 1270 5351 Sic
1310 5297 1469 5352 etiam
1519 5313 1640 5354 cum
1667 5300 1732 5354 ad
1774 5301 1922 5356 illum
1950 5301 2005 5356 in

417 5375 595 5432 Monte
632 5379 891 5437 olivarum
941 5387 1215 5442 sedentem
1257 5389 1498 5461 discipuli
1521 5403 1894 5461 accesserunt,
1952 5405 2007 5450 et

416 5467 484 5523 ile
509 5469 736 5526 adventu
767 5477 882 5544 ejus
909 5477 1080 5550 deque
1106 5483 1312 5539 excidio
1338 5485 1789 5559 Jerosolymorum
1817 5491 2002 5545 scisci—

419 5565 509 5612 tati
535 5574 687 5628 sunt;
717 5567 863 5622 scitis
889 5578 1065 5624 autem
1088 5585 1340 5641 quantum
1363 5577 1436 5631 sit
1462 5579 1599 5635 inter
1622 5591 1846 5653 utraque
1867 5591 2004 5639 tem-

420 5666 547 5721 pora
581 5655 934 5717 intervallum.
967 5661 1099 5720 Cum
1122 5665 1371 5737 loquutus
1400 5683 1542 5730 esset
1585 5676 1651 5732 de
1694 5679 1918 5748 excidio,
1947 5690 2004 5738 et

2129 4302 2230 4357 hac
2252 4301 2320 4357 de
2344 4318 2403 4359 re
2435 4303 2646 4362 dicendi
2682 4308 2842 4366 tinem
2871 4311 3112 4381 fecisset,
3160 4316 3227 4372 de
3253 4323 3723 4380 consummatiOne

2123 4401 2305 4463 postea
2325 4393 2658 4464 loquuturus,
2684 4401 2982 4470 subjunxit,
3009 4405 3150 4460 Tune
3177 4408 3274 4462 ista
3297 4420 3455 4465 erunt
3483 4411 3717 4483 (Matth.

2122 4483 2236 4557 24)
2271 4502 2284 4538 :
2315 4485 2542 4542 dicendo
2584 4501 2762 4545 autem
2791 4491 2950 4560 Tunc,
2995 4512 3099 4551 non
3124 4499 3399 4569 conjunxit
3429 4511 3672 4572 tempora
3702 4549 3719 4569 ,

2123 4573 2216 4630 sed
2245 4575 2373 4630 illud
2401 4577 2570 4633 solum
2604 4589 2813 4652 tempus
2843 4584 3125 4654 indicavit,
3169 4605 3275 4659 quo
3314 4590 3428 4646 luce
3455 4606 3719 4650 eventura

2090 4677 2292 4732 erant.
2326 4667 2556 4739 ldipsum
2603 4689 2742 4729 nunc
2771 4676 2896 4732 facit
2930 4694 3050 4734 cum
3090 4681 3203 4738 ait:
3235 4681 3301 4737 In
3359 4687 3530 4740 diebus
3585 4688 3716 4742 illis.

2118 4755 2235 4811 Non
2283 4761 2423 4814 enim
2467 4763 2807 4834 insequentes
2837 4770 3012 4825 statim
3053 4771 3169 4828 dies
3207 4775 3560 4845 significavit;
3613 4783 3716 4836 scd

2120 4847 2240 4903 illos
2268 4849 2320 4903 in
2351 4853 2544 4921 quibus
2570 4858 2843 4928 contigere
2872 4875 2932 4914 ea
2959 4863 3025 4916 ad
3048 4879 3168 4934 qua:
3189 4869 3452 4923 narranda
3485 4885 3707 4941 progre-

2116 4939 2277 4997 ditur.
2337 4943 2404 4999 F.t
2454 4961 2583 5012 cur,
2633 4948 2860 5020 inquies,
2903 4965 3024 5023 post
3070 4957 3282 5028 triginta
3323 4970 3491 5018 annos
3516 4939 3716 5021 adiba-

2117 5033 2368 5100 ptismum
2403 5039 2547 5093 venit
2591 5039 2783 5097 Jesus?
2813 5044 2940 5100 Post
2988 5046 3131 5104 hunc
3180 5051 3500 5122 baptismum
3531 5056 3714 5128 legem

2115 5126 2388 5185 soluturus
2433 5141 2548 5187 erat
2595 5153 2609 5191 :
2658 5136 2779 5194 ideo
2807 5139 2873 5194 ad
2909 5141 3052 5198 illam
3097 5160 3265 5216 usque
3307 5159 3554 5220 aetatem,
3584 5126 3713 5224 quae

2114 5227 2290 5286 potest
2317 5232 2534 5290 peccata
2557 5225 2838 5284 admittere
2858 5233 3058 5302 omnia,
3090 5236 3141 5290 in
3173 5237 3306 5309 legis
3334 5242 3494 5297 totius
3515 5244 3713 5301 obser-

2113 5312 2324 5369 vatione
2343 5319 2570 5383 mansit;
2593 5337 2659 5376 ne
2682 5322 2801 5391 quis
2820 5323 3040 5394 diceret,
3063 5329 3232 5399 ipsum
3259 5313 3427 5404 legem
3449 5337 3709 5405 solvisse,

2112 5403 2250 5472 quod
2276 5420 2380 5461 non
2404 5419 2584 5477 posset
2607 5426 2724 5466 eam
2754 5414 2999 5486 implere.
3025 5419 3140 5474 Non
3172 5403 3529 5481 enimomnes
3549 5403 3709 5497 pravi

2111 5492 2362 5565 atiectus,
2397 5502 2574 5556 omnia
2618 5505 2742 5560 vitia
2787 5522 2999 5580 semper
3035 5510 3233 5568 instant
3281 5492 3591 5573 nobiszsed
3649 5521 3709 5577 in

2113 5593 2362 5660 primaeva
2421 5607 2577 5655 aitate
2645 5600 2998 5672 imprudentia
3063 5606 3206 5677 viget
3253 5617 3308 5664 et
3359 5609 3710 5672 imbecillitas

2111 5687 2311 5755 animi;
2345 5689 2397 5744 in
2427 5693 2670 5762 sequenti
2709 5695 3077 5756 vehementius
3107 5698 3270 5757 instat
3294 5699 3496 5772 libido;
3529 5703 3584 5761 in
3611 5721 3705 5780 ea,
