3856 6180
141 311 208 372 185
681 330 699 345 .
1251 311 1315 322 --.
1355 311 1484 319 -____
1510 311 1526 312 γ

140 438 219 494 ηπ
239 417 352 471 hanc
381 401 588 473 excipit,
618 382 780 468 opum
835 383 1114 459 cupiditas.
1169 378 1456 448 PrOpterea
1504 367 1644 420 hanc

862 490 871 494 ’
905 480 918 494 ’
967 490 1071 494 "“
1120 471 1221 494 ιηυι
1249 476 1360 494 ἈΙΛ
1402 470 1640 494 Inntnnrn

143 470 256 568 :uiam
292 470 792 557 aetatem—emensus,
825 490 879 536 et
905 480 1076 547 legem
1120 471 1224 525 hoc
1249 476 1361 522 toto
1402 470 1643 526 tempore

143 603 428 667 exsequutus,
471 585 547 640 sic
589 579 656 634 ad
684 575 1000 646 baptismum
1039 563 1218 625 venit,
1244 570 1404 630 quem
1435 559 1642 623 postre-

909 661 940 667 ._
1231 660 1270 667 ,ί
1313 646 1615 667 ε-ωιλ-ἮΜ

143 646 493 747 ξςῖιξιῖιγέᾶάίιίίι,
542 678 820 743 postquam
873 661 977 716 alia
1016 660 1282 727 praecepta
1312 646 1642 715 impleverat.

145 779 249 852 Quod
270 775 394 832 enim
421 771 518 824 hoc
545 734 886 836 postremum
943 751 1044 823 ipsi
1094 746 1252 802 fuerit
1284 757 1350 796 ex
1397 734 1648 807 operibus

1284 836 1295 846 .
1336 850 1342 852 Α
1393 830 1524 852 ,μη
1558 841 1648 852 ,ω

145 830 364 945 βμΙὼυε,
411 860 530 917 andi
565 870 690 912 eum
735 852 999 908 dicentem
1046 859 1061 894 :
1095 839 1185 895 Sic
1217 836 1348 892 enim
1385 830 1524 884 decet
1558 841 1650 879 nos

801 940 809 945 ‘
847 938 887 945 “
975 935 986 945 ·
1050 933 1082 945 -
1143 928 1235 945 -κι
1293 920 1441 945 n.--.t
1473 925 1646 945 mu...“

144 920 500 1034 idablereomnem
512 947 766 1018 justitiam
791 940 810 1012 (
834 935 1020 993 Matth.
1050 933 1103 989 3.
1137 928 1261 998 15).
1291 920 1444 992 Quod
1473 925 1649 973 autem

144 1011 547 1119 diligitiujusmodi
567 1049 649 1096 est
677 1056 692 1092 :
713 1011 902 1092 Omnia
919 1027 1107 1098 lcgalia
1143 1017 1512 1090 implevimus:
1533 1011 1654 1066 nul-

146 1103 543 1208 umtrat'tsgressi
579 1144 763 1186 sumus
808 1121 1133 1178 mandatum.
1177 1111 1309 1181 Quia
1351 1106 1508 1178 igitur
1553 1103 1654 1157 hoc

147 1199 260 1293 unum
273 1199 519 1301 superest,
535 1229 749 1293 oportet
762 1214 889 1272 illud
906 1223 1116 1282 quoque
1130 1203 1345 1264 addere,
1360 1199 1539 1266 sicque
1551 1208 1656 1248 om-

148 1345 230 1384 neut
259 1289 877 1394 jusiitiamimplebimus.
907 1300 1171 1360 Justitiam
1208 1293 1354 1350 enim
1393 1289 1479 1348 hic
1502 1293 1660 1342 vocat

148 1419 327 1476 omnium
355 1409 721 1466 mandatorum
757 1395 1202 1456 observationem.
1243 1385 1512 1443 Christum
1558 1378 1658 1448 igi-

148 1614 260 1658 cam
280 1603 368 1651 est.
394 1581 507 1660 Qua
535 1588 606 1643 de
645 1560 804 1640 causa
843 1592 974 1634 vero
1019 1575 1122 1629 hoc
1166 1569 1426 1639 baptisma
1454 1561 1522 1617 ab
1546 1560 1662 1630 ipso

148 1656 437 1759 excogitatum
485 1679 605 1736 est?
645 1671 796 1742 Quod
832 1670 975 1726 enim
1006 1661 1278 1720 Zachariae
1320 1656 1458 1710 ﬁlius
1500 1666 1606 1706 non
1633 1664 1666 1703 a

149 1743 392 1848 seruolipso,
421 1771 516 1828 sed
546 1771 655 1824 Deo
683 1767 930 1820 movente
958 1757 1025 1812 ad
1053 1755 1156 1809 hoc
1176 1747 1402 1814 venerit,
1424 1745 1474 1798 id
1495 1743 1667 1798 Lucas

150 1835 330 1930 declarat
356 1835 571 1926 dicens,
631 1857 846 1914 Verbum
873 1848 1081 1906 Domini
1107 1846 1301 1916 factum
1341 1847 1413 1894 est
1449 1835 1518 1888 ad
1554 1848 1669 1887 eum

151 1927 269 2030 liae.
293 1962 340 2016 5.
375 1957 442 2026 2)
465 1997 482 2022 ,
514 1953 572 2008 id
600 1961 722 2015 est,
771 1943 1100 2002 mandatum.
1137 1937 1255 2007 Ipse
1295 1944 1506 2004 quoque
1549 1927 1668 1980 ait:

153 2020 222 2123 ῥιπὶ
251 2069 319 2106 nte
350 2020 478 2104 misit
503 2045 764 2115 baptizare
799 2040 854 2092 in
876 2051 1030 2107 aqua,
1055 2032 1143 2087 ille
1165 2027 1288 2083 milii
1306 2025 1433 2080 dixit
1455 2038 1474 2075 :
1506 2020 1672 2089 Super

151 2113 256 2219 pan
275 2143 440 2199 sideris
469 2113 724 2209 Spiritum
753 2129 1130 2187 descendentem
1167 2119 1312 2192 quasi
1351 2113 1635 2172 columbam
1655 2150 1670 2174 ,

152 2203 445 2296 dnouement
483 2203 638 2301 super
676 2243 784 2282 eum
807 2267 823 2293 ,
855 2224 936 2278 hic
964 2227 1034 2275 est
1056 2217 1140 2289 qui
1161 2213 1379 2284 baptizat
1400 2210 1455 2262 in
1475 2203 1675 2275 Spiritu

153 2295 279 2386 uncto
319 2326 500 2397 (Joan.
651 2317 781 2390 5³5).
827 2315 935 2370 Cur
975 2321 1150 2366 autem
1190 2304 1258 2360 ad
1301 2295 1674 2371 baptizandum

155 2385 301 2476 uissus
323 2385 438 2475 est?
470 2415 588 2470 Hoc
633 2385 758 2468 item
805 2406 957 2462 nobis
983 2401 1218 2458 declarat
1261 2392 1492 2462 Baptista
1523 2385 1677 2456 :Ego

157 2512 370 2567 nesciebant
401 2524 548 2573 eum;
570 2505 658 2560 sed
695 2510 749 2557 ut
779 2496 1182 2565 manifestaretur
1222 2490 1277 2542 in
1323 2483 1523 2547 Israel,
1565 2479 1678 2533 ideo

157 2605 232 2658 uni
355 2613 486 2670 aqua
527 2571 794 2667 baptizans
823 2586 997 2660 (Ibid.
1025 2602 1073 2640 υ.
1106 2584 1166 2639 51
1191 2584 1230 2651 ).
1260 2580 1322 2634 Et
1348 2578 1394 2632 si
1423 2575 1537 2630 inec
1567 2571 1678 2626 sola

158 2710 276 2750 causa
296 2703 433 2758 erat,
468 2687 748 2760 quomodo
794 2684 870 2738 ait
913 2681 1118 2740 Lucas,
1172 2671 1317 2726 Venit
1342 2669 1395 2722 in
1431 2667 1683 2734 regionem

157 2788 363 2853 Iordanis,
391 2756 681 2854 praedicans
706 2776 1008 2845 baptismum
1029 2765 1330 2840 paenitentia:
1353 2762 1406 2815 in
1434 2756 1684 2814 remissio-

159 2898 237 2934 nem
254 2889 548 2947 peccatorum
575 2872 738 2944 (Luc.
761 2870 814 2924 5.
831 2866 896 2938 5)
917 2866 940 2919 ?
961 2864 1289 2930 Quamquam
1312 2851 1683 2910 remissionem

161 2987 235 3026 non
254 2941 496 3029 habebat,
526 2941 626 3019 sed
656 2961 758 3015 hoc
782 2958 980 3013 donum
1011 2961 1127 3008 erat
1151 2945 1399 3016 baptismi
1424 2983 1439 3009 ,
1477 2941 1566 3012 qui
1596 2952 1688 3008 po-

161 3071 238 3115 stea
257 3060 396 3114 datus
421 3065 540 3121 est;
591 3055 642 3108 in
691 3053 791 3105 hoc
831 3049 972 3104 enim
1016 3039 1313 3110 consepulti
1362 3047 1584 3098 sumus,
1635 3038 1690 3085 et

163 3163 271 3206 vetus
289 3150 434 3203 homo
463 3152 798 3202 nostertuue
838 3153 939 3192 ttna
980 3133 1265 3190 crucilixus
1304 3136 1426 3192 est,
1473 3132 1527 3176 et
1568 3129 1691 3175 ante

163 3256 329 3296 crucem
347 3251 604 3307 nusquam
636 3230 888 3287 remissio
911 3228 1046 3281 facta
1087 3219 1411 3290 comperitur
1443 3233 1458 3272 :
1499 3215 1692 3281 ubique

164 3337 272 3389 enim
298 3334 389 3387 hoc
412 3306 658 3399 sanguini
703 3325 819 3394 ejus
845 3321 1148 3390 deputatur.
1191 3314 1384 3370 Paulus
1413 3324 1540 3364 vero
1570 3306 1644 3360 ait
1674 3323 1690 3361 :

165 3427 239 3481 Sed
259 3426 399 3479 ablati
417 3425 558 3487 estis,
592 3413 1000 3483 sed'sanctiﬁcati
1021 3411 1162 3475 estis,
1183 3425 1286 3461 non
1315 3422 1408 3475 per
1433 3401 1694 3472 baptisma

167 3522 360 3586 Ioannis,
385 3518 499 3581 sed,
533 3518 590 3570 in
612 3512 812 3568 nomine
845 3507 1048 3562 Domini
1078 3501 1239 3558 nostri
1267 3493 1390 3558 Jesu
1425 3493 1632 3555 Christi,
1652 3499 1696 3544 et

169 3618 203 3667 in
224 3615 392 3684 Spiritu
431 3607 715 3664 Deinostri
747 3605 840 3674 (1.
878 3600 994 3656 Cor.
1025 3599 1080 3653 6.
1135 3596 1257 3662 ll).
1301 3592 1370 3646 Et.
1419 3587 1543 3643 alibi
1589 3588 1694 3648 ait,

169 3679 338 3760 locum
369 3703 572 3775 quidem
615 3694 904 3769 pradicauit
950 3689 1251 3760 baptismum
1296 3679 1612 3754 pcenitentiw,
1647 3682 1702 3729 et

171 3797 392 3862 ttondicit,
419 3789 774 3851 remissionis,
820 3793 874 3838 ut
918 3781 1172 3836 crederent
1203 3778 1256 3830 in
1291 3774 1565 3830 venientem
1592 3776 1701 3838 post

171 3889 413 3958 σκῆμα.
443 3886 529 3941 19.
559 3883 654 3951 4).
683 3879 821 3934 Cum
865 3875 1005 3929 enim
1053 3870 1290 3926 nondum
1339 3864 1574 3920 oblatum
1620 3873 1703 3913 sa.-

174 3981 375 4035 criticium
402 3985 568 4043 esset,
601 3989 699 4029 nec
723 3969 956 4041 Spiritus
983 3961 1379 4020 descendisset,
1425 3969 1524 4010 nec
1574 3966 1701 4021 pee-

174 4083 306 4126 catum
347 4072 576 4127 solutum
620 4074 795 4130 esset,
845 4075 946 4116 nec
1000 4054 1273 4112 inimicitia
1309 4050 1552 4114 sublata,
1608 4058 1707 4100 nec

177 4163 424 4219 mledictio
479 4160 689 4225 deleta,
756 4149 1028 4226 quomodo
1070 4144 1321 4202 remissio
1368 4147 1707 4211 peccatorum

179 4254 468 4311 iactaesset?

228 4345 275 4399 2.
298 4345 419 4412 Quid
450 4351 534 4399 est
563 4341 726 4412 igitur
751 4335 904 4400 illud,
928 4333 994 4388 In
1021 4328 1362 4386 remissionem
1395 4329 1714 4394 peccatorum

183 4437 346 4507 μσς.
371 4439 420 4494 t.
449 4439 485 4494 t
505 4436 559 4507 )t
595 4429 829 4502 lmprobi
871 4423 1155 4482 admodum
1204 4425 1358 4474 erant
1393 4411 1584 4476 Judaei,
1617 4423 1716 4465 nec

183 4545 383 4599 umquam
428 4532 480 4584 in
519 4535 866 4598 peccatorum
913 4529 1128 4573 suorum
1173 4524 1389 4568 sensum
1439 4510 1714 4562 venerant,

183 4593 763 4678 sel-extremis-obnoxii
793 4612 966 4674 malis,
997 4624 1056 4664 se
1087 4604 1285 4673 ubique
1321 4601 1494 4669 justos
1523 4593 1718 4666 prsidi-

187 4715 336 4770 tabent
360 4734 373 4769 :
398 4715 450 4770 id
487 4711 635 4784 quod
675 4703 970 4780 praesertim
1018 4701 1161 4770 ipsos
1192 4692 1440 4764 perdidit,
1467 4698 1522 4744 et
1561 4703 1590 4741 a
1621 4683 1724 4741 ﬁde

189 4807 379 4864 abduxit.
408 4779 522 4863 Hac
557 4804 628 4859 de
671 4779 732 4856 re
771 4799 891 4854 illos
937 4793 1132 4850 Paulus
1176 4798 1433 4843 accusans
1473 4779 1722 4836 dicebat:

190 4897 440 4966 Ignorant“
482 4896 580 4951 Dei
618 4891 874 4965 justitiam
910 4895 956 4940 et
997 4899 1142 4938 suam
1176 4885 1449 4949 quterentes
1489 4880 1724 4934 statuere,

193 4992 357 5056 institue
379 4990 469 5044 Dei
493 5005 598 5043 non
625 4993 738 5040 sunt
765 4978 972 5046 subiecti
997 4977 1173 5048 (Rom.
1199 4973 1284 5027 l0.
1315 4967 1392 5040 3).
1421 4968 1486 5022 Et
1510 4977 1727 5019 rursus:

197 5083 298 5144 Quid
333 5099 442 5153 ergo
477 5077 744 5134 dicemus?
773 5071 920 5140 Quod
961 5077 1128 5140 gentes
1152 5079 1264 5135 qute
1289 5077 1388 5115 non
1416 5057 1731 5112 sectabantur

198 5151 416 5238 iustitiam,
454 5166 901 5242 apprehenderunt.
918 5159 1169 5233 justitiam
1207 5171 1224 5208 :
1267 5151 1430 5207 Israel
1460 5157 1628 5201 autem
1655 5161 1734 5198 se-

200 5265 343 5317 dando
380 5236 536 5334 legem
566 5257 801 5330 justitite,
848 5255 900 5307 in
948 5251 1105 5320 legem
1122 5245 1340 5318 justitite
1367 5257 1466 5295 non
1491 5236 1732 5306 pervenit.

205 5354 367 5416 Quare?
395 5326 524 5423 Quia
552 5326 653 5406 non
677 5365 741 5403 ea:
769 5347 889 5416 ﬁde,
917 5345 1004 5398 sed
1032 5340 1178 5411 quasi
1207 5354 1269 5391 ex
1304 5333 1534 5405 Operibus
1561 5326 1736 5401 (Ibid.

205 5446 244 5500 9.
265 5417 473 5514 ’δυ-δέ’).
499 5443 634 5513 Quia
661 5442 819 5512 igitur
849 5439 963 5491 haec
985 5447 1142 5490 causa
1171 5429 1430 5485 malorum
1473 5429 1608 5486 erat,
1641 5417 1737 5473 ad-

207 5543 323 5596 venit
354 5541 596 5608 Joannes,
644 5535 780 5592 nihil
822 5529 965 5587 aliud
1013 5541 1200 5598 agens,
1245 5536 1402 5593 quam
1445 5526 1502 5572 ut
1530 5515 1647 5569 illos
1675 5510 1742 5568 ad

213 5644 499 5700 peccatorum
525 5645 744 5689 suorum
771 5622 1132 5696 cognitionem
1161 5615 1451 5673 deduceret
1479 5627 1492 5662 :
1524 5606 1576 5662 id
1603 5601 1744 5675 quod

216 5730 340 5784 etiam
363 5729 493 5784 illius
523 5727 730 5782 habitus
761 5714 1096 5781 ostendebat,
1131 5710 1216 5782 qui
1245 5708 1424 5778 utique
1469 5702 1532 5758 ad
1573 5696 1744 5770 ponti-

858 305 864 309 -
899 298 926 305 —
1021 288 1040 299 --
1251 264 1318 322 IN
1352 249 1760 319 MATTHA‘JUM
1799 247 2025 306 llOMlL.
2071 246 2138 302 Χ.

3222 219 3324 277 18ΰ

1754 359 1970 416 tentiam
2018 367 2072 413 et
2114 353 2502 410 confessionem
2545 343 2870 416 compositus
2915 346 3046 395 erat.
3080 337 3190 392 [loc
3217 336 3326 404 ipsa

1751 465 1962 520 quoque
2009 445 2314 518 praedicatio
2359 437 2762 497 demonstravit.
2814 433 2950 489 Nihil
2996 433 3137 484 enim
3186 426 3326 480 aliud

1751 543 1979 606 dicebat,
2026 555 2206 610 quam,
2249 538 2304 593 8.
2347 534 2524 590 Facite
2569 534 2764 602 fructus
2810 528 2987 598 dignos
3032 521 3333 594 pmnilentiw

1753 637 1901 707 (Luc.
1927 637 1984 690 5.
2015 635 2092 704 8).
2122 632 2255 699 Quia
2287 629 2444 700 igitur
2465 625 2605 696 quod
2637 629 2850 693 peccata
2876 633 2970 673 sua
2999 631 3101 670 non
3130 614 3198 668 im
3212 626 3335 681 pro-

1753 730 1962 792 barent,
1989 702 2266 780 utPaulus
2292 717 2601 783 declaravit,
2643 714 2764 768 ideo
2806 725 2838 766 a
2876 709 3088 764 Christo
3125 702 3333 758 resilie-

1754 826 1877 874 runt
1906 835 1921 873 :
1952 825 2166 887 peccata
2211 822 2387 868 autem
2437 810 2491 864 in
2522 815 2753 863 mentem
2784 814 3056 862 revocare,
3087 799 3139 852 id
3174 794 3339 852 efﬁcit

1757 920 1813 968 ut
1835 911 2138 978 redemptor
2181 913 2470 975 quaeratur,
2512 911 2566 956 et
2601 897 2847 954 remissio
2873 892 3211 948 desideretur
3242 906 3253 941 :
3287 886 3340 942 id

1759 1005 2151 1073 praeparaturus
2193 998 2338 1052 venit
2382 995 2633 1057 Joannes,
2688 998 2741 1044 et
2780 987 3085 1044 hortaturus
3128 981 3248 1035 illos
3285 987 3343 1032 ut

1761 1092 2125 1164 paenitentiam
2153 1094 2406 1159 agerent:
2448 1099 2552 1140 non
2583 1091 2632 1138 ul
2662 1080 3004 1150 punirentur;
3037 1072 3131 1128 sed
3161 1079 3217 1124 ut
3249 1084 3346 1138 per

1761 1183 2126 1256 paenitentiam
2179 1179 2490 1234 humiliores
2535 1172 2730 1237 eﬂ'ecti,
2782 1185 2845 1223 ac
2892 1181 3012 1223 sese
3063 1166 3206 1234 ipsos
3248 1161 3345 1216 da-

1762 1283 2028 1337 mnantes,
2063 1271 2130 1327 ad
2156 1269 2525 1326 remissionem
2557 1259 2944 1333 impetrandam
2983 1261 3346 1311 accurrerent.

1765 1367 1898 1423 Vide
1941 1367 2096 1436 igitur
2139 1376 2295 1434 quam
2345 1359 2461 1413 hznc
2503 1357 2784 1426 diligenter
2829 1348 3171 1420 expresserit.
3217 1344 3349 1399 Cum

1764 1459 2170 1522 dixissetenim,
2211 1455 2356 1510 Venit
2392 1451 2671 1522 prtcdicans
2713 1442 3020 1516 baptismum
3049 1439 3353 1512 pwnitentiae

1767 1554 1821 1606 in
1849 1553 2045 1606 deserto
2073 1549 2290 1616 Judwaz,
2323 1544 2544 1612 addidit,
2585 1539 2651 1594 In
2691 1538 3030 1594 remissionem
3058 1532 3261 1606 (Marc.
3300 1532 3350 1582 1.

1768 1643 1846 1718 ι);
1875 1659 1940 1700 ac
1961 1643 2009 1698 si
2029 1642 2234 1696 diceret
2263 1656 2275 1692 :
2309 1637 2430 1692 Ideo
2472 1634 2589 1689 illos
2619 1632 2861 1687 hortatus
2914 1632 2998 1683 est
3039 1634 3095 1678 ut
3123 1622 3349 1678 conlite-

1771 1747 1956 1793 rentur
1985 1745 2040 1791 et
2083 1731 2448 1803 pmnitentiam
2495 1735 2730 1796 agerent,
2766 1736 2874 1776 non
2917 1729 2970 1773 ut
3011 1717 3350 1787 punirentur,

1771 1829 1864 1886 sed
1910 1836 1968 1882 ut
2013 1825 2223 1881 facilius
2269 1833 2451 1892 postea
2482 1816 2853 1874 remissionem
2893 1809 3217 1879 acciperent.
3246 1803 3356 1858 Nisi

1774 1919 1916 1975 enim
1963 1917 2172 1986 scipsos
2217 1913 2582 1972 damnassent,
2631 1905 2852 1976 gratiam
2898 1915 3002 1956 non
3057 1898 3357 1968 petiissent,

1776 2026 1880 2064 non
1913 2015 2213 2079 quaerentes
2239 2018 2366 2058 vero
2387 2000 2634 2072 gratiam,
2662 2009 2839 2065 neque
2866 1991 3236 2048 remissionem
3273 2001 3361 2040 as-

1777 2099 1982 2171 sequuti
2011 2105 2210 2152 essent.
2239 2094 2420 2163 Itaque
2448 2090 2548 2143 hoc
2574 2086 2834 2156 baptisma
2863 2083 2928 2136 ad
2959 2081 3088 2136 illud
3115 2079 3250 2133 viam
3275 2091 3365 2146 pa-

1779 2203 1860 2252 rat
1891 2210 1902 2245 :
1937 2191 2054 2246 ideo
2091 2187 2320 2251 diccbat,
2375 2182 2444 2239 Ut
2488 2180 2693 2236 credant
2737 2178 2790 2230 in
2837 2191 2950 2229 eum
2978 2173 3062 2243 qui
3095 2171 3223 2225 venit
3255 2177 3366 2238 post

1779 2289 1946 2358 ipsum
1970 2287 2104 2357 (Act.
2137 2282 2223 2338 19.
2253 2281 2338 2352 4);
2370 2285 2565 2348 praeter
2590 2288 2709 2333 eam
2753 2284 2910 2342 quant
2940 2266 3196 2328 diximus,
3231 2264 3369 2314 hanc

1780 2392 1994 2450 quoque
2039 2375 2196 2430 aliant
2239 2368 2574 2440 baptismatis
2616 2378 2833 2420 causam
2881 2359 3156 2428 adjiciens.
3187 2354 3369 2423 Neque

1781 2471 1924 2526 enim
1952 2465 2173 2537 perinde
2199 2463 2406 2525 luisset,
2437 2461 2480 2514 si
2514 2457 2703 2512 domos
2729 2451 3103 2512 circumiisset,
3136 2456 3189 2501 et
3212 2444 3369 2499 Chri-

1783 2569 1922 2618 stum
1966 2571 2128 2610 nntnu
2170 2553 2492 2622 prehensum
2524 2542 2988 2606 circumduxisset,
3019 2537 3367 2603 dixissetque,

1787 2655 1842 2710 In
1875 2652 2015 2706 hunc
2064 2646 2296 2711 credite;
2325 2653 2488 2710 atque
2531 2636 2776 2693 omnibus
2809 2627 3158 2703 praesentibus
3200 2641 3262 2679 ac
3293 2624 3372 2678 vi-

1786 2745 2056 2810 dentibus,
2108 2740 2315 2795 beatam
2363 2735 2506 2788 illattt
2556 2729 2735 2786 cli'erri
2788 2740 2996 2788 vocent,
3055 2729 3214 2790 atque
3269 2717 3373 2770 alia

1789 2835 1966 2892 omnia
1997 2808 2199 2904 perlici.
2234 2827 2358 2882 ideo
2385 2823 2527 2879 venit
2553 2821 2620 2875 ad
2649 2819 2933 2888 baptisma.
2966 2813 3097 2868 Nam
3120 2821 3173 2865 et
3199 2808 3373 2878 bapti-

1790 2927 1960 2982 zantis
1982 2903 2304 2980 exiSIimatio
2333 2925 2388 2974 et
2415 2915 2491 2970 rei
2520 2912 2686 2982 ipsius
2713 2907 2970 2972 conditio,
2998 2903 3266 2959 civitatem
3297 2909 3377 2953 to-

1794 3030 1898 3074 tam
1928 3013 2249 3079 attrahcbat,
2293 3017 2346 3065 et
2384 3007 2450 3062 ad
2477 3004 2763 3062 Iordanem
2795 2998 3068 3060 evocabat,
3097 3007 3376 3065 magnum-

1792 3125 1897 3180 que
1946 3107 2046 3161 fuit
2100 3104 2387 3159 theatrum.
2441 3097 2671 3166 ideoque
2732 3106 2826 3148 eos
2879 3089 2969 3160 qui
3029 3087 3378 3148 advenerant,

1794 3201 2056 3272 reprimit,
2118 3196 2412 3264 suadetque
2464 3206 2532 3245 ne
2583 3200 2834 3258 magnum
2885 3180 3155 3253 quidpiam
3209 3177 3277 3250 de
3323 3190 3382 3230 se

1796 3293 2307 3353 comminiscuntur,
2357 3282 2647 3339 ostendens
2702 3293 2797 3334 eos
2850 3283 3213 3332 extremorum
3262 3282 3382 3323 reos

1798 3385 2083 3448 malorum,
2114 3379 2210 3434 nisi
2243 3373 2610 3448 paenitentiam
2637 3369 2861 3440 egerint,
2891 3364 3175 3432 missisque
3211 3358 3353 3426 maio
3372 3387 3385 3395 -

1800 3477 1946 3532 ribus
1983 3473 2113 3539 suis,
2159 3469 2482 3538 depulsaque
2525 3464 2636 3527 illa,
2664 3474 2822 3530 quam
2858 3455 2982 3511 inde
3007 3456 3383 3522 conceperant,

1800 3566 2074 3638 jactantia,
2102 3577 2221 3618 eum
2252 3560 2340 3630 qui
2367 3557 2675 3620 advenerat,
2705 3547 3024 3618 receperint.
3057 3542 3266 3598 Etenim
3292 3537 3388 3593 ob-

1803 3637 2010 3714 scurata
2053 3655 2261 3709 fuerant
2309 3649 2518 3724 interim
2546 3659 2611 3703 ea
2649 3657 2767 3712 qua:
2795 3639 2860 3693 ad
2889 3637 3163 3692 Christunt‘
3183 3638 3392 3701 spectabo

1803 3751 1952 3816 bant,
1998 3756 2052 3803 et
2093 3743 2233 3813 apud
2280 3721 2478 3796 multos
2521 3734 2781 3806 exstincta
2827 3727 3139 3783 videbantur
3173 3736 3294 3778 esse
3322 3720 3392 3774 ob

1806 3842 2006 3899 caedem
2038 3839 2089 3893 itt
2118 3833 2428 3892 Bethlehem
2457 3834 2831 3900 perpetratam.
2864 3817 3081 3880 Etiamsi
3109 3816 3248 3872 enim
3273 3829 3392 3868 cum
3417 3841 3419 3843 -

1811 3930 2090 3989 duodecim
2121 3939 2381 3998 annorum
2408 3928 2551 3978 esset
2593 3931 2712 3974 sese
2741 3911 3062 3974 exhibuerit,
3109 3917 3164 3963 at
3209 3907 3314 3962 cito
3344 3905 3394 3957 in

1812 4024 2044 4094 priorem
2073 4033 2192 4075 sese
2223 3995 2598 4072 obscuritatem
2623 4005 2841 4064 deduxit
2868 4022 2881 4058 :
2913 4002 3137 4069 ideoque
3165 3995 3400 4067 splendi-

1813 4089 1895 4184 dis
1939 4106 2277 4176 exnrdiisiet
2319 4107 2630 4166 sublimiore
2673 4097 2934 4172 principio
2979 4109 3113 4164 opus
3149 4089 3397 4145 habebat.

1817 4218 2101 4284 Propterea
2131 4218 2254 4272 tunc
2284 4204 2515 4275 primunt
2543 4213 2624 4262 ea,
2658 4209 2776 4264 quae
2813 4202 3097 4257 numquam
3124 4183 3405 4237 audierant

1817 4271 2007 4372 iudici,
2036 4303 2120 4359 vel
2148 4317 2178 4355 a
2218 4271 2511 4371 prophetis,
2545 4290 2626 4344 vel
2658 4287 2724 4342 ab
2753 4285 2873 4338 aliis
2910 4271 3252 4352 quibuslibet,
3287 4274 3402 4338 illa,

1821 4403 2060 4469 inquam,
2111 4370 2397 4460 conspicua
2440 4397 2571 4439 voce
2618 4375 2890 4448 praedicat,
2931 4370 3092 4426 caelos
3113 4375 3167 4422 et
3187 4379 3405 4434 regnum

1821 4491 2077 4547 caelorum
2116 4458 2567 4538 commemorans,
2617 4468 2852 4536 nihilque
2881 4462 2949 4517 de
2989 4468 3128 4514 terra
3160 4458 3428 4526 loquens.‘

1824 4583 2069 4650 Regnum
2098 4581 2275 4628 autem
2321 4567 2410 4633 hic
2439 4564 2566 4619 dicit
2592 4559 2876 4614 adventum
2909 4551 3042 4620 ejus,
3065 4559 3126 4633 et
3155 4547 3410 4616 pt‘iorcttt,.

1829 4683 1882 4729 et
1907 4625 2286 4742 posteriorem.
2331 4659 2395 4713 Et
2422 4654 2545 4726 quid
2573 4653 2675 4706 huc
2703 4648 2769 4702 ad
2797 4645 3031 4705 Iudaeos,
3064 4625 3294 4708 inquies,
3325 4637 3413 4704 qui

1831 4729 2144 4820 nesciebant
2168 4752 2292 4825 quid
2319 4752 2520 4806 diceret
2534 4746 2557 4799 ’ἶ
2585 4743 2708 4799 ideo
2733 4741 2812 4796 sic
2839 4737 3049 4806 loquor,
3084 4731 3284 4801 inquiet
3308 4729 3414 4792 ille,

1833 4865 1892 4910 ut
1916 4853 2176 4908 dictorum
2209 4841 2535 4900 obscuritate
2579 4833 2815 4897 excitati,
2863 4829 3077 4883 veniant
3107 4823 3169 4876 ad
3203 4819 3417 4890 perqui-

1835 4945 2061 5003 rettdum
2109 4939 2257 4994 illum
2299 4933 2388 5004 qui
2420 4928 2771 5002 praedicatur;
2819 4922 2886 4975 ita
2914 4926 2973 4973 ut
2997 4925 3048 4972 et
3074 4910 3339 4985 publicani
3369 4917 3424 4963 et

1831 5021 2035 5094 milites
2061 4999 2562 5098 interrogdnthuid
2601 5013 2924 5095 faciendum,
2965 5016 3020 5062 et
3045 5001 3312 5074 quomodo
3344 4999 3426 5052 in-

1839 5125 2106 5186 stituenda
2153 5091 2372 5176 vita'sit
2404 5091 2584 5184 {quod
2626 5091 2833 5177 signum
2879 5107 2994 5155 erat
3039 5098 3204 5165 ipsos,
3249 5091 3428 5145 missis

1842 5219 2186 5282 swcularibus
2230 5213 2410 5276 rebus,
2442 5207 2543 5261 alia
2574 5201 2775 5272 majora
2818 5193 3106 5263 respicere,
3153 5195 3206 5242 et
3252 5184 3428 5240 futura

1843 5315 1994 5388 quasi
2039 5325 2131 5381 per
2171 5305 2436 5362 somnium
2481 5291 2777 5364 imaginari.
2823 5285 3034 5342 Etenim
3073 5291 3263 5338 cuncta
3311 5292 3430 5348 qua:

1847 5380 2098 5463 videbant
2144 5409 2198 5454 et
2225 5393 2529 5455 audiebant,
2561 5385 2628 5442 ad
2663 5380 2968 5440 sublimium
3007 5390 3185 5432 rerum
3215 5385 3428 5429 sensum

1851 5497 2123 5569 erigebant
2151 5493 2290 5546 illos.

1922 5596 1975 5648 5.
2015 5590 2238 5648 Joannes
2269 5579 2501 5651 Baptista
2540 5590 2566 5629 e
2602 5572 2794 5627 deserto
2821 5564 3079 5638 egrediens
3107 5573 3260 5631 quam
3288 5569 3435 5609 vene-

1856 5685 2066 5745 randus.
2112 5679 2283 5752 Ipsius
2327 5689 2441 5729 cum
2487 5669 2627 5726 Isaia
2666 5661 2944 5722 consensio.
2975 5688 3043 5699 —
3075 5653 3256 5725 Cogita
3285 5649 3436 5721 igitur
