3856 6180
384 200 486 256 187

1051 195 1109 252 S.
1150 195 1427 253 JOANNIS
1462 186 1931 250 CHRYSOSTOMI
1972 185 2268 244 ARCHIEP
2327 184 2857 245 CUNSTANTINOP.

3550 187 3663 242 188

382 321 637 384 quantum
668 312 720 368 id
742 320 887 377 esset
915 311 1185 369 hominem
1206 311 1388 369 videre
1412 320 1533 382 post
1551 321 1721 363 annos
1748 302 1961 373 triginta
2067 318 2181 358 sam
2206 302 2463 374 adjiciens
2506 304 2581 360 ait
2613 320 2629 359 :
2664 303 2778 359 Erit
2802 303 2889 375 qui
2911 312 3181 373 consurget
3208 300 3462 371 imperare
3489 310 3669 372 genti.

383 420 445 459 ex
474 403 687 461 deserto
727 404 1051 470 venientem,
1099 403 1352 475 principis
1384 400 1720 457 sacerdotum
1761 396 1961 457 ﬁlium,

382 496 471 564 qui
520 495 665 551 nulla
709 510 957 565 umquam
1002 510 1179 549 rerum
1224 503 1557 550 terrenarum
1614 496 1863 558 eguerat;
1911 493 1967 540 ει

382 589 528 644 omni
554 602 621 642 ex
655 596 804 657 parte
840 584 1220 650 venerandum,
1266 583 1356 654 qui
1382 582 1569 637 Isaiam
1596 592 1777 635 secum
1805 574 1968 629 habe-

383 679 491 733 bat.
520 678 719 734 Aderat
743 678 939 748 quippe
973 677 1075 746 ipsi
1118 674 1413 745 praedicans
1437 684 1492 728 et
1515 671 1699 726 dicens
1728 686 1742 723 :
1767 667 1863 722 Hic
1886 673 1968 721 est

384 784 547 841 quem
570 769 921 825 adventorum
948 782 1068 826 esse
1090 765 1310 837 praedixi
1337 765 1677 825 clamantem,
1719 760 1850 815 etin
1874 756 1971 813 de-

380 869 530 917 serto
556 860 698 916 clara
727 874 858 916 voce
885 861 1064 915 omnia
1104 856 1504 930 praedicantem.
1556 854 1784 908 Tantum
1824 849 1969 904 enim

386 961 502 1010 erat
540 952 919 1025 prophetarum
966 950 1109 1006 circa
1152 964 1238 1005 res
1279 948 1407 1003 istas
1456 945 1711 1006 studium,
1765 951 1822 996 ut
1865 956 1970 995 non

387 1044 548 1101 modo
577 1044 859 1100 Dominum
888 1059 1067 1111 suum,
1115 1042 1209 1098 sed
1238 1041 1398 1095 etiam
1445 1053 1566 1093 eum
1604 1035 1692 1105 qui
1730 1033 1829 1104 ipsi
1872 1032 1974 1088 mi-

392 1136 714 1192 nistraturus
759 1146 895 1202 erat,
940 1144 1067 1190 ante
1114 1134 1337 1188 multant
1376 1128 1631 1201 temporis
1654 1127 1975 1197 praenuntia-

393 1237 517 1286 rent
545 1247 560 1283 :
588 1244 687 1285 nec
715 1227 863 1284 illum
900 1225 1079 1292 modo,
1101 1224 1196 1281 sed
1220 1225 1378 1280 etiam
1402 1225 1574 1280 locum
1603 1219 1973 1293 praedicerent,

389 1321 443 1381 in
474 1334 581 1390 quo
602 1327 911 1375 versaturus
930 1327 1073 1383 erat,
1096 1330 1304 1371 necnon
1340 1312 1732 1386 praedicationis
1758 1309 1976 1367 modum

386 1423 496 1479 quo
520 1409 585 1464 ad
613 1407 912 1465 docendum
957 1422 1148 1463 usurus
1184 1414 1324 1473 erat,
1368 1415 1423 1460 et
1462 1420 1619 1476 quam
1660 1404 1973 1474 praeclarum

390 1499 514 1555 hinc
540 1513 673 1570 opus
719 1512 1054 1554 emersurum
1093 1506 1256 1553 esset.
1302 1494 1437 1550 Vide
1459 1509 1587 1566 ergo
1613 1492 1883 1565 quomodo
1909 1493 1974 1547 ad

391 1592 639 1649 eumdem
681 1606 897 1647 sensum
944 1591 1104 1646 ambo
1147 1590 1427 1661 prodeant,
1459 1589 1732 1644 licetnon
1783 1585 1974 1642 iisdem

391 1682 571 1738 verbis
599 1690 832 1748 utantur,
864 1681 1125 1752 prapheta
1150 1696 1342 1750 nempe
1369 1690 1530 1751 atque
1550 1679 1811 1750 Baptista.
1841 1678 1976 1733 Pro-

389 1777 548 1847 pheta
598 1790 828 1846 namque
876 1776 1047 1845 ipsum
1092 1773 1395 1830 adfuturum
1450 1787 1571 1828 esse
1618 1772 1858 1843 praedicit
1894 1770 1979 1827 bis

391 1868 568 1924 verbis
604 1882 621 1923 :
662 1868 716 1925 3.
773 1866 957 1921 Parata
984 1867 1116 1921 viam
1140 1864 1367 1931 Domini,
1408 1874 1571 1920 rectas
1591 1865 1740 1936 facile
1776 1866 1980 1919 semitas

389 1960 504 2026 eius
526 1957 787 2029 (IsaiJO.
808 1958 886 2027 ὅ).
907 1957 999 2013 ille
1028 1972 1155 2013 vero
1179 1967 1454 2027 postquam
1485 1957 1717 2017 advenit,
1735 1956 1978 2011 dicebat:

394 2046 574 2103 Facite
600 2049 794 2117 [ructus
820 2048 1000 2119 dignos
1024 2048 1329 2117 paenitentia:
1352 2046 1372 2118 (
1394 2046 1582 2102 Matth.
1612 2049 1666 2105 '5.
1695 2047 1766 2118 8)
1795 2064 1811 2102 :
1838 2046 1980 2118 quod

394 2138 539 2210 idem
563 2140 828 2211 signiﬁcat
853 2147 1016 2209 atque
1040 2137 1192 2205 illud,
1233 2136 1424 2193 Parate
1457 2138 1589 2193 viam
1628 2136 1858 2193 Domini.
1895 2137 1983 2193 Vi-

391 2231 517 2288 tlen'
558 2241 615 2288 et
648 2248 745 2302 per
782 2246 845 2288 ea
886 2247 1006 2302 quae
1049 2229 1310 2301 propheta
1345 2230 1515 2297 dixit,
1556 2239 1610 2286 et
1654 2245 1749 2299 per
1775 2245 1838 2285 ea
1865 2244 1984 2301 quae

394 2320 509 2394 ipse
548 2321 874 2393 praedicavit,
921 2336 1084 2376 utinm
1112 2320 1423 2391 signiﬁcari,
1461 2320 1636 2389 ipsum
1670 2321 1895 2387 scilicet,
1929 2327 1986 2375 et

395 2425 457 2479 ut
501 2414 735 2486 praeiret,
783 2422 838 2468 et
891 2424 947 2466 ut
990 2412 1127 2467 viam
1175 2421 1407 2482 pararet,
1443 2411 1746 2477 advenisse,
1795 2420 1987 2466 nonut

393 2510 594 2564 donum
622 2507 928 2578 largiretur,
956 2506 1163 2561 scilicet
1190 2505 1584 2572 remissionem,
1631 2504 1725 2561 sed
1756 2513 1814 2560 ut
1844 2519 1984 2575 prau-

393 2608 611 2672 pararet
638 2601 845 2655 animas
871 2614 1079 2665 eorum,
1111 2597 1203 2669 qui
1230 2598 1602 2654 universorum
1639 2599 1804 2655 Deum
1830 2613 1981 2655 rece-

400 2676 540 2760 pturi
588 2691 781 2745 erant?
821 2690 990 2743 Lucas
1029 2703 1157 2743 vero
1199 2688 1426 2759 amplius
1456 2688 1583 2759 quid
1611 2690 1840 2761 adjecit;
1886 2704 1987 2746 nec

396 2781 530 2835 satis
560 2778 744 2835 habuit
770 2778 1089 2850 principium
1116 2777 1391 2833 dumtaxat
1415 2778 1627 2846 afferre,
1682 2780 1779 2836 sed
1818 2790 1985 2835 totam

395 2871 553 2933 aﬂert
574 2871 947 2944 prophetiam;
982 2886 1103 2926 nam
1133 2871 1209 2925 ait
1241 2888 1254 2926 :
1287 2869 1465 2928 Omnis
1492 2871 1642 2928 vallis
1672 2873 1985 2945 implebitur,

394 2972 443 3027 et
468 2962 631 3019 omnis
658 2979 804 3018 mons
831 2972 883 3019 et
913 2962 1058 3019 collis
1089 2962 1435 3017 Itumiliabitur
1466 2977 1485 3018 :
1509 2974 1557 3018 et
1582 2975 1727 3019 erum
1752 2981 1910 3036 prava
1934 2967 1988 3020 in

396 3053 608 3119 directa,
651 3063 698 3107 et
734 3067 918 3123 aspera
946 3052 999 3106 in
1023 3052 1130 3107 vias
1158 3052 1339 3123 planas
1359 3068 1379 3107 :
1399 3063 1444 3107 et
1466 3053 1647 3109 videbit
1675 3056 1843 3109 omnis
1867 3071 1987 3109 curo

349 3141 351 3144 ⁴
395 3145 618 3219 salutare
668 3144 768 3200 Dei
812 3143 1044 3215 (ιλιαδ.
1091 3144 1145 3200 5.
1185 3143 1239 3199 6.
1285 3143 1417 3199 lsai.
1469 3145 1559 3203 40.
1591 3147 1645 3201 4.
1671 3147 1750 3217 5).
1799 3147 1989 3205 Viden'

395 3224 667 3305 quomodo
691 3234 803 3305 jam
833 3235 961 3290 olim
988 3235 1249 3305 propheta
1291 3236 1471 3291 omnia
1508 3236 1663 3305 dixit,
1715 3247 1771 3295 et
1807 3239 1988 3309 populi

395 3341 741 3391 concursum,
782 3334 837 3382 et
862 3342 1041 3384 rerum
1070 3327 1124 3381 in
1149 3326 1344 3383 melius
1373 3330 1744 3399 mutationem,
1774 3344 1828 3386 et
1854 3347 1989 3402 prae-

390 3416 678 3473 dicationis
721 3416 1033 3473 facilitatem
1066 3424 1121 3474 et
1161 3434 1339 3473 rerum
1372 3419 1727 3490 gerendarum
1749 3424 1986 3479 omnium

393 3523 631 3577 causam,
657 3510 757 3565 etsi
785 3510 952 3580 trapis
983 3511 1097 3566 haec
1123 3511 1474 3581 resperscrit?
1493 3511 1622 3569 Erat
1639 3513 1835 3585 quippe
1859 3528 1986 3583 pro-

398 3600 578 3670 phetia
624 3602 943 3657 futurorum.
992 3600 1128 3657 Cum
1171 3603 1313 3657 enim
1343 3604 1418 3658 ait
1449 3621 1465 3659 :
1498 3603 1675 3658 Omnis
1699 3605 1845 3660 vallis
1884 3606 1985 3659 im-

394 3691 637 3761 plebitur,
673 3702 721 3746 et
758 3692 923 3747 omnis
950 3709 1094 3747 mons
1112 3702 1159 3747 et
1190 3695 1335 3749 collis
1361 3694 1710 3749 humiliabitur
1734 3710 1753 3749 :
1778 3705 1824 3750 et
1842 3707 1987 3751 erunt

394 3799 582 3854 aspera
607 3783 659 3837 in
680 3784 786 3837 vias
819 3782 1005 3854 planas
1037 3800 1057 3838 :
1088 3783 1319 3841 humiles
1356 3786 1690 3853 exaltandos,
1735 3796 1792 3843 et
1838 3804 1989 3843 arro-

394 3884 583 3944 gantes
605 3874 967 3930 humiliandos
987 3891 1107 3932 esse
1138 3879 1488 3947 praenuntiat,
1534 3888 1694 3950 atque
1721 3880 1854 3951 legis
1880 3882 1986 3936 dif-

398 3967 691 4022 ticuitatem
731 3967 781 4021 in
814 3966 937 4023 ﬁdei
969 3968 1283 4025 facilitatem
1326 3984 1446 4025 esse
1488 3972 1817 4028 mutandam.
1866 3973 1985 4030 Non

396 4059 557 4121 ultra.
588 4058 777 4128 inquit,
808 4059 1032 4115 sudores
1060 4068 1115 4115 et
1146 4061 1392 4127 labores;
1424 4064 1518 4118 sed
1556 4067 1722 4135 gratia
1752 4076 1807 4122 et
1833 4068 1985 4123 venia

393 4149 732 4213 delictorum,
778 4164 898 4219 quae
937 4149 1243 4207 facillimam
1271 4153 1336 4206 ad
1363 4154 1593 4209 salutem
1629 4156 1768 4210 viam
1813 4169 1982 4228 paret.

396 4241 599 4298 Deinde
626 4243 816 4298 horum
845 4259 1064 4299 causam
1092 4247 1313 4316 apponit
1339 4245 1524 4303 dicens
1554 4266 1568 4303 a
1600 4246 1797 4304 Videbit
1823 4254 1986 4308 omnis

392 4348 517 4388 caro
544 4334 769 4390 salutare
799 4334 895 4390 Dei
937 4351 959 4391 :
1002 4351 1130 4405 non,
1162 4346 1219 4392 ut
1246 4338 1397 4407 olim,
1448 4337 1618 4397 Judaei
1644 4351 1699 4398 et
1724 4344 1986 4416 proselyti

393 4435 644 4496 tantum,
686 4428 783 4484 sui
824 4438 878 4485 et
918 4430 1096 4485 omnis
1137 4446 1265 4487 caro
1306 4440 1362 4488 et
1403 4446 1585 4500 mare,
1634 4435 1987 4507 universaque

393 4518 672 4574 hominum
703 4528 913 4574 natura.
946 4520 1051 4578 Per
1076 4536 1239 4592 prava
1264 4524 1406 4579 enim
1434 4534 1488 4581 et
1520 4535 1779 4595 tortuosa,
1821 4530 1984 4587 vitam

389 4608 687 4678 quamlibet
710 4621 1015 4682 corruptam
1056 4612 1408 4669 subindieavit
1440 4634 1454 4672 ε
1492 4618 1823 4686 publicanos,
1875 4621 1986 4676 for-

390 4700 681 4769 nicatores,
730 4703 990 4768 latrones,
1036 4719 1246 4775 magos,
1290 4708 1531 4776 quicum
1570 4711 1804 4778 perversi
1838 4712 1985 4781 prius

390 4802 598 4861 essent,
630 4802 775 4850 recta
816 4793 1012 4851 deinde
1058 4795 1143 4849 via
1185 4810 1560 4867 processerunt
1593 4817 1606 4852 :
1638 4801 1780 4871 quod
1821 4804 1981 4858 etiam

392 4885 509 4956 ipse
536 4884 750 4942 dicebat
777 4901 793 4940 :
826 4881 1105 4940 Publiceni
1130 4897 1175 4940 et
1204 4899 1485 4958 peceatores
1514 4894 1797 4961 precedent
1824 4912 1910 4951 vos
1930 4898 1982 4951 in

387 4993 548 5048 regno
590 4977 687 5032 Dei
732 4976 966 5040 (Matth.
993 4978 1086 5035 2i.
1116 4976 1252 5049 3|),
1308 4981 1431 5051 quia
1481 4984 1841 5041 crediderunt.
1878 4986 1983 5043 ldi-

391 5082 549 5140 psum
594 5069 716 5125 aliis
757 5069 934 5125 verbis
973 5070 1052 5126 sic
1097 5069 1349 5125 indicavit
1374 5073 1630 5144 propheta
1663 5075 1848 5132 :Tunc
1872 5079 1982 5149 lupi

390 5168 440 5213 et
466 5157 592 5229 agni
618 5159 772 5213 simul
804 5170 1074 5230 pascentur
1101 5159 1256 5231 (Isai.
1283 5161 1371 5220 65.
1404 5164 1519 5235 25).
1550 5164 1703 5222 Sicut
1729 5169 1871 5224 enim
1906 5170 1979 5226 ibi

389 5265 488 5321 per
511 5249 678 5307 colles
707 5261 763 5308 et
787 5253 952 5310 valles
993 5256 1412 5328 inaequalitatem
1454 5276 1663 5317 morum
1710 5265 1761 5320 in
1816 5282 1975 5325 unam

391 5343 744 5415 philosophiae
780 5347 1139 5416 aequalitatem
1184 5352 1521 5409 commisceri
1566 5354 1699 5412 dixit
1746 5376 1761 5412 :
1811 5359 1881 5414 ita
1923 5371 1980 5430 et

391 5435 481 5500 hic
509 5449 750 5507 quoque,
797 5452 892 5507 per
932 5436 1207 5495 brutorum
1235 5442 1498 5500 diversam
1526 5455 1772 5504 naturam
1801 5452 1981 5510 varios

390 5527 667 5591 hominum
709 5543 887 5586 mores
916 5528 1180 5601 indicans,
1225 5552 1436 5592 rursum
1470 5552 1564 5595 eos
1591 5539 1642 5594 in
1674 5557 1835 5596 unum
1860 5544 1975 5613 pie-

392 5622 517 5695 tatis
539 5632 855 5693 concentum
877 5626 1025 5699 jungi
1054 5625 1343 5685 declaravit
1373 5648 1385 5683 :
1416 5640 1467 5687 et
1495 5631 1579 5689 hic
1601 5648 1813 5691 rursum
1844 5650 1969 5691 cau-

933 5750 981 5787 θ

2070 394 2183 460 bus,
2213 404 2261 448 et
2286 395 2339 448 in
2375 395 2541 466 ipsum
2568 404 2737 467 gentes
2764 392 3036 464 sperabunt
3062 391 3216 465 (ικαὶ.
3242 393 3327 448 ll.
3362 392 3453 465 10)
3505 392 3672 461 Quod

2070 486 2245 556 ipsum
2272 487 2341 542 ibi
2376 502 2587 558 quoque
2623 486 2757 542 dixit
2788 504 2802 542 :
2837 484 3031 540 Videbit
3075 486 3238 540 omnis
3278 501 3397 539 caro
3439 485 3674 539 salutare

2072 577 2168 632 Dei
2215 592 2233 632 :
2274 577 2472 649 ubique
2518 577 2807 633 ostendens
2851 576 3257 646 evangeliorum
3296 576 3549 630 virtutem
3595 590 3667 630 ac

2074 670 2314 724 uetitiam
2344 669 2411 724 ad
2441 684 2610 739 usque
2632 668 2766 724 lines
2790 677 2944 723 teme
2962 666 3357 723 dilfundendam
3378 682 3521 733 esse,
3546 682 3677 735 quae

2073 775 2103 814 a
2134 760 2316 815 ferinis
2346 760 2581 815 moribus
2600 760 2898 830 animisque
2922 760 3145 829 asperis,
3169 759 3224 814 in
3250 767 3590 815 mansuetam
3616 766 3679 812 et

2075 853 2259 909 mitem
2281 852 2513 908 indolem
2538 867 2706 923 genus
2734 852 3009 907 hominum
3041 852 3435 908 transmutabit.
3474 852 3534 906 ι.
3562 850 3677 905 llic

2075 953 2245 998 autem
2277 942 2503 999 Joannes
2545 943 2757 999 habebat
2788 945 3131 999 vestimentum
3153 961 3301 1000 suum
3325 944 3389 1000 de
3415 945 3537 1014 pilis
3569 959 3672 997 ca-

2077 1037 2213 1102 meli,
2245 1046 2291 1091 et
2316 1053 2498 1091 sonam
2524 1038 2787 1105 pelliceam
2809 1037 2945 1091 circa
2965 1036 3159 1091 lumbos
3182 1053 3321 1091 suos.
3351 1036 3543 1091 Vidcn‘
3568 1037 3679 1090 alia

2079 1126 2368 1198 prophetas
2417 1127 2767 1197 praedixisse,
2838 1127 2940 1181 alia
2991 1126 3333 1197 evangelistis
3385 1126 3682 1195 reliquisse

2080 1217 2378 1273 narranda?
2403 1219 2739 1289 Quapropter
2762 1218 3043 1273 Matthaeus
3067 1225 3123 1273 et
3151 1218 3458 1288 prophetias
3480 1218 3680 1283 affert,

2081 1321 2135 1368 et
2170 1327 2265 1367 sua
2314 1312 2498 1379 adjicit
2529 1329 2542 1366 :
2573 1326 2748 1383 neque
2773 1321 2925 1367 extra
2951 1327 3064 1368 rem
3090 1312 3298 1383 putavit
3322 1311 3390 1367 de
3409 1311 3544 1382 justi
3576 1327 3670 1367 ve-

2081 1404 2253 1459 stibus
2298 1404 2464 1474 loqui.

2153 1495 2207 1550 ι.
2247 1493 2464 1549 Joannis
2491 1493 2737 1566 Baptista
2761 1495 2959 1549 vivendi
2982 1511 3161 1567 genus.
3192 1524 3264 1535 —
3308 1495 3438 1550 Erat
3474 1494 3688 1565 quippe

2081 1598 2170 1643 res
2198 1585 2331 1642 mira
2372 1594 2425 1641 et
2453 1586 2716 1657 stupenda
2752 1587 2804 1641 in
2838 1586 3071 1641 humano
3097 1600 3325 1657 corpore
3350 1595 3554 1642 tantam
3594 1587 3686 1641 vi-

2081 1676 2212 1735 dere
2254 1676 2588 1735 tolerantiam
2621 1695 2634 1731 :
2670 1679 2811 1748 quod
2853 1690 3002 1734 certe
3046 1678 3264 1733 Judaeos
3303 1678 3472 1749 magis
3505 1688 3687 1733 attra-

2085 1769 2265 1837 hebat,
2317 1772 2407 1842 qui
2452 1784 2702 1843 magnum
2748 1770 2921 1825 Etiam
2951 1770 3003 1824 in
3044 1770 3160 1839 ipso
3193 1769 3573 1840 respiciebant,
3624 1779 3690 1825 et

2085 1878 2152 1918 ex
2196 1863 2262 1920 iis
2305 1878 2425 1934 quae
2455 1871 2584 1919 tunc
2624 1861 2965 1926 videbantur,
3004 1862 3144 1919 beati
3172 1861 3315 1919 illius
3341 1864 3440 1919 viri
3472 1878 3690 1919 memo-

2084 1954 2218 2010 riam
2265 1954 2627 2020 revocabant;
2661 1956 2768 2012 into
2805 1957 2856 2011 in
2896 1955 3155 2026 majorem
3202 1956 3547 2025 rapiebantur
3581 1956 3692 2010 ad-

2086 2044 2445 2102 mirationem.
2493 2045 2589 2102 llle
2636 2062 2869 2117 namque
2908 2048 2958 2101 in
2996 2047 3217 2102 urbibus
3262 2046 3400 2101 etin
3426 2046 3690 2102 domibus

2086 2136 2346 2201 alebatur,
2391 2135 2479 2191 hic
2520 2144 2697 2192 autem
2727 2136 2796 2192 ab
2839 2138 3172 2193 incunabulis
3202 2145 3316 2194 toto
3355 2121 3598 2208 tempore
3626 2138 3687 2192 in

2087 2225 2304 2283 deserto
2347 2237 2594 2284 versatus
2636 2237 2739 2286 est.
2791 2228 3083 2298 Oportebat
3110 2233 3255 2285 enim
3287 2245 3688 2302 praecursorem

2090 2317 2250 2385 illius,
2281 2318 2372 2390 qui
2399 2329 2578 2376 vetera
2604 2321 2781 2375 omnia
2809 2321 3081 2376 soluturus
3115 2331 3250 2389 erat,
3297 2338 3499 2391 nempe
3524 2320 3687 2376 labo-

2089 2426 2224 2477 rem,
2255 2410 2707 2477 maledictionem,
2748 2412 2989 2468 dolorem
3018 2423 3181 2483 atque
3205 2414 3476 2477 sudorem,
3524 2431 3687 2483 quae-

2090 2502 2213 2557 dam
2258 2502 2459 2559 habere
2498 2504 2739 2577 symbola
2765 2504 3133 2574 hujuscemodi
3172 2506 3321 2571 doni,
3368 2516 3422 2562 et
3454 2507 3692 2561 damna-

2091 2593 2237 2649 tione
2262 2592 2351 2651 illa
2379 2596 2713 2665 superiorem
2740 2611 2881 2652 esse.
2928 2596 3111 2668 itaque
3136 2613 3236 2653 nec
3264 2608 3460 2654 terram
3486 2600 3685 2662 aravit,

2092 2700 2266 2755 neque
2293 2685 2473 2743 sulcos
2498 2686 2792 2753 dissecuit,
2840 2703 2946 2743 non
2979 2691 3031 2744 in
3059 2689 3255 2745 sudore
3281 2691 3458 2745 vultus
3486 2707 3687 2761 panem

2092 2777 2360 2844 comedit,
2401 2777 2496 2834 sed
2536 2778 2691 2835 facile
2735 2781 2987 2850 parabilis
3024 2792 3143 2837 erat
3183 2798 3368 2839 mensa
3415 2786 3566 2854 ejus,
3624 2796 3691 2840 et

2094 2882 2278 2927 mensa
2307 2868 2511 2924 facilior
2550 2871 2798 2938 amictus,
2842 2882 2898 2927 et
2925 2872 3289 2929 habitaculum
3315 2875 3521 2930 facilius
3538 2878 3687 2930 ami-

2092 2968 2203 3015 ctu.
2254 2959 2437 3033 Neque
2475 2964 2618 3017 enim
2667 2972 2831 3029 tecto,
2882 2965 2965 3020 vel
3008 2965 3169 3032 lecto,
3199 2967 3281 3021 vel
3330 2982 3533 3033 mensa,
3592 2968 3687 3022 vel

2092 3049 2273 3121 aliquo
2298 3051 2460 3107 simili
2488 3067 2624 3122 Opus
2652 3052 2875 3119 habuit;
2925 3054 3019 3110 sed
3058 3055 3353 3126 angelicam
3393 3057 3691 3127 quamdam

2091 3140 2256 3196 vitam
2286 3141 2340 3196 in
2368 3141 2467 3197 hac
2496 3158 2660 3199 carne
2684 3145 2952 3200 exhibuit.
2974 3143 3097 3201 Ideo
3124 3157 3493 3202 vestimentum
3516 3148 3689 3216 ipsius

2092 3247 2161 3288 ex
2206 3233 2325 3303 pilis
2351 3236 2679 3290 camelorum
2701 3237 3080 3293 concinnatum
3140 3247 3277 3304 erat,
3317 3248 3379 3294 ut
3405 3256 3470 3294 ex
3496 3240 3688 3296 habitu

2093 3342 2194 3383 nos
2242 3328 2567 3389 institueret.
2600 3339 2661 3384 ut
2689 3330 2759 3385 ab
2781 3329 3033 3386 humanis
3068 3330 3477 3397 absisteremus,
3508 3348 3571 3387 ae
3600 3335 3685 3388 nio

2095 3420 2169 3476 hil
2193 3436 2314 3477 eum
2343 3430 2484 3477 terra
2509 3438 2795 3480 commune
2818 3423 3170 3493 haberemus;
3190 3427 3285 3482 sed
3309 3427 3375 3482 ad
3404 3429 3687 3497 pristinam

2095 3509 2427 3569 nobilitatem
2474 3524 2900 3583 reverteremur,
2948 3517 3000 3570 in
3047 3533 3151 3587 qua
3202 3518 3431 3588 degebat
3476 3519 3684 3584 Adam,

2092 3612 2377 3675 antequam
2404 3606 2744 3661 vestimentis
2770 3617 2824 3662 et
2852 3608 3053 3663 amictu
3080 3618 3282 3680 egeret.
3331 3610 3421 3666 Sic
3449 3620 3504 3665 et
3530 3612 3688 3680 regni

2091 3706 2147 3751 et
2178 3696 2509 3765 paenitentiae
2543 3699 2711 3753 vestis
2765 3698 3070 3767 huiusmodi
3119 3702 3419 3772 symbolum
3466 3718 3575 3773 pne
3619 3718 3689 3758 se

2092 3787 2318 3844 ferebat.
2370 3788 2481 3844 Nec
2520 3789 2648 3844 mihi
2692 3790 2880 3845 dicas:
2912 3790 3067 3848 Unde
3092 3792 3166 3847 illi
3196 3792 3407 3848 cilicina
3430 3796 3587 3849 vestis
3624 3805 3687 3851 et

2090 3895 2251 3949 zona,
2295 3882 2347 3936 in
2377 3881 2592 3938 deserto
2624 3881 2923 3938 habitanti?
2968 3884 3102 3939 Nam
3146 3885 3193 3940 si
3236 3900 3297 3941 ea
3342 3886 3411 3942 de
3453 3903 3511 3941 re
3532 3904 3681 3956 quae-

2092 3975 2322 4031 stionem
2350 3990 2590 4041 moveas,
2622 3977 2722 4030 alia
2753 3992 2965 4047 quoque
2990 3980 3152 4032 multa
3180 3995 3423 4050 quaerere
3450 3982 3681 4050 poteris:

2091 4068 2360 4139 quomodo
2390 4068 2443 4122 iu
2481 4068 2677 4134 hieme,
2712 4071 2993 4140 quomodo
3037 4072 3089 4126 in
3124 4082 3259 4127 aestu
3294 4073 3346 4128 in
3393 4074 3687 4131 solitudine

2091 4160 2428 4228 versabatur,
2458 4161 2694 4217 maxime
2726 4164 2778 4214 in
2808 4170 2994 4217 tenero
3039 4178 3267 4234 corpore
3299 4174 3354 4221 et
3396 4166 3685 4223 immatura

2092 4260 2250 4309 actate
2295 4270 2311 4308 :
2359 4252 2629 4323 quomodo
2672 4253 2841 4322 pomit
2881 4255 3098 4324 puerilis
3123 4256 3301 4312 carnis
3345 4267 3529 4313 natura
3559 4274 3683 4315 ver-

2091 4344 2201 4400 sari
2243 4345 2296 4400 in
2338 4353 2481 4400 tanta
2531 4346 2675 4402 aeris
2706 4346 3101 4417 inaequalitate,
3132 4365 3254 4407 cum
3289 4361 3395 4407 tam
3420 4354 3679 4424 singulari

2092 4450 2298 4502 mensa,
2346 4445 2402 4492 et
2435 4436 2648 4492 caeteris
2692 4447 2860 4493 vastae
2908 4440 3214 4497 solitudinis
3258 4444 3516 4501 miseriis.
3576 4445 3680 4505 Ubi

2091 4544 2234 4584 nunc
2261 4537 2387 4586 sunt
2414 4528 2724 4586 Graecorum
2760 4532 3083 4603 philosophi,
3133 4537 3222 4607 qui
3273 4537 3471 4595 frustra
3520 4540 3682 4612 Cyni-

2090 4635 2207 4675 cam
2240 4620 2623 4691 impudentiam
2655 4625 2843 4679 sectati
2872 4625 3039 4688 sunt?
3067 4627 3216 4697 (quid
3239 4630 3380 4684 enim
3401 4645 3541 4701 opus.
3564 4644 3683 4689 erat

2090 4728 2217 4770 sese
2248 4716 2301 4770 in
2332 4715 2476 4772 dolio
2516 4718 2816 4783 includere,
2841 4730 2896 4774 et
2935 4720 3024 4776 tali
3050 4721 3245 4779 deinde
3274 4724 3486 4781 lascivia
3521 4727 3636 4781 uti?
3664 4731 3680 4797 )

2088 4806 2181 4879 qui
2225 4809 2458 4875 annulis,
2514 4810 2727 4880 phialis,
2796 4813 3034 4881 famulis,
3088 4818 3323 4883 ancillis,
3372 4830 3426 4875 et
3469 4822 3678 4891 reliqua

2089 4916 2283 4972 pompa
2324 4902 2572 4959 instructi
2621 4914 2809 4973 erant,
2858 4915 2914 4963 et
2957 4908 3009 4963 in
3055 4919 3342 4982 utrumque
3396 4930 3675 4971 excessum

2089 4993 2322 5063 prolapsi
2359 4994 2527 5049 sunt?
2551 4996 2621 5050 At
2648 4995 2736 5051 hic
2773 4997 2892 5053 talis
2924 5012 3029 5055 non
3060 5010 3209 5069 erat;
3260 5004 3353 5058 sed
3400 5005 3677 5066 desertum

2088 5085 2239 5155 quasi
2286 5086 2476 5141 caelum
2524 5087 2800 5155 habitavit,
2843 5101 3094 5147 accurate
3122 5093 3518 5164 philosophiam
3559 5116 3677 5153 om-

2088 5192 2209 5233 nem
2236 5177 2493 5234 exhibens
2523 5197 2535 5233 :
2570 5178 2799 5250 indeque
2827 5196 2925 5237 ceu
2950 5183 3072 5253 quis
3092 5185 3312 5255 angelus
3353 5187 3419 5243 de
3454 5188 3593 5243 ‘caelo
3623 5192 3676 5253 in

2087 5268 2251 5326 urbes
2273 5269 2575 5335 descendit,
2604 5270 2830 5343 athleta
2853 5273 3092 5344 pietatis,
3134 5287 3421 5332 coronatus
3447 5279 3497 5333 in
3520 5281 3673 5348 orbe,

2087 5370 2141 5417 et
2173 5361 2524 5433 philosophus
2562 5364 2649 5418 illa
2704 5363 3046 5436 philosophia
3089 5383 3209 5438 quae
3235 5370 3381 5425 ea-lis
3402 5370 3557 5441 digna
3583 5389 3674 5430 es-

2085 5463 2188 5510 set.
2231 5453 2357 5510 liaec
2384 5470 2546 5525 porro
2573 5465 2763 5523 erant,
2814 5472 2935 5513 cum
2967 5459 3200 5515 nondum
3227 5463 3459 5517 solutum
3490 5478 3671 5534 pecea-

2084 5554 2194 5599 tum
2221 5555 2384 5611 esset,
2412 5560 2535 5601 cum
2562 5548 2796 5603 nondum
2828 5549 2912 5604 lex
2940 5560 3195 5617 cessaret,
3230 5562 3401 5609 morte
3431 5556 3669 5613 nondum

2088 5638 2283 5704 vincta,
2329 5638 2499 5712 portis
2527 5641 2683 5696 aereis
2712 5640 2948 5701 nondum
2978 5641 3288 5715 confractis,
3339 5646 3431 5703 sed
3460 5648 3669 5720 vigente
