3856 6180
160 256 242 312 139
1256 259 1320 316 ΙΝ
1359 256 1696 316 ΜΑΤΤΙΙᾸΞΙ

1814 259 2050 320 HOMIL.
2097 267 2165 322 Χ.

142 371 295 424 miliae
335 369 496 424 veteri
539 370 746 426 vivendi
793 385 1006 442 genere.
1053 371 1196 426 Talis
1231 372 1410 441 utique
1439 381 1523 427 est
1551 372 1700 428 fortis

139 462 346 530 vigilque
388 464 597 518 animus
643 481 657 517 :
711 481 832 518 nam
884 466 1080 533 ubique
1127 467 1354 534 prosilit,
1399 468 1704 537 positasque

136 563 285 608 metas
314 555 669 609 transcurrit?
715 557 1162 624 qucmadmodmn
1195 568 1246 611 et
1271 557 1462 613 Paulus
1495 559 1545 612 in
1573 559 1703 614 Novi

133 644 440 698 'l'estamenti
482 645 859 702 observatione
890 648 1133 702 faciebat.
1184 648 1286 703 Sed
1329 665 1443 713 cur,
1475 651 1700 720 inquies,

128 751 230 787 cum
258 736 579 792 vestimento
603 740 764 792 etiam
791 754 921 793 zona
955 741 1232 795 utebatur?
1261 739 1316 796 id
1342 743 1391 795 in
1421 758 1568 797 more
1589 753 1705 798 erat

127 827 247 894 apud
287 837 518 895 veteres,
563 831 876 900 priusquam
908 832 1067 886 molle
1107 833 1210 886 hoc
1249 844 1301 888 et
1330 833 1577 890 difﬂuens
1608 850 1701 890 ve-

125 919 340 971 stimenti
372 934 545 988 genus
573 920 933 977 induceretur.
978 922 1068 979 Sic
1110 924 1287 993 itaque
1324 935 1378 979 et
1417 925 1604 981 Petrus
1649 936 1704 982 et

125 1007 302 1064 Paulus
332 1009 496 1064 cincti
529 1012 910 1067 inveniuntur:
941 1028 1086 1080 nam,
1119 1012 1312 1081 Virmn,
1339 1016 1525 1085 inquit,
1555 1018 1702 1086 cujus

124 1103 215 1152 bac
235 1115 368 1153 saria
394 1109 468 1154 est
514 1102 646 1170 (Act.
681 1101 772 1157 21.
806 1104 866 1157 Η
882 1103 920 1173 ).
972 1103 1114 1158 Elias
1139 1119 1351 1176 quoque
1377 1107 1456 1161 sic
1481 1108 1702 1163 vestitus

123 1199 240 1256 erat,
285 1191 367 1245 sic
406 1203 716 1246 sanctorum
761 1193 976 1263 singuli,
1008 1193 1150 1264 quod
1184 1197 1296 1250 sive
1321 1196 1374 1250 iu
1399 1197 1511 1268 jugi
1539 1213 1702 1269 opere

123 1291 469 1347 versarentur,
521 1282 636 1336 sive
680 1283 782 1338 iter
826 1293 1065 1353 agerent,
1113 1284 1227 1340 sive
1260 1287 1419 1340 aliam
1459 1289 1701 1358 quamvis

120 1387 215 1425 rem
259 1374 637 1427 necessariam.
668 1389 788 1428 cum
835 1374 1016 1430 labore
1053 1386 1340 1444 curarent;
1390 1393 1488 1432 nee
1529 1393 1591 1433 ea
1635 1379 1702 1434 de

119 1477 260 1518 causa
313 1465 681 1530 tantum,‘scd
708 1467 853 1536 quod
882 1468 1040 1521 etiam
1071 1480 1320 1524 ornatum
1349 1486 1561 1527 omnem
1592 1473 1700 1527 cal-

117 1563 320 1621 carent,
369 1566 427 1610 et
474 1567 704 1612 austera:
758 1557 880 1614 vita:
931 1557 1119 1614 rationi
1166 1560 1444 1617 studerent
1492 1583 1505 1619 :
1559 1566 1699 1634 quod

118 1647 272 1714 ipsum
306 1661 567 1717 magnum
614 1649 828 1706 virtutis
866 1653 1167 1706 eneomium
1196 1667 1318 1708 esse
1335 1654 1591 1710 Christus
1614 1657 1700 1711 di-

115 1741 172 1792 cit
195 1739 280 1793 bis
304 1741 490 1794 verbis
526 1759 540 1795 :
572 1740 706 1806 Quid
731 1743 902 1797 existis
928 1743 1093 1797 videre
1111 1744 1138 1797 ?
1177 1745 1428 1799 hominem
1465 1747 1700 1804 mollibus

115 1832 328 1884 vestitam
347 1833 374 1885 .9
407 1831 543 1886 Ecce
570 1834 659 1900 qui
677 1835 919 1890 mollibus
941 1836 1232 1904 vestiuntur,
1283 1839 1337 1892 in
1360 1839 1594 1895 domibus
1619 1858 1699 1895 re-

114 1940 213 1992 gem
236 1934 356 1976 sunt
387 1922 554 1994 (Luc.
595 1925 648 1978 7.
679 1924 808 1996 25).

169 2014 220 2068 5.
243 2015 300 2069 Si
321 2030 494 2084 porro
525 2016 617 2071 ille
642 2017 714 2070 ita
747 2033 929 2086 purus,
962 2027 1017 2074 et
1044 2020 1178 2074 cazlo
1199 2019 1316 2090 ipso
1343 2021 1694 2093 splendidior,

114 2108 374 2175 prophetis
403 2108 660 2163 omnibus
689 2108 918 2179 dignior,
939 2126 1046 2180 quo
1073 2111 1244 2181 major
1271 2112 1373 2167 fuit
1399 2129 1577 2180 nemo,
1606 2116 1698 2184 qui

114 2208 297 2252 tantam
341 2197 534 2253 habuit
575 2199 840 2267 fiduciam,
881 2209 989 2256 tam
1034 2217 1221 2272 aspere
1253 2205 1404 2271 vixit,
1453 2205 1698 2261 diffluen-

115 2302 203 2344 tem
246 2292 586 2361 voluptatem
632 2302 911 2365 tantopere
960 2295 1296 2365 despiciens,
1357 2305 1462 2351 tam
1506 2299 1693 2352 duram

113 2397 255 2452 agens
296 2384 470 2437 vitam
505 2399 521 2439 :
553 2401 712 2454 quant
761 2387 1159 2441 excusationem
1199 2388 1553 2458 habebimus,
1606 2390 1696 2460 qui

114 2486 211 2543 post
253 2485 404 2529 tanta
439 2475 722 2543 beneficia,
775 2475 1040 2532 sexcentis
1089 2488 1426 2548 peccatorum
1471 2481 1696 2537 sarcinis

112 2569 290 2631 antisti,
343 2583 416 2622 ne
462 2569 737 2622 minimam
776 2569 988 2638 quidem
1037 2581 1237 2640 partem
1271 2567 1599 2642 pmnitentize
1636 2575 1695 2628 il-

113 2661 195 2714 lius
217 2660 600 2727 exbibcamus,
649 2661 742 2716 sed
769 2661 1013 2717 ebrietati
1041 2674 1094 2716 et
1114 2665 1284 2735 ventri
1311 2663 1472 2720 dediti
1503 2665 1692 2732 simus,

114 2753 386 2822 unguentis
445 2752 765 2822 fragrantes,
814 2769 914 2808 nec
941 2753 1189 2808 meliores
1215 2753 1564 2810 theatralibus
1591 2757 1696 2811 illis

113 2844 494 2908 meretricibus,
552 2843 785 2914 undique
832 2844 1070 2900 mollitiei
1109 2860 1206 2899 nos
1259 2845 1536 2915 dedentes,
1583 2848 1696 2902 dia-

112 2938 214 2989 bolo
254 2947 420 3007 raptu
460 2935 642 2991 faciles
686 2953 784 2992 nos
824 2937 1199 3008 prtebeamus?
1245 2939 1293 2994 5.
1343 2939 1482 2992 Tunc
1529 2941 1695 2994 exibat

113 3028 172 3080 ad
207 3044 326 3080 eam
373 3027 548 3081 omnis
591 3025 797 3092 Indica,
839 3037 884 3081 ct
928 3027 1269 3099 Jcrosolyma,
1295 3039 1338 3081 et
1364 3031 1525 3084 omnis
1555 3031 1693 3104 regio

112 3119 358 3186 Iordanis,
404 3121 463 3176 6.
497 3133 545 3175 et
581 3121 967 3188 baptizabantur
989 3122 1052 3175 ab
1078 3138 1134 3176 eo
1167 3123 1219 3176 in
1244 3119 1491 3189 Iordane,
1533 3125 1694 3192 conﬁ-

112 3224 493 3284 tcntes-peccata
519 3231 634 3269 sua.
668 3214 858 3269 Vidcu‘
874 3226 1126 3285 quantum
1159 3200 1428 3286 propheta:
1455 3231 1694 3286 prazsen-

113 3309 167 3359 tia
195 3307 399 3361 valuit?
430 3307 703 3375 quomodo
725 3316 892 3360 totum
927 3307 1177 3377 populum
1212 3307 1516 3362 excitavit?
1563 3324 1694 3378 quo-

111 3399 249 3453 modo
289 3399 478 3453 cll'ccit
524 3408 580 3454 ut
630 3411 844 3468 peccata
893 3400 942 3453 in
993 3401 1302 3454 memoriam
1339 3402 1694 3455 revocarent?

111 3489 220 3543 Sam
264 3475 659 3544 admiratione.
682 3491 894 3562 dignum
937 3500 1068 3556 erat,
1107 3492 1289 3546 videre
1324 3491 1471 3546 illum
1506 3492 1556 3546 in
1592 3493 1692 3546 lm-
1757 3488 1759 3491 ’

111 3599 248 3637 nano
275 3583 468 3638 habitu
503 3583 626 3637 talia
653 3583 1014 3647 exhibentem,
1062 3593 1116 3638 et
1154 3592 1297 3638 tanta
1334 3593 1570 3640 utentem
1607 3585 1690 3639 di-

112 3675 242 3729 tendi
289 3675 568 3739 libertate,
605 3684 764 3743 atque
796 3674 1051 3730 adversus
1095 3690 1282 3730 onmes
1321 3677 1472 3746 quasi
1505 3686 1691 3732 contra

111 3758 308 3835 pueros
336 3768 734 3838 insurgentem,
785 3768 1052 3838 multaque
1095 3769 1150 3824 in
1198 3770 1344 3826 vultu
1382 3772 1549 3841 gratia
1591 3771 1693 3827 ful-

109 3869 325 3920 gentem.
378 3858 467 3914 Ad
495 3867 770 3928 stuporem
800 3858 1110 3914 conferebat
1133 3859 1275 3930 quod
1311 3869 1431 3929 post
1462 3862 1690 3917 multum

116 3953 362 4020 temporis
402 3954 664 4024 propheta
691 3960 998 4024 appareret;
1029 3969 1151 4008 nam
1197 3951 1314 4008 haec
1341 3953 1512 4023 gratia
1543 3953 1685 4023 apud

119 4041 220 4096 illos
266 4042 567 4107 defecerat,
601 4057 655 4097 et
699 4051 820 4112 post
868 4041 1173 4095 diuturnum
1219 4048 1429 4109 tempus
1475 4055 1689 4095 reversa

118 4144 204 4187 est.
237 4134 650 4190 Praedicatimiis
677 4145 853 4188 autem
885 4133 1095 4197 modus,
1131 4147 1301 4186 novus
1330 4142 1382 4185 et
1410 4133 1694 4200 singularis

120 4234 237 4277 εει-ιι.
286 4225 435 4278 Nihil
487 4226 685 4293 quippe
727 4230 1102 4277 consuetorum
1156 4223 1472 4288 audiebant;
1524 4220 1696 4275 futura

123 4329 301 4384 nempe
356 4314 500 4369 bella
531 4324 583 4368 et
616 4315 796 4383 praelia
839 4311 1195 4381 vietoriasque
1240 4321 1500 4376 terrenas,
1533 4312 1700 4366 fames

122 4419 162 4463 et
185 4416 389 4474 pestes,
415 4403 766 4473 Babylonios,
794 4402 1004 4468 Persas,
1030 4401 1179 4456 urbis
1199 4402 1488 4466 excidium,
1512 4412 1563 4456 et
1589 4404 1692 4456 alia

123 4513 219 4556 etne
246 4495 540 4559 solebant;
572 4494 666 4547 sed
699 4493 868 4548 cmlos
892 4501 946 4546 et
973 4492 1192 4546 cmleste
1220 4506 1464 4560 regnum,
1496 4494 1696 4562 gehen-

124 4607 291 4659 atque
313 4589 670 4657 supplicium.
698 4587 989 4653 Pmpterea
1013 4599 1336 4654 quamquam
1363 4584 1593 4639 rebelles
1619 4583 1697 4639 illi

125 4682 192 4748 qui
235 4697 361 4748 cum
415 4677 561 4732 Juda
609 4686 664 4732 et
698 4676 918 4730 Theuda
963 4677 1015 4729 in
1065 4668 1278 4729 deserto
1326 4674 1558 4739 fuerant,
1592 4687 1699 4728 non

127 4743 274 4826 enin
339 4780 472 4826 ante
539 4782 782 4839 tempore
839 4769 1086 4825 trucidati
1141 4767 1384 4835 fuissent,
1434 4783 1538 4822 non
1583 4767 1703 4822 ideo

127 4867 321 4934 segnius
350 4878 418 4919 eo
450 4876 516 4916 se
553 4861 916 4915 contulerunt.
953 4861 1062 4913 Non
1097 4861 1236 4914 enim
1270 4860 1342 4914 ad
1370 4858 1586 4914 easdem
1618 4873 1704 4912 res

129 4953 503 5024 perpetrandas
542 4952 692 5019 ipsos
741 4951 1088 5014 convocabat,
1117 4949 1183 5004 ad
1234 4949 1568 5020 tyrannidem
1600 4949 1706 5003 sci-

129 5047 252 5111 licet,
279 5047 350 5100 ad
397 5039 782 5106 defectionem,
811 5043 886 5095 ad'
933 5057 1020 5096 res
1067 5042 1368 5105 novandas;
1400 5041 1491 5094 sed
1533 5050 1590 5093 ut
1634 5040 1701 5094 ad

129 5153 400 5206 supernum
435 5151 665 5205 regnum
713 5134 1020 5188 deduceret.
1055 5133 1284 5200 ldquue
1325 5146 1432 5186 non
1478 5132 1705 5186 detinuit

131 5249 288 5287 verum
321 5235 376 5287 in
421 5233 662 5294 deserto,
699 5245 872 5298 neque
922 5229 1295 5294 circumduxit,
1329 5225 1423 5280 sed
1473 5226 1645 5294 liaptiz
1679 5254 1706 5265 -

133 5334 196 5376 tos
231 5335 286 5378 et
327 5321 687 5390 pltilOSOphia:
730 5319 1076 5374 sermonibus
1124 5319 1412 5371 instructos
1461 5314 1703 5368 dimisit:

135 5431 213 5482 per
253 5416 437 5469 omnia
486 5414 687 5467 docens
741 5394 956 5466 terrena
996 5410 1294 5476 deSpicere,
1323 5415 1378 5463 et
1414 5406 1480 5460 ad
1526 5403 1700 5459 futura

137 5506 361 5572 tondere,
382 5522 446 5561 ac
479 5505 720 5576 quotidie
741 5519 861 5558 sese
885 5504 1175 5558 concitare.
1209 5502 1360 5555 Hunc
1382 5509 1435 5554 et
1465 5513 1563 5554 nos
1586 5498 1704 5552 imi-

139 5616 310 5669 tenmr,
358 5619 418 5657 ac
467 5603 600 5658 cibis
650 5601 1028 5665 ebrietateque
1077 5597 1333 5660 dimissis,
1386 5595 1452 5649 ad
1502 5602 1714 5647 arctam'

140 5699 281 5750 vitam
328 5710 429 5751 nos
480 5693 891 5750 transferamus.
922 5690 1054 5746 Nam
1101 5689 1453 5746 confessionis
1500 5678 1706 5756 fempus

3285 284 3393 341 190

1812 389 2024 434 estnon
2051 381 2273 438 initiatis
2287 393 2339 439 et
2357 383 2670 455 baptizatis:
2695 387 2780 443 his
2803 389 3039 460 quidem,
3062 401 3121 446 ut
3140 407 3387 465 postme-

1812 469 2093 525 nitemiam
2119 486 2388 542 peractam
2418 477 2483 534 ad
2510 493 2662 532 sacra
2697 482 2913 535 veniant
2941 488 3234 553 mysteria;
3270 488 3387 542 illis

1809 575 1959 624 vero,
1983 563 2253 620 utablutis
2269 581 2402 636 quas
2426 578 2545 643 post
2575 569 2899 638 baptismum
2929 585 3248 631 contraxere
3271 594 3390 632 ma--

1809 652 1966 718 culis,
1983 669 2116 721 pura
2136 659 2460 713 conscientia
2480 662 2544 715 ad
2565 679 2802 719 mensam
2821 669 3377 727 acccdaut.Absceda-

1807 757 1929 798 mus
1947 745 2188 813 igitur-ab
2203 747 2302 803 hac
2321 751 2468 804 molli
2483 753 2852 825 dissolutaque
2875 760 2999 816 vita.
3021 759 3136 815 Non
3154 777 3384 832 possunt

1802 833 2108 900 euim,fnon
2140 851 2367 906 possunt
2395 843 2578 912 utique
2611 860 2716 898 una
2741 848 3382 911 subsistereconfessioet

1803 923 2045 982 delicia:
2097 929 2150 983 et
2180 934 2293 985 haec
2316 947 2408 987 vos
2433 933 2623 989 doceat
2651 936 2887 994 Joannes
2917 957 2949 994 a
2979 946 3317 1011 vestimento,
3345 966 3374 1002 a

1806 1015 1948 1077 cibo,
2000 1031 2029 1068 a
2074 1017 2254 1074 domo.
2312 1023 2448 1089 Quid
2486 1027 2684 1096 igitur?
2740 1031 2987 1101 inquies:
3022 1036 3162 1092 itane
3187 1050 3397 1097 arctam

1801 1102 1960 1172 jubes
1987 1121 2086 1161 nos
2128 1109 2326 1166 ducere
2353 1113 2556 1170 vitam?
2597 1117 2711 1173 Non
2751 1121 2932 1190 jubeo,
2975 1127 3070 1182 sed
3111 1131 3310 1186 suadeo
3339 1142 3394 1189 ct

1808 1193 2014 1250 hortor.
2047 1197 2198 1266 Quod
2223 1203 2268 1256 si
2301 1203 2353 1258 id
2386 1205 2558 1262 facere
2584 1224 2688 1264 nou
2721 1215 2960 1280 potestis,
3005 1218 3190 1274 saltem
3231 1221 3284 1277 in
3317 1225 3395 1279 ci-

1808 1286 2058 1343 vitatibus
2101 1291 2356 1362 degentes
2417 1299 2783 1367 pmuitentiam
2842 1305 3220 1378 exhibcainus;
3269 1329 3393 1368 nam

1800 1377 2058 1447 judicium
2085 1394 2166 1438 cst
2201 1387 2251 1440 in
2276 1387 2453 1455 januis
2487 1409 2499 1444 :
2545 1393 2752 1449 etiamsi
2782 1411 2908 1452 vero
2945 1377 3389 1471 remotiuscsset,

1807 1486 1873 1526 ue
1902 1475 1980 1528 sic
2016 1477 2230 1545 quidem
2284 1483 2524 1537 securius
2560 1500 2717 1556 agere
2761 1499 3052 1558 oporteret.
3093 1495 3224 1550 Nam
3274 1499 3398 1555 finis

1805 1565 1929 1620 vita:
1957 1568 2284 1638 singulorum
2313 1575 2554 1629 eamdem
2588 1579 2690 1632 vim
2719 1596 2843 1651 erga
2884 1601 3147 1658 quemque
3201 1572 3391 1659 habet,

1805 1664 1964 1725 quam
1993 1664 2383 1718 eonsunuuatio
2410 1669 2612 1722 smeuli.
2642 1671 2793 1737 Quod
2818 1682 2992 1730 autem
3027 1679 3076 1731 in
3103 1680 3280 1748 jatm’s
3302 1683 3390 1746 sit,

1803 1751 1924 1805 audi
1959 1753 2179 1809 Paulum
2230 1757 2497 1813 dicentem
2531 1779 2543 1814 :
2576 1761 2698 1816 Nox
2739 1771 3010 1837 prwcessit,
3060 1772 3166 1826 dies
3225 1785 3390 1829 autem

1803 1848 2262 1926 approquinquavit
2297 1851 2472 1921 (Rom.
2526 1853 2610 1908 15.
2651 1855 2739 1924 12)
2774 1863 2786 1913 ἐ
2821 1875 2882 1914 ac
2909 1877 3110 1928 rursus,
3142 1865 3244 1932 Qui
3276 1885 3372 1921 ven

1804 1945 1947 1990 (ams
1979 1951 2072 2004 est,
2118 1942 2276 1996 ueniet
2299 1985 2314 2008 ,
2351 1955 2398 1996 et
2428 1962 2526 1998 non
2557 1949 2774 2003 tardabit
2812 1951 2966 2021 (Heb.
3007 1955 3222 2028 10.37).
3268 1961 3391 2016 Etc-

1804 2028 1914 2081 nim
1965 2029 2113 2099 signa
2139 2032 2245 2102 jam
2283 2033 2499 2103 impleta
2538 2049 2662 2092 sunt
2690 2057 2750 2095 ea
2780 2058 2896 2112 quae
2926 2045 3066 2099 diem
3094 2048 3234 2103 illam
3267 2067 3387 2108 evo-

1803 2115 1943 2172 cant.
1977 2120 2107 2176 Nam
2151 2124 2226 2177 ait
2257 2143 2272 2178 :
2303 2125 2670 2183 I’m'dicabitur
2712 2134 2806 2186 hoc
2836 2138 3146 2208 evangelium
3173 2145 3312 2213 regni
3339 2146 3391 2200 in

1803 2210 2034 2265 universo
2078 2214 2267 2268 mundo
2300 2217 2352 2270 in
2385 2219 2720 2274 tcstimonimn
2769 2227 2996 2281 omnibus
3034 2210 3260 2300 gentibus
3294 2248 3312 2289 :
3344 2244 3392 2291 et

1801 2308 1918 2355 tunc
1969 2304 2131 2357 veniet
2172 2311 2536 2363 consununatio
2568 2311 2777 2382 (Matth.
2809 2313 2900 2371 ει.
2927 2319 3037 2388 ⁵14).

1872 2393 1924 2448 6.
1959 2396 2278 2451 Audientium
2309 2401 2549 2467 fervorem
2578 2405 2819 2474 stimulat,
2845 2426 2959 2462 cum
2989 2415 3239 2482 terrendo,
3285 2427 3391 2472 tum

1801 2484 2135 2541 exhortando.
2167 2520 2233 2527 ——
2271 2490 2430 2545 Dictis
2455 2495 2736 2563 diligenter
2765 2501 3040 2556 attendite.
3072 2503 3188 2558 Non
3219 2506 3388 2575 dixit,

1800 2575 1930 2630 Cum
1970 2580 2231 2634 creditum
2275 2582 2431 2638 fuerit
2469 2587 2536 2641 ab
2582 2588 2866 2657 oumibus;
2903 2595 3021 2659 sed,
3069 2595 3201 2652 Cum
3236 2601 3388 2655 fuerit

1799 2669 1937 2736 apud
1966 2686 2152 2725 omnes
2184 2674 2546 2741 przcdicatum.
2589 2679 2872 2750 Propterea
2903 2685 3132 2753 dicebat,
3161 2689 3224 2743 In
3255 2694 3388 2746 testis

1800 2762 2024 2816 monium
2049 2765 2296 2831 gentibus,
2330 2766 2606 2824 declarans
2621 2785 2680 2825 se
2709 2788 2813 2827 non
2832 2787 3260 2845 exspectaturum
3288 2783 3387 2837 do-

1801 2868 1898 2907 nec
1928 2869 2115 2908 omnes
2157 2858 2396 2925 credant,
2425 2870 2482 2914 ut
2510 2873 2695 2930 postea
2722 2867 2919 2922 veniat.
2955 2868 3085 2924 Illud
3114 2873 3278 2940 enim,
3321 2875 3389 2932 In

1800 2945 2130 3000 testimonium
2151 2989 2164 3011 ,
2199 2948 2298 3003 hoc
2325 2961 2425 3014 est,
2461 2953 2512 3006 iu
2551 2956 2969 3025 accusotionem,
3014 2962 3066 3014 in
3094 2965 3389 3021 convictio-

1801 3051 1942 3100 nem,
1975 3039 2024 3091 iu
2054 3039 2555 3098 condemnationem
2579 3059 2762 3100 eorum
2791 3049 2877 3118 qui
2909 3066 3014 3105 non
3047 3054 3386 3112 crediderint.

1799 3132 1867 3184 At
1912 3145 2029 3197 nos,
2072 3133 2162 3202 qui
2205 3133 2317 3188 haec
2355 3135 2598 3192 audimus
2641 3148 2695 3193 et
2725 3140 2986 3208 videmus,
3015 3145 3387 3218 dormitamus,
3420 3201 3424 3210 .

1800 3224 2248 3294 sonmiamusquc,
2277 3235 2330 3282 et
2349 3229 2496 3296 quasi
2523 3228 2574 3282 in
2602 3231 3010 3299 profundissima
3039 3246 3192 3293 nocte
3217 3239 3389 3295 ebrie-

1800 3321 1906 3368 tate
1955 3331 2255 3384 gravamur.
2313 3318 2521 3374 Etenim
2575 3337 2662 3376 res
2713 3335 3003 3392 praesentes
3056 3329 3222 3384 nihilo
3263 3342 3388 3400 sunt

1798 3405 2020 3460 sninuiis
2047 3407 2323 3474 meliores,
2354 3410 2466 3464 sive
2502 3411 2603 3464 illm
2631 3412 2782 3468 beate
2822 3415 2932 3471 sive
2979 3419 3216 3474 molesta:
3255 3423 3380 3477 sint.

1798 3496 2108 3564 Pmpterca,
2138 3500 2384 3566 Obsecro,
2413 3502 2522 3570 jam
2547 3508 3008 3576 expergiscamiui,
3043 3523 3096 3565 et
3115 3513 3180 3566 ad
3204 3514 3384 3570 Solem

1792 3585 2010 3655 justitize
2039 3590 2350 3658 reSpiciatis.
2377 3592 2547 3648 Nemo
2575 3595 2769 3665 quippe
2791 3597 3059 3656 dormiens
3088 3586 3254 3658 solem
3289 3624 3386 3675 po-

1798 3685 1903 3732 test
1929 3677 2129 3748 videre,
2177 3696 2348 3752 neque
2378 3684 2771 3752 pulchritudine
2811 3690 3080 3748 radiorum
3111 3693 3228 3763 ejus
3251 3711 3379 3752 ocu-

1797 3770 1878 3825 los
1906 3769 2208 3836 delectare;
2241 3774 2333 3830 sed
2361 3776 2406 3829 si
2438 3792 2538 3847 qua
2567 3778 2726 3846 videt,
2758 3783 2910 3850 quasi
2943 3783 2994 3837 in
3022 3787 3232 3841 somnio
3264 3796 3388 3843 oin-

1798 3862 1883 3916 nia
1927 3863 2090 3920 videt.
2139 3865 2263 3920 Ideo
2303 3867 2465 3921 multa
2519 3869 2672 3925 nobis
2717 3887 2854 3942 Opus
2900 3883 2982 3929 est
3017 3875 3388 3951 confessione,

1790 3959 1970 4015 multis
1997 3961 2267 4033 laerymis,
2302 3973 2414 4020 tum
2456 3965 2576 4035 quia
2621 3967 2741 4024 sine
2782 3964 2896 4025 ullo
2930 3987 3092 4031 sensu
3123 3976 3374 4045 jacemus

1796 4050 1936 4104 niala
1967 4063 2362 4121 perpetrantes;
2397 4067 2504 4109 tum
2535 4059 2658 4134 quia
2702 4074 2891 4129 magna
2917 4071 3043 4116 sunt
3070 4078 3284 4132 peccata
3315 4081 3372 4126 et.

1796 4143 1948 4193 venia
1997 4143 2233 4214 indigna.
2271 4144 2420 4210 Quod
2463 4162 2590 4202 vero
2622 4163 2726 4202 non
2772 4151 3023 4217 mentiar,
3053 4164 3215 4210 testes
3246 4167 3374 4212 sunt

1799 4230 2016 4299 plurimi
2047 4248 2109 4286 ex
2139 4237 2513 4301 praesentibus.
2552 4239 2794 4306 Attamen
2819 4241 2942 4294 licet
2972 4243 3120 4295 venia
3152 4242 3371 4314 indigna

1801 4334 1826 4372 s
1851 4329 1930 4383 nt,
1963 4327 2329 4390 penitentiam
2375 4339 2618 4396 agamus,
2647 4337 2701 4382 et
2729 4332 2941 4384 coronis
2969 4331 3226 4386 fruemur.
3261 4335 3380 4390 Pce-

1802 4414 2078 4468 uiteutiam
2110 4428 2285 4471 autem
2319 4434 2472 4483 voco,
2493 4435 2600 4472 non
2624 4436 2649 4472 a
2679 4421 2944 4490 prioribus
2967 4425 3236 4480 abstinere
3265 4443 3379 4481 ma-

1815 4509 1884 4564 lis
1911 4517 2141 4575 tautum,
2167 4507 2260 4562 sed
2295 4509 2458 4561 etiam
2491 4507 2696 4577 majora
2752 4508 2893 4562 bona
2944 4511 3195 4578 eperari:
3261 4527 3386 4564 nam

1817 4602 1890 4654 ait
1916 4594 1970 4650 8.
2019 4598 2206 4653 Facite
2259 4599 2465 4669 fructus
2510 4593 3052 4669 dignospanitentiw.
3097 4601 3398 4670 Quomodo-

1801 4680 2096 4737 faciemus?
2127 4683 2184 4739 Si
2233 4685 2498 4738 contraria
2548 4685 2805 4741 faciamus
2845 4704 2860 4740 :
2903 4689 3136 4759 exempli
3184 4704 3387 4748 causa:

1807 4775 2031 4843 rapuisti
2055 4775 2262 4830 aliena?
2290 4774 2406 4830 Jam
2435 4784 2520 4830 tua
2552 4776 2763 4847 largire.
2798 4778 2982 4850 Longo
3006 4788 3246 4848 tempore
3273 4781 3385 4834 for-

1808 4867 2017 4920 nicatus
2063 4866 2160 4920 es?
2190 4867 2271 4920 Ab
2321 4881 2488 4922 uxore
2528 4867 2740 4924 abstine
2785 4870 2938 4923 statis
2982 4869 3388 4935 diebus,conti-

1805 4957 2040 5011 nentiam
2071 4971 2281 5011 exerce.
2325 4956 2714 5013 Contumeliam
2761 4959 3010 5023 intulisti,
3043 4961 3123 5014 vel
3155 4971 3382 5030 praeter-

1804 5062 1993 5104 euntes
2035 5049 2382 5116 peicussisti?
2411 5050 2800 5105 Contumeliam
2854 5050 3199 5105 inferentibus
3224 5052 3386 5106 deiu-

1807 5154 1934 5205 ειιςιε
1965 5137 2211 5200 lmnedic,
2237 5148 2290 5193 et
2336 5139 2753 5207 percutientibus
2784 5149 2834 5193 te
2865 5139 3123 5194 beneficia
3167 5141 3377 5195 confer.

1809 5230 1992 5297 Neque
2020 5229 2160 5281 enim
2190 5232 2318 5284 satis
2344 5239 2427 5284 est
2453 5229 2518 5282 ad
2550 5229 2852 5289 sanitatem,
2878 5229 2922 5282 si
2947 5229 3110 5282 telum
3138 5231 3391 5285 extraha-

1811 5335 1957 5380 mus;
1985 5321 2076 5371 sed
2104 5319 2306 5372 vulneri
2329 5321 2487 5372 etiam
2514 5318 2743 5371 remedia
2768 5318 3088 5373 adhibenda.
3116 5312 3390 5375 conviv;is

1805 5413 1858 5458 et
1885 5403 2129 5458 ebrietati
2170 5419 2384 5472 cperam
2417 5404 2609 5457 dedisti
2639 5404 2905 5460 antehae?
2933 5405 3118 5476 Jejuua
3149 5418 3200 5461 et
3237 5423 3390 5477 aqua:

1768 5519 1780 5527 -
1806 5507 1988 5565 potum
2013 5495 2223 5550 adhibe.
2255 5495 2482 5549 Attende
2508 5503 2564 5548 ut
2595 5495 2715 5550 inde
2732 5505 2902 5551 ortaut
2928 5498 3216 5566 perniciem
3243 5513 3394 5551 amo-

1805 5606 1947 5644 veas.
1984 5589 2169 5643 Vidisti
2216 5588 2500 5658 impudicis
2537 5589 2704 5644 oculis
2752 5590 2979 5645 alienam
3031 5589 3288 5643 formam?
3319 5591 3393 5646 Ne

1807 5676 2082 5739 mulierem
2127 5682 2340 5754 quidem
2387 5684 2547 5740 ullam
2595 5684 2648 5739 in
2698 5696 2967 5756 posterum
3013 5685 3286 5755 respicias,
3338 5697 3391 5738 ut
